3946 6296
1542 657 1709 703 ANNO
1752 657 1968 703 DOMINI
2009 658 2269 705 DCCCCLX

1594 843 2208 1047 ΑΤΤο

752 1161 1963 1296 VERCELLENSIS
2083 1162 3035 1307 EPISCOPUS.

1215 1513 2541 1640 PROLEGOMENA.

577 1735 683 1809 (Ex
712 1734 968 1793 editione
997 1735 1357 1793 Vercellensi
1387 1736 1526 1793 anni
1560 1738 1717 1805 1768,
1751 1740 2099 1810 procurante
2130 1736 2197 1793 D.
2230 1735 2435 1794 Carolo
2466 1736 2746 1793 Burontio
2776 1736 2870 1794 del
2901 1737 3193 1813 Signore.)

1151 1988 1711 2123 EPISTULA
1794 2032 2616 2123 DEDICATOBIA.

232 2238 471 2310 Optimo
502 2238 753 2311 principi
783 2237 1023 2295 VIo-rom
1051 2241 1292 2296 Amsnao
1322 2239 1628 2295 Sabaudiae
1661 2237 2095 2309 duci,fCarolus
2124 2238 2466 2294 Buaou'rws
2504 2254 2614 2293 DBL
2640 2239 2913 2294 SIGNOBE.

230 2335 350 2392 Cur
373 2337 447 2392 ad
470 2342 527 2392 te
547 2352 737 2408 usque
762 2336 964 2392 oculos
980 2336 1289 2392 sustollere
1304 2336 1583 2403 auserim,
1607 2340 1875 2390 etmeum
1898 2335 2057 2389 hunc
2082 2333 2555 2406 qualemcunque
2571 2333 2830 2391 laborem
2853 2339 3017 2407 grato
3030 2336 3229 2392 animo
3250 2340 3307 2393 te
3330 2342 3596 2410 exceptu-

158 2450 285 2489 rum
319 2434 639 2507 sperarim,
673 2434 948 2504 Princeps
980 2431 1371 2504 amplissime,
1404 2448 1495 2487 res
1528 2432 1657 2503 ipsa
1688 2430 1900 2487 melius
1932 2432 2163 2499 dixerit,
2196 2448 2373 2503 quam
2406 2447 2511 2504 ego
2543 2433 2804 2489 facturus
2834 2432 2968 2489 sim.

212 2532 461 2588 Attonis
490 2530 757 2586 Ecclesiae
816 2534 943 2586 octo
1002 2530 1074 2584 ab
1106 2529 1241 2584 hinc
1264 2530 1391 2600 jam
1451 2527 1683 2586 seaculis
1733 2529 1990 2600 episcopi
2050 2528 2256 2600 Opera,
2295 2529 2509 2600 partim
2564 2530 2696 2585 aD.
2760 2535 2911 2587 Luca
2942 2530 3248 2588 D’Acherio
3307 2532 3367 2588 in
3402 2534 3590 2606 Spici-

148 2630 291 2703 legio
307 2632 443 2703 jam
462 2629 640 2697 edita,
665 2628 893 2683 lacunis
910 2632 1104 2683 tamen
1131 2626 1423 2699 plurimis,
1450 2626 1830 2698 hiatibusque
1852 2626 2215 2693 lebefactata,
2242 2628 2454 2698 partim
2480 2628 2537 2682 in
2563 2627 2821 2685 archivio
2844 2634 3044 2685 nostro
3062 2629 3368 2702 capitulari
3389 2631 3586 2688 hacte-

150 2745 255 2785 nus
285 2728 543 2784 obscure
572 2726 835 2791 latentia,
868 2726 928 2779 in
962 2724 1267 2796 publicum
1296 2740 1452 2779 nunc
1482 2725 1719 2780 tandem
1754 2724 2001 2796 integra,
2045 2730 2220 2797 atque
2252 2725 2324 2780 ad
2358 2726 2533 2781 fidem
2563 2726 2911 2800 autographi
2944 2727 3161 2799 ubique
3210 2733 3411 2784 exacta
3442 2730 3583 2785 dum

147 2828 462 2897 prodeunt,
496 2824 681 2880 alium
711 2828 865 2880 certe
896 2823 1269 2879 Maecenatem
1301 2838 1611 2896 exposcere
1643 2839 1748 2877 nec
1779 2823 2070 2878 debebant
2102 2840 2208 2878 nec
2238 2828 2716 2896 poterant,quam
2747 2824 3013 2897 eum,qui
3040 2829 3097 2881 et
3124 2826 3352 2899 paterni
3382 2844 3583 2884 exem-

146 2923 245 2996 pli,
274 2930 335 2981 et
366 2922 613 2995 ingenii,
638 2928 696 2979 et
723 2922 1031 2994 dignitatis
1049 2937 1231 2976 causa
1260 2919 1581 2993 religionis,
1612 2937 1867 2989 morum,
1891 2921 2300 2989 ecclesiasticae
2323 2920 2645 2994 disciplina:
2669 2921 3120 2996 litterarumque
3147 2925 3354 2990 fautor,
3381 2930 3583 2982 custos

145 3026 198 3077 et
223 3022 443 3079 vindex
473 3025 563 3077 est
585 3021 719 3093 jure
749 3020 970 3093 optimo
1003 3019 1334 3075 habendus.

207 3119 339 3176 Hme
372 3120 579 3193 igitur.
612 3136 740 3190 quae
764 3134 897 3174 cum
925 3133 1192 3174 meorum
1222 3116 1281 3172 in
1310 3132 1402 3171 me
1424 3114 1781 3188 collegarum
1804 3115 2000 3171 studio
2023 3120 2081 3171 et
2112 3116 2347 3183 fiducia,
2372 3120 2498 3173 tum
2527 3132 2656 3173 mea
2677 3133 2818 3173 cura
2843 3116 3036 3174 lucem
3057 3118 3276 3191 vident,
3301 3124 3581 3178 consueta

140 3216 531 3289 benignitate,
563 3216 995 3272 humanissime
1027 3215 1326 3287 Princeps,
1361 3216 1560 3285 excipe
1589 3217 1765 3283 atque
1811 3212 2130 3269 Ecclesiam
2162 3213 2333 3281 hanc,
2370 3230 2603 3286 meque,
2636 3219 2694 3271 et
2722 3231 2885 3271 meos
2916 3232 3146 3287 omnes,
3176 3218 3319 3273 dum
3348 3218 3457 3273 tibi
3488 3234 3578 3274 re-

139 3313 360 3387 giaeque
392 3315 635 3372 familiis
667 3318 883 3370 cuncta
912 3332 945 3370 a
974 3314 1089 3371 Deo
1110 3329 1392 3385 prospera
1414 3311 1677 3383 quotidie
1699 3327 2028 3383 precamur,
2053 3310 2113 3367 in
2140 3311 2226 3367 tui
2256 3311 2528 3368 clientela
2572 3328 2804 3369 servare
2829 3328 3025 3385 perge,
3056 3314 3323 3388 patrique
3352 3316 3577 3389 optimo

136 3414 252 3485 regi
283 3420 494 3471 nostro
526 3414 957 3487 augustissimo
989 3427 1363 3483 summopere
1392 3410 1837 3465 commendatos
1866 3408 2032 3465 velis.

202 3749 732 3857 CABOLUS
786 3745 1429 3854 BUBONTIUS
1486 3744 1703 3849 DEL
1767 3738 2261 3850 SIGNOBE
2314 3742 2793 3850 LECTORI
2844 3746 3474 3854 BENEVOLO.

198 4087 437 4143 Attonis
469 4086 663 4159 Opera
699 4082 919 4157 publici
964 4082 1122 4154 juris
1170 4082 1357 4138 facere
1404 4080 1801 4153 cogitantibus
1829 4081 1884 4147 A
1914 4096 1983 4135 ex
2009 4078 2082 4135 iis
2113 4078 2446 4153 colligimus
2472 4096 2604 4153 quaa
2633 4081 2693 4137 in
2724 4082 2840 4139 ﬁne
2862 4083 3257 4157 Expositionis
3286 4085 3567 4160 Epistola-

137 4176 299 4232 nobis
333 4193 532 4249 Operm
578 4174 831 4247 pretium
880 4173 1110 4229 videtur
1147 4169 1429 4227 nonnulla
1458 4170 1529 4226 de
1559 4174 1796 4226 auctore
1908 4185 2039 4225 rum
2078 4174 2138 4223 Ι).
2172 4168 2338 4224 Pauli
2400 4186 2680 4243 perorans
2739 4171 2860 4228 ait:
2891 4173 2966 4228 Tu
2993 4173 3213 4245 dedisti,
3258 4179 3319 4231 ut
3342 4186 3567 4248 propter

134 4262 317 4338 deque
346 4265 651 4339 Operibus
677 4264 845 4336 ipsis,
894 4269 1073 4334 atque
1108 4262 1178 4318 de
1209 4260 1317 4317 hac
1362 4265 1563 4317 nostra
1592 4275 1795 4317 eorum
1903 4265 2149 4330 gustum,
2182 4261 2229 4313 et
2256 4261 2587 4315 suavitatem
2618 4259 2786 4332 hujus
2816 4262 2967 4332 vitae,
3008 4272 3208 4321 sanctas
3238 4262 3562 4345 Scripturz,

130 4354 381 4413 εάίιίοηθ
415 4355 677 4412 breviter
703 4352 952 4426 praefari,
1522 4396 1523 4399 η
1905 4352 2143 4416 gentem,
2173 4351 2525 4420 patriamque
2544 4350 2934 4420 relinquerem.
2962 4350 3247 4406 Caeterum
3280 4354 3390 4408 sub
3421 4370 3563 4425 quo-

718 4496 810 4553 ns
852 4493 1204 4552 AUCTORE.
1906 4454 2060 4553 ἓῗῗῖ,
2075 4438 3051 4553 °TZ'_‘3."?_‘I’18153333939333
3068 4439 3560 4553 ηῗῗξδὲῗῗῗθξίὲἷδ

1906 4524 2064 4580 haud
2099 4530 2253 4579 certo
2285 4526 2437 4578 inter
2477 4526 2793 4595 scriptores
2823 4530 3073 4594 constat,
3108 4528 3206 4598 qui
3236 4530 3365 4601 ejus
3396 4548 3563 4587 men-

192 4623 232 4679 l.
269 4627 529 4681 Attones
564 4622 714 4678 duos
748 4618 1140 4692 episcopalem
1171 4615 1567 4672 Vercellarum
1598 4621 1795 4673 catne-
1904 4614 2124 4670 tionem
2144 4612 2579 4668 fecerunt.Nam
2598 4612 2908 4669 Rossottus
2933 4632 3067 4671 mox
3087 4617 3301 4673 citatus
3325 4620 3396 4675 ab
3416 4620 3561 4692 Epo-

130 4710 286 4769 dram
322 4714 617 4780 tenuisse,
669 4716 849 4783 atque
899 4709 1057 4765 hunc
1109 4712 1376 4763 nostrum
1418 4709 1585 4761 aetate
1615 4704 1796 4762 fuisse

1906 4702 2077 4757 redies
2110 4700 2551 4758 marchionibus
2572 4708 2925 4775 prognatum
2957 4705 3211 4761 affirmat
3234 4712 3433 4774 ,testes
3462 4726 3561 4782 ap-

133 4803 519 4871 posteriorem
563 4799 779 4857 litteris
830 4798 1217 4871 prodiderunt
1238 4795 1549 4851 Rossottus
1579 4793 1636 4848 in
1669 4793 1794 4865 Syl-

135 4888 279 4964 labo,
312 4898 372 4949 et
404 4890 757 4948 d'Acherius
784 4889 844 4944 in
874 4886 1185 4961 Spicilegio
1210 4903 1222 4940 :
1248 4890 1307 4940 at
1336 4884 1512 4939 unius
1541 4888 1797 4938 tantum-

136 4980 295 5038 modo
328 4979 631 5039 memoria
683 4978 839 5051 apud
890 4993 998 5032 nos
1029 4978 1219 5031 exstat
1265 4973 1512 5037 Attonis,
1555 4972 1794 5045 scriptis

131 5066 415 5142 factisque
440 5065 817 5124 celeberrimi
845 5083 858 5134 ;
890 5062 1135 5120 alterius
1158 5067 1352 5118 autem
1386 5060 1667 5132 cujusvis,
1692 5057 1793 5131 qui

128 5154 293 5229 hunc,
326 5158 418 5216 vel
455 5156 829 5230 praecesserit
856 5153 1051 5223 annis,
1080 5151 1167 5208 vel
1198 5153 1552 5207 subsecutus
1582 5150 1679 5220 sit,
1712 5148 1793 5203 ni-

129 5242 199 5301 hil
229 5247 286 5303 in
320 5245 746 5304 monumentis
774 5242 1083 5298 habemus.

188 5336 255 5393 ll.
293 5346 341 5394 A
376 5336 719 5411 longinqua
750 5335 985 5405 regione
1014 5330 1127 5387 huc
1160 5327 1486 5385 advenisse.
1518 5332 1789 5384 Attonem

188 5552 257 5628 ll)
286 5554 454 5628 Quod
496 5551 603 5628 alii
634 5548 906 5628 _mino_ris
962 5545 1220 5628 nominis
1252 5548 1548 5628 auctores,
1586 5540 1790 5628 qui-de

129 5614 603 5683 rebusVEcclesiaa
634 5620 1032 5677 Vercellarum
1069 5614 1639 5690 scripserunt,veluti
1672 5617 1789 5668 Mo-

130 5693 285 5770 dena,
334 5694 747 5761 Corbellinus,
800 5692 1070 5749 Cusanus
1127 5691 1492 5747 afﬁrmavere
1522 5690 1793 5742 Attonem

439 5828 720 5886 Paraon.
765 5816 1087 5883 CXXXIV.

1824 5453 1873 5518 B

1905 4790 2130 4862 pellans
2182 4789 2634 4861 probatissimos
2683 4797 2994 4860 auctores;
3047 4810 3299 4865 quorum
3359 4801 3556 4854 tamen

1907 4878 2147 4934 nomina
2178 4878 2361 4945 siluit,
2388 4880 2469 4934 uti
2503 4884 2559 4935 et
2582 4886 2880 4936 momenta
2900 4882 3118 4955 quibus
3148 4883 3294 4940 ﬁdes
3320 4884 3554 4943 illorum

1903 4968 2242 5023 testimonio
2274 4968 2636 5024 concilietur.
2663 4968 3017 5025 D’Acherius
3042 4976 3317 5043 praeterea
3347 4973 3405 5029 in
3438 4974 3560 5032 lau-

1903 5057 2036 5112 dato
2066 5057 2211 5124 loco,
2246 5074 2315 5113 ex
2361 5058 2726 5113 Ferdinando
2768 5057 3033 5130 Ughello,
3079 5062 3349 5118 Attonem
3377 5063 3558 5119 Alde-

1902 5146 2048 5219 garii
2084 5147 2270 5201 lilium
2300 5147 2481 5213 dicit;
2508 5148 2607 5201 sed
2633 5146 2790 5201 enim
2824 5148 2958 5219 quis
2982 5148 3329 5221 Aldegarius
3361 5152 3556 5219 luerit,

1902 5242 1958 5290 et
1989 5236 2060 5291 ad
2095 5252 2272 5308 quam
2296 5240 2528 5307 gentem
2563 5236 2922 5304 referendus,
2948 5244 3154 5293 neuter
3183 5240 3471 5312 docet(l).
3495 5242 3555 5297 Si

1901 5325 2044 5397 quid
2076 5342 2183 5380 nos
2205 5325 2568 5395 judioamus,
2615 5340 2649 5379 a
2680 5324 3081 5396 Longobardis
3125 5330 3394 5383 Attonem
3417 5331 3557 5401 jure

1903 5539 2127 5596 scilicet
2157 5556 2225 5594 ex
2271 5539 2707 5607 advocatorum,
2756 5537 2845 5594 vel
2892 5539 3299 5597 vicecomitum
3333 5540 3557 5599 familia

1905 5617 2258 5685 prognatum
2286 5627 2434 5678 esse,
2459 5611 2551 5666 vix
2573 5616 2663 5667 est
2688 5613 3293 5685 commemorandum,
3328 5628 3463 5669 cum
3486 5630 3557 5670 ex

1904 5681 2069 5741 nullo
2098 5681 2261 5756 gravi
2292 5686 2677 5740 monumento
2706 5683 2977 5738 ducatur.

3200 5809 3228 5866 1
