3946 6398
386 437 455 498 Η
1369 434 1708 497 ATTONIS
1753 432 2341 495 VERCELLENSIS
2388 431 2812 493 EPISCOPUS
3721 434 3795 491 η

383 594 579 667 aliquo
611 597 870 667 repetere
901 594 1034 666 quis
1066 610 1237 666 posse
1273 594 1535 651 videtur:
1568 610 1703 649 nam
1735 610 1803 648 ex
1837 592 2025 665 ipsius
2055 595 2108 660 Α
2140 591 2491 646 exstinctum
2525 589 2814 653 incendio,
2866 604 2969 643 nec
3029 604 3427 643 successorem
3484 594 3795 661 propterea

385 688 757 752 testamento,
789 684 946 755 quod
970 700 1131 739 num.
1162 684 1229 737 10
1251 685 1587 750 referemus,
1613 687 1772 754 patet
1792 683 2029 737 fratrem

385 772 437 829 ei
461 772 642 827 fuisse
663 776 985 842 Aupertum
1006 772 1261 838 nomine,
1282 776 1337 825 et
1356 771 1872 841 Longobardorum
1896 770 2032 841 legi-

388 862 500 917 bus
530 877 599 916 ex
622 860 858 915 natione
876 858 1089 916 vixisse
1114 876 1127 916 :
1151 860 1311 931 atqui
1338 860 1589 924 Attonis,
1623 859 1886 930 Auperti,
1919 860 2032 913 bis.

388 965 503 1021 que
532 947 752 1004 similia
794 948 1033 1003 nomina
1078 954 1309 1019 gentem
1359 948 1520 1002 illam
1566 948 1839 1017 sapiunt:
1872 950 2031 1017 leges

335 1053 364 1094 e
420 1037 584 1104 tiam,
618 1042 675 1091 et
696 1053 905 1105 mores,
930 1037 1142 1107 quibus
1165 1038 1297 1107 quis
1320 1037 1477 1101 vivit,
1506 1054 1622 1107 qua
1644 1038 1712 1090 de
1737 1043 1905 1108 gente
1932 1037 2025 1104 sit,

387 1124 624 1197 aliquod
653 1124 841 1180 solent
871 1126 1123 1195 praebere
1153 1123 1457 1179 indicium.

457 1212 554 1268 ΙΙΙ.
587 1211 734 1268 Illud
756 1228 925 1284 porro
949 1212 1342 1268 indubitatum
1366 1219 1473 1275 est,
1500 1218 1776 1268 Attonem
1803 1211 2030 1267 Vercel-

385 1300 575 1357 larum
588 1300 928 1373 episcopum
942 1305 1203 1355 creatum
1219 1302 1400 1357 fuisse
1417 1319 1569 1357 anno
1587 1318 1699 1356 non
1707 1302 2030 1373 gentesimo

382 1389 664 1463 vigesimo
697 1392 926 1461 quarto,
957 1389 1362 1461 Ragemberto,
1397 1390 1488 1445 cui
1513 1391 1773 1462 proxime
1806 1405 2032 1445 succes-

383 1477 480 1546 sit,
513 1482 717 1549 quarto
748 1478 885 1534 Idus
926 1478 1121 1533 Martii
1150 1479 1413 1549 ejusdem
1464 1479 1600 1534 anni
1636 1480 1843 1549 Papiae,
1881 1480 2029 1533 facto

382 1567 455 1622 ab
485 1566 777 1640 Hungaris
807 1565 1096 1632 incendio,
1129 1582 1160 1621 e
1191 1566 1335 1621 vivis
1368 1568 1598 1623 sublato
1630 1568 1725 1639 (2).

453 1654 646 1710 Sacris
674 1653 878 1710 infulis
900 1670 966 1710 eo
997 1671 1150 1710 anno
1171 1656 1507 1711 decoratum
1530 1659 1801 1711 Attonem
1836 1655 2029 1711 Eccle-

381 1742 479 1799 sia
512 1748 722 1799 nostras
753 1742 1089 1798 cathedram
1121 1745 1476 1810 ascendisse,
1520 1746 1734 1799 invicto
1767 1749 1906 1798 sunt
1936 1760 2029 1798 ar-

382 1837 681 1904 gumento,
713 1831 1077 1903 autographa
1126 1832 1517 1887 instrumenta
1564 1835 1893 1887 donationis
1927 1834 2028 1902 (3),

385 1936 503 1993 qua
530 1912 737 1976 eadem
764 1920 914 1975 hanc
961 1920 1279 1975 Ecclesiam
1310 1921 1652 1989 cumulavit,
1686 1922 2027 1991 consignata

385 2024 539 2065 anno
552 2008 1289 2064 incarnationisDominica:
1306 2010 1773 2080 nongentissimo
1790 2012 2037 2081 quadra-

385 2096 609 2170 gesimo
632 2097 857 2169 quinto,
883 2097 1258 2167 pontificatus
1282 2102 1476 2154 autem
1499 2100 1730 2154 Attonis
1760 2099 2035 2154 vicesimo

386 2184 599 2258 primo.
613 2185 748 2241 Jam
766 2186 943 2252 enim,
964 2186 1013 2241 si
1035 2202 1103 2240 ex
1117 2186 1430 2258 nongentis
1447 2186 1838 2258 quadraginta
1870 2187 2037 2259 quin-

389 2289 503 2345 que
529 2273 699 2329 annis
731 2290 765 2328 a
790 2273 1092 2329 Dominica
1122 2274 1523 2329 incarnatione
1546 2276 1908 2330 subtraxeris
1938 2293 2038 2331 an-

389 2377 492 2417 nos
506 2360 714 2433 viginti
735 2366 791 2416 et
803 2377 985 2416 unum
1000 2362 1394 2432 pontificatus,
1414 2364 1485 2417 ad
1501 2379 1721 2418 annum
1735 2364 2033 2419 reduceris

389 2449 903 2523 nongentesimum
934 2449 1274 2505 vicesimum
1307 2456 1607 2521 quartum.

458 2538 605 2594 Hinc
630 2537 868 2609 colliges
897 2555 930 2593 a
970 2555 1103 2594 vero
1152 2538 1367 2594 abiisse
1419 2539 1724 2610 Ughellum
1758 2542 1855 2612 (4),
1890 2542 2031 2597 dum

389 2626 745 2683 Vercellensi
777 2626 1038 2682 Ecclesiae
1082 2644 1234 2682 anno
1290 2630 1731 2699 nongentesimo
1755 2631 2031 2686 vicesimo

393 2716 598 2788 quinto
630 2715 931 2786 praefuisse
960 2716 1335 2786 Norgandum
1370 2718 1638 2772 asseruit.

466 2803 561 2860 IV.
594 2804 794 2859 Eidem
825 2803 1132 2876 Norgando
1178 2806 1438 2876 proxime
1488 2808 1840 2863 successisse
1874 2810 2035 2863 Atto-

394 2910 552 2960 nem,
584 2892 968 2965 Ragemberto
989 2893 1060 2947 ad
1083 2893 1356 2948 saeculum
1383 2896 1794 2951 duodecimum
1828 2897 2034 2964 misso,

393 2988 595 3037 auctor
622 2987 711 3037 est
733 2984 987 3037 Joannes
1016 2981 1346 3052 Stephanus
1396 2984 1713 3053 Ferrcrius,
1746 2985 2034 3039 Vercella-

393 3086 527 3126 rum
556 3075 612 3125 et
638 3070 763 3142 ipse
782 3070 1091 3141 episcopus
1113 3072 1211 3141 (5),
1238 3072 1623 3127 antecessoris
1647 3074 1739 3127 sui
1772 3074 2035 3128 Bonomii

394 3158 695 3216 Tabellam
724 3159 800 3231 (6)
832 3164 1196 3230 prosecutus,
1217 3160 1431 3229 quibus
1453 3161 1769 3216 novissime
1790 3162 2037 3217 accessit

394 3246 761 3303 clarissimus
792 3248 974 3302 lricus
1005 3247 1063 3301 in
1095 3247 1350 3302 Historia
1378 3248 1728 3303 Tridinensi.

2142 679 2417 733 habuisse
2441 682 2708 733 Attonem
2740 678 2942 733 eodem
2999 676 3252 730 incendii
3285 694 3437 732 anno
3469 678 3656 733 sacris
3691 679 3793 733 de-

2143 774 2403 822 coratum
2440 768 2664 822 infulis.

2213 857 2280 911 V.
2321 863 2505 926 Longe
2536 857 2799 927 graviora
2823 859 2961 909 sunt
2992 854 3048 907 in
3079 855 3227 909 hanc
3252 872 3372 910 rem
3410 861 3797 913 monumenta

2142 946 2277 1005 duo,
2303 946 2518 1015 quibus
2544 952 2738 1015 aperte
2762 944 3086 1009 coniicitur,
3118 945 3572 1013 Ragembartum
3600 947 3791 1016 proxi-

2143 1034 2254 1087 mis
2286 1042 2418 1086 anto
2458 1041 2720 1087 Attonmn
2758 1034 2926 1086 annis
2962 1032 3276 1087 Ecclesium
3311 1036 3529 1089 rexisse
3563 1035 3793 1091 Vercel-

2140 1125 2364 1175 lcusem
2391 1148 2403 1186 ;
2431 1140 2675 1194 quaeque.
2701 1141 2765 1177 eo
2793 1123 3088 1175 lubentius
3119 1126 3371 1193 proferre
3393 1125 3792 1197 aggredimur,

2142 1211 2294 1280 quod
2318 1212 2545 1265 erudito
2578 1211 2789 1281 cuique
2817 1212 3073 1281 optanda
3106 1212 3311 1266 merito
3341 1212 3667 1267 videantur.

2216 1299 2473 1353 Primum
2506 1305 2595 1353 est
2640 1299 2889 1369 epistola
2937 1301 3188 1353 formata
3234 1317 3410 1370 quam
3451 1317 3520 1355 ex
3551 1300 3795 1373 antiquo

2143 1386 2380 1441 archivii
2415 1387 2597 1442 nostri
2630 1387 2827 1441 codice
2853 1387 3002 1455 sign.
3038 1403 3202 1442 num.
3235 1388 3326 1455 53,
3350 1388 3653 1444 Canonum
3681 1388 3798 1445 col-

2143 1475 2454 1530 lectionem
2487 1493 2603 1530 una
2625 1492 2757 1530 cum
2782 1475 3006 1546 aliquot
3027 1476 3280 1543 Attonis,
3304 1477 3604 1549 opusculis
3636 1495 3796 1534 com-

2142 1565 2425 1635 plectente
2443 1565 2908 1635 desumpsimus,
2936 1581 3233 1636 quamque
3254 1571 3309 1619 et
3331 1566 3543 1621 saeculo
3566 1568 3795 1623 decimo

2141 1652 2510 1723 scriptam,et
2533 1654 2761 1708 Attonis
2785 1653 2971 1724 ipsius
2990 1654 3163 1723 jussu
3187 1670 3320 1708 eum
3344 1654 3401 1709 in
3426 1656 3685 1711 codicem
3711 1673 3797 1712 re-

2145 1741 2419 1808 latam,su
2430 1744 2561 1797 adet
2575 1744 2760 1797 forma
2775 1743 3108 1796 characteru
3121 1760 3174 1796 m
3191 1743 3468 1798 saeculum
3488 1744 3683 1815 ipsum
3702 1763 3798 1800 sa-

2144 1829 2329 1900 piens,
2358 1837 2411 1883 ct
2444 1848 2575 1884 cum
2608 1831 3052 1884 Attonianorum
3086 1847 3329 1901 operum
3357 1834 3797 1889 characteribus

2142 1936 2381 1989 prorsus
2413 1921 2616 1993 eadem
2648 1921 2748 1989 (7),
2785 1920 2864 1973 En
2892 1919 3321 1991 prmclarissimi
3346 1922 3643 1993 exemplar
3673 1939 3799 1978 mo-

2148 2008 2413 2061 numenti
2448 2026 2514 2061 ex
2546 2008 2906 2079 autograpbo
2938 2009 3007 2063 ad
3042 2009 3327 2063 amussim
3357 2017 3658 2065 exaratum
3685 2028 3698 2067 ε

2146 2118 2172 2144 ‹‹
2211 2095 2409 2170 Incipit
2438 2098 2689 2167 epistola,
2742 2112 3078 2170 quamqmos,
3111 2098 3341 2152 Latinus
3367 2101 3659 2168 formatam
3691 2117 3795 2170 ap-

2215 2166 2407 2291 pfifla’t,
2440 2185 2472 2221 a
2501 2170 2701 2253 sanctis
2750 2166 3009 2222 Patribus
3058 2169 3115 2222 in
3165 2166 3396 2226 Νἱείεηὰ
3434 2171 3638 2240 synodo
3666 2166 3793 2228 coh-

2216 2254 2241 2291 s
2316 2255 2425 2291 ua.

2216 2254 2425 2292 διιῑιιια.

2216 2327 2248 2360 ι
2280 2309 2341 2363 In
2376 2308 2608 2364 nomine
2640 2309 2851 2376 Patris,
2878 2314 2935 2363 et
2966 2308 3114 2376 Filii,
3138 2314 3195 2365 et
3224 2310 3479 2382 Spiritus
3510 2312 3722 2368 sancti.

2566 2474 2593 2501 ‹‹
2626 2455 2949 2507 ΠτῐιειιρΝΑι(
2980 2452 3055 2522 (8)
3088 2451 3235 2507 Mille
3262 2399 3373 2507 xx;

2221 2561 2240 2586 ι
2280 2539 2789 2607 Reverentissimo,
2811 2540 3087 2609 omnique
3113 2556 3278 2594 sacra
3306 2540 3676 2597 veneratione
3699 2559 3796 2598 co-

2142 2625 2310 2680 lendo
2346 2626 2495 2680 Patri
2528 2626 2768 2679 Andreae
2801 2632 3014 2680 sanctae
3045 2628 3493 2684 Mediolanensis
3525 2629 3794 2687 Ecclesia

2145 2715 2604 2785 archiepiscopo,
2658 2714 3082 2784 Ragembertus
3134 2724 3345 2771 sanctae
3405 2718 3798 2775 Vercellensis

2145 2803 2412 2857 Ecclesia:
2442 2803 2682 2858 humilis
2706 2805 3035 2874 episcopus,
3063 2812 3491 2876 przesentem,et
3511 2814 3792 2864 aeternam

2145 2892 2203 2944 in
2238 2892 2482 2946 Domino
2512 2892 2869 2947 felicitatem.
2905 2894 3052 2957 Quia
3082 2894 3263 2949 sacris
3290 2896 3554 2965 apicibus
3584 2899 3796 2953 vestris

2143 2978 2510 3034 Walfredum
2565 2981 2833 3035 Ecclesize
2892 2988 3101 3037 nostra:
3151 2983 3578 3039 subdiaconum
3629 2986 3798 3043 vobis

2146 3069 2610 3123 consecrandum
2627 3070 2893 3124 Ecclesiae
2911 3070 3319 3141 Eporrediensi
3340 3072 3411 3127 ad
3431 3078 3630 3129 votum
3652 3076 3799 3131 cieri

2145 3162 2203 3211 et
2230 3157 2746 3229 populiprazsulem
2777 3159 3075 3229 expetistis
3105 3175 3117 3213 :
3145 3160 3355 3216 nefasa
3380 3161 3549 3217 nobis
3571 3162 3798 3235 aliquid

2147 3247 2366 3300 sanctis
2400 3246 2781 3317 petitionibus
2826 3246 3035 3302 vestris
3083 3248 3357 3319 denegari
3386 3251 3798 3321 exstimantes,

464 3335 565 3391 His
596 3335 950 3408 opponimus
979 3336 1462 3408 antiquissimum
1485 3337 1918 3409 Necrologium,
1939 3356 2036 3394 no-
2064 3328 2109 3392 C
2140 3335 2602 3406 juxtaamorem,
2626 3340 2682 3390 et
2707 3336 3087 3390 reverentiam
3103 3338 3395 3392 canonica:
3414 3339 3799 3409 definitionis,

392 3428 605 3495 atrum,
646 3423 746 3478 ubi
792 3423 863 3479 de
919 3423 1228 3496 Norgando
1288 3424 1579 3495 legimus:
1612 3442 1646 3481 v
1700 3428 1822 3481 Kal.
1872 3428 2030 3483 Mart.

388 3513 525 3571 obiit
548 3511 876 3569 veneranda
928 3514 1212 3569 meritoria?
1264 3514 1587 3583 Norgandus
1643 3514 1806 3586 hujus
1852 3518 2029 3573 Eccle-

383 3601 488 3658 siae
542 3601 838 3672 epinpus,
898 3601 994 3672 qui
1059 3603 1347 3656 canonica:
1404 3602 1701 3669 ordinavit,
1759 3611 1811 3659 et
1867 3604 2033 3671 huius

384 3689 642 3745 Ecclesia
670 3688 886 3744 ordines
932 3689 1236 3744 nobilitatis
1283 3690 1553 3744 instituit.
1606 3690 1751 3745 Nam
1794 3698 2031 3762 praeter-

385 3793 563 3850 quam
596 3778 750 3849 quod
779 3777 1094 3833 verisimile
1125 3794 1239 3833 non
1281 3781 1390 3845 est,
1425 3778 1747 3850 Necrologii
1781 3780 2033 3851 scripto-

384 3883 507 3923 rem
541 3866 908 3938 deplorandaa
940 3866 1146 3921 mortis
1176 3884 1361 3939 genus
1393 3867 1575 3921 fuisse
1606 3869 2033 3938 praetermissu-

387 3971 543 4024 rum,
590 3955 638 4010 si
696 3954 963 4026 Papiensi
1020 3955 1285 4011 incendio
1344 3955 1613 4026 periisset
1660 3956 2031 4027 Norgandus,

389 4041 548 4099 haud
579 4042 829 4098 cohaeret
874 4043 996 4099 dies
1026 4044 1086 4097 in
1133 4043 1469 4115 Necrologio
1522 4049 1721 4099 notata
1751 4061 1885 4099 cum
1919 4044 2032 4113 die,

392 4132 467 4188 ad
499 4148 676 4203 quam
707 4131 1103 4205 Luitprandus
1151 4148 1375 4187 coaevus
1417 4132 1669 4204 scriptor
1699 4131 2036 4187 incendium

395 4221 588 4288 refert,
620 4221 694 4276 ad
723 4237 779 4276 1v
834 4219 1055 4277 scilicet
1083 4219 1223 4275 Idus
1278 4219 1467 4274 Martii
1507 4237 1600 4275 an.
1659 4216 1783 4274 924.
1821 4223 2036 4285 Quam-

393 4308 593 4366 obrem
624 4313 776 4365 recte
805 4307 1181 4374 concluseris,
1215 4308 1594 4378 Norgandum
1626 4324 1733 4363 nec
1762 4309 2037 4380 praedicto

465 4468 543 4541 (2)
572 4468 703 4524 Vid.
737 4468 1019 4524 Frodoad.
1051 4468 1112 4523 in
1144 4467 1381 4538 Chron,
1426 4472 1483 4522 et
1511 4467 1851 4539 Luitprand.
1885 4470 2014 4526 Hist

395 4540 479 4596 ib.
511 4557 591 4610 III,
624 4556 751 4612 cap.
784 4546 842 4594 et
873 4556 1033 4612 seqq.

462 4557 570 4595 ,ιιι
624 4556 691 4595 ca
738 4556 934 4595 .etse
1020 4581 1033 4595 .

461 4612 537 4682 (3)
564 4556 1121 4667 Assegvantugthaec
1151 4609 1210 4663 in
1244 4609 1497 4666 archivio
1543 4616 1762 4680 nostro,
1796 4628 2035 4668 eorum-

390 4698 505 4753 que
521 4681 825 4753 exemplar
854 4682 1171 4736 referemus
1204 4697 1365 4735 num.
1399 4684 1453 4737 8.

480 4753 533 4820 4)
566 4752 626 4807 In
660 4752 785 4808 Ital.
814 4768 964 4807 sacr.

480 4756 533 4820 4)
566 4756 626 4807 In
660 4756 785 4808 Ital.
814 4768 964 4807 sacr.

454 4756 532 4905 ἑᾷ)
562 4823 721 4905 In
753 4824 986 4887 Euseb.,
1044 4825 1103 4877 et
1132 4822 1260 4892 ejus
1303 4837 1624 4877 successor.
1672 4824 1803 4879 Vita
1834 4825 2027 4880 Romae

384 4894 544 4949 edita
575 4895 733 4949 1602.

476 4964 534 5035 6)
563 4967 785 5035 Adject.
820 4965 891 5035 ad
924 4961 1232 5035 Collectan.
1266 4963 1422 5035 edita
1451 4963 1611 5035 deS.
1647 4964 1915 5020 Eusebio.

476 4966 511 5019 6
563 4967 785 5035 Adject.
820 4966 891 5019 ad
924 4966 1232 5019 Collectan.
1266 4966 1422 5017 edita
1451 4966 1521 5017 de
1554 4966 1611 5018 S.
1647 4966 1915 5020 Eusebio.

455 4966 534 5107 E7;
568 5035 625 5089 In
687 5036 801 5090 fine
858 5034 1037 5106 hujus
1088 5034 1304 5089 codicis
1361 5033 1420 5087 hi
1474 5034 1651 5090 etiam
1710 5052 1913 5092 versus
1941 5037 2024 5093 le-

384 5112 622 5177 guntur.

445 5213 583 5270 Atto,
615 5210 709 5260 tibi
732 5210 944 5273 praesui,
975 5214 1157 5259 ternos
1187 5224 1284 5271 ego
1321 5210 1539 5258 confero
1568 5210 1747 5269 libros,

511 5272 703 5322 Eusebi
733 5272 949 5334 martyr,
981 5273 1190 5334 suscipe
1219 5278 1362 5330 vota,
1398 5286 1546 5321 ro;o.

447 5336 654 5385 Primus
682 5336 844 5383 habet
874 5336 1102 5394 glossas:
1136 5334 1366 5396 psalmos
1389 5340 1678 5395 pertractat
1707 5340 1759 5386 et
1788 5337 1921 5386 alter
1945 5353 1957 5390 :

508 5398 714 5446 Tertius
742 5397 973 5445 ofﬁcium
1004 5398 1213 5445 disserit
1246 5410 1401 5444 omne
1431 5398 1664 5446 Patrum.

445 5461 551 5509 Nec
581 5459 799 5507 credant
826 5459 925 5507 hoc
956 5473 1037 5507 me
1066 5460 1159 5508 tibi
1191 5459 1361 5507 solum
1393 5463 1602 5508 tradere
1634 5461 1851 5510 donum.

508 5522 767 5569 Ecclesiae
796 5523 991 5583 quique
1022 5521 1313 5582 exspoliare
1336 5523 1521 5569 solent.

443 5585 592 5648 Quod
624 5584 665 5648 si
696 5585 1000 5631 intestatum
1036 5586 1266 5631 moriens
1298 5584 1420 5641 quid
1448 5584 1580 5648 forte
1612 5586 1912 5648 relinquam
1940 5601 1951 5635 ε

470 5646 715 5695 Ecclesia;
747 5648 1014 5708 proprium
1049 5648 1199 5695 istius
1230 5660 1343 5693 esse
1374 5647 1493 5693 volo

437 5708 640 5780 Prgdia
662 5708 743 5780 pic
769 5712 1016 5780 maneant
1042 5724 1054 5760 :
1082 5709 1160 5780 sic
1185 5709 1373 5780 sintnet
1401 5712 1593 5780 caetera
1620 5713 1816 5762 cuncta
1844 5724 1856 5765 ;

496 5769 712 5834 Occasio
740 5770 918 5835 pravis
939 5783 1040 5826 nec
1066 5770 1222 5825 detur
1250 5769 1363 5827 ulla
1388 5769 1517 5823 viris

2143 3440 2329 3495 usque
2360 3424 2431 3478 ad
2477 3426 2724 3496 gradum
2776 3424 3144 3479 subdiaconii
3192 3431 3527 3483 nostrorum
3575 3431 3800 3500 praede-

2141 3529 2375 3567 cessoru
2389 3529 2441 3565 m
2459 3512 2850 3566 sollicitudine
2864 3520 3199 3582 promutum
3211 3557 3224 3582 ,
3248 3517 3580 3585 paternitati
3593 3523 3801 3575 vestra

2143 3601 2212 3654 ad
2238 3598 2629 3670 episcopalem
2653 3599 3013 3665 cathedram,
3040 3601 3285 3657 Domino
3311 3604 3797 3677 adminiculante,

2142 3688 2520 3741 concedimus
2555 3690 3121 3759 promovendumNe
3144 3708 3279 3763 ergo
3304 3694 3373 3747 de
3397 3694 3582 3765 ipsius
3606 3702 3800 3751 trans-

2144 3782 2271 3830 acta
2300 3778 2759 3840 conversatione,
2784 3778 2902 3833 sive
2924 3782 3192 3850 prmsenti
3223 3785 3598 3839 concessione
3621 3786 3798 3857 quid-

2144 3864 2299 3935 piam
2332 3865 2579 3920 ulmitati
2603 3873 2806 3921 vestrae
2831 3884 3066 3921 necesse
3090 3868 3166 3922 sit
3188 3870 3504 3942 ambigere,
3537 3889 3797 3944 praesen-

2143 3953 2304 4007 tibus
2335 3954 2689 4009 humilitatis
2712 3961 2920 4009 nostrae
2944 3956 3156 4012 litteris
3180 3974 3313 4012 eum
3340 3960 3655 4030 prosecuti,
3686 3979 3795 4018 su-

2146 4059 2319 4110 mus;
2351 4042 2567 4113 quibus
2625 4042 2792 4097 illum
2846 4044 2906 4097 in
2965 4052 3341 4102 sacrosancta
3386 4047 3686 4122 religione,
3731 4050 3796 4107 in

2145 4136 2430 4200 quantum
2464 4131 2881 4201 audivimus,et
2901 4134 3301 4206 cognovimus,
3327 4141 3503 4208 atque
3533 4137 3799 4196 humana

2147 4218 2431 4289 fragilitas
2462 4220 2773 4274 exstimare
2798 4222 3037 4288 sufﬁcit,
3071 4222 3355 4279 hactenus
3384 4233 3799 4286 conversatum

2149 4308 2329 4362 fuisse
2349 4308 2825 4374 testificamur,eu
2837 4324 3011 4379 mque
3033 4312 3104 4365 ad
3130 4312 3186 4366 id
3210 4312 3609 4371 ministerium
3633 4333 3801 4390 pera-

2211 4431 2422 4503 Sihquis
2450 4430 2586 4503 forte
2618 4445 2783 4493 rapax
2815 4437 3022 4503 partem
3053 4435 3367 4503 subduxerit
3393 4437 3575 4503 ullam,

2272 4494 2476 4561 Sentiet
2502 4495 2626 4561 hinc
2658 4494 2860 4561 poenas,
2894 4497 3306 4561 Tartareumque
3338 4501 3529 4551 locum.

2212 4557 2357 4626 Al‘t‘cr
2387 4557 2485 4626 erit
2507 4556 2692 4626 ludas)
2720 4559 3066 4626 _Uathan_eri_t
3091 4556 3236 4626 alter:
3254 4564 3488 4626 Abyron,

2274 4617 2540 4681 EXSpOIltll.
2568 4622 2610 4667 si
2641 4617 2760 4682 quis
2790 4620 2987 4683 templa
3016 4621 3197 4670 divina
3217 4617 3391 4674 bonis.

3065 4717 3084 4755 Ῑ

2210 4770 2284 4841 (8)
2318 4769 2608 4852 Numerus
2640 4769 2733 4823 hic
2769 4770 2945 4852 ‘mz'lle
2990 4788 3099 4826 xxx
3144 4775 3397 4852 nigriori
3436 4781 3787 4852 atramento,

2139 4840 2500 4923 diversisque
2522 4841 2820 4923 aliquanto
2837 4840 3294 4923 Chares-toribus,
3319 4848 3522 4923 charta
3541 4840 3790 4923 insuper

2140 4913 2437 4989 aliquanto
2470 4929 2647 4989 super
2671 4912 2903 4989 abrasa,
2938 4917 3195 4989 scriptus
3229 4920 3463 4989 legitur,
3497 4921 3592 4976 ubi
3641 4912 3789 4980 forte

2138 4983 2365 5039 rectiori
2382 4983 2796 5052 supputatione
2819 4983 3120 5055 legebatur
3142 4983 3358 5053 Μωίνῖι,
3382 4983 3523 5045 cum
3549 4993 3783 5050 enimin

2136 5055 2383 5130 epistola
2404 5055 3047 5130 numerus‘perlittcras
3071 5076 3381 5130 expressus
3404 5062 3460 5115 in
3481 5080 3785 5122 summam

2134 5125 2347 5201 ductus
2369 5125 2736 5193 ipsislitteris
2768 5125 3193 5199 consequenter
3222 5134 3534 5201 adjunctus
3566 5135 3789 5192 innua-

2134 5203 2248 5275 tur;
2268 5197 2344 5250 ibi
2366 5214 2440 5249 nu
2453 5212 2675 5275 merum
2692 5214 2884 5275 natavit
2904 5197 3089 5269 primo
3105 5201 3213 5275 legi
3229 5197 3642 5275 de'buissejure
3656 5225 3790 5264 sus-

2136 5270 2417 5347 picamur,
2454 5273 2672 5347 cumet
2724 5270 2799 5347 ibi
2830 5270 3011 5337 locus,
3038 5274 3135 5347 ubi
3164 5270 3784 5347 exstiterit,appareat,

2136 5295 2417 5338 pluuuiur,
2454 5295 2672 5347 σαψ-ει
2724 5295 2799 5323 ιυι
2830 5295 3011 5337 ιυυυδ,
3039 5295 3135 5326 ut)!
3168 5295 3550 5347 BKSLILBI‘IL,8p
3598 5295 3784 5345 areat,

2132 5345 2188 5393 et
2221 5356 2416 5413 revera
2448 5356 2514 5413 ex
2549 5339 2707 5413 hisce
2754 5342 2985 5405 litteris,
3020 5344 3296 5413 adjuncta
3344 5295 3623 5402 littera
3660 5352 3787 5407 sive

2132 5426 2375 5482 numero
2400 5411 2732 5464 indictionis
2758 5411 3141 5482 septimae,hic
3170 5433 3450 5473 numerus
3472 5420 3781 5477 contletur.

2130 5482 2229 5533 Vel
2267 5481 2493 5560 saltem,
2530 5483 2764 5560 dempto
2796 5481 3134 5560 indictionis
3164 5505 3429 5554 numero,
3463 5491 3783 5560 legendum

2130 5558 2283 5607 esset
2315 5569 2579 5605 MXXXXXZ
2615 5554 2836 5607 scilicet
2859 5557 3048 5631 abrasi
3075 5559 3232 5613 fuere
3260 5561 3373 5615 duo
3402 5554 3630 5615 numeri
3659 5581 3734 5619 xx
3763 5582 3778 5631 ;

2130 5641 2323 5703 revera
2354 5641 2506 5710 enim
2535 5641 2813 5703 numerus
2837 5628 3377 5710 quinquagenarius
3404 5649 3516 5688 non
3542 5628 3781 5706 semper

2126 5694 2294 5767 signo
2326 5712 2379 5762 L,
2410 5696 2522 5778 sed
2559 5696 2818 5778 quinque
2852 5694 2899 5754 ἇς
2941 5694 3250 5761 ίῑιήοὲῐιυὶε
3279 5703 3441 5763 hisce
3468 5694 3775 5774 codicibus

2124 5781 2435 5847 expressus
2469 5770 2702 5828 visitur.
