3946 6410
184 456 249 517 1⁵1
1572 460 1797 522 PROL]

1965 460 2189 521 llENA.
3522 462 3597 522 18

179 585 630 663 perlustrarunt.
664 588 903 646 Barbari
938 606 1149 663 nempe
1174 590 1403 648 Italiam
1436 593 1827 665 undequaque
1856 605 1906 668 Α
1942 592 2189 649 tissimis
2246 591 2512 649 hostium
2566 592 3008 650 incursionibus
3055 594 3128 650 ad
3158 610 3258 651 eas
3288 609 3485 650 rerum
3517 611 3593 657 an

178 682 465 734 vastantes
492 677 711 750 aliique
727 680 873 735 alios
888 698 956 735 ex
982 682 1283 753 occupatis
1302 683 1541 737 sedibus
1561 683 1611 736 vi
1636 684 1825 751 depel-

178 767 368 833 lentes,
401 774 458 821 et
489 784 642 838 saepe
672 769 884 824 iterum
916 770 1092 841 pulsi,
1120 772 1381 826 humana
1402 773 1618 839 omnia,
1654 779 1709 826 et
1734 773 1824 826 di-

176 856 300 910 vina
314 856 609 928 susdeque
624 864 946 925 verterant;
969 876 1140 931 pessu
1153 878 1183 914 n
1196 861 1341 914 datae
1356 860 1627 915 liberales
1647 868 1820 927 artes,

175 946 505 1017 perturbata
538 946 764 1018 religio,
800 965 993 1003 rerum
1030 950 1295 1005 omnium
1329 967 1569 1005 summa
1594 951 1824 1006 invecta

168 1033 462 1090 calamitas
489 1054 502 1099 ;
534 1041 711 1108 atque
743 1037 865 1092 haec
889 1038 1088 1093 omnia
1120 1057 1235 1111 pra:
1262 1040 1485 1094 caeteris
1536 1039 1691 1094 mala
1725 1058 1819 1096 ex-

165 1124 540 1196 periebantur
574 1126 1011 1199 Vercellenses,
1034 1130 1388 1199 euntium,et
1420 1131 1816 1197 redeuntium,

162 1213 306 1268 inter
326 1231 577 1286 seseque
600 1216 670 1271 de
688 1218 884 1287 praeda
899 1220 1298 1291 pugnantium
1321 1220 1705 1274 barbarorum
1723 1220 1814 1274 iti-

162 1302 279 1359 neri
309 1304 631 1360 admodum
663 1305 915 1362 obnoxii.

226 1391 433 1458 Quales
467 1394 643 1451 etiam
673 1395 929 1450 solerent
960 1414 1028 1451 ea
1052 1401 1219 1452 astate
1270 1396 1543 1452 Ecclesiis
1602 1397 1812 1468 praeﬁci

158 1480 428 1553 episcopi,
464 1489 527 1537 ut
554 1482 700 1539 alios
734 1487 1199 1554 przetermittam,
1237 1487 1412 1541 refert
1458 1486 1814 1541 Muratorius

155 1570 296 1641 (l3):
332 1592 359 1620 «
394 1571 453 1626 Si
488 1572 837 1628 rifiutavano
871 1575 886 1627 i
948 1574 1273 1631 meritevoli
1333 1575 1489 1630 eletti
1543 1576 1812 1646 (pastores

152 1659 375 1729 scilicet)
408 1677 440 1716 e
491 1661 811 1717 conveniva
858 1664 1158 1734 prenderi
1195 1664 1493 1736 prediletti
1554 1665 1628 1719 da
1686 1664 1809 1719 loro

152 1748 411 1818 (videlicet
433 1766 472 1806 a
497 1752 871 1825 principibus)
891 1753 1179 1808 ancorché
1198 1754 1456 1824 indegni,
1483 1770 1598 1809 non
1622 1751 1810 1809 consi-

153 1836 403 1895 derando
453 1839 569 1896 essi
623 1841 834 1897 merito
866 1841 957 1897 del
987 1858 1212 1914 sapere,
1247 1858 1279 1898 θ
1310 1840 1463 1898 della
1508 1843 1687 1897 bonta
1719 1841 1806 1897 de’

152 1927 420 1995 costumi,
457 1944 553 1983 ma
583 1930 908 1985 solamente
940 1932 1012 1986 de
1044 1930 1356 1997 riccbezze,
1387 1930 1429 1985 il
1461 1932 1800 2003 parentado,

153 2015 260 2069 edi
311 2017 573 2089 servigii.
630 2019 671 2073 E
732 2036 794 2075 se
845 2037 962 2075 non
1013 2021 1350 2076 vendexano
1381 2020 1434 2076 le
1474 2021 1680 2076 Chiese
1711 2038 1814 2092 per

158 2103 396 2173 danaro,
429 2105 484 2162 le
513 2108 739 2165 davano
781 2109 1140 2165 nondimeno
1184 2110 1242 2164 in
1277 2112 1628 2182 pagamento
1658 2109 1814 2166 della

156 2197 370 2251 servitu
404 2201 667 2270 prestata
697 2200 770 2253 da
799 2198 937 2267 essi,
958 2199 1079 2255 oda
1099 2199 1189 2254 lor
1218 2200 1443 2271 parenti
1480 2198 1595 2254 alla
1617 2204 1805 2255 corte:

151 2300 282 2355 pero
332 2285 384 2341 si
445 2287 739 2343 vedevano
771 2288 1034 2343 fanciulli
1070 2288 1239 2343 alzati
1262 2287 1317 2343 a1
1348 2294 1675 2355 vescovato,
1700 2305 1729 2341 e
1760 2288 1811 2343 si

152 2370 459 2443 obbligava
489 2372 528 2427 il
558 2374 766 2445 popolo
798 2392 832 2429 a
856 2375 963 2429 dar
983 2375 1430 2430 testimonianze
1455 2375 1814 2430 favorevolia

150 2462 333 2530 questi
372 2462 737 2527 sbarbatelli,
773 2463 879 2517 che
910 2480 1140 2533 appena
1180 2479 1397 2518 aveano
1457 2463 1748 2533 impurato
1781 2480 1815 2518 a

151 2548 436 2605 memoria
487 2549 735 2621 qualche
785 2551 1030 2606 articolo
1074 2550 1226 2606 della
1281 2552 1427 2617 fede,
1480 2568 1585 2622 per
1615 2556 1811 2623 potere

147 2637 516 2709 rispondere,
550 2638 773 2693 benché
804 2639 1134 2706 tremendo,
1168 2637 1264 2693 all’
1296 2655 1490 2693 esame
1517 2658 1530 2695 :
1566 2639 1605 2694 il
1636 2640 1808 2711 quale

148 2742 238 2781 era
265 2726 525 2781 tuttavia
557 2725 617 2781 in
650 2744 756 2782 uso
788 2727 1074 2799 piuttosto
1106 2744 1208 2799 per
1241 2728 1677 2797 formalita,che
1710 2746 1812 2801 per

150 2815 393 2871 chiarire
425 2815 483 2870 la
515 2816 745 2872 scienza
775 2817 970 2872 d’essi.
1005 2818 1086 2872 Ed
1105 2818 1391 2888 eccoqual
1416 2819 1568 2873 fosse
1593 2820 1649 2872 in
1671 2836 1809 2890 que-

151 2903 216 2957 sti
247 2903 506 2971 tempilo
531 2911 683 2961 stato
708 2905 1039 2961 miserabile
1085 2907 1234 2962 delle
1266 2908 1469 2962 Chiese
1511 2908 1754 2963 d'Italia.
1776 2931 1804 2960 »

152 2990 246 3047 Cui
307 2993 464 3049 adde
522 2996 698 3050 etiam
758 2996 992 3052 Attonis
1044 2995 1231 3070 ipsius
1283 3014 1349 3052 ea
1380 2998 1450 3052 de
1477 2997 1808 3053 calamitate

150 3083 560 3139 testimonium
633 3084 694 3139 in
779 3089 1032 3141 tractatu
1104 3088 1179 3142 De
1226 3089 1502 3159 pressaris
1558 3089 1809 3143 ecclesia-

152 3172 309 3227 sticis.

214 3260 525 3318 Enimvero
559 3263 658 3334 qui
693 3262 962 3319 Ecclesize
1007 3282 1312 3337 nunquam
1372 3265 1712 3321 defuturum
1746 3283 1806 3321 se

1840 1976 1890 2040 B

1936 682 2163 754 gustias
2183 683 2419 737 adducti
2439 682 2521 737 illi
2548 682 2798 753 fuerant,
2823 684 3413 756 ut_cum'nec’prmsto
3435 687 3591 740 esset

1936 790 2050 844 quo
2084 772 2169 827 vel
2203 773 2549 827 tenuissime
2577 773 2889 839 alerentur,
2926 774 3183 829 ofﬁcium
3216 776 3594 846 {cogerentur

1934 864 2208 932 abjicere.
2241 862 2302 918 Id
2331 863 2668 933 intelligens
2691 863 3252 935 Atto,pra=.diaipsis,
3278 863 3592 936 possessio-

1932 969 2153 1023 nesque
2188 951 2598 1007 liberalissime
2621 953 2816 1022 cessit,
2838 960 2902 1008 ut
2920 953 3089 1025 pulsa
3111 970 3318 1025 nempe
3342 953 3590 1009 necessi-

1929 1043 2395 1108 tudine,omnem
2421 1043 2489 1097 ad
2517 1042 2713 1097 divina
2727 1042 3136 1114 cogitationem
3160 1047 3583 1099 converterent.

1931 1136 2012 1186 En
2045 1131 2419 1203 chirographi
2454 1132 2787 1187 donationis
2812 1132 3143 1203 exemplar:

2002 1243 2031 1272 ‹‹
2066 1223 2127 1276 In
2163 1222 2400 1277 nomine
2430 1226 2643 1276 sanctis
2674 1226 2732 1276 et
2761 1221 3074 1277 individua;
3090 1221 3583 1292 Trinitatis.f.Atto

1929 1310 2134 1366 divinae
2177 1310 2575 1365 miserationis
2634 1327 2876 1365 munere
2926 1315 3142 1366 sanctis
3194 1310 3584 1369 Vercellensis

1925 1399 2194 1455 Ecclesiae
2224 1399 2467 1455 humilis
2488 1398 3301 1470 episci:pus.Quotiescunque
3325 1398 3585 1472 indigen-

1923 1491 2103 1553 tibus,
2140 1490 2295 1559 Deoq
2328 1488 2828 1546 antibusuefamul
2921 1500 3048 1559 pro,
3097 1506 3301 1545 eorum
3359 1486 3585 1544 scilicet

1922 1579 2260 1637 calamitate
2287 1578 3316 1653 proclamantibus,consulimus,eos
3337 1577 3584 1634 liberius

1923 1668 2039 1723 Deo
2074 1668 2444 1735 famulari,ac
2476 1686 2580 1741 pro
2595 1669 2849 1735 nobis,et
2869 1667 3341 1725 benefactoribus
3363 1666 3582 1723 nostris

1920 1760 2254 1829 promptius
2285 1759 2828 1827 orare,nullatenus
2852 1757 3461 1828 difﬁdimus,ideoque
3478 1772 3581 1812 no-

1918 1847 2065 1903 verit
2086 1850 2354 1904 omnium
2386 1853 2600 1905 sanctas
2628 1849 2722 1904 Dei
2756 1848 3028 1904 Ecclesiae
3045 1847 3307 1903 ﬁdelium
3332 1863 3584 1919 prasen-

1918 1936 2073 1992 tium
2108 1937 2349 2007 scilicet,
2384 1955 2451 1995 ac
2484 1939 2825 1994 futurorum
2868 1937 3181 2007 industria,
3207 1940 3425 1991 sanctae
3481 1934 3584 1991 Dei

1921 2027 2222 2097 genitricis
2253 2028 2447 2083 Marias
2479 2044 2710 2100 semper
2738 2026 3115 2099 virginis,seu
3136 2025 3289 2081 beati
3307 2025 3584 2098 martyris

1924 2117 2158 2172 Eusebii
2219 2118 2531 2174 canonicos
2584 2117 2694 2172 sub
2748 2120 2952 2172 nostro
2990 2114 3273 2188 regimine
3304 2114 3581 2187 degentes

1923 2211 2187 2262 nostram
2224 2208 2441 2279 petisse
2471 2204 3050 2277 mercedem,quippe
3072 2220 3207 2260 cum
3228 2208 3446 2270 essent,
3463 2207 3576 2259 Deo

1928 2300 2499 2360 annuente,numero
2526 2292 2789 2364 triginta,
2822 2296 3128 2363 sumptum
3149 2290 3392 2345 minime
3413 2290 3578 2346 sufﬁ-

1924 2382 2174 2437 cientem
2200 2382 2502 2447 babentes,
2539 2397 2653 2452 quo
2707 2381 3029 2435 subsistere
3085 2382 3345 2451 possent,
3403 2382 3582 2452 atque

1923 2468 2191 2525 divinum
2226 2469 2486 2525 ofﬁcium
2520 2470 2579 2524 in
2602 2469 2731 2540 jam
2764 2466 3022 2540 przefatis
3066 2464 3357 2540 ecclesiis}
3386 2466 3579 2524 debite

1920 2558 2271 2628 persolvere,
2308 2558 2524 2630 precati
2558 2560 3019 2630 sunt,quatenus
3045 2560 3147 2611 aut
3168 2557 3453 2614 eumdum
3476 2575 3581 2614 nu-

1921 2663 2152 2702 merum
2187 2647 2474 2715 minuere,
2507 2652 2609 2703 aut
2638 2645 2921 2702 auxilium
2948 2646 3291 2717 bujusmodi
3321 2645 3582 2703 tribuere

1920 2735 2326 2808 dignaremur.
2358 2737 2479 2792 Nos
2509 2752 2646 2808 ergo
2677 2734 2897 2790 talibus
2929 2734 3179 2806 permoti
3222 2734 3581 2792 clamoribus

1919 2825 2282 2882 curticellam
2317 2843 2493 2881 unam
2525 2825 2909 2880 constitutam
2942 2824 3002 2880 in
3036 2824 3401 2880 Montanario
3432 2824 3583 2897 perti

1921 2920 2152 2970 nentcm
2189 2916 2259 2970 de
2290 2922 2453 2971 curte
2482 2916 2778 2987 quondam
2812 2915 3126 2987 regia,quae
3162 2913 3578 2980 fuitVercellis,

1920 3020 2097 3076 quam
2126 3004 2293 3060 nobis
2324 3003 2935 3076 nostraequeEcclesiaa
2958 3003 3181 3059 domini
3203 3007 3261 3059 et
3278 3001 3583 3058 serenissi-

1919 3094 1998 3147 mi
2034 3111 2201 3167 reges
2231 3111 2333 3165 per
2365 3092 2636 3166 prmcepti
2668 3092 2943 3165 paginam
2979 3092 3102 3164 Ugo
3155 3096 3214 3148 et
3266 3090 3579 3149 Lotharius

1905 3189 2338 3241 concesserunt
2368 3200 2501 3237 cum
2522 3182 2798 3238 omnibus
2811 3181 2938 3237 suis
2952 3180 3297 3252 adjacentiis
3313 3196 3378 3236 ac
3403 3182 3577 3237 fami-

1917 3271 2014 3327 liis
2049 3273 2355 3343 utriusque
2387 3288 2559 3327 sexus
2592 3271 2676 3326 eis
2699 3264 3195 3338 concessimus,ut
3216 3270 3288 3326 de
3309 3269 3438 3341 ejus
3460 3269 3578 3326 fru-

151 3353 544 3423 spoponderat
589 3351 858 3408 Christus
920 3354 1225 3422 Dominus,
1270 3356 1396 3425 jam
1458 3355 1637 3411 veluti
1669 3374 1805 3411 cum
1837 3345 1879 3412 C
1919 3361 2092 3433 gibus
2153 3378 2257 3417 seu
2314 3360 2540 3433 reliquo
2597 3360 2829 3415 redditu
2890 3359 2963 3415 ad
3002 3376 3111 3416 nos
3140 3359 3575 3431 pertinentibus

152 3442 363 3497 caeteris
396 3442 582 3498 rebus
605 3442 881 3497 omnibus
914 3443 1184 3515 collapsa:
1219 3444 1484 3516 religioni
1506 3446 1806 3517 egregium

149 3529 409 3586 excitavit
441 3535 842 3602 reparatorem
875 3534 1172 3597 Attonem,
1208 3533 1308 3605 qui
1368 3550 1436 3588 ex
1490 3533 1805 3606 episcopali

149 3617 437 3689 cathedra,
470 3624 758 3691 tanquam
787 3637 817 3675 e
844 3620 1086 3676 sublimi
1119 3622 1265 3687 loco,
1297 3623 1513 3677 diffusa
1544 3622 1806 3694 pictatis,

149 3710 199 3759 et
238 3707 653 3764 ecclesiasticae
731 3710 1011 3765 doctrinas
1072 3710 1597 3782 splendentissima
1655 3711 1802 3783 luce,

148 3793 910 3870 Vercellensibusprimum,
928 3804 1053 3854 tum
1080 3800 1348 3855 ﬁnitimis
1371 3800 1545 3856 etiam
1572 3802 1805 3874 populis

149 3898 208 3939 ac
236 3886 521 3943 universae
556 3888 925 3959 resplenduit
954 3888 1305 3955 Ecclesire,et
1329 3907 1445 3962 qua
1475 3890 1802 3945 remedium

149 3971 284 4030 ferre
314 3976 676 4050 gravissima
710 3983 978 4048 poterant
1008 3978 1185 4044 mala,
1222 3995 1455 4033 summa
1478 3978 1799 4049 vigilantia,

150 4068 310 4135 atque
340 4066 661 4122 indefessis
693 4066 891 4122 attulit
920 4067 1295 4122 viribus~Huc
1327 4069 1577 4137 pertinet
1599 4069 1801 4139 ejusin

149 4152 429 4211 visitanda
481 4154 698 4226 sigulis
730 4156 900 4210 annis
959 4156 1191 4213 dimcesi
1253 4156 1627 4220 sollicitudo;
1684 4158 1801 4214 huc

149 4241 417 4299 eximium
451 4238 602 4300 illud
634 4246 706 4299 ab
734 4262 799 4300 co
829 4245 1054 4300 editum
1088 4246 1420 4319 Capitulare
1443 4247 1509 4301 ad
1536 4247 1672 4302 cleri
1705 4265 1800 4319 po-

150 4330 379 4405 pulique
434 4334 937 4405 reformationem,
1000 4339 1176 4407 atque
1233 4337 1301 4391 ad
1341 4334 1797 4393 ecclesiasticam

150 4419 539 4495 disciplinam,
575 4422 757 4478 veluti
803 4423 1169 4495 postliminio
1226 4425 1651 4481 revocandam:
1683 4425 1797 4481 huc

148 4522 311 4565 sacris
339 4512 662 4569 conciones
687 4514 753 4567 ad
786 4528 1022 4585 gregem
1056 4513 1394 4586 frequenter
1422 4514 1796 4587 habitze,qui-

148 4595 245 4653 bus
275 4600 344 4655 ad
366 4600 672 4674 Evangelii
692 4618 958 4657 normam
978 4601 1383 4658 institueretur
1407 4620 1419 4671 ;
1444 4603 1558 4658 huc
1581 4604 1794 4675 episto-

1918 3451 2196 3505 alimenta
2209 3451 2466 3505 habeant
2487 3467 2508 3511 ,ο
2526 3448 2609 3504 ita
2628 3454 2828 3504 tamen
2843 3452 2909 3504 ut
2926 3448 3253 3521 frugesjam
3267 3448 3435 3504 dictis
3447 3464 3576 3507 cur-

1917 3539 2122 3594 ticellce
2154 3556 2267 3594 non
2302 3556 2404 3610 per
2435 3537 2701 3610 singulos
2725 3537 3005 3605 dividant,
3028 3538 3126 3593 sed
3151 3539 3224 3593 de
3247 3537 3396 3609 ipsis
3412 3554 3571 3595 com-

1919 3628 2178 3683 muniter
2209 3643 2401 3683 annue
2450 3626 2560 3682 sibi
2613 3626 2986 3683 refectionem
3046 3626 3104 3682 in
3163 3629 3386 3682 statuto
3445 3624 3571 3683 loco

1916 3733 2118 3772 eorum
2176 3718 2467 3773 canonica:
2518 3723 2863 3788 przeparent.
2925 3719 3073 3771 Nam
3105 3731 3239 3771 cum
3270 3715 3572 3773 Dominica

1915 3807 2127 3862 dicitur
2158 3823 2295 3861 voce
2322 3824 2334 3861 :
2373 3806 2473 3863 Ubi
2501 3806 2633 3871 duo,
2664 3805 2752 3861 vel
2782 3813 2889 3861 tres
2907 3806 3226 3877 congregati
3252 3806 3467 3878 luerim
3511 3806 3574 3861 in

1912 3898 2142 3952 nomine
2171 3912 2311 3962 meo,
2341 3895 2422 3950 ibi
2445 3912 2567 3951 sum
2608 3898 2665 3950 in
2696 3894 2875 3951 medio
2908 3910 3118 3962 eorum,
3146 3893 3331 3951 multo
3380 3894 3571 3968 magis

1913 3985 2066 4041 inter
2089 3990 2174 4040 tot
2204 3986 2410 4040 fratres
2440 3984 2645 4040 laudes
2674 3989 2785 4040 Deo
2816 3985 2887 4040 de
2945 3984 3210 4055 ejusdem
3268 3983 3569 4040 beneflciis

1914 4075 2093 4131 simul
2121 4077 2457 4143 referentes,
2492 4079 2548 4130 et
2580 4076 2650 4129 de
2676 4074 2873 4130 divino
2895 4074 3172 4146 mysterio
3221 4089 3325 4129 seu
3378 4073 3567 4145 profe-

1914 4170 2009 4219 ctu
2043 4164 2278 4229 animae,
2312 4164 2694 4236 corporisque
2719 4169 2841 4219 tam
2873 4178 3443 4235 suorum,quamque
3466 4164 3566 4219 be-

1911 4254 2274 4309 nefactorum
2307 4251 2483 4307 simul
2504 4253 2854 4308 meditantes
2885 4255 3228 4323 praesentem
3251 4252 3569 4309 essemini-

1911 4360 2005 4399 me
2028 4343 2383 4399 diffidimus.
2419 4341 2521 4397 His
2547 4342 2799 4414 denique
2830 4342 3026 4397 taliter
3048 4342 3342 4414 perfectis,
3372 4358 3446 4399 ne
3501 4342 3564 4398 in

1911 4438 2208 4504 posterum
2242 4448 2421 4503 super
2449 4431 2603 4487 hanc
2633 4435 2844 4487 nostra:
2866 4429 3264 4486 concessionis
3284 4430 3564 4501 paginam

1910 4519 2108 4591 aliqua
2130 4520 2461 4591 insurgeret
2490 4516 2872 4590 ambiguitas,
2895 4522 2960 4571 ut
2978 4515 3223 4571 liberius
3240 4520 3422 4575 Deum
3445 4517 3542 4575 lau

1909 4609 2069 4678 dare,
2103 4624 2169 4663 ac
2199 4624 2303 4680 pro
2337 4612 2671 4661 nostrorum
2704 4605 3002 4661 seniorum
3053 4604 3431 4663 dominorum
3473 4625 3563 4666 re-

149 4681 238 4780 laz,‘
272 4689 569 4780 plurimae,
632 4689 721 4746 vel
754 4688 886 4747 aliis
916 4691 1229 4763 episCOpis,
1263 4691 1351 4745 vel
1380 4692 1793 4750 ecclesiasticis
1826 4716 1874 4780 D
1908 4714 2070 4770 gum,
2106 4694 2324 4767 Ugonis
2352 4699 2409 4750 et
2440 4693 2719 4761 Lotharii,
2753 4698 2930 4771 atque
2960 4697 3130 4752 notra
3148 4694 3339 4757 salute
3359 4695 3564 4755 sedule

147 4775 291 4845 viris,
353 4779 439 4834 vel
501 4778 682 4848 clero,
741 4780 831 4836 vel
889 4780 1104 4853 p0pulo
1154 4798 1260 4837 suo
1319 4781 1621 4851 incripta):
1681 4783 1795 4837 huc

149 4870 340 4923 cetera
396 4868 606 4925 omnia
659 4868 848 4942 ipsius
906 4870 1145 4943 scripta,
1180 4870 1451 4940 factaque
1483 4870 1791 4941 praesulem

149 4951 413 5030 doctrina,
448 4962 504 5013 et
537 4955 842 5030 religionis
871 4959 994 5015 zelo
1023 4957 1254 5033 insigne
1297 4959 1515 5032 ubique
1547 4960 1793 5015 referen-

147 5040 234 5098 tia.

208 5131 346 5190 Vill.
380 5134 958 5193 Praetermittendum
992 5136 1101 5192 hoc
1127 5135 1252 5194 loco
1284 5155 1399 5193 non
1433 5143 1523 5193 est
1554 5137 1785 5210 praecla-

152 5233 264 5276 rum
286 5223 635 5282 Christianae
666 5224 1040 5281 liberalitatis
1071 5226 1549 5300 exemplum,quo
1567 5228 1789 5300 episco-

149 5321 244 5377 pus
273 5313 814 5384 praxstantissimus
846 5316 1103 5386 nonjam
1129 5316 1559 5385 moriens,dum
1581 5332 1790 5388 nempe

150 5411 259 5468 qua:
292 5403 543 5460 retinere
576 5403 836 5476 amplius
855 5421 969 5460 non
994 5403 1150 5475 licet,
1173 5405 1367 5461 fucata
1386 5405 1790 5461 muniﬁcentia

149 5483 436 5562 largimur,
465 5494 570 5550 sed
606 5494 708 5549 diu
742 5493 938 5549 adhuc
970 5494 1312 5567 vivendispe
1329 5497 1529 5564 fretus,
1555 5496 1788 5552 canoni-

153 5589 236 5635 cos
266 5598 396 5639 suos
411 5583 653 5657 egregia
670 5582 1337 5643 cumulavitdonatione.
1352 5585 1496 5645 Nam
1520 5587 1787 5659 frequen-

214 5793 319 5870 (13)
345 5797 410 5857 In
435 5796 653 5859 Annal.
688 5797 818 5860 Ital.
848 5798 922 5857 ad
948 5815 1045 5859 an.
1068 5800 1195 5856 958.

1906 4803 2143 4842 exorare
2167 4784 2417 4854 valeant,
2450 4784 2570 4839 haec
2597 4783 2796 4840 omnia
2827 4784 3063 4858 scriptis
3085 4785 3236 4841 tradi
3270 4802 3374 4857 per
3417 4786 3560 4844 Ver-

1904 4874 2180 4929 cellinum
2227 4874 2631 4945 presbyterum
2682 4873 2754 4928 ad
2813 4873 3000 4931 vicem
3057 4873 3289 4929 Eistulfl
3347 4878 3559 4932 nostrai

1902 4964 2171 5019 Ecclesiae
2204 4963 2525 5020 cancellrrii
2550 4962 3088 5034 jussimus.Subter
3120 4979 3299 5018 manu
3321 4963 3559 5036 propria

1902 5053 2513 5109 continuantesAnno
2527 5050 2988 5108 incarnationnis
3002 5050 3312 5108 Dominicm
3325 5051 3556 5125 945p0n

1902 5142 2160 5199 tiﬁcatus
2221 5148 2417 5198 autem
2474 5141 2660 5196 nostri
2690 5158 2808 5211 xm,
2868 5140 3189 5198 indictione
3239 5142 3423 5198 111.111
3453 5141 3555 5199 Dei

1901 5233 2156 5287 nomine.
2189 5234 2399 5286 Actum
2428 5228 2707 5285 Vercellis
2737 5229 2998 5285 feliciter.

1975 5342 2003 5372 «
2034 5324 2165 5376 Atto
2199 5320 2389 5394 gratia
2422 5319 2518 5374 Dei
2550 5318 2861 5393 episcopus
2882 5337 2915 5375 a
2939 5336 3033 5376 me
3057 5319 3206 5375 facto
3229 5319 3554 5394 subscripsi

1972 5431 1999 5458 ‹‹
2036 5408 2241 5464 Petrus
2262 5407 2445 5479 judex
2477 5407 2826 5463 domnorum
2860 5413 3227 5481 regum.not.
3261 5408 3489 5465 subscr.

1970 5521 1997 5549 ‹‹
2032 5498 2386 5553 Cunibertus
2402 5496 2585 5568 judex
2601 5498 2953 5553 domnorum
2979 5513 3182 5570 regum
3200 5496 3552 5555 not.subscr.

1972 5612 1997 5638 ‹‹
2025 5587 2327 5643 Odelricus
2349 5586 2533 5657 judex
2563 5591 2685 5643 not.
2719 5603 2813 5643 me
2841 5590 2989 5644 teste
3018 5586 3250 5644 subscr.
