3946 6422
341 439 421 500 ”
1371 431 1711 495 ATTONIS
1754 430 2340 492 VERCELLENSIS
2385 429 2737 494 EPISCOPI
3683 433 3766 508 94

348 568 573 646 tingere
603 583 778 646 aqua.
810 568 878 646 Et
907 583 980 624 ne
1009 566 1256 646 intentio
1281 565 1588 646 (legendum
1605 567 1744 646 forte
1764 568 2000 646 conteu-
2027 567 2082 631 Α
2112 563 2183 644 de
2213 562 2429 646 Quinto,
2456 570 2514 646 et
2543 563 2926 646 Calviniasco,
2959 565 3031 621 de
3059 563 3286 630 Casale,
3316 567 3374 646 et
3409 562 3760 646 _Auzeniugo

346 637 910 716 tioforireturiude,
952 637 1295 708 subjunxitf
1338 637 1532 716 Placet
1588 637 1757 716 nobis
1787 643 1844 690 et
1868 651 1996 716 trec-

347 708 476 767 tum
510 711 759 781 videtur,
795 715 859 764 ut
879 711 995 764 duo
1019 716 1250 764 tantum
1283 708 1602 781 presbyteri
1637 709 1709 781 de
1741 708 1998 780 praefatis

347 727 476 767 tum
510 727 740 765 Videtur
795 727 995 764 utauo
1019 727 1250 764 tantum
1326 727 1602 781 resoyreri
1637 727 1709 761 ne
1741 727 1997 780 prmaus

345 781 607 860 ecclesiis
629 755 1146 860 studiosevenniant
1173 727 1391 860 ειάιὲοοΔ
1441 778 1815 860 mysterium.
1834 794 1997 860 pera-

346 853 630 926 gendum,
651 853 709 908 id
740 857 850 918 est,
873 853 945 909 de
963 853 1203 908 Petiana
1223 857 1278 907 et
1299 849 1619 907 Petroriolo
1639 849 1819 905 simul
1843 850 1959 904 duo
1981 866 1993 905 :

2113 634 2291 708 simili
2325 635 2644 692 statuimus
2677 637 2920 702 ratione,
2953 653 3262 708 quousque
3288 635 3573 708 _vicissim
3607 634 3760 692 vicés

2108 705 2394 832 iraipleitiut
2426 724 2586 777 suas,
2647 713 2702 762 et
2760 705 3004 781 implere
3059 705 3364 763 annuatim
3423 709 3635 764 iterum
3671 707 3757 762 iu-

2109 793 2138 832 c
2185 793 2292 832 oen
2327 819 2340 832 .
2380 799 2408 826 ››

2109 793 2340 832 ΟΠΟΘῐη.
2380 799 2408 826 >>

1302 1085 1472 1180 DE
1538 1082 1949 1178 ATTON
1959 1081 2072 1175 IS
2144 1073 2794 1177 OPERIBUS.

420 1369 664 1429 XIV.De
681 1375 889 1427 Attone
911 1370 1218 1438 hactenus,
1234 1371 1362 1442 jam
1389 1371 1460 1427 de
1494 1369 1682 1442 ipsius
1704 1369 2000 1442 operibus.

351 1461 578 1527 Quanto
626 1459 749 1517 haec
796 1460 857 1515 in
902 1460 1086 1532 pretio
1133 1474 1366 1531 semper
1413 1458 1727 1516 habuerint
1763 1459 2000 1530 eruditi,

353 1551 639 1620 quotquot
663 1547 763 1604 illa
784 1553 1093 1618 noverunt,
1118 1549 1454 1620 quibusque
1478 1548 1633 1603 votis
1655 1547 2002 1620 exoptarint,

354 1641 420 1692 ut
448 1653 480 1692 e
507 1637 743 1694 scriniis
772 1643 939 1693 eruta
968 1637 1028 1692 in
1050 1636 1346 1710 publicam
1367 1635 2000 1710 proferrenturlucem;

353 1742 471 1798 qua
501 1727 741 1796 demum
773 1726 1062 1799 applausu
1094 1727 1214 1783 sint
1241 1730 1664 1800 excepta,ﬁcum
1688 1725 2003 1782 clarissimi

355 1815 642 1871 d’Acherii
664 1816 881 1885 studio,
903 1815 1038 1872 licet
1058 1831 1164 1871 nec
1183 1815 1513 1883 omuia,nec
1535 1816 1763 1887 integra
1782 1815 2006 1888 prodie-

354 1903 494 1970 rint,
525 1904 621 1960 vix
649 1904 761 1960 dici
795 1909 1004 1976 potest.
1037 1905 1329 1977 Legantur
1377 1921 1506 1976 qum
1559 1904 1736 1960 habet
1779 1903 2003 1960 Natalis

2114 1372 2286 1424 tenus
2311 1368 2456 1441 fugit
2476 1368 2758 1425 eximium
2782 1367 2940 1425 aliud
2962 1370 3191 1426 Attonis
3211 1387 3380 1442 opus,
3397 1377 3762 1428 commenta-

2114 1455 2237 1512 rius
2265 1456 2533 1512 videlicet
2561 1457 2620 1512 in
2652 1474 2856 1514 omnes
2886 1458 3001 1513 divi
3033 1459 3194 1514 Pauli
3242 1458 3550 1531 Epistolas,
3587 1476 3764 1532 quem

2113 1544 2213 1616 qui
2253 1543 2522 1616 legerint,
2545 1545 2702 1601 haud
2737 1545 2930 1602 hercle
2953 1551 3227 1618 poterunt
3245 1547 3391 1620 quin
3413 1564 3769 1622 magnopere

2114 1633 2402 1689 mirentur
2435 1633 2647 1690 saaculo
2668 1636 2852 1692 cassis
2874 1635 3208 1707 ignorantia.
3226 1637 3486 1692 tenebris
3508 1637 3768 1695 involuto

2111 1721 2302 1776 virum
2333 1722 2630 1778 exstitisse
2658 1723 2758 1793 qui
2777 1727 2940 1779 tanta
2966 1723 3254 1794 sapientia
3273 1728 3517 1796 tamque
3533 1724 3690 1796 acrij
3701 1743 3762 1781 u-

2111 1809 2263 1865 dicio
2295 1810 2547 1866 summis
2578 1811 2649 1867 de
2687 1812 3052 1883 argumentis
3101 1811 3356 1884 eleganti
3409 1813 3586 1870 etiam
3618 1813 3764 1870 sori-

2111 1899 2295 1971 pserit
2310 1899 2482 1972 stylo.
2499 1900 2684 1964 Quam
2701 1900 2842 1955 inibi
2857 1900 3761 1974 animadverteutSoripturarum

355 1992 684 2051 Alexander
713 1993 928 2050 Histor.
962 1993 1178 2050 Eccles.
1213 1997 1355 2050 tom.
1408 1995 1480 2064 II,
1541 1993 1638 2049 fol.
1699 1994 1828 2057 338,
1858 1994 1998 2049 edit.
2032 2007 2079 2074 Β
2111 1987 2378 2058 peritiam
2401 1989 2428 2043 ?
2458 2005 2633 2060 quam
2655 1988 3054 2044 doctrinarum
3068 1989 3381 2061 puritatem
3403 1990 3432 2046 ?
3453 2007 3628 2063 quem
3671 1991 3767 2048 de-

357 2083 541 2140 Paris.
577 2084 717 2139 anui
744 2084 898 2140 1743.
919 2083 1224 2139 Adeantur
1248 2083 1423 2138 etiam
1452 2083 1666 2156 Pagius
1688 2084 1758 2138 ad
1779 2099 2000 2139 annum
2111 2075 2292 2148 nique
2310 2078 2733 2132 sententiarum
2751 2077 3039 2134 delectum
3057 2077 3085 2132 7
3105 2078 3253 2144 Quid
3275 2079 3303 2133 Ἰ
3325 2080 3487 2145 Quod
3510 2081 3762 2138 sanctis-

354 2172 482 2238 960,
520 2170 783 2228 Fleurius
813 2171 873 2227 iu
900 2171 1114 2228 Histor.
1151 2171 1370 2227 Eccles.
1422 2176 1566 2228 tom.
1625 2173 1740 2240 XII,
1777 2171 1878 2228 lib.
1911 2190 2000 2238 LV,

353 2259 518 2334 £54;
552 2260 878 2317 Gulielmus
908 2260 1054 2316 Cave
1086 2261 1303 2315 Histor.
1336 2260 1513 2316 litter.
1546 2265 1690 2316 tom.
1751 2262 1820 2330 II,
1866 2278 1998 2334 pag.

351 2347 444 2416 99,
460 2347 598 2404 edit.
616 2347 792 2404 Basil.
815 2369 830 2418 ς
852 2349 1042 2422 Dupin
1059 2349 1276 2404 Hister.
1302 2349 1520 2405 Eccles.
1548 2349 1660 2406 vol.
1686 2352 1840 2417 VIII,
1865 2369 1996 2424 pag.

351 2436 460 2502 26;
513 2435 728 2491 Racine
775 2439 918 2491 tom.
972 2434 1065 2502 ιν,
1115 2452 1247 2508 pag.
1301 2437 1424 2504 109,
1482 2437 1620 2493 edit.
1673 2438 2001 2510 Ultraject.,

351 2523 538 2580 articl.
571 2525 676 2592 6,§
706 2525 775 2592 4;
810 2523 1126 2591 Murator.,
1152 2525 1223 2580 ad
1274 2541 1368 2581 au.
1400 2527 1508 2580 958
1562 2531 1620 2582 et
1647 2528 1754 2582 959
1785 2529 1998 2584 Annal.

420 2701 538 2759 XV.
569 2701 801 2758 Attouis
831 2701 1021 2773 Opera
1047 2716 1352 2759 recensere
1381 2719 1694 2775 aggressus
1744 2705 2003 2762 Joannes

349 2790 986 2864 StephanusFerrerius
997 2807 1063 2847 su
1072 2791 1298 2863 pracit.(
1307 2792 1731 2863 15).Sermones
1745 2795 2002 2868 primum

351 2877 568 2952 posuit,
597 2883 723 2935 tum
742 2879 1042 2952 epistolas,
1059 2881 1194 2936 dein
1219 2871 1315 2936 Pol
1324 2881 1513 2954 ypticu
1524 2899 1602 2954 ω,
1620 2884 1738 2938 sive
1757 2885 2004 2957 Perpen-

351 2966 634 3039 diculum,
667 2968 802 3024 inde
833 2968 1118 3036 Canones,
1169 2986 1272 3025 seu
1320 2971 1671 3043 Capitulare,
1706 2978 2000 3045 postremo

349 3060 665 3113 tractatum
697 3058 777 3114 De
808 3058 1101 3130 pressuris
1131 3057 1568 3116 ecclesiasticia.
1591 3067 1780 3133 Atque
1796 3063 1998 3119 eadem

349 3145 571 3218 passim
596 3163 806 3220 magna
835 3165 968 3203 cum
997 3147 1170 3206 laude
1198 3155 1527 3206 memorant
1547 3156 1837 3224 quotquot
1883 3153 2001 3208 fere

348 3235 421 3290 de
448 3235 858 3292 ecclesiasticis
888 3236 1066 3293 rebus
1116 3238 1428 3294 llistoriam
1488 3244 1681 3296 texere
1712 3239 2000 3298 hactenus

348 3324 758 3380 instituerunt.

421 3412 826 3484 Opportunum
856 3418 1051 3470 tamen
1085 3415 1296 3471 accidit
1320 3416 1636 3489 legentium
1670 3418 1856 3475 oculis
1887 3420 1996 3476 hoc

347 3500 475 3558 loco
501 3503 787 3574 subjicere
811 3520 937 3574 quae
957 3505 1029 3559 de
1049 3506 1390 3562 eorumdem
1416 3523 1660 3562 numero
1684 3513 1740 3563 et
1763 3510 1996 3566 fortuna

349 3590 523 3646 refert
549 3593 766 3647 Auctor
793 3594 1188 3664 supplementi
1222 3594 1292 3648 ad
1326 3594 1776 3652 Bellarminum.

421 3700 450 3727 «
478 3679 706 3734 Attouis
739 3696 932 3760 opera,
962 3679 1178 3760 inquit,
1211 3683 1313 3760 vir
1344 3681 1711 3760 clarissimus
1739 3685 1994 3760 Joannes

348 3750 511 3836 Bono
531 3750 821 3836 generalis
843 3750 1370 3836 abbasreformataa
1385 3757 1846 3836 congregationis
1858 3775 1994 3836 sau-

351 3821 428 3896 eti
461 3819 763 3897 Hei-pardi,
787 3837 888 3897 seu
910 3819 1559 3897 Fulientiumiujtalia
1589 3827 1992 3897 (Pedemonta-

350 3891 464 3948 nus
497 3890 871 3971 scilicet,'qui
897 3892 1013 3971 fuit
1042 3897 1244 3971 postea
1273 3895 1331 3950 S.
1367 3895 1432 3950 Β.
1468 3897 1526 3952 E.
1559 3890 1896 3971 cardinalis)
1926 3919 1996 3956 ex

347 3963 754 4040 manuscripto
790 3963 1008 4040 podice
1044 3963 1345 4040 'Vaticano
1375 3985 1567 4040 gnum.
1625 3971 1782 4026 4322.
1817 3963 1990 4040 eruit,

349 4033 609 4111 describi
635 4033 858 4090 curavit
886 4036 1080 4111 Romae
1110 4055 1262 4111 anno
1292 4039 1447 4111 1664.
1467 4045 1643 4111 atque
1673 4044 1742 4096 ad
1783 4033 1990 4098 Lucam

350 4104 719 4181 d’Acherium
751 4108 1106 4181 monachum
1149 4104 1589 4166 Beuedictinufn
1642 4114 1990 4181 transmisit,

350 4175 451 4256 qui
485 4193 555 4258 ea
581 4177 834 4258 inseruit
861 4184 1019 4258 temo
1051 4180 1198 4235 VIII.
1223 4198 1256 4236 a
1279 4197 1408 4258 pag.
1435 4185 1460 4258 _l
1485 4183 1554 4258 ad
1579 4182 1678 4258 138
1696 4175 1990 4258 Spicilegii

349 4245 462 4302 sui.
494 4247 565 4329 Et
586 4253 762 4329 sunt:
790 4249 1144 4329 Capitulare,
1178 4245 1576 4329 seujCapitula
1607 4245 1836 4312 Attonis
1867 4245 1991 4329 epi-

347 4318 510 4399 scopi
537 4336 550 4385 ;
586 4319 753 4399 Liber
773 4321 843 4399 de
869 4318 1158 4399 pressuris
1174 4318 1584 4399 ecclesiasticis
1607 4344 1620 4394 ;
1643 4332 1818 4399 atque
1839 4318 1992 4399 epis-

347 4388 476 4444 tolae
500 4391 690 4446 varias.
714 4391 774 4446 In
800 4388 1006 4448 iisdem
1029 4399 1225 4448 autem
1243 4395 1562 4461 codicibus,
1580 4388 1698 4451 tam
1714 4388 1991 4456 Vaticano

347 4477 525 4586 gnam
548 4461 922 4531 Vercellensi,
943 4470 1109 4519 erant
1125 4471 1401 4535 praeterea
1422 4485 1720 4535 sermones
1744 4477 1994 4542 septem-

389 4531 538 4586 ecim
571 4533 641 4586 de
670 4533 916 4586 diversis
939 4539 1324 4586 argumentis-
1357 4543 1412 4586 et
1438 4538 1767 4586 Pnlvntinng
1817 4559 1987 4586 mmm

389 4531 538 4586 ecim
571 4533 641 4613 de
670 4533 916 4613 diversis
939 4531 1324 4613 argumentis,
1357 4543 1412 4593 et
1436 4531 1786 4612 Polypticus,
1811 4531 1987 4613 quem

348 4599 837 4683 Perpeudiculum
871 4599 1146 4683 appellat,
1190 4599 1340 4683 quo:
1361 4627 1508 4683 noxa
1540 4599 1907 4683 redarguere
1936 4620 1994 4669 et

347 4671 596 4754 honesta
625 4674 851 4754 sancire
880 4671 1064 4754 d'e'cet,
1097 4671 1231 4754 cum
1263 4681 1538 4754 scholiis;
1599 4684 1696 4738 sed
1729 4671 1872 4754 quia
1902 4687 1991 4740 vix

349 4741 462 4868 legi
494 4750 762 4816 possunt,
796 4745 925 4802 ideo
955 4737 1290 4822 transcripti
1324 4769 1438 4808 non
1474 4737 1645 4808 sunt.
1669 4737 1767 4810 Est
1797 4737 1991 4811 autem
2025 4737 2072 4802 D

349 4813 422 4868 d0
449 4815 666 4868 endum
685 4818 839 4868 auod
856 4835 987 4868 man
1000 4822 1294 4868 userintnn
1308 4825 1482 4868 nnrlmz
1501 4823 1819 4868 Vaticanum
1843 4827 1995 4868 lnnn-

449 4815 666 4892 eudu‘m
685 4815 839 4892 quod
856 4815 1294 4892 manuscriptus
1308 4825 1485 4880 codex
1501 4823 1696 4878 Vatica
1709 4843 1819 4881 nus
1841 4827 1995 4882 lacu-

349 4884 441 4941 nis
464 4884 732 4965 pluribus
749 4887 822 4965 _in
854 4889 1020 4965 foliis
1051 4884 1288 4960 laboret,
1322 4895 1457 4949 inde
1488 4894 1712 4965 integer
1754 4897 1992 4954 omnino

345 4957 647 5034 sanusque
667 4957 866 5034 haberi
893 4979 1005 5034 non
1031 4965 1240 5034 potuit,
1270 4957 1374 5020 nec
1397 4967 1592 5020 sanari
1610 4957 1790 5021 Etiam
1817 4969 1989 5024 colla-

346 5025 504 5083 tione
535 5025 925 5106 manuscripti
942 5025 1162 5106 codicis
1185 5025 1593 5102 Vercellensis,
1621 5052 1792 5106 quem
1817 5040 1991 5094 deue-

343 5102 859 5178 garuutcanonici.
895 5105 1118 5160 Floruit
1149 5111 1282 5162 Atto
1315 5124 1503 5178 usque
1532 5108 1603 5162 ad
1636 5102 1856 5164 annum
1887 5111 1992 5165 960

344 5169 403 5224 et
436 5169 610 5242 ultra,
645 5194 674 5221 ››
707 5177 816 5228 etc.

412 5257 514 5314 His
543 5259 833 5318 cohaerent
862 5280 990 5334 quas
1014 5263 1187 5334 paulo
1211 5265 1414 5320 fusiori
1445 5266 1777 5323 narratione
1799 5287 1988 5340 prose-

340 5346 543 5416 quitur
564 5349 845 5406 Acherius
866 5352 1027 5422 ipse:
1043 5353 1350 5421 «Atto,hoc
1364 5355 1598 5411 nomine
1619 5359 1936 5426 secundus,
1958 5383 1987 5409 ››

339 5439 445 5490 etc.
480 5437 603 5491 Vide
630 5439 789 5506 infra
820 5442 1219 5510 Przfatz'onem
1244 5441 1465 5498 Acherii
1494 5449 1553 5500 in
1606 5462 1762 5502 suam
1792 5447 1986 5504 editio-

338 5539 462 5578 nem
496 5525 728 5595 Operam
759 5529 990 5583 Attonis.

409 5611 551 5668 XVI.
577 5614 710 5675 Quae
733 5631 868 5671 cum
890 5615 971 5671 ita
1001 5615 1119 5673 sint
1147 5620 1508 5679 eruditorum
1540 5625 1807 5683 notitiam
1841 5627 1982 5682 hac-

411 5733 523 5809 (15)
549 5733 725 5794 Num.
757 5739 811 5794 4.

2111 2165 2272 2221 simae
2305 2165 2602 2239 religionis
2633 2167 2911 2239 dogmata
2941 2184 2976 2222 a
3006 2167 3406 2234 (novatoribus
3454 2169 3762 2242 posteriori

2110 2259 2276 2311 astate
2304 2255 2587 2327 impetita,
2618 2255 2796 2312 veluti
2826 2257 2898 2312 de
2927 2255 3142 2313 Christi
3176 2256 3487 2328 praesentia
3539 2258 3599 2313 in
3644 2259 3759 2316 Eu-

2109 2344 2400 2400 charistias
2451 2350 2838 2412 sacramento,
2882 2344 3060 2402 veluti
3111 2346 3182 2400 de
3230 2347 3569 2419 purgatorio
3601 2347 3757 2420 igne,

2107 2432 2286 2488 veluti
2316 2432 2431 2489 alia
2462 2434 2649 2490 multa
2703 2433 2935 2490 invictis
2985 2436 3350 2506 argumentis
3381 2436 3759 2507 conﬁrmata,

2109 2521 2401 2580 constanti
2432 2522 2743 2579 traditione
2773 2523 3024 2594 posteris
3053 2539 3156 2596 per
3187 2523 3362 2581 hosce
3393 2528 3757 2582 commenta-

2112 2609 2231 2666 rios
2253 2615 2391 2666 sunt
2409 2610 2763 2666 transmissa
2781 2611 3093 2668 ‘INecillud
3107 2614 3360 2685 profecto
3375 2614 3535 2684 parvi
3550 2613 3765 2672 facient

2111 2698 2364 2754 sanioris
2385 2699 2659 2755 doctrina:
2679 2701 2954 2769 studiosi,
2975 2702 3131 2773 quod
3154 2701 3648 2774 Augustiniauam
3679 2703 3756 2760 de

2111 2786 2307 2842 divina
2337 2788 2527 2859 gratia
2557 2789 2926 2856 sententiam,
2949 2794 3233 2862 tauquam
3259 2789 3374 2847 illis
3393 2792 3762 2864 temporibus

2113 2877 2594 2948 probatissimum
2614 2878 3083 2951 dogma,rejectis
3103 2879 3379 2936 omnibus
3400 2881 3472 2936 ad
3497 2879 3761 2954 Pelagia-

2111 2965 2371 3021 nismum
2404 2971 2701 3038 utcunque
2733 2967 3169 3024 declinantibus
3198 2973 3538 3027 constanter
3592 2969 3666 3026 iis
3696 2969 3756 3026 in

2110 3055 2550 3110 commentariis
2580 3061 2865 3112 assertam
2893 3057 3210 3113 invenient.

2181 3161 2347 3217 XVII.
2383 3162 2506 3226 Quo
2539 3163 2653 3218 fato
2683 3163 3146 3234 pretiosissimus
3176 3163 3271 3218 hic
3322 3165 3634 3221 thesaurus
3669 3169 3764 3222 tot

2109 3250 2340 3306 saeculis
2369 3250 2666 3319 detulerit,
2694 3252 2851 3307 baud
2907 3252 3052 3307 satis
3101 3251 3258 3308 scio:
3317 3257 3379 3308 at
3426 3254 3497 3309 de
3527 3255 3761 3311 Attonis

2109 3339 2529 3396 fecundissimo
2554 3357 2707 3411 penu
2731 3339 3052 3412 profectum
3078 3340 3281 3410 fuisse,
3307 3342 3390 3397 ita
3418 3348 3643 3400 certum
3662 3344 3761 3400 ha-

2110 3428 2214 3483 beo
2246 3445 2424 3500 quam
2456 3431 2611 3500 quod
2647 3429 2916 3485 maxime.
2952 3430 3096 3484 Nam
3156 3445 3508 3502 comparans
3546 3432 3758 3490 horum

2107 3519 2670 3573 commentariorum
2692 3518 2904 3590 stylum
2926 3535 3060 3574 cum
3083 3519 3304 3576 ceteris
3325 3521 3556 3577 Attouis
3577 3523 3768 3594 operi-

2105 3606 2237 3671 bus,
2272 3605 2643 3661 simillimum
2679 3606 2896 3678 ubique
2926 3607 3174 3662 invenio.
3231 3608 3352 3665 Non
3406 3625 3538 3666 raro
3578 3610 3758 3666 etiam

2106 3695 2343 3750 easdem
2365 3695 2684 3751 sententias
2707 3695 2765 3750 in
2792 3697 3230 3754 commentariis
3254 3699 3499 3770 reperio,
3523 3716 3678 3771 quas
3697 3699 3757 3756 in

2104 3781 2369 3854 epistolis
2391 3786 2450 3837 et
2481 3799 2582 3854 per
2611 3785 2815 3839 eadem
2839 3784 2958 3840 fere
2984 3787 3159 3842 verba
3188 3803 3516 3858 expressas.
3543 3788 3761 3846 Confer

2101 3870 2410 3942 epistolam
2435 3873 2506 3928 de
2537 3873 2869 3929 obedientia
2902 3874 3268 3947 principibus
3299 3877 3496 3932 debita
3526 3877 3595 3933 ad
3631 3877 3754 3950 epi-

2104 3976 2347 4031 scopum
2379 3961 2706 4018 Wadonem
2741 3963 2983 4018 missam
3005 3981 3140 4020 cum
3160 3965 3528 4037 expositione
3544 3966 3756 4039 capitis

2101 4065 2204 4104 xm
2237 4050 2505 4122 Epistolas
2537 4051 2607 4106 ad
2643 4051 2959 4109 Romanos.

2173 4159 2457 4212 Praeterea
2481 4157 2539 4212 in
2567 4158 2679 4212 fine
2695 4158 3263 4214 Commentariorum
3287 4159 3409 4214 haec
3431 4159 3751 4233 leguntur:

2108 4245 2440 4300 Vercellinua
2470 4247 2755 4312 diaconus,
2804 4257 2855 4302 el
2905 4249 3178 4304 Tetbertus
3207 4249 3573 4305 subdiaconus
3593 4253 3758 4323 jussu

2102 4333 2317 4389 domini
2346 4336 2556 4390 Attonis
2584 4337 2924 4407 scripsimus.
2952 4337 3179 4412 Integer
3196 4343 3392 4393 autem
3413 4340 3756 4395 Attoniano-

2103 4437 2232 4477 rum
2267 4422 2522 4495 Operum
2545 4424 2754 4493 Codex,
2777 4425 2931 4480 inter
2950 4425 3098 4482 alios
3127 4428 3347 4482 multos
3377 4427 3619 4482 archivii
3652 4445 3755 4484 no-

2101 4511 2208 4565 stri
2231 4513 2502 4583 signatus
2527 4515 2786 4580 numJiO,
2807 4515 2878 4570 ab
2904 4519 3150 4586 utroque
3173 4514 3283 4571 hoc
3305 4515 3496 4572 scriba
3514 4521 3607 4572 est
3628 4525 3758 4574 exa-

2103 4603 2288 4654 ratus.
2323 4600 2478 4656 Idem
2505 4601 2866 4658 Vercellinus
2896 4621 3048 4659 anno
3079 4605 3186 4668 945
3207 4605 3334 4675 jam
3367 4605 3425 4659 in
3459 4606 3734 4676 presbyte

2103 4704 2234 4742 rum
2266 4696 2638 4746 consecratus
2671 4692 3100 4762 autographum
3133 4693 3468 4749 donationis
3525 4693 3752 4750 instru-

2107 4781 2372 4832 mentum
2404 4779 2675 4850 scripsit:
2711 4794 2774 4833 ac
2806 4779 2855 4834 si
2902 4780 3081 4850 hujus
3139 4781 3355 4836 charta:
3383 4781 3754 4839 characteres

2103 4865 2448 4937 inspexeris,
2482 4867 2686 4922 eodem
2737 4868 2872 4938 jure
2929 4868 3088 4924 dices
3146 4885 3280 4925 cum
3311 4870 3755 4927 characteribus

2102 4956 2681 5021 commentariorum,
2705 4973 2822 5027 qua
2852 4962 3015 5028 parte
3046 4963 3185 5014 sunt
3213 4960 3431 5014 exarati
3462 4975 3497 5014 a
3527 4959 3758 5016 Vercel-

2099 5041 2220 5098 liuo
2242 5043 2486 5098 diacono
2512 5061 2525 5098 :
2559 5049 2624 5098 ut
2657 5046 3154 5116 quemadmodum
3185 5053 3339 5103 recte
3355 5048 3494 5104 hinc
3514 5048 3756 5120 colliges

2099 5133 2524 5187 commentaria
2545 5139 2677 5189 ante
2707 5151 2927 5190 annum
2959 5137 3066 5190 945
3115 5153 3150 5192 a
3201 5136 3526 5194 Vercellin
3562 5139 3758 5195 adhuc

2100 5219 2364 5289 diacono,
2387 5220 2659 5277 Tetberto
2673 5223 2940 5294 juvante,
2973 5225 3193 5296 scripta
3222 5225 3424 5294 fuisse,
3459 5225 3586 5298 pari
3625 5244 3754 5285 mo-

2100 5312 2298 5362 mento
2325 5307 2682 5365 coucluseris
2714 5313 2986 5368 eumdem
3011 5318 3070 5368 et
3119 5314 3454 5370 donationis
3501 5320 3559 5370 et
3589 5332 3754 5372 com-

2098 5397 2521 5453 mentariorum
2555 5405 2851 5456 auctorem
2869 5402 3166 5458 exstitisse
3186 5405 3484 5459 Attouem.

2165 5503 2360 5560 XVIII.
2400 5505 2750 5578 Priusquam
2783 5507 2892 5562 hoc
2925 5508 3176 5564 missum
3213 5509 3381 5579 facio,
3432 5509 3597 5566 lubet
3622 5510 3754 5584 epi-

2094 5594 2302 5648 stolam
2334 5595 2783 5668 referreJoseph
2810 5597 3109 5654 Blauchiui
3131 5599 3630 5672 presbyteri,dum
3663 5601 3752 5656 vi-
