3946 6402
169 449 241 516 IS
1568 451 2190 522 MOLEGOMENA.
3515 449 3595 509 96

169 590 347 652 verat,
371 581 844 660 congregationis
863 579 1114 647 Oratorii
1151 592 1419 649 Romani.
1442 593 1714 649 vindiciis
1736 609 1828 648 ca-
1860 593 1914 660 Α
1945 596 2140 647 mento
2168 607 2433 665 vengono
2457 589 2616 647 vario
2640 589 2863 654 letters,
2887 603 2918 643 e
2962 585 3164 642 statuti
3212 582 3364 639 della
3389 582 3599 639 Chiesa

173 678 512 734 nonicarum
545 679 973 750 scripturarum
1009 681 1342 752 clarissimi,
1369 700 1544 756 quam
1571 685 1639 738 ad
1681 683 1826 738 emi-

171 768 588 822 nentissimum
611 768 801 823 virum
822 769 956 824 hinc
973 771 1151 839 dedit,
1174 780 1484 844 postquam
1509 773 1614 827 hac
1636 778 1828 826 trans-

172 855 296 911 iens
354 856 710 913 cathedralis
789 859 1047 914 ecclesias
1135 861 1415 917 inviserat
1480 861 1826 916 archivium.

179 964 205 998 ι
233 945 310 1000 Mi
335 946 486 1000 sarei
510 945 759 1002 formato
779 946 838 1002 in
864 947 1106 1005 Vercelli
1148 957 1368 1022 quanto
1413 952 1829 1022 abbisognava,

171 1049 231 1090 se
259 1033 452 1090 avessi
480 1038 686 1107 potuto
717 1037 948 1108 capiare
995 1041 1146 1094 tutto
1177 1039 1219 1094 i1
1265 1039 1461 1095 codice
1493 1043 1733 1112 segnato
1765 1039 1834 1094 40

173 1120 450 1193 (Codicem
478 1124 688 1179 scilicet
717 1140 881 1195 quem
907 1141 1006 1180 nos
1041 1126 1280 1194 edimus)
1328 1127 1434 1182 che
1467 1130 1497 1183 e
1529 1126 1709 1182 molta
1744 1127 1834 1180 in-

175 1214 502 1268 teressants
527 1228 632 1285 per
661 1213 858 1284 quella
886 1211 1120 1270 illustra
1151 1215 1378 1284 Chiesa,
1409 1233 1441 1272 e
1473 1234 1576 1288 per
1602 1217 1832 1271 Attone.

174 1299 455 1356 Contione
473 1317 550 1355 un
569 1303 994 1358 commentario
1012 1303 1068 1358 di
1093 1320 1226 1360 esse
1246 1307 1456 1360 Attone
1475 1321 1649 1376 sopra
1669 1305 1838 1378 ΓΕρὶ-

173 1387 320 1446 stole
353 1390 411 1445 di
447 1405 552 1446 san
586 1390 780 1447 Paolo.
827 1391 1146 1449 Trascrissi
1186 1398 1395 1465 questa
1421 1400 1575 1461 nota,
1610 1394 1717 1449 cbe
1748 1399 1840 1449 sta

172 1477 267 1534 nel
299 1481 417 1535 line
444 1478 538 1534 del
595 1480 816 1536 codice.
877 1482 1120 1553 Emplicit
1182 1483 1474 1540 Tractatus
1505 1486 1563 1538 in
1598 1483 1841 1555 Epistola

171 1567 343 1623 Pauli
369 1567 441 1623 ad
468 1569 740 1627 Hebraeos.
778 1569 1122 1626 Vercellium
1159 1571 1446 1638 diaconus,
1478 1575 1530 1628 et
1559 1573 1843 1628 Tesbertus

169 1656 540 1714 subdiaconus
566 1671 636 1715 es:
655 1659 820 1731 jussu
862 1659 1054 1715 domui
1097 1661 1285 1718 Attoni
1338 1661 1576 1733 episcopi
1617 1662 1840 1733 scripsi-

170 1761 317 1802 mus.
341 1751 518 1804 Orate
531 1761 634 1820 pro
650 1750 830 1818 nobis,
848 1752 1081 1822 fratres.
1111 1750 1272 1824 Dopo
1303 1750 1344 1806 il
1376 1752 1650 1808 suddetta
1679 1767 1845 1807 vom-

253 1908 369 1978 (16)
435 1907 624 1967 Nimis
681 1923 819 1966 vera
849 1910 962 1966 fuit
993 1911 1315 1983 praedictio,
1354 1927 1492 1968 nam
1524 1915 1845 1984 antequam

1938 682 1995 736 di
2019 682 2262 737 Vercelli
2282 679 2677 749 interessenti,
2696 678 2863 750 eppoi
2885 694 3000 731 una
3021 675 3264 747 picciola
3283 672 3596 728 collezione

1939 772 2028 827 de’
2059 771 2266 827 canoni
2300 787 2405 826 con
2440 775 2646 842 questo
2695 768 2921 840 preciso
2967 763 3154 831 titolo,
3189 764 3294 818 che
3323 762 3380 817 io
3412 760 3598 832 copiai

1939 861 2012 916 ad
2043 862 2323 916 verbum:
2357 860 2620 930 Capitula
2656 873 2930 914 canonum
2969 859 3287 911 exertorum
3315 852 3379 907 de
3410 851 3596 906 diver-

1939 952 2016 1006 sis
2059 951 2326 1015 conciliis,
2382 949 2774 1014 decretalibus,
2835 947 3077 1015 statutis,
3128 945 3290 1014 atque
3344 943 3599 1013 epistolis

1941 1040 2363 1108 congruentium
2393 1038 2464 1093 ad
2509 1040 2728 1109 forense
2763 1036 3049 1109 judicium
3111 1039 3348 1104 tempore
3388 1030 3608 1086 Domini

1943 1129 2126 1184 Attoni
2156 1128 2395 1198 episcopi
2471 1168 2484 1181 .
2565 1167 2579 1180 .
2661 1166 2674 1180 .
2752 1125 2795 1180 ll
2831 1124 3030 1193 signor
3075 1121 3353 1177 canonico
3385 1117 3606 1190 Fileppi

1947 1218 2025 1273 mi
2051 1217 2164 1282 die,
2191 1216 2297 1272 che
2346 1215 2544 1270 voleva
2565 1216 2686 1270 fare
2712 1230 2831 1268 una
2850 1212 3111 1268 edizione
3159 1209 3309 1265 delle
3335 1208 3518 1280 Opere
3549 1208 3609 1263 di

1947 1311 2178 1375 Attone,
2213 1321 2329 1368 ma,
2363 1321 2426 1359 se
2456 1305 2622 1358 tarda
2656 1304 2757 1374 piu
2789 1319 2822 1356 a
2878 1300 3164 1372 ricopiare
3220 1299 3235 1352 i
3283 1297 3489 1361 codici,
3524 1313 3612 1353 es-

1949 1395 2130 1450 sendo
2160 1393 2384 1457 vechio,
2445 1392 2500 1448 io
2551 1397 2727 1458 temo,
2773 1390 2879 1446 che
2930 1391 3126 1444 morra
3178 1388 3367 1459 prima
3393 1387 3451 1440 di
3479 1402 3613 1440 aver

1948 1483 2094 1540 fatto
2119 1481 2279 1538 nulla
2305 1483 2438 1554 (10).
2467 1480 2868 1537 Converrebbe
2891 1495 3028 1551 pero
3076 1475 3422 1533 sollecitarlo
3446 1492 3479 1530 a
3508 1475 3610 1529 be-

1952 1573 2160 1630 neﬁcio
2185 1572 2342 1628 della
2385 1570 2684 1644 republica
2705 1569 3018 1630 letteraria,
3043 1584 3073 1624 e
3125 1564 3613 1639 principalmente

1953 1680 1987 1719 a
2017 1661 2204 1735 gloria
2235 1661 2292 1716 di
2321 1659 2518 1733 quella
2548 1658 2960 1716 antichissima
2989 1656 3217 1713 Chiesa.

1956 1911 2102 1968 huic
2131 1911 2303 1986 Operi
2325 1911 2580 1984 primam
2603 1925 2849 1966 manum
2887 1909 3228 1981 apponeret,
3269 1905 3390 1962 fato
3413 1903 3611 1960 cessit.

1255 2360 1784 2453 ACHEBII
1856 2359 2546 2454 PBJEFATIO.

250 2843 389 2896 Atto
420 2837 530 2897 hoc
563 2840 799 2897 nomine
830 2840 901 2912 II,
930 2841 1216 2909 Aldegarii
1244 2830 1394 2912 ﬁlius
1425 2843 1638 2916 (inquit
1665 2845 2019 2902 Ferdinand.
2074 2843 2356 2916 Ughellus
2415 2846 2472 2900 in
2533 2844 2658 2901 Ital.
2719 2845 2918 2915 Sacra)
2978 2848 3256 2919 episcopus
3281 2846 3478 2902 Vercel.
3511 2849 3620 2918 fuit

178 2941 272 2986 an.
307 2930 440 2996 945,
474 2929 817 2986 doctissimus
848 2929 1133 3002 theologus
1162 2934 1212 2987 et
1239 2935 1550 2995 canonista.
1583 2934 1750 3005 plura
1773 2937 1864 2990 sui
1894 2937 2112 3003 ingenii
2139 2934 2510 3006 doctrinaeque
2537 2933 2874 2990 monimenta
2904 2933 3158 3008 reliquit,
3183 2952 3302 3008 qum
3340 2938 3620 2991 continen-

177 3025 276 3074 tur
309 3020 373 3074 in
401 3023 633 3092 antiquo
662 3021 854 3076 codice
896 3022 1298 3092 manuscripto,
1332 3023 1396 3077 in
1433 3025 1697 3078 Vaticana
1727 3024 2078 3089 bibliotheca,
2109 3040 2173 3078 ac
2209 3025 2533 3078 Vercellensi
2560 3025 2826 3088 archivio,
2860 3046 2886 3075 »
2921 3031 3029 3079 etc.
3061 3046 3089 3072 «
3125 3023 3370 3079 Eunones
3400 3041 3615 3092 rursus,

177 3111 501 3181 statutaque
537 3110 736 3165 Vercel.
770 3109 1048 3176 Ecclesiae,
1076 3119 1231 3166 eruta
1261 3126 1289 3166 c
1326 3113 1586 3167 conciliis
1616 3114 1969 3185 epistolzsque
1996 3113 2380 3179 decretalibus,
2411 3112 2553 3184 quod
2582 3129 2721 3184 opus
2749 3114 2809 3168 in
2840 3114 2942 3167 100
2971 3115 3156 3184 capita
3185 3121 3310 3183 apte
3338 3113 3615 3169 distinxit.

178 3197 316 3254 Item
359 3197 425 3253 de
455 3201 740 3254 Pressuris
767 3201 1152 3254 ecclesiasticis
1181 3216 1316 3271 opus
1346 3202 1403 3255 in
1437 3205 1547 3256 tres
1573 3211 1759 3274 partes
1788 3204 2047 3267 divisum,
2077 3219 2318 3272 quarum
2344 3205 2533 3273 prima
2570 3206 2650 3257 est
2681 3203 2751 3256 de
2779 3202 3028 3257 Judiciis
3058 3201 3492 3274 episcoporum,
3525 3220 3618 3258 se-

179 3288 383 3342 cunda
414 3288 486 3342 de
517 3287 1004 3344 Ordinationibus
1034 3291 1402 3359 earumdem,
1435 3291 1608 3346 tertia
1639 3293 1710 3347 de
1739 3291 2137 3348 Facultatibus
2169 3291 2581 3347 Ecclesiarum.
2617 3292 2789 3363 Hujus
2819 3293 3154 3364 temporibus
3190 3293 3298 3361 Ugo
3327 3295 3377 3347 et
3416 3292 3616 3348 Letha-

183 3377 308 3432 rius
340 3393 501 3450 reges
537 3379 932 3434 Vercellensem
962 3379 1261 3434 Ecclesium
1283 3385 1664 3448 exornarunt,
1685 3387 1793 3438 etc.

258 3467 499 3522 Attonis
531 3466 717 3538 Opera
748 3467 836 3522 vir
864 3467 1234 3524 clarissimus
1264 3469 1522 3524 Joannes
1550 3470 1710 3525 Bona
1739 3471 1922 3526 abbas
1952 3459 2243 3543 generalis
2274 3471 2601 3525 reformata;
2641 3471 3113 3543 congregationis
3145 3471 3202 3525 S.
3237 3469 3516 3526 Bernardi
3551 3487 3619 3526 ex

181 3571 297 3611 ms.
333 3556 538 3612 codice
569 3555 870 3623 Vaticano,
907 3575 1070 3613 num.
1105 3559 1267 3625 4322,
1299 3559 1474 3624 eruit,
1507 3559 1757 3614 describi
1793 3561 2018 3614 curavit
2049 3563 2242 3614 Romae
2275 3577 2370 3613 an.
2407 3559 2565 3624 1664,
2601 3565 2776 3628 atque
2796 3561 2866 3614 ad
2895 3576 2986 3614 me
3008 3559 3359 3614 transmisit.
3384 3559 3492 3613 Sed
3524 3559 3622 3614 do-

179 3641 427 3700 lendum
464 3646 862 3718 maximOpere
892 3651 983 3701 est
1014 3647 1171 3718 quod
1204 3647 1434 3702 lacunis
1466 3647 1647 3702 codex
1671 3647 1798 3718 ipse
1829 3646 2101 3719 pluribus
2122 3648 2181 3703 in
2207 3647 2348 3704 locis
2373 3649 2642 3711 fmdatus,
2669 3665 2878 3718 nempe
2900 3648 2958 3702 in
2984 3648 3269 3719 superiori
3297 3653 3457 3719 parte
3482 3648 3620 3714 ista,

181 3733 269 3789 vel
306 3734 510 3806 pluvia
540 3733 816 3804 infectus,
850 3752 952 3791 seu
987 3737 1141 3791 carie
1173 3752 1462 3802 carrosus,
1498 3736 1673 3792 fuerit
1705 3742 1993 3808 repertus,
2028 3743 2091 3792 ut
2121 3738 2179 3792 in
2213 3755 2568 3809 unaquaque
2600 3738 2811 3810 pagina
2842 3738 2994 3792 desit
3018 3736 3190 3793 linea.
3221 3738 3396 3809 Spem
3421 3742 3617 3792 tamen

182 3820 329 3878 mihi
349 3823 707 3879 suislitteris
724 3824 873 3879 dans
887 3824 1330 3879 eruditissimus
1344 3825 1838 3898 abbasintegrum
1853 3826 2382 3884 habendicodicem
2402 3826 2677 3895 asseruit,
2703 3827 2858 3898 quod
2877 3828 3002 3898 jam
3025 3827 3181 3898 apud
3205 3827 3617 3882 doctissimum

182 3908 522 3984 Ugbellum,
555 3912 614 3967 in
650 3913 816 3968 Italia
847 3929 1015 3968 sacra.
1044 3914 1202 3984 (tam.
1238 3916 1320 3983 IV,
1349 3915 1450 3971 col.
1484 3917 1520 3968 2
1547 3933 1684 3988 pag.
1720 3915 1901 3983 1060),
1935 3917 2190 3988 legeram
2223 3922 2451 3971 exstare
2482 3916 2541 3970 in
2574 3915 2864 3972 tabulario
2904 3915 3292 3971 Vercellensis
3325 3914 3617 3978 Ecclesiae,

179 4000 531 4073 rogavitque
560 4017 629 4056 ea
660 4001 732 4058 de
761 4019 822 4057 re
853 4002 1196 4074 episcopum
1231 4002 1654 4058 Vercellensem
1686 4009 1884 4075 ageret
1915 4021 2048 4059 cum
2082 4004 2380 4060 canonicis
2413 4008 2479 4059 ut
2509 4004 2610 4060 illa
2639 4005 2826 4077 Opera
2874 4005 3123 4060 exscribi
3165 4005 3445 4059 sinerent.
3479 4006 3546 4058 At
3572 4005 3618 4058 is

180 4089 484 4161 repulsam
520 4107 732 4162 passus
765 4090 1048 4146 est.Unde
1079 4091 1267 4145 isthoc
1301 4092 1598 4163 negotium
1635 4109 1768 4148 cum
1803 4093 2158 4148 iudicassem
2190 4092 2594 4149 illustrissimo
2625 4093 2864 4148 domino
2898 4093 3165 4150 Caroccio
3189 4098 3328 4148 tunc
3352 4093 3410 4148 in
3434 4091 3620 4148 Gallia

181 4179 551 4234 serenissimi
571 4179 739 4234 ducis
760 4178 1065 4235 Sabaudia=
1083 4178 1291 4250 legato,
1312 4180 1434 4236 viro
1451 4180 1752 4252 religione,
1771 4182 2080 4253 prudentia
2097 4183 2497 4237 eteruditione
2523 4183 3032 4254 praestantissimo,
3057 4188 3322 4238 actutum
3351 4182 3495 4248 ipse,
3519 4180 3619 4253 qui

177 4283 291 4325 sua
311 4277 433 4335 me,
460 4270 603 4323 dum
625 4268 684 4323 in
707 4268 853 4324 vivis
875 4273 1050 4334 esset,
1080 4270 1354 4324 familiari
1383 4270 1741 4343 dignabatur
1773 4271 2051 4340 amicitia,
2087 4288 2321 4327 omnem
2355 4288 2555 4326 curam
2589 4277 2646 4326 et
2675 4270 3026 4328 industriam
3053 4271 3344 4337 adhibuit,
3368 4275 3494 4324 tum
3519 4287 3620 4340 per

181 4359 480 4431 seipsum,
512 4363 637 4414 tum
673 4375 778 4431 per
807 4358 1028 4415 amicos
1058 4358 1338 4415 Vercellis
1367 4365 1609 4432 agentes
1643 4361 1960 4417 obtinendo
1992 4362 2237 4433 hujusce
2261 4362 2624 4417 monumenti
2648 4361 3003 4434 apographo,
3029 4371 3125 4416 aut
3153 4360 3355 4415 saltem
3380 4357 3619 4429 opplen-

179 4448 271 4502 dis
304 4448 564 4504 Romani
593 4447 816 4503 codicis
845 4446 1095 4503 lacunis.
1129 4449 1274 4503 Mira
1306 4449 1496 4520 primo
1519 4449 1762 4522 polliciti
1789 4456 1928 4505 sunt
1950 4450 2215 4506 canonici
2242 4468 2254 4517 ;
2279 4453 2375 4506 sed
2403 4455 2535 4523 post
2554 4450 2831 4522 epistolas
2853 4451 3006 4504 ultro
3028 4449 3288 4518 citroque
3309 4447 3498 4514 datas,
3523 4447 3618 4501 de-

184 4545 350 4594 mum
375 4537 940 4609 fatentur(ingenue
963 4555 1036 4593 an
1059 4537 1499 4609 ﬁcte,judicent
1522 4539 1644 4611 alii)
1666 4540 1726 4594 in
1759 4555 1868 4595 sua
1899 4540 2158 4595 Ecclesia
2181 4557 2309 4595 esse
2342 4541 2639 4594 neminem
2672 4539 2752 4594 rei
2786 4537 3128 4609 antiquaria;
3179 4535 3451 4608 peritum.
3484 4534 3611 4590 Non

189 4625 284 4683 hic
305 4626 479 4683 stetit
503 4615 896 4682 illustrimissi
919 4625 1176 4682 Caroccii
1201 4627 1507 4699 diligentia
1528 4633 1584 4684 et
1627 4629 1981 4701 benignitas.
2015 4629 2160 4685 Nam
2193 4641 2327 4683 ctJm
2359 4629 2650 4700 legatione
2682 4625 2930 4683 feliciter
2976 4632 3208 4699 peracta
3253 4625 3524 4680 rediisset
3555 4624 3613 4678 in

187 4715 582 4783 Subaudiam,
609 4716 795 4771 instat
811 4713 1051 4787 iterum,
1076 4717 1453 4788 exposcitque
1476 4719 1547 4772 ab
1574 4715 1690 4773 illis
1713 4718 2013 4774 canonicis
2034 4717 2356 4774 Taurinum
2381 4718 2450 4773 ad
2476 4734 2539 4774 se
2560 4717 2991 4792 autograpbum
3014 4716 3440 4784 transmittant,
3464 4715 3619 4769 bona

188 4804 302 4862 ﬁd‘e
331 4799 498 4861 istud
532 4821 596 4861 se
629 4804 1064 4872 restituturum,
1100 4811 1414 4878 postquam
1446 4807 1571 4861 suis
1602 4808 1871 4877 expensis
1911 4807 2159 4862 exscribi
2191 4811 2473 4863 curasset.

247 4894 480 4968 Ecquid
511 4907 746 4967 agerem
772 4893 932 4951 omni
956 4913 1059 4968 spe
1079 4895 1309 4966 abjecta
1331 4895 1559 4967 integra
1579 4901 1743 4951 tanta
1774 4896 2034 4970 potiendi
2064 4897 2341 4953 thesauro
2361 4895 2389 4952 ?
2427 4897 2669 4952 Ederem
2694 4897 2882 4969 Opera
2901 4895 3160 4951 hiatibus
3191 4909 3431 4950 sensum
3464 4906 3617 4963 saepe

179 4983 766 5056 interrumpentibus
805 4983 1176 5055 labefactata,
1211 5001 1283 5040 an
1334 4984 1466 5041 aliis
1495 4986 1736 5041 edendis
1767 5003 2003 5058 operam
2037 4987 2232 5044 darem
2259 5001 2449 5042 meam
2470 4987 2499 5041 ?
2518 4987 2702 5042 Anxia
2725 4986 2867 5041 mihi
2891 4987 3106 5042 adsunt
3128 4983 3456 5039 eruditione
3479 4997 3618 5052 prin-

179 5074 408 5132 stantes
427 5073 854 5142 'a‘mici;aiunt
898 5073 958 5129 in
1013 5073 1205 5130 lucem
1246 5076 1510 5148 proferre
1539 5075 1716 5130 rebus
1769 5076 2182 5134 ecclesiasticis
2231 5075 2504 5149 praeclara
2561 5075 2863 5142 opuscula,
2911 5074 3019 5130 etsi
3071 5071 3372 5129 nonnullis
3403 5071 3617 5126 foedata

177 5161 440 5233 lacunis,
467 5175 648 5236 Quam
676 5161 941 5218 tenebris
968 5161 1212 5219 forsitan
1235 5165 1534 5236 perpetuis
1557 5165 1748 5220 sinere
1771 5163 1983 5220 involvi
2011 5192 2025 5234 ;
2057 5172 2160 5222 aut
2189 5183 2261 5223 ne
2290 5166 2559 5221 incendio
2589 5172 2848 5238 pereant,
2882 5181 3057 5236 quam
3082 5168 3298 5218 sortem
3325 5160 3617 5232 plerisque

180 5249 236 5308 in
267 5253 416 5310 locis
448 5250 798 5308 sustinuere
827 5251 1015 5308 multa
1043 5254 1353 5310 anterioris
1408 5255 1510 5309 aevi
1569 5260 1970 5312 monumenta.
2030 5256 2334 5313 Postremo
2394 5256 2734 5325 adjecerunt
2781 5271 2974 5310 rerum
3027 5253 3405 5324 antiquarum
3439 5251 3616 5307 etiam

181 5339 521 5417 fragmenta
558 5341 620 5396 in
652 5340 836 5414 pretio
867 5340 1092 5398 haberi.
1131 5344 1331 5414 Itaque
1365 5342 1527 5424 hisce
1558 5343 1888 5400 rationibus
1917 5344 2229 5412 adductus,
2262 5345 2364 5400 illa
2392 5345 2548 5417 typis
2593 5345 2858 5400 mandari
2893 5343 3113 5401 curavi.

253 5437 317 5487 Et
338 5429 832 5504 quandoquidem
861 5435 992 5486 Atto
1018 5429 1075 5485 in
1103 5431 1278 5486 rebus
1300 5431 1512 5488 divinis
1536 5438 1592 5488 et
1612 5431 1932 5489 ecclesiast.
1956 5435 2397 5490 versatissimus
2423 5451 2561 5489 suas
2581 5433 3021 5489 lucubrationes
3059 5426 3418 5487 testimoniis
3448 5427 3616 5499 quasi

187 5521 529 5595 margaritis
551 5537 584 5576 θ
609 5517 669 5576 S.
696 5520 910 5594 Script.
935 5537 966 5576 e
987 5535 1150 5576 conc.
1175 5527 1231 5577 et
1249 5521 1400 5577 Eccl.
1427 5521 1694 5578 Patribus
1715 5523 2046 5596 desumptis
2069 5524 2390 5589 adornavit,
2414 5523 2691 5596 baudque
2713 5522 2836 5578 loca
2858 5522 3207 5594 indigitavit,
3237 5518 3614 5592 potissimum

188 5607 246 5666 in
273 5611 636 5669 Collectione
667 5623 984 5680 canonum,
1018 5627 1196 5683 quam
1228 5611 1557 5683 (lapitulare
1590 5612 2023 5685 inscripsimus,
2059 5628 2166 5669 nos
2192 5613 2349 5668 haud
2381 5613 2563 5668 levem
2594 5611 2997 5686 impendimus
3041 5625 3276 5682 operam
3311 5607 3455 5664 locis
3485 5619 3613 5680 qna

189 5700 497 5775 designata
527 5715 647 5756 non
680 5705 848 5757 erant
875 5701 1130 5774 margini
1162 5702 1547 5776 apponendis,
1580 5717 1766 5774 eoque
1796 5699 1992 5758 labore
2023 5699 2405 5773 quamplures
2437 5699 2844 5774 supplevimus
2875 5701 3088 5756 hiatus.

258 5787 414 5849 Sunt
436 5785 496 5847 et:
525 5793 738 5864 praeter
765 5795 836 5848 ea
865 5799 992 5864 quas
1023 5791 1398 5864 proferimus,
1427 5794 1499 5847 ut
1528 5789 1702 5864 scies,
1734 5787 1935 5862 lector,
1965 5789 2194 5848 Attonis
2225 5787 2514 5861 opuscula
2540 5805 2676 5847 cum
2705 5789 2767 5845 in
2802 5785 3177 5855 Vercellensi,
3207 5790 3336 5842 tum
3365 5784 3426 5841 in
3459 5785 3612 5844 Vati-
