3946 6406
356 426 434 489 2⁸1
1382 431 1721 494 ATTONIS
1763 428 2350 493 VERGELLENSIS
2396 430 2754 494 EPISCOPI
3698 433 3775 497 38

358 576 505 618 cano
535 560 768 618 codice:
799 559 1071 619 videlicet
1102 578 1401 618 sermones
1433 564 1498 618 17
1527 564 1597 618 ad
1632 562 1915 635 populum
1940 581 1953 630 ;
1987 562 2476 635 et'Polytbycum,
2511 562 2655 635 quod
2686 563 3153 636 Perpendicutum
3181 563 3452 636 appellat,
3473 580 3579 638 quo
3600 566 3776 623 noxia

357 652 695 721 redarguere
721 655 777 707 et
806 652 1030 707 honesta
1055 654 1272 708 sancire
1301 653 1609 715 docet,cum
1644 652 1903 706 scholiis.

434 741 541 796 Pro
570 743 811 797 codicem
844 743 1165 797 Vaticanum
1196 742 1501 797 transcribi
1527 749 1805 796 curarunt
1838 739 2174 794 bibliothecae
2219 740 2484 805 custodes,
2535 756 2605 795 ne
2658 749 2803 797 totus
2853 742 3098 813 periret:
3158 743 3401 798 continet
3451 745 3634 813 primo
3661 760 3775 798 ser-

357 846 564 894 mones,
589 833 687 903 qui
716 834 813 887 vix
838 833 948 901 legi
971 840 1219 904 possunt,
1256 840 1311 886 et
1341 832 1466 885 ideo
1496 847 1605 885 non
1633 834 1763 885 sunt
1793 830 2134 899 transcripti,
2168 834 2277 883 etc.
2313 830 2401 884 lta
2430 829 2655 885 clariss.
2686 830 2944 886 Joannes
2972 832 3132 886 Bona
3150 830 3208 884 in
3232 829 3481 902 epistola
3501 831 3649 886 mihi
3672 848 3769 887 an.

362 920 501 973 1664
533 920 769 991 scripta.

435 1008 500 1064 In
534 1009 764 1064 Attonis
785 1007 1097 1079 Capilulari
1122 1007 1641 1063 animadvertenda
1664 1010 1841 1061 sunt:
1870 1007 1925 1061 1ο
1948 1006 2065 1060 haec
2095 1006 2269 1060 verba
2298 1006 2431 1075 ﬁdes
2478 1006 2744 1061 catholica
2792 1006 3029 1075 signant
3062 1006 3406 1078 Symbolum
3444 1008 3773 1077 Athanasii,

360 1111 490 1166 quas
514 1096 571 1150 in
605 1113 669 1151 eo
694 1114 865 1152 sensu
893 1097 979 1151 bis
1007 1097 1077 1151 ab
1102 1101 1338 1151 auctore
1365 1102 1727 1166 usurpentur
1749 1112 1872 1162 cap.
1899 1096 1950 1161 4,
1976 1100 2111 1160 etc.,
2134 1099 2189 1148 et
2214 1111 2247 1147 a
2275 1095 2549 1150 Ratherio
2571 1095 2909 1162 Veronensi,
2935 1096 3021 1151 vel
3058 1102 3121 1151 ut
3146 1096 3276 1152 aliis
3295 1097 3482 1169 placet
3501 1097 3773 1153 Udalrico

362 1202 666 1257 perperam
700 1190 917 1251 tamen,
950 1186 1006 1239 in
1058 1186 1339 1257 synodica
1369 1186 1437 1241 ad
1502 1185 1905 1256 presbyteros:
1965 1188 2288 1238 Sermonem
2316 1188 2377 1237 ut
2424 1187 2675 1253 superius
2733 1187 2884 1249 dixi,
2939 1187 3241 1241 Athanasii
3291 1189 3535 1258 episcopi
3569 1188 3636 1243 de
3667 1187 3772 1257 ﬁde

366 1276 667 1340 Trinitatis,
700 1278 857 1343 cujus
887 1276 1114 1327 mitium
1146 1283 1245 1329 est.
1282 1275 1602 1343 Quicunque
1634 1274 1767 1333 vult,
1800 1278 1905 1326 etc.
1943 1272 2205 1326 Ricull‘us
2237 1290 2471 1343 quoque.
2502 1274 2703 1328 eadem
2760 1291 2937 1343 prope
2987 1274 3161 1329 habet
3210 1276 3266 1329 in
3313 1293 3439 1347 cap.
3471 1278 3508 1329 5
3536 1274 3767 1332 Consti-

358 1367 471 1418 tut.
508 1381 521 1417 :
563 1364 627 1419 Ut
664 1365 1039 1433 unusquisque
1069 1372 1313 1417 vestrum
1341 1362 1611 1432 psalmos,
1646 1365 1695 1415 et
1724 1378 2027 1415 sermonem
2057 1363 2187 1430 fidei
2206 1362 2511 1429 catholicae,
2542 1364 2695 1429 cuius
2725 1365 2954 1417 initium
2977 1381 2995 1417 .·
3029 1366 3375 1436 Quicunque,
3410 1369 3519 1420 etc.

432 1454 494 1505 2°
522 1450 686 1506 Circa
717 1451 993 1506 saeculum
1020 1469 1074 1505 1x
1097 1458 1416 1506 conventus
1440 1468 1539 1505 seu
1565 1449 1903 1504 collationes
1928 1451 2397 1523 presbyterorum
2428 1456 2760 1506 memorata:
2794 1451 2853 1506 in
2902 1469 3030 1524 cap.
3056 1454 3149 1517 .29
3169 1452 3449 1508 instituta
3482 1453 3662 1509 fuisse
3692 1453 3775 1507 vi-

360 1540 581 1596 dentur
600 1556 669 1595 ex
699 1557 825 1611 cap.
853 1541 919 1595 10
940 1540 1143 1595 Riculii
1176 1544 1375 1596 Suess.
1408 1557 1421 1594 ε
1450 1564 1470 1588 ι
1502 1540 1728 1595 Rationi
1757 1556 1990 1611 quoque
2014 1540 2343 1611 proximum
2367 1556 2495 1595 esse
2518 1541 2837 1607 sanximus,
2863 1546 2927 1596 ut
2946 1542 3005 1597 in
3029 1558 3382 1613 unoquoque
3403 1557 3625 1599 mense.
3649 1546 3774 1598 stu-

362 1632 488 1683 tuta
512 1628 623 1695 die,
654 1628 710 1683 id
735 1633 824 1683 est
848 1628 907 1682 in
930 1628 1207 1684 Kalendis
1233 1628 1699 1699 uniuscujusque
1724 1629 1964 1697 mensis,
1990 1644 2094 1699 per
2115 1628 2381 1700 singulas
2403 1629 2675 1683 decanias
2702 1630 3021 1701 presbyteri
3055 1630 3234 1686 simul
3254 1630 3620 1696 conveniant,
3657 1648 3773 1687 non

363 1717 549 1789 pastis
573 1716 660 1772 vel
685 1718 1086 1789 potationibus
1115 1722 1342 1782 vacent,
1370 1719 1470 1771 sed
1496 1718 1566 1771 de
1589 1733 1695 1772 suo
1728 1717 2076 1786 ministerio,
2109 1727 2167 1773 et
2199 1717 2471 1788 religiosa
2500 1719 2955 1786 conversatione,
2988 1724 3162 1790 atque
3206 1721 3278 1776 de
3315 1719 3408 1776 his
3439 1737 3565 1792 qua:
3596 1720 3655 1776 in
3677 1737 3776 1777 eo-

363 1822 495 1860 rum
525 1806 804 1877 parochia
825 1806 1097 1861 accidunt
1117 1823 1449 1861 sermonem
1471 1805 1744 1870 habeant,
1768 1811 1823 1860 et
1855 1806 2108 1877 qualiter
2137 1824 2239 1878 pro
2266 1823 2415 1876 rege,
2439 1806 2525 1861 vel
2553 1808 2873 1862 rectoribus
2895 1808 3188 1873 Ecclesiae,
3211 1812 3387 1879 atque
3408 1825 3511 1879 pro
3536 1809 3662 1864 suis
3684 1811 3774 1866 fa-

365 1894 699 1950 miliaribus
722 1900 839 1951 tam
867 1896 1011 1951 vivis
1040 1913 1215 1967 quam
1242 1896 1532 1950 defunctis
1554 1913 1719 1950 orare
1742 1896 2010 1962 debeant,
2038 1896 2427 1950 considerent.
2456 1918 2483 1944 »
2506 1896 2629 1949 Huc
2655 1896 3042 1966 facitcapilul.
3067 1918 3094 1946 ››
3124 1896 3497 1952 15Hincmari
3520 1898 3590 1952 ad
3611 1914 3776 1969 pres-

362 1982 597 2055 byteros
619 1984 739 2055 (sub
764 1987 861 2055 ﬁn.
887 1993 1018 2039 tom.
1044 1988 1069 2040 1
1095 1986 1252 2055 Opp.)
1279 2002 1291 2039 :
1320 2008 1339 2033 ι
1370 1985 1442 2039 Ut
1474 1986 1707 2053 quando
1734 1984 2052 2055 presbyteri
2081 2002 2179 2055 per
2202 1984 2491 2038 Kalendas
2542 1984 2717 2038 simul
2761 1986 3151 2055 convenerint,
3201 1990 3332 2056 post
3354 1990 3651 2056 peractum
3685 1986 3775 2041 di-

364 2071 565 2127 vinum
594 2072 1005 2140 ministerium,
1039 2079 1094 2128 et
1126 2073 1518 2128 necessarium
1553 2073 1945 2143 collationem,
1980 2090 2094 2126 non
2129 2074 2294 2144 quasi
2330 2074 2398 2127 ad
2436 2074 2745 2143 prandium
2779 2073 2857 2128 ibi
2890 2075 2961 2128 ad
2988 2074 3247 2129 tabulam
3272 2075 3583 2141 resideant,
3608 2097 3635 2125 ››
3660 2080 3775 2133 etc.

434 2162 493 2215 3°
513 2160 699 2233 Caput
721 2163 789 2215 90
812 2163 1105 2217 elucidare
1130 2169 1315 2233 potest
1343 2163 1495 2217 Beda
1518 2164 1572 2216 in
1604 2164 1820 2233 praefat.
1847 2163 1917 2217 de
1942 2163 2232 2217 Remediis
2258 2169 2649 2234 peccatorum,
2677 2165 2794 2217 sive
2833 2163 3285 2234 pcenitentialis:
3331 2186 3359 2213 ι‹
3396 2163 3651 2218 Solerter
3682 2166 3781 2219 ad-

362 2254 665 2303 monentes
692 2250 927 2303 doctum
955 2266 1249 2321 quemque
1278 2252 1638 2305 sacerdotem
1665 2251 1901 2314 Christi,
1924 2257 1987 2305 ut
2014 2252 2070 2305 in
2099 2253 2388 2306 universis
2420 2270 2545 2322 quae
2580 2252 2673 2307 hic
2706 2254 2980 2307 adnotata
3012 2254 3242 2324 reperit.
3269 2270 3495 2317 sexum,
3520 2257 3776 2325 aetatem,

363 2337 784 2402 conditionem,
819 2343 1063 2402 statum,
1102 2355 1411 2409 personam
1446 2341 1734 2409 cujusque
1767 2340 2168 2409 paenitentiam
2205 2357 2372 2409 agerc
2402 2339 2664 2405 volentis,
2700 2341 2895 2411 ipsum
2926 2357 3160 2412 quoque
3191 2358 3289 2395 cor
3319 2342 3661 2412 paenitentis
3683 2358 3782 2397 cu-

365 2423 517 2480 riose
539 2424 854 2493 discernat,
879 2430 935 2479 et
964 2428 1285 2481 secundum
1314 2432 1377 2480 ut
1399 2428 1508 2481 sibi
1532 2431 1722 2482 visum
1750 2429 1940 2495 fuerit,
1965 2428 2699 2501 singulaqumquejudicet.
2723 2430 3083 2493 Quibusdam
3106 2446 3411 2500 namquea
3430 2430 3578 2484 cibis
3595 2431 3778 2485 absti-

362 2513 575 2581 uendo,
601 2512 900 2567 nonnullis
923 2517 1137 2584 saepius
1162 2532 1352 2583 genua
1375 2515 1679 2579 flectendo,
1705 2518 1821 2570 sive
1844 2517 1901 2570 in
1926 2534 2095 2571 cruce
2118 2518 2349 2579 stando,
2375 2524 2475 2571 aut
2498 2517 2655 2571 aliud
2682 2516 2901 2588 aliquid
2928 2518 3264 2588 hujusmodi
3291 2519 3443 2590 quod
3472 2519 3541 2573 ad
3566 2534 3782 2590 purga-

362 2601 581 2656 tionem
601 2606 970 2671 peccatorum
995 2603 1341 2674 pertineant,
1360 2604 1638 2659 t'aciendo.
1660 2626 1685 2652 »
1711 2605 2010 2675 lpsissima
2035 2607 2427 2676 repetitverba
2444 2607 2720 2660 Heriveus
2736 2607 3047 2662 Rhemens.
3066 2608 3123 2662 in
3140 2607 3383 2679 epistola
3396 2608 3465 2662 ad
3479 2607 3778 2663 Witonem

366 2689 738 2761 Rothomag.,
775 2707 902 2762 cap.
934 2693 1023 2746 23.
1060 2692 1188 2747 Haec
1217 2693 1523 2758 Acberius,
1558 2694 1772 2763 quibus
1803 2694 1910 2748 hoc
1944 2712 2128 2749 unum
2157 2696 2463 2763 addemus,
2510 2696 2663 2750 haud
2707 2713 2925 2767 paucas
2974 2696 3219 2752 lacunas
3269 2714 3303 2751 a
3352 2696 3518 2751 nobis
3548 2681 3805 2767 repara?

363 2783 454 2834 tas
475 2795 603 2833 esse
625 2777 683 2833 in
708 2778 855 2835 libro
883 2781 953 2835 de
978 2782 1272 2836 Pressuris
1297 2782 1724 2846 ecclesiasticis,
1748 2801 1853 2854 ope
1876 2801 1985 2837 ms.
2012 2785 2325 2851 cujusdam
2366 2785 2583 2839 codicis
2628 2786 2970 2841 monasterii
2995 2785 3399 2856 Resbacensis,
3433 2802 3607 2856 quem
3640 2801 3778 2841 cum

363 2868 718 2924 consulisset
747 2869 884 2926 olim
921 2875 987 2926 R.
1022 2871 1084 2929 P.
1118 2871 1183 2928 Ι).
1218 2873 1385 2927 Edm.
1420 2873 1699 2940 Martene,
1735 2890 2096 2945 quaecunque
2148 2891 2217 2929 ex
2248 2874 2344 2929 illo
2376 2881 2757 2947 exserpserat,
2800 2875 3105 2931 nobiscum
3155 2875 3584 2931 humanissime
3614 2890 3779 2931 com-

363 2957 700 3013 municavit.

367 3174 3778 3209 ἢ

1586 3399 2553 3503 Δττοωιε

1631 3622 2161 3680 VERCELLENSIS
2202 3622 2521 3680 EPISCOPI

1389 3815 2762 3955 CAPITULABE.

368 4234 502 4288 CAP.
536 4230 579 4286 Ι.
616 4261 680 4271 -
707 4228 1016 4285 Admonitio
1063 4230 1339 4300 pontiﬁcis
1380 4230 1459 4283 ad
1514 4230 1870 4299 presbyteros,
1903 4245 2032 4299 qua-
2059 4228 2113 4294 Α
2144 4228 2322 4293 niese,
2346 4227 2481 4297 quia
2502 4243 2607 4281 nos
2631 4226 2845 4297 quibus
2876 4226 3263 4297 regendarum
3301 4225 3635 4280 animarum
3657 4240 3801 4283 cura

799 4302 931 4356 ίίίεν
958 4317 1098 4372 erg“
1143 4302 1383 4355 δαδάίίοδ
1412 4310 1601 4369 αΩαηι·
2141 4318 2459 4371 commissa
2478 4322 2585 4379 est,
2604 4333 2705 4387 pro
2720 4316 2810 4370 his
2825 4315 3141 4385 quinostra
3154 4313 3795 4387 negligentiapercunt,

442 4408 771 4475 (Theodulfi
789 4412 965 4480 caput
980 4409 1003 4461 1
1017 4406 1676 4478 Capitularis.)0bsecro
1688 4423 1807 4469 vos,
1826 4405 2032 4459 fratres

376 4496 766 4566 dilectissimi,
799 4502 865 4552 ut
920 4514 1059 4568 erga
1116 4496 1488 4551 subditarum
1549 4494 1803 4567 plebium
1848 4495 2033 4566 profe-

373 4590 533 4639 ctum
556 4589 613 4638 et.
633 4585 1101 4639 emendationem
1122 4583 1576 4657 vigilantissima
1598 4600 1739 4639 cura
1757 4582 2031 4638 laboretis

373 4678 667 4744 quatenus
687 4672 802 4725 illis
824 4671 973 4725 viam
995 4671 1204 4726 salutis
1222 4674 1616 4741 ostendentes,
1638 4678 1694 4727 et
1715 4690 1813 4727 eos
1840 4673 2031 4725 verbis

373 4767 431 4817 et
460 4759 745 4831 exemplis
778 4761 1159 4823 instruentes,
1195 4766 1249 4813 et
1282 4778 1381 4815 vos
1413 4762 1481 4815 de
1513 4778 1710 4815 eorum
1749 4762 2027 4832 profectu,

374 4855 431 4904 et
463 4867 569 4904 nos
610 4850 679 4903 de
712 4854 921 4914 vestro,
958 4848 1203 4903 Domino
1232 4849 1374 4902 Jesu
1422 4848 1650 4904 Christo
1690 4850 2028 4919 auxiliante,

374 4939 707 4994 fructuosos
726 4938 809 4992 illi
826 4936 1161 5008 manipulos
1185 4942 1571 5007 reportemus.
1588 4938 1832 4992 Obsecro
1854 4940 2030 4992 etiam

373 5027 801 5082 fraternitatem
845 5032 1121 5095 vestram,
1178 5030 1244 5078 ut
1304 5024 1422 5078 haec
1480 5024 1766 5095 Capitula,
1799 5042 1927 5095 quze
1958 5026 2030 5079 ad
2071 5074 2083 5093 ,

374 5115 841 5170 emendationem
869 5114 997 5167 vita:
1024 5113 1526 5183 breviterdigessi,
1547 5114 1782 5167 assidue
1803 5114 2029 5183 legatis,

375 5209 432 5259 et
454 5202 749 5258 memoriae
776 5202 1219 5271 commendetis,
1245 5208 1299 5255 et
1321 5202 1676 5262 eorum.sive
1690 5206 2031 5256 caeterarum

378 5297 717 5348 sanctarum
744 5291 1180 5361 Scripturarum
1213 5289 1457 5344 lectione
1506 5306 1698 5344 mores
1719 5307 2033 5361 compona-

373 5379 472 5447 tis,
498 5380 677 5434 vitam
704 5379 1052 5442 emendetis,
1081 5382 1145 5432 ut
1166 5394 1299 5433 cum
1323 5378 1575 5432 subditis
1599 5378 1895 5449 plebibus,
1918 5378 2035 5450 opi-

375 5467 604 5523 tulante
631 5467 893 5534 Domino,
918 5468 989 5521 ad
1019 5484 1198 5539 regna
1221 5466 1477 5521 cmlestia
1510 5485 1745 5539 pergere
1778 5471 2027 5523 certetis.

2141 4404 2423 4459 rationem
2453 4404 2736 4458 reddituri
2762 4420 2991 4458 sumus.
3017 4404 3125 4458 Pro
3148 4403 3242 4458 his
3273 4420 3407 4458 vero
3430 4419 3580 4474 quos
3600 4402 3799 4459 verbis

2140 4498 2196 4549 et
2217 4492 2497 4565 exemplis
2526 4492 2730 4547 lucrati
2758 4493 3063 4557 fuerimus,
3087 4491 3396 4564 premium
3416 4497 3644 4547 aeterna
3666 4495 3801 4546 Vitas

2140 4582 2550 4653 percipiemus.
2586 4583 2746 4645 Quod
2770 4582 2817 4635 si
2863 4579 3115 4652 populus
3137 4579 3328 4635 fidelis
3357 4580 3524 4635 cibus
3552 4584 3643 4636 est
3672 4579 3802 4650 Dei,

2140 4671 2401 4741 ejusdem
2437 4670 2548 4723 cibi
2582 4670 3023 4724 condimentum
3056 4686 3162 4724 nos
3192 4686 3420 4723 sumus.
3452 4668 3667 4724 Scitote
3696 4685 3807 4723 ve-

2141 4763 2326 4813 strum
2350 4759 2597 4829 gradum
2618 4764 2815 4811 nostro
2833 4757 3041 4827 gradui
3060 4758 3409 4823 secundum,
3428 4762 3485 4811 et
3504 4773 3651 4828 pene
3670 4774 3810 4813 cun-

2130 4849 2403 4919 junctum
2430 4864 2577 4901 esse.
2605 4846 2767 4901 Sicut
2813 4846 2968 4900 enim
3020 4846 3277 4917 episcopi
3306 4846 3706 4916 apostolorum
3740 4848 3804 4901 in

2141 4936 2417 5001 Ecclesia,
2443 4935 2527 4990 ita
2548 4936 2827 4989 nimirum
2887 4935 3210 5007 presbyteri
3259 4940 3600 4989 caaterorum
3625 4934 3808 4990 disci-

2141 5026 2413 5097 pulorum
2438 5023 2669 5079 Domini
2692 5025 2876 5078 vicem
2901 5029 3119 5078 tenent.
3144 5024 3209 5077 Et
3226 5023 3307 5077 illi
3332 5029 3533 5078 tenent
3547 5028 3808 5094 gradum

2142 5115 2359 5168 summi
2387 5113 2680 5185 pontiﬁcis
2701 5114 2914 5175 Aaron,
2938 5112 3036 5167 isti
3067 5127 3202 5166 vero
3226 5110 3481 5166 filiorum
3505 5113 3657 5181 ejus.
3692 5111 3812 5167 Un-

2141 5203 2212 5257 de
2243 5207 2471 5273 oportet
2500 5219 2601 5256 vos
2632 5218 2863 5273 semper
2884 5216 3175 5256 memores
3197 5216 3324 5255 esse
3343 5203 3522 5255 tanta:
3543 5199 3808 5271 dignita-

2141 5292 2237 5358 tis,
2274 5306 2562 5345 memores
2606 5297 2811 5344 vestrae
2859 5288 3334 5353 consecrationis,
3383 5305 3676 5345 memores
3706 5306 3812 5345 sa-

2140 5396 2249 5435 cra:
2280 5396 2455 5450 quam
2488 5379 2546 5433 in
2579 5379 2853 5433 manibus
2883 5378 3231 5449 suscepistis
3265 5377 3581 5449 unctionis,
3605 5382 3672 5432 ut.
3692 5394 3811 5436 nec

2143 5470 2215 5523 ab
2246 5469 2449 5522 eadem
2474 5468 2758 5537 dignitate
2780 5467 3166 5537 degeneretis,
3191 5483 3297 5522 nec
3317 5473 3570 5522 vestram
3593 5482 3811 5523 conse-

377 5580 511 5630 CAP.
547 5574 614 5629 ΙΙ.
654 5576 1085 5659 -βθῑνιιςῑαῑεό
1142 5574 1398 5655 ejusdem,
1437 5578 1508 5659 ,εἰ
1540 5576 1638 5659 ,ἅδ’
1672 5577 1885 5629 ordinis
1914 5592 1935 5628 o

2257 5557 2459 5610 :ionem
2495 5557 2721 5610 irritam
2757 5556 3004 5622 faciatis,
3064 5572 3169 5610 nec
3224 5572 3438 5611 manus
3466 5571 3634 5610 sacro
3666 5572 3815 5611 san-

637 5649 881 5700 crctione
914 5648 1171 5716 (longeque
1204 5648 1327 5700 vita:
1358 5645 1764 5701 exhortatione.

448 5735 639 5808 (lbid.)
670 5734 966 5792 Vcraciter
996 5752 1168 5791 nosse
1199 5735 1449 5801 debetis,
1481 5741 1537 5791 et
1568 5752 1801 5807 semper
1831 5735 2034 5792 memi-

2143 5647 2321 5717 guine
2353 5644 2644 5699 delibutas
2678 5645 2969 5716 peccando
3018 5644 3334 5717 polluatis;
3387 5645 3488 5700 sed
3521 5644 3717 5701 cordis
3751 5651 3819 5703 et

2142 5734 2405 5806 corporis
2438 5733 2794 5794 munditiam
2824 5739 3257 5805 conservantes,
3307 5733 3581 5807 plebibus
3608 5749 3819 5792 exem-
