  <div class='ocr_page' id='page_1' title='image "/cluster/home/n/w/nwhite01/storage/ocr_20150623/134-135/uc1.31175013627537/022.png"; bbox 0 0 3946 6408; ppageno 0'>
   <div class='ocr_carea' id='block_1_1' title="bbox 1614 425 2140 490">
    <p class='ocr_par' dir='ltr' id='par_1_1' title="bbox 1614 425 2140 490">
     <span class='ocr_line' id='line_1_1' title="bbox 1614 425 2140 490; baseline -0.008 -1"><span class='ocrx_word' id='word_1_1' title='bbox 1614 429 1707 489; x_wconf 85' lang='lat' dir='ltr'>CA</span> <span class='ocrx_word' id='word_1_2' title='bbox 1722 425 2140 490; x_wconf 82' lang='lat' dir='ltr'>PITULARE.</span> 
     </span>
    </p>
   </div>
   <div class='ocr_carea' id='block_1_2' title="bbox 3516 414 3598 477">
    <p class='ocr_par' dir='ltr' id='par_1_2' title="bbox 3516 414 3598 477">
     <span class='ocr_line' id='line_1_2' title="bbox 3516 414 3598 477; baseline -0.012 0"><span class='ocrx_word' id='word_1_3' title='bbox 3516 414 3598 477; x_wconf 86' lang='lat'>30</span> 
     </span>
    </p>
   </div>
   <div class='ocr_carea' id='block_1_3' title="bbox 173 551 3597 635">
    <p class='ocr_par' dir='ltr' id='par_1_3' title="bbox 173 551 3597 635">
     <span class='ocr_line' id='line_1_3' title="bbox 173 551 3597 635; baseline -0.002 -22"><span class='ocrx_word' id='word_1_4' title='bbox 173 557 327 631; x_wconf 84' lang='lat' dir='ltr'>plum</span> <span class='ocrx_word' id='word_1_5' title='bbox 356 555 506 614; x_wconf 84' lang='lat' dir='ltr'>bene</span> <span class='ocrx_word' id='word_1_6' title='bbox 525 556 755 615; x_wconf 86' lang='lat' dir='ltr'>vivendi</span> <span class='ocrx_word' id='word_1_7' title='bbox 790 560 1139 633; x_wconf 83' lang='lat' dir='ltr'>praebentes,</span> <span class='ocrx_word' id='word_1_8' title='bbox 1187 562 1282 619; x_wconf 89' lang='lat' dir='ltr'>bis</span> <span class='ocrx_word' id='word_1_9' title='bbox 1313 563 1525 633; x_wconf 82' lang='lat' dir='ltr'>quibus</span> <span class='ocrx_word' id='word_1_10' title='bbox 1566 560 1828 635; x_wconf 82' lang='lat' dir='ltr'>praeestis</span> <span class='ocrx_word' id='word_1_11' title='bbox 1860 562 1909 627; x_wconf 83' lang='grc' dir='ltr'><strong>Α</strong></span> <span class='ocrx_word' id='word_1_12' title='bbox 1941 558 2242 615; x_wconf 84' lang='lat' dir='ltr'>beatitudo</span> <span class='ocrx_word' id='word_1_13' title='bbox 2265 556 2610 630; x_wconf 81' lang='lat' dir='ltr'>acquiritur.</span> <span class='ocrx_word' id='word_1_14' title='bbox 2632 552 2924 611; x_wconf 82' lang='lat' dir='ltr'>Ilisarmis</span> <span class='ocrx_word' id='word_1_15' title='bbox 2938 551 3083 609; x_wconf 88' lang='lat' dir='ltr'>vitia</span> <span class='ocrx_word' id='word_1_16' title='bbox 3099 551 3597 625; x_wconf 84' lang='lat' dir='ltr'>comprimuntur&#39;</span> 
     </span>
    </p>
   </div>
   <div class='ocr_carea' id='block_1_4' title="bbox 172 648 1396 725">
    <p class='ocr_par' dir='ltr' id='par_1_4' title="bbox 172 648 1396 725">
     <span class='ocr_line' id='line_1_4' title="bbox 172 648 1396 725; baseline 0.006 -23"><span class='ocrx_word' id='word_1_17' title='bbox 172 648 440 703; x_wconf 89' lang='lat' dir='ltr'>ducatum</span> <span class='ocrx_word' id='word_1_18' title='bbox 473 650 542 704; x_wconf 89' lang='lat' dir='ltr'>ad</span> <span class='ocrx_word' id='word_1_19' title='bbox 576 650 833 707; x_wconf 69' lang='lat' dir='ltr'>coelestia</span> <span class='ocrx_word' id='word_1_20' title='bbox 866 670 1042 724; x_wconf 83' lang='lat' dir='ltr'>regna</span> <span class='ocrx_word' id='word_1_21' title='bbox 1073 654 1396 725; x_wconf 69' lang='lat' dir='ltr'>praebeatis.</span> 
     </span>
    </p>
   </div>
   <div class='ocr_carea' id='block_1_5' title="bbox 171 756 1821 888">
    <p class='ocr_par' dir='ltr' id='par_1_5' title="bbox 171 756 1821 888">
     <span class='ocr_line' id='line_1_5' title="bbox 171 756 1821 888; baseline 0.003 -76"><span class='ocrx_word' id='word_1_22' title='bbox 171 756 293 812; x_wconf 76' lang='lat' dir='ltr'>CAP.</span> <span class='ocrx_word' id='word_1_23' title='bbox 330 757 427 812; x_wconf 85' lang='lat' dir='ltr'>III.</span> <span class='ocrx_word' id='word_1_24' title='bbox 452 789 522 798; x_wconf 92' lang='lat'>—-</span> <span class='ocrx_word' id='word_1_25' title='bbox 547 760 620 814; x_wconf 91' lang='lat' dir='ltr'>De</span> <span class='ocrx_word' id='word_1_26' title='bbox 643 761 961 829; x_wconf 78' lang='lat' dir='ltr'>ignorantia</span> <span class='ocrx_word' id='word_1_27' title='bbox 1002 763 1292 888; x_wconf 57' lang='grc' dir='ltr'>6(Ξυίιιιηιια,</span> <span class='ocrx_word' id='word_1_28' title='bbox 1336 768 1386 818; x_wconf 90' lang='lat' dir='ltr'>et</span> <span class='ocrx_word' id='word_1_29' title='bbox 1426 763 1679 818; x_wconf 81' lang='lat' dir='ltr'>doctrina</span> <span class='ocrx_word' id='word_1_30' title='bbox 1712 779 1821 817; x_wconf 84' lang='lat' dir='ltr'>ser-</span> 
     </span>
     <span class='ocr_line' id='line_1_6' title="bbox 891 851 1090 888; baseline 0.005 -1"><span class='ocrx_word' id='word_1_31' title='bbox 891 851 994 887; x_wconf 82' lang='lat' dir='ltr'>van</span> <span class='ocrx_word' id='word_1_32' title='bbox 1038 853 1090 888; x_wconf 91' lang='lat' dir='ltr'>a.</span> 
     </span>
    </p>
   </div>
   <div class='ocr_carea' id='block_1_6' title="bbox 891 851 1090 888">
    <p class='ocr_par' dir='ltr' id='par_1_6' title="bbox 891 851 1090 888">
     <span class='ocr_line' id='line_1_7' title="bbox 891 851 1090 888; baseline 0.005 -1"><span class='ocrx_word' id='word_1_33' title='bbox 891 851 1090 888; x_wconf 82' lang='lat' dir='ltr'>vunaa.</span> 
     </span>
    </p>
   </div>
   <div class='ocr_carea' id='block_1_7' title="bbox 238 918 1817 994">
    <p class='ocr_par' dir='ltr' id='par_1_7' title="bbox 238 918 1817 994">
     <span class='ocr_line' id='line_1_8' title="bbox 238 918 1817 994; baseline 0.003 -21"><span class='ocrx_word' id='word_1_34' title='bbox 238 918 465 989; x_wconf 85' lang='lat' dir='ltr'>(Concil.</span> <span class='ocrx_word' id='word_1_35' title='bbox 502 919 667 975; x_wconf 82' lang='lat' dir='ltr'>Tolet.</span> <span class='ocrx_word' id='word_1_36' title='bbox 704 938 779 986; x_wconf 88' lang='lat' dir='ltr'>Iv,</span> <span class='ocrx_word' id='word_1_37' title='bbox 815 938 864 977; x_wconf 93' lang='lat' dir='ltr'>o.</span> <span class='ocrx_word' id='word_1_38' title='bbox 896 924 986 994; x_wconf 73' lang='grc'>24)</span> <span class='ocrx_word' id='word_1_39' title='bbox 1036 924 1375 993; x_wconf 82' lang='lat' dir='ltr'>Ignorantia</span> <span class='ocrx_word' id='word_1_40' title='bbox 1418 930 1606 978; x_wconf 86' lang='lat' dir='ltr'>mater</span> <span class='ocrx_word' id='word_1_41' title='bbox 1638 940 1817 977; x_wconf 90' lang='lat' dir='ltr'>cunc-</span> 
     </span>
    </p>
   </div>
   <div class='ocr_carea' id='block_1_8' title="bbox 174 1010 1822 1067">
    <p class='ocr_par' dir='ltr' id='par_1_8' title="bbox 174 1010 1822 1067">
     <span class='ocr_line' id='line_1_9' title="bbox 174 1010 1822 1067; baseline 0.002 -4"><span class='ocrx_word' id='word_1_42' title='bbox 174 1012 359 1063; x_wconf 88' lang='lat' dir='ltr'>torum</span> <span class='ocrx_word' id='word_1_43' title='bbox 392 1026 655 1064; x_wconf 90' lang='lat' dir='ltr'>errorum</span> <span class='ocrx_word' id='word_1_44' title='bbox 690 1010 938 1065; x_wconf 83' lang='lat' dir='ltr'>Maxime</span> <span class='ocrx_word' id='word_1_45' title='bbox 985 1015 1387 1067; x_wconf 81' lang='lat' dir='ltr'>sacerdotibus</span> <span class='ocrx_word' id='word_1_46' title='bbox 1438 1013 1536 1067; x_wconf 93' lang='lat' dir='ltr'>Dei</span> <span class='ocrx_word' id='word_1_47' title='bbox 1586 1014 1822 1067; x_wconf 83' lang='lat' dir='ltr'>vitanda</span> 
     </span>
    </p>
   </div>
   <div class='ocr_carea' id='block_1_9' title="bbox 175 1098 1819 1173">
    <p class='ocr_par' dir='ltr' id='par_1_9' title="bbox 175 1098 1819 1173">
     <span class='ocr_line' id='line_1_10' title="bbox 175 1098 1819 1173; baseline 0.002 -22"><span class='ocrx_word' id='word_1_48' title='bbox 175 1100 275 1163; x_wconf 89' lang='lat' dir='ltr'>est,</span> <span class='ocrx_word' id='word_1_49' title='bbox 304 1098 405 1167; x_wconf 87' lang='lat' dir='ltr'>qui</span> <span class='ocrx_word' id='word_1_50' title='bbox 439 1098 683 1152; x_wconf 83' lang='lat' dir='ltr'>docendi</span> <span class='ocrx_word' id='word_1_51' title='bbox 716 1101 975 1155; x_wconf 82' lang='lat' dir='ltr'>ofﬁcium</span> <span class='ocrx_word' id='word_1_52' title='bbox 1008 1101 1065 1155; x_wconf 93' lang='lat' dir='ltr'>in</span> <span class='ocrx_word' id='word_1_53' title='bbox 1120 1102 1353 1173; x_wconf 85' lang='lat' dir='ltr'>pepulis</span> <span class='ocrx_word' id='word_1_54' title='bbox 1410 1106 1819 1171; x_wconf 85' lang='lat' dir='ltr'>susceperunt.</span> 
     </span>
    </p>
   </div>
   <div class='ocr_carea' id='block_1_10' title="bbox 176 1185 1826 1261">
    <p class='ocr_par' dir='ltr' id='par_1_10' title="bbox 176 1185 1826 1261">
     <span class='ocr_line' id='line_1_11' title="bbox 176 1185 1826 1261; baseline 0.002 -20"><span class='ocrx_word' id='word_1_55' title='bbox 176 1185 512 1241; x_wconf 80' lang='lat' dir='ltr'>Sacerdotes</span> <span class='ocrx_word' id='word_1_56' title='bbox 526 1189 679 1242; x_wconf 89' lang='lat' dir='ltr'>enim</span> <span class='ocrx_word' id='word_1_57' title='bbox 700 1187 885 1256; x_wconf 75' lang='lat' dir='ltr'>legere</span> <span class='ocrx_word' id='word_1_58' title='bbox 901 1197 1136 1245; x_wconf 86' lang='lat' dir='ltr'>sanctas</span> <span class='ocrx_word' id='word_1_59' title='bbox 1151 1192 1267 1245; x_wconf 84' lang='lat' dir='ltr'>Scri</span> <span class='ocrx_word' id='word_1_60' title='bbox 1280 1198 1474 1261; x_wconf 78' lang='lat' dir='ltr'>pturas</span> <span class='ocrx_word' id='word_1_61' title='bbox 1496 1194 1826 1261; x_wconf 78' lang='lat' dir='ltr'>frequenter</span> 
     </span>
    </p>
   </div>
   <div class='ocr_carea' id='block_1_11' title="bbox 175 1275 1828 1345">
    <p class='ocr_par' dir='ltr' id='par_1_11' title="bbox 175 1275 1828 1345">
     <span class='ocr_line' id='line_1_12' title="bbox 175 1275 1828 1345; baseline 0.002 -16"><span class='ocrx_word' id='word_1_62' title='bbox 175 1275 447 1329; x_wconf 88' lang='lat' dir='ltr'>admonet</span> <span class='ocrx_word' id='word_1_63' title='bbox 477 1277 812 1345; x_wconf 78' lang='lat' dir='ltr'>Apostolus,</span> <span class='ocrx_word' id='word_1_64' title='bbox 838 1278 1037 1332; x_wconf 86' lang='lat' dir='ltr'>dicens</span> <span class='ocrx_word' id='word_1_65' title='bbox 1062 1280 1130 1333; x_wconf 90' lang='lat' dir='ltr'>ad</span> <span class='ocrx_word' id='word_1_66' title='bbox 1160 1280 1533 1333; x_wconf 79' lang='lat' dir='ltr'>Timotheum</span> <span class='ocrx_word' id='word_1_67' title='bbox 1561 1296 1574 1332; x_wconf 90' lang='lat'><strong>:</strong></span> <span class='ocrx_word' id='word_1_68' title='bbox 1600 1279 1828 1333; x_wconf 81' lang='lat' dir='ltr'>Attende</span> 
     </span>
    </p>
   </div>
   <div class='ocr_carea' id='block_1_12' title="bbox 172 1364 1822 1439">
    <p class='ocr_par' dir='ltr' id='par_1_12' title="bbox 172 1364 1822 1439">
     <span class='ocr_line' id='line_1_13' title="bbox 172 1364 1822 1439; baseline 0.002 -22"><span class='ocrx_word' id='word_1_69' title='bbox 172 1364 409 1430; x_wconf 78' lang='lat' dir='ltr'>lectioni,</span> <span class='ocrx_word' id='word_1_70' title='bbox 442 1364 816 1421; x_wconf 72' lang='lat' dir='ltr'>exhortationi</span> <span class='ocrx_word' id='word_1_71' title='bbox 833 1373 885 1422; x_wconf 89' lang='lat' dir='ltr'>et</span> <span class='ocrx_word' id='word_1_72' title='bbox 902 1368 1187 1425; x_wconf 49' lang='lat' dir='ltr'>doctrinm.</span> <span class='ocrx_word' id='word_1_73' title='bbox 1215 1369 1434 1439; x_wconf 84' lang='lat' dir='ltr'>Semper</span> <span class='ocrx_word' id='word_1_74' title='bbox 1450 1385 1718 1438; x_wconf 75' lang='lat' dir='ltr'>permane</span> <span class='ocrx_word' id='word_1_75' title='bbox 1736 1368 1822 1421; x_wconf 76' lang='lat' dir='ltr'>his</span> 
     </span>
    </p>
   </div>
   <div class='ocr_carea' id='block_1_13' title="bbox 172 1453 1825 1529">
    <p class='ocr_par' dir='ltr' id='par_1_13' title="bbox 172 1453 1825 1529">
     <span class='ocr_line' id='line_1_14' title="bbox 172 1453 1825 1529; baseline 0.001 -21"><span class='ocrx_word' id='word_1_76' title='bbox 172 1453 217 1524; x_wconf 93' lang='grc'>(1</span> <span class='ocrx_word' id='word_1_77' title='bbox 250 1454 384 1508; x_wconf 73' lang='lat' dir='ltr'>lim.</span> <span class='ocrx_word' id='word_1_78' title='bbox 421 1471 495 1521; x_wconf 84' lang='lat' dir='ltr'>IV,</span> <span class='ocrx_word' id='word_1_79' title='bbox 528 1455 635 1527; x_wconf 89' lang='grc'>13).</span> <span class='ocrx_word' id='word_1_80' title='bbox 665 1456 863 1511; x_wconf 84' lang='lat' dir='ltr'>Sciant</span> <span class='ocrx_word' id='word_1_81' title='bbox 892 1456 1073 1528; x_wconf 80' lang='lat' dir='ltr'>igitur</span> <span class='ocrx_word' id='word_1_82' title='bbox 1123 1459 1456 1512; x_wconf 88' lang='lat' dir='ltr'>sacerdotes</span> <span class='ocrx_word' id='word_1_83' title='bbox 1489 1457 1825 1529; x_wconf 72' lang='lat' dir='ltr'>Scripturas</span> 
     </span>
    </p>
   </div>
   <div class='ocr_carea' id='block_1_14' title="bbox 169 1545 1828 1618">
    <p class='ocr_par' dir='ltr' id='par_1_14' title="bbox 169 1545 1828 1618">
     <span class='ocr_line' id='line_1_15' title="bbox 169 1545 1828 1618; baseline 0.001 -20"><span class='ocrx_word' id='word_1_84' title='bbox 169 1547 222 1598; x_wconf 90' lang='lat' dir='ltr'>et</span> <span class='ocrx_word' id='word_1_85' title='bbox 251 1559 528 1614; x_wconf 88' lang='lat' dir='ltr'>canones,</span> <span class='ocrx_word' id='word_1_86' title='bbox 562 1550 619 1599; x_wconf 91' lang='lat' dir='ltr'>et</span> <span class='ocrx_word' id='word_1_87' title='bbox 651 1562 824 1601; x_wconf 90' lang='lat' dir='ltr'>omne</span> <span class='ocrx_word' id='word_1_88' title='bbox 855 1563 1003 1617; x_wconf 90' lang='lat' dir='ltr'>opus</span> <span class='ocrx_word' id='word_1_89' title='bbox 1033 1563 1234 1601; x_wconf 89' lang='lat' dir='ltr'>eorum</span> <span class='ocrx_word' id='word_1_90' title='bbox 1270 1547 1328 1600; x_wconf 89' lang='lat' dir='ltr'>in</span> <span class='ocrx_word' id='word_1_91' title='bbox 1362 1545 1738 1618; x_wconf 67' lang='lat' dir='ltr'>prtedictione</span> <span class='ocrx_word' id='word_1_92' title='bbox 1771 1549 1828 1600; x_wconf 90' lang='lat' dir='ltr'>et</span> 
     </span>
    </p>
   </div>
   <div class='ocr_carea' id='block_1_15' title="bbox 170 1632 1829 1707">
    <p class='ocr_par' dir='ltr' id='par_1_15' title="bbox 170 1632 1829 1707">
     <span class='ocr_line' id='line_1_16' title="bbox 170 1632 1829 1707; baseline 0.001 -21"><span class='ocrx_word' id='word_1_93' title='bbox 170 1632 435 1687; x_wconf 87' lang='lat' dir='ltr'>doctrina</span> <span class='ocrx_word' id='word_1_94' title='bbox 448 1634 934 1707; x_wconf 88' lang='lat' dir='ltr'>consistat,atque</span> <span class='ocrx_word' id='word_1_95' title='bbox 958 1637 1243 1691; x_wconf 57' lang='lat' dir='ltr'>aediﬁcent</span> <span class='ocrx_word' id='word_1_96' title='bbox 1266 1641 1507 1691; x_wconf 90' lang='lat' dir='ltr'>cunctos</span> <span class='ocrx_word' id='word_1_97' title='bbox 1534 1640 1649 1690; x_wconf 88' lang='lat' dir='ltr'>tam</span> <span class='ocrx_word' id='word_1_98' title='bbox 1669 1635 1829 1702; x_wconf 87' lang='lat' dir='ltr'>ﬁdei,</span> 
     </span>
    </p>
   </div>
   <div class='ocr_carea' id='block_1_16' title="bbox 173 1721 1268 1799">
    <p class='ocr_par' dir='ltr' id='par_1_16' title="bbox 173 1721 1268 1799">
     <span class='ocr_line' id='line_1_17' title="bbox 173 1721 1268 1799; baseline 0.005 -23"><span class='ocrx_word' id='word_1_99' title='bbox 173 1721 418 1777; x_wconf 88' lang='lat' dir='ltr'>scientia</span> <span class='ocrx_word' id='word_1_100' title='bbox 446 1740 625 1795; x_wconf 88' lang='lat' dir='ltr'>quam</span> <span class='ocrx_word' id='word_1_101' title='bbox 660 1740 906 1796; x_wconf 90' lang='lat' dir='ltr'>operum</span> <span class='ocrx_word' id='word_1_102' title='bbox 940 1726 1268 1799; x_wconf 87' lang='lat' dir='ltr'>disciplina.</span> 
     </span>
    </p>
   </div>
   <div class='ocr_carea' id='block_1_17' title="bbox 172 1827 1828 1903">
    <p class='ocr_par' dir='ltr' id='par_1_17' title="bbox 172 1827 1828 1903">
     <span class='ocr_line' id='line_1_18' title="bbox 172 1827 1828 1903; baseline 0.002 -20"><span class='ocrx_word' id='word_1_103' title='bbox 172 1827 305 1884; x_wconf 76' lang='lat' dir='ltr'>CAP.</span> <span class='ocrx_word' id='word_1_104' title='bbox 343 1828 437 1884; x_wconf 94' lang='lat' dir='ltr'>IV.</span> <span class='ocrx_word' id='word_1_105' title='bbox 474 1861 543 1871; x_wconf 90' lang='lat'>-—</span> <span class='ocrx_word' id='word_1_106' title='bbox 572 1833 633 1888; x_wconf 97' lang='lat' dir='ltr'>Ut</span> <span class='ocrx_word' id='word_1_107' title='bbox 689 1849 871 1888; x_wconf 89' lang='lat' dir='ltr'>omnes</span> <span class='ocrx_word' id='word_1_108' title='bbox 927 1833 1091 1903; x_wconf 85' lang='lat' dir='ltr'>ﬁdem</span> <span class='ocrx_word' id='word_1_109' title='bbox 1123 1834 1455 1889; x_wconf 83' lang='lat' dir='ltr'>catholicam</span> <span class='ocrx_word' id='word_1_110' title='bbox 1512 1832 1828 1887; x_wconf 80' lang='lat' dir='ltr'>memoriter</span> 
     </span>
    </p>
   </div>
   <div class='ocr_carea' id='block_1_18' title="bbox 882 1908 1124 1960">
    <p class='ocr_par' dir='ltr' id='par_1_18' title="bbox 882 1908 1124 1960">
     <span class='ocr_line' id='line_1_19' title="bbox 882 1908 1124 1960; baseline 0 -1"><span class='ocrx_word' id='word_1_111' title='bbox 882 1908 1124 1960; x_wconf 84' lang='lat' dir='ltr'>teneant.</span> 
     </span>
    </p>
   </div>
   <div class='ocr_carea' id='block_1_19' title="bbox 246 1988 1835 2065">
    <p class='ocr_par' dir='ltr' id='par_1_19' title="bbox 246 1988 1835 2065">
     <span class='ocr_line' id='line_1_20' title="bbox 246 1988 1835 2065; baseline 0.003 -23"><span class='ocrx_word' id='word_1_112' title='bbox 246 1988 443 2045; x_wconf 88' lang='lat' dir='ltr'>Primo</span> <span class='ocrx_word' id='word_1_113' title='bbox 461 1990 729 2047; x_wconf 90' lang='lat' dir='ltr'>omnium</span> <span class='ocrx_word' id='word_1_114' title='bbox 744 1992 915 2048; x_wconf 88' lang='lat' dir='ltr'>ﬁdem</span> <span class='ocrx_word' id='word_1_115' title='bbox 936 1993 1283 2049; x_wconf 87' lang='lat' dir='ltr'>catholicam</span> <span class='ocrx_word' id='word_1_116' title='bbox 1308 1994 1420 2065; x_wconf 89' lang='grc'>(17)</span> <span class='ocrx_word' id='word_1_117' title='bbox 1443 2010 1647 2049; x_wconf 90' lang='lat' dir='ltr'>omnes</span> <span class='ocrx_word' id='word_1_118' title='bbox 1672 2009 1835 2064; x_wconf 88' lang='lat' dir='ltr'>pres-</span> 
     </span>
    </p>
   </div>
   <div class='ocr_carea' id='block_1_20' title="bbox 175 2076 1831 2150">
    <p class='ocr_par' dir='ltr' id='par_1_20' title="bbox 175 2076 1831 2150">
     <span class='ocr_line' id='line_1_21' title="bbox 175 2076 1831 2150; baseline 0.003 -19"><span class='ocrx_word' id='word_1_119' title='bbox 175 2076 358 2150; x_wconf 80' lang='lat' dir='ltr'>byteri</span> <span class='ocrx_word' id='word_1_120' title='bbox 384 2084 439 2133; x_wconf 91' lang='lat' dir='ltr'>et</span> <span class='ocrx_word' id='word_1_121' title='bbox 461 2080 821 2147; x_wconf 81' lang='lat' dir='ltr'>diaconi,seu</span> <span class='ocrx_word' id='word_1_122' title='bbox 846 2083 1187 2138; x_wconf 89' lang='lat' dir='ltr'>subdiaconi</span> <span class='ocrx_word' id='word_1_123' title='bbox 1218 2083 1554 2139; x_wconf 82' lang='lat' dir='ltr'>memoriter</span> <span class='ocrx_word' id='word_1_124' title='bbox 1574 2086 1831 2137; x_wconf 84' lang='lat' dir='ltr'>teneant.</span> 
     </span>
    </p>
   </div>
   <div class='ocr_carea' id='block_1_21' title="bbox 179 2166 1836 2243">
    <p class='ocr_par' dir='ltr' id='par_1_21' title="bbox 179 2166 1836 2243">
     <span class='ocr_line' id='line_1_22' title="bbox 179 2166 1836 2243; baseline 0.002 -21"><span class='ocrx_word' id='word_1_125' title='bbox 179 2166 251 2222; x_wconf 90' lang='lat' dir='ltr'>Ut</span> <span class='ocrx_word' id='word_1_126' title='bbox 280 2167 329 2221; x_wconf 87' lang='lat' dir='ltr'>si</span> <span class='ocrx_word' id='word_1_127' title='bbox 366 2169 498 2240; x_wconf 83' lang='lat' dir='ltr'>quis</span> <span class='ocrx_word' id='word_1_128' title='bbox 532 2168 640 2223; x_wconf 86' lang='lat' dir='ltr'>hoc</span> <span class='ocrx_word' id='word_1_129' title='bbox 661 2171 989 2225; x_wconf 79' lang='lat' dir='ltr'>faciendum</span> <span class='ocrx_word' id='word_1_130' title='bbox 1012 2172 1836 2243; x_wconf 62' lang='lat' dir='ltr'>prietermittat,quadraginta</span> 
     </span>
    </p>
   </div>
   <div class='ocr_carea' id='block_1_22' title="bbox 177 2256 1834 2331">
    <p class='ocr_par' dir='ltr' id='par_1_22' title="bbox 177 2256 1834 2331">
     <span class='ocr_line' id='line_1_23' title="bbox 177 2256 1834 2331; baseline 0.003 -22"><span class='ocrx_word' id='word_1_131' title='bbox 177 2256 390 2312; x_wconf 90' lang='lat' dir='ltr'>diebus</span> <span class='ocrx_word' id='word_1_132' title='bbox 422 2276 455 2313; x_wconf 90' lang='lat' dir='ltr'>a</span> <span class='ocrx_word' id='word_1_133' title='bbox 484 2258 617 2314; x_wconf 90' lang='lat' dir='ltr'>vino</span> <span class='ocrx_word' id='word_1_134' title='bbox 650 2277 712 2314; x_wconf 87' lang='lat' dir='ltr'>se</span> <span class='ocrx_word' id='word_1_135' title='bbox 745 2261 1057 2316; x_wconf 86' lang='lat' dir='ltr'>abstineat.</span> <span class='ocrx_word' id='word_1_136' title='bbox 1093 2263 1159 2316; x_wconf 86' lang='lat' dir='ltr'>Et</span> <span class='ocrx_word' id='word_1_137' title='bbox 1190 2261 1238 2316; x_wconf 91' lang='lat' dir='ltr'>si</span> <span class='ocrx_word' id='word_1_138' title='bbox 1274 2262 1834 2331; x_wconf 85' lang='lat' dir='ltr'>postabstinentiam</span> 
     </span>
    </p>
   </div>
   <div class='ocr_carea' id='block_1_23' title="bbox 176 2346 1833 2423">
    <p class='ocr_par' dir='ltr' id='par_1_23' title="bbox 176 2346 1833 2423">
     <span class='ocr_line' id='line_1_24' title="bbox 176 2346 1833 2423; baseline 0.003 -23"><span class='ocrx_word' id='word_1_139' title='bbox 176 2346 523 2417; x_wconf 83' lang='lat' dir='ltr'>neglexerit,</span> <span class='ocrx_word' id='word_1_140' title='bbox 556 2349 1072 2405; x_wconf 88' lang='lat' dir='ltr'>condemnandum</span> <span class='ocrx_word' id='word_1_141' title='bbox 1134 2350 1444 2423; x_wconf 86' lang='lat' dir='ltr'>dupliciter</span> <span class='ocrx_word' id='word_1_142' title='bbox 1492 2352 1551 2405; x_wconf 90' lang='lat' dir='ltr'>in</span> <span class='ocrx_word' id='word_1_143' title='bbox 1603 2368 1668 2405; x_wconf 92' lang='lat' dir='ltr'>eo</span> <span class='ocrx_word' id='word_1_144' title='bbox 1699 2368 1833 2405; x_wconf 82' lang='lat' dir='ltr'>sen-</span> 
     </span>
    </p>
   </div>
   <div class='ocr_carea' id='block_1_24' title="bbox 175 2438 385 2492">
    <p class='ocr_par' dir='ltr' id='par_1_24' title="bbox 175 2438 385 2492">
     <span class='ocr_line' id='line_1_25' title="bbox 175 2438 385 2492; baseline 0.005 -1"><span class='ocrx_word' id='word_1_145' title='bbox 175 2438 385 2492; x_wconf 84' lang='lat' dir='ltr'>tentia.</span> 
     </span>
    </p>
   </div>
   <div class='ocr_carea' id='block_1_25' title="bbox 165 2542 1829 2616">
    <p class='ocr_par' dir='ltr' id='par_1_25' title="bbox 165 2542 1829 2616">
     <span class='ocr_line' id='line_1_26' title="bbox 165 2542 1829 2616; baseline 0.002 -19"><span class='ocrx_word' id='word_1_146' title='bbox 165 2542 305 2598; x_wconf 81' lang='lat' dir='ltr'>CAP.</span> <span class='ocrx_word' id='word_1_147' title='bbox 336 2542 408 2597; x_wconf 88' lang='lat' dir='ltr'>V.</span> <span class='ocrx_word' id='word_1_148' title='bbox 444 2572 515 2583; x_wconf 87' lang='lat'>—-</span> <span class='ocrx_word' id='word_1_149' title='bbox 548 2548 626 2598; x_wconf 87' lang='lat' dir='ltr'>De</span> <span class='ocrx_word' id='word_1_150' title='bbox 654 2545 987 2615; x_wconf 83' lang='lat' dir='ltr'>negligentia</span> <span class='ocrx_word' id='word_1_151' title='bbox 1040 2546 1297 2611; x_wconf 82' lang='lat' dir='ltr'>cavenda,</span> <span class='ocrx_word' id='word_1_152' title='bbox 1359 2548 1572 2612; x_wconf 75' lang='lat' dir='ltr'>iustitia</span> <span class='ocrx_word' id='word_1_153' title='bbox 1619 2546 1829 2616; x_wconf 81' lang='lat' dir='ltr'>ample-</span> 
     </span>
    </p>
   </div>
   <div class='ocr_carea' id='block_1_26' title="bbox 585 2617 1428 2682">
    <p class='ocr_par' dir='ltr' id='par_1_26' title="bbox 585 2617 1428 2682">
     <span class='ocr_line' id='line_1_27' title="bbox 585 2617 1428 2682; baseline 0.004 -14"><span class='ocrx_word' id='word_1_154' title='bbox 585 2617 800 2682; x_wconf 78' lang='lat' dir='ltr'>ctenda,</span> <span class='ocrx_word' id='word_1_155' title='bbox 835 2621 885 2671; x_wconf 86' lang='lat' dir='ltr'>et</span> <span class='ocrx_word' id='word_1_156' title='bbox 926 2627 1036 2671; x_wconf 74' lang='lat' dir='ltr'>vita</span> <span class='ocrx_word' id='word_1_157' title='bbox 1066 2618 1428 2671; x_wconf 81' lang='lat' dir='ltr'>emendanda.</span> 
     </span>
    </p>
   </div>
   <div class='ocr_carea' id='block_1_27' title="bbox 235 2701 1836 2777">
    <p class='ocr_par' dir='ltr' id='par_1_27' title="bbox 235 2701 1836 2777">
     <span class='ocr_line' id='line_1_28' title="bbox 235 2701 1836 2777; baseline 0.002 -20"><span class='ocrx_word' id='word_1_158' title='bbox 235 2702 431 2757; x_wconf 89' lang='lat' dir='ltr'>Nemo</span> <span class='ocrx_word' id='word_1_159' title='bbox 462 2701 808 2759; x_wconf 88' lang='lat' dir='ltr'>clericorum</span> <span class='ocrx_word' id='word_1_160' title='bbox 845 2704 992 2758; x_wconf 90' lang='lat' dir='ltr'>ullra</span> <span class='ocrx_word' id='word_1_161' title='bbox 1026 2707 1145 2759; x_wconf 56' lang='lat' dir='ltr'>hac</span> <span class='ocrx_word' id='word_1_162' title='bbox 1179 2723 1308 2777; x_wconf 65' lang='lat' dir='ltr'>quae</span> <span class='ocrx_word' id='word_1_163' title='bbox 1348 2707 1520 2776; x_wconf 89' lang='lat' dir='ltr'>jussa</span> <span class='ocrx_word' id='word_1_164' title='bbox 1551 2710 1687 2760; x_wconf 89' lang='lat' dir='ltr'>sunt</span> <span class='ocrx_word' id='word_1_165' title='bbox 1719 2705 1836 2760; x_wconf 90' lang='lat' dir='ltr'>dis-</span> 
     </span>
    </p>
   </div>
   <div class='ocr_carea' id='block_1_28' title="bbox 168 2791 1837 2866">
    <p class='ocr_par' dir='ltr' id='par_1_28' title="bbox 168 2791 1837 2866">
     <span class='ocr_line' id='line_1_29' title="bbox 168 2791 1837 2866; baseline 0.002 -19"><span class='ocrx_word' id='word_1_166' title='bbox 168 2791 435 2860; x_wconf 88' lang='lat' dir='ltr'>simulet,</span> <span class='ocrx_word' id='word_1_167' title='bbox 462 2797 564 2848; x_wconf 87' lang='lat' dir='ltr'>aut</span> <span class='ocrx_word' id='word_1_168' title='bbox 584 2793 878 2849; x_wconf 85' lang='lat' dir='ltr'>ullatenus</span> <span class='ocrx_word' id='word_1_169' title='bbox 896 2794 1188 2866; x_wconf 77' lang='lat' dir='ltr'>negligere</span> <span class='ocrx_word' id='word_1_170' title='bbox 1207 2798 1437 2860; x_wconf 81' lang='lat' dir='ltr'>audeat,</span> <span class='ocrx_word' id='word_1_171' title='bbox 1460 2796 1559 2850; x_wconf 85' lang='lat' dir='ltr'>sed</span> <span class='ocrx_word' id='word_1_172' title='bbox 1585 2795 1837 2850; x_wconf 88' lang='lat' dir='ltr'>libenter</span> 
     </span>
    </p>
   </div>
   <div class='ocr_carea' id='block_1_29' title="bbox 169 2882 1833 2957">
    <p class='ocr_par' dir='ltr' id='par_1_29' title="bbox 169 2882 1833 2957">
     <span class='ocr_line' id='line_1_30' title="bbox 169 2882 1833 2957; baseline 0.002 -21"><span class='ocrx_word' id='word_1_173' title='bbox 169 2882 424 2955; x_wconf 84' lang='lat' dir='ltr'>expleat,</span> <span class='ocrx_word' id='word_1_174' title='bbox 459 2888 515 2936; x_wconf 90' lang='lat' dir='ltr'>et</span> <span class='ocrx_word' id='word_1_175' title='bbox 539 2884 1501 2956; x_wconf 77' lang='lat' dir='ltr'>sacramentadivinanequaquam</span> <span class='ocrx_word' id='word_1_176' title='bbox 1538 2886 1833 2957; x_wconf 86' lang='lat' dir='ltr'>negligen-</span> 
     </span>
    </p>
   </div>
   <div class='ocr_carea' id='block_1_30' title="bbox 170 2972 1832 3046">
    <p class='ocr_par' dir='ltr' id='par_1_30' title="bbox 170 2972 1832 3046">
     <span class='ocr_line' id='line_1_31' title="bbox 170 2972 1832 3046; baseline 0.001 -19"><span class='ocrx_word' id='word_1_177' title='bbox 170 2976 259 3027; x_wconf 85' lang='lat' dir='ltr'>ter</span> <span class='ocrx_word' id='word_1_178' title='bbox 280 2977 631 3027; x_wconf 69' lang='lat' dir='ltr'>contrectat.</span> <span class='ocrx_word' id='word_1_179' title='bbox 666 2972 799 3028; x_wconf 91' lang='lat' dir='ltr'>Ideo</span> <span class='ocrx_word' id='word_1_180' title='bbox 823 2973 1204 3044; x_wconf 90' lang='lat' dir='ltr'>tamjuvenes</span> <span class='ocrx_word' id='word_1_181' title='bbox 1228 2991 1404 3046; x_wconf 88' lang='lat' dir='ltr'>quam</span> <span class='ocrx_word' id='word_1_182' title='bbox 1430 2991 1600 3029; x_wconf 89' lang='lat' dir='ltr'>senes</span> <span class='ocrx_word' id='word_1_183' title='bbox 1623 2976 1693 3029; x_wconf 89' lang='lat' dir='ltr'>dc</span> <span class='ocrx_word' id='word_1_184' title='bbox 1718 2976 1832 3043; x_wconf 88' lang='lat' dir='ltr'>his,</span> 
     </span>
    </p>
   </div>
   <div class='ocr_carea' id='block_1_31' title="bbox 171 3061 1836 3127">
    <p class='ocr_par' dir='ltr' id='par_1_31' title="bbox 171 3061 1836 3127">
     <span class='ocr_line' id='line_1_32' title="bbox 171 3061 1836 3127; baseline 0.002 -12"><span class='ocrx_word' id='word_1_185' title='bbox 171 3064 226 3115; x_wconf 88' lang='lat' dir='ltr'>et</span> <span class='ocrx_word' id='word_1_186' title='bbox 255 3062 329 3116; x_wconf 91' lang='lat' dir='ltr'>de</span> <span class='ocrx_word' id='word_1_187' title='bbox 364 3061 529 3115; x_wconf 90' lang='lat' dir='ltr'>omni</span> <span class='ocrx_word' id='word_1_188' title='bbox 580 3062 960 3117; x_wconf 86' lang='lat' dir='ltr'>conversione</span> <span class='ocrx_word' id='word_1_189' title='bbox 1010 3079 1138 3127; x_wconf 89' lang='lat' dir='ltr'>sua,</span> <span class='ocrx_word' id='word_1_190' title='bbox 1190 3080 1256 3117; x_wconf 90' lang='lat' dir='ltr'>ac</span> <span class='ocrx_word' id='word_1_191' title='bbox 1308 3064 1746 3119; x_wconf 85' lang='lat' dir='ltr'>conversatione</span> <span class='ocrx_word' id='word_1_192' title='bbox 1778 3069 1836 3118; x_wconf 90' lang='lat' dir='ltr'>et</span> 
     </span>
    </p>
   </div>
   <div class='ocr_carea' id='block_1_32' title="bbox 170 3149 1831 3224">
    <p class='ocr_par' dir='ltr' id='par_1_32' title="bbox 170 3149 1831 3224">
     <span class='ocr_line' id='line_1_33' title="bbox 170 3149 1831 3224; baseline 0.001 -19"><span class='ocrx_word' id='word_1_193' title='bbox 170 3151 523 3221; x_wconf 65' lang='lat' dir='ltr'>paenitentia</span> <span class='ocrx_word' id='word_1_194' title='bbox 540 3149 707 3205; x_wconf 84' lang='lat' dir='ltr'>valde</span> <span class='ocrx_word' id='word_1_195' title='bbox 724 3167 851 3205; x_wconf 88' lang='lat' dir='ltr'>esse</span> <span class='ocrx_word' id='word_1_196' title='bbox 874 3150 1446 3223; x_wconf 89' lang='lat' dir='ltr'>sollicitos,satisque</span> <span class='ocrx_word' id='word_1_197' title='bbox 1470 3170 1639 3223; x_wconf 86' lang='lat' dir='ltr'>agere</span> <span class='ocrx_word' id='word_1_198' title='bbox 1662 3170 1831 3224; x_wconf 90' lang='lat' dir='ltr'>opor-</span> 
     </span>
    </p>
   </div>
   <div class='ocr_carea' id='block_1_33' title="bbox 169 3239 1838 3312">
    <p class='ocr_par' dir='ltr' id='par_1_33' title="bbox 169 3239 1838 3312">
     <span class='ocr_line' id='line_1_34' title="bbox 169 3239 1838 3312; baseline 0.002 -19"><span class='ocrx_word' id='word_1_199' title='bbox 169 3243 270 3305; x_wconf 87' lang='lat' dir='ltr'>tet,</span> <span class='ocrx_word' id='word_1_200' title='bbox 304 3244 373 3294; x_wconf 88' lang='lat' dir='ltr'>ut</span> <span class='ocrx_word' id='word_1_201' title='bbox 404 3239 526 3294; x_wconf 69' lang='lat' dir='ltr'>haec</span> <span class='ocrx_word' id='word_1_202' title='bbox 558 3241 846 3311; x_wconf 81' lang='lat' dir='ltr'>condigne</span> <span class='ocrx_word' id='word_1_203' title='bbox 895 3246 1096 3310; x_wconf 80' lang='lat' dir='ltr'>agant,</span> <span class='ocrx_word' id='word_1_204' title='bbox 1147 3246 1204 3295; x_wconf 90' lang='lat' dir='ltr'>et</span> <span class='ocrx_word' id='word_1_205' title='bbox 1249 3242 1319 3295; x_wconf 89' lang='lat' dir='ltr'>de</span> <span class='ocrx_word' id='word_1_206' title='bbox 1372 3242 1595 3312; x_wconf 90' lang='lat' dir='ltr'>reliquo</span> <span class='ocrx_word' id='word_1_207' title='bbox 1628 3246 1838 3297; x_wconf 91' lang='lat' dir='ltr'>ornent</span> 
     </span>
    </p>
   </div>
   <div class='ocr_carea' id='block_1_34' title="bbox 1862 1952 1911 2016">
    <p class='ocr_par' dir='ltr' id='par_1_34' title="bbox 1862 1952 1911 2016">
     <span class='ocr_line' id='line_1_35' title="bbox 1862 1952 1911 2016; baseline 0 0"><span class='ocrx_word' id='word_1_208' title='bbox 1862 1952 1911 2016; x_wconf 94' lang='lat' dir='ltr'><strong>B</strong></span> 
     </span>
    </p>
   </div>
   <div class='ocr_carea' id='block_1_35' title="bbox 1931 645 3037 704">
    <p class='ocr_par' dir='ltr' id='par_1_35' title="bbox 1931 645 3037 704">
     <span class='ocr_line' id='line_1_36' title="bbox 1931 645 3037 704; baseline -0.005 0"><span class='ocrx_word' id='word_1_209' title='bbox 1931 649 2032 704; x_wconf 88' lang='lat' dir='ltr'>His</span> <span class='ocrx_word' id='word_1_210' title='bbox 2066 649 2361 704; x_wconf 89' lang='lat' dir='ltr'>alimentis</span> <span class='ocrx_word' id='word_1_211' title='bbox 2396 647 2637 701; x_wconf 88' lang='lat' dir='ltr'>virtutes</span> <span class='ocrx_word' id='word_1_212' title='bbox 2671 645 3037 700; x_wconf 90' lang='lat' dir='ltr'>nutriuntur.</span> 
     </span>
    </p>
   </div>
   <div class='ocr_carea' id='block_1_36' title="bbox 1931 751 3594 881">
    <p class='ocr_par' dir='ltr' id='par_1_36' title="bbox 1931 751 3594 881">
     <span class='ocr_line' id='line_1_37' title="bbox 1931 751 3594 881; baseline -0.003 -70"><span class='ocrx_word' id='word_1_213' title='bbox 1931 757 2067 813; x_wconf 78' lang='lat' dir='ltr'>CAP.</span> <span class='ocrx_word' id='word_1_214' title='bbox 2091 756 2212 811; x_wconf 87' lang='lat' dir='ltr'>VII.</span> <span class='ocrx_word' id='word_1_215' title='bbox 2237 787 2305 796; x_wconf 88' lang='lat'><strong><em>—</em></strong></span> <span class='ocrx_word' id='word_1_216' title='bbox 2328 755 2482 825; x_wconf 85' lang='lat' dir='ltr'>Quod</span> <span class='ocrx_word' id='word_1_217' title='bbox 2499 754 3000 881; x_wconf 47' lang='lat' dir='ltr'>sacerdpsbmissarn</span> <span class='ocrx_word' id='word_1_218' title='bbox 3053 751 3203 808; x_wconf 79' lang='lat' dir='ltr'>solus</span> <span class='ocrx_word' id='word_1_219' title='bbox 3243 767 3594 823; x_wconf 83' lang='lat' dir='ltr'>nequaquam</span> 
     </span>
     <span class='ocr_line' id='line_1_38' title="bbox 2634 842 2888 881; baseline -0.004 -2"><span class='ocrx_word' id='word_1_220' title='bbox 2634 843 2691 881; x_wconf 90' lang='lat' dir='ltr'>ce</span> <span class='ocrx_word' id='word_1_221' title='bbox 2715 842 2742 881; x_wconf 81' lang='grc' dir='ltr'><strong><em>ε</em></strong></span> <span class='ocrx_word' id='word_1_222' title='bbox 2780 842 2838 879; x_wconf 87' lang='lat' dir='ltr'>re</span> <span class='ocrx_word' id='word_1_223' title='bbox 2877 867 2888 879; x_wconf 96' lang='lat'>.</span> 
     </span>
    </p>
   </div>
   <div class='ocr_carea' id='block_1_37' title="bbox 2634 834 2888 882">
    <p class='ocr_par' dir='ltr' id='par_1_37' title="bbox 2634 834 2888 882">
     <span class='ocr_line' id='line_1_39' title="bbox 2634 834 2888 882; baseline -0.004 -3"><span class='ocrx_word' id='word_1_224' title='bbox 2634 834 2863 882; x_wconf 85' lang='lat' dir='ltr'>celebret</span> <span class='ocrx_word' id='word_1_225' title='bbox 2877 867 2888 879; x_wconf 95' lang='lat'>.</span> 
     </span>
    </p>
   </div>
   <div class='ocr_carea' id='block_1_38' title="bbox 2004 911 3593 989">
    <p class='ocr_par' dir='ltr' id='par_1_38' title="bbox 2004 911 3593 989">
     <span class='ocr_line' id='line_1_40' title="bbox 2004 911 3593 989; baseline -0.004 -16"><span class='ocrx_word' id='word_1_226' title='bbox 2004 919 2188 989; x_wconf 88' lang='lat' dir='ltr'>(Idem</span> <span class='ocrx_word' id='word_1_227' title='bbox 2221 915 2529 971; x_wconf 84' lang='lat' dir='ltr'>Theodulf.</span> <span class='ocrx_word' id='word_1_228' title='bbox 2565 933 2671 987; x_wconf 86' lang='lat' dir='ltr'>cap</span> <span class='ocrx_word' id='word_1_229' title='bbox 2699 915 2779 987; x_wconf 88' lang='lat'>7.)</span> <span class='ocrx_word' id='word_1_230' title='bbox 2812 914 3093 970; x_wconf 79' lang='lat' dir='ltr'>Sacerdos</span> <span class='ocrx_word' id='word_1_231' title='bbox 3128 911 3291 967; x_wconf 88' lang='lat' dir='ltr'>solus</span> <span class='ocrx_word' id='word_1_232' title='bbox 3347 911 3593 967; x_wconf 86' lang='lat' dir='ltr'>missam</span> 
     </span>
    </p>
   </div>
   <div class='ocr_carea' id='block_1_39' title="bbox 1933 1000 3588 1080">
    <p class='ocr_par' dir='ltr' id='par_1_39' title="bbox 1933 1000 3588 1080">
     <span class='ocr_line' id='line_1_41' title="bbox 1933 1000 3588 1080; baseline -0.005 -16"><span class='ocrx_word' id='word_1_233' title='bbox 1933 1025 2310 1080; x_wconf 84' lang='lat' dir='ltr'>nequaquam</span> <span class='ocrx_word' id='word_1_234' title='bbox 2345 1006 2620 1075; x_wconf 74' lang='lat' dir='ltr'>celebret,</span> <span class='ocrx_word' id='word_1_235' title='bbox 2657 1005 2797 1075; x_wconf 87' lang='lat' dir='ltr'>quia</span> <span class='ocrx_word' id='word_1_236' title='bbox 2828 1004 2981 1058; x_wconf 88' lang='lat' dir='ltr'>sicut</span> <span class='ocrx_word' id='word_1_237' title='bbox 3012 1002 3111 1057; x_wconf 88' lang='lat' dir='ltr'>illa</span> <span class='ocrx_word' id='word_1_238' title='bbox 3157 1000 3440 1057; x_wconf 88' lang='lat' dir='ltr'>celebrari</span> <span class='ocrx_word' id='word_1_239' title='bbox 3472 1018 3588 1056; x_wconf 88' lang='lat' dir='ltr'>non</span> 
     </span>
    </p>
   </div>
   <div class='ocr_carea' id='block_1_40' title="bbox 1934 1087 3596 1169">
    <p class='ocr_par' dir='ltr' id='par_1_40' title="bbox 1934 1087 3596 1169">
     <span class='ocr_line' id='line_1_42' title="bbox 1934 1087 3596 1169; baseline -0.005 -17"><span class='ocrx_word' id='word_1_240' title='bbox 1934 1087 2125 1169; x_wconf 86' lang='lat' dir='ltr'>potest</span> <span class='ocrx_word' id='word_1_241' title='bbox 2155 1101 2280 1152; x_wconf 89' lang='lat' dir='ltr'>sine</span> <span class='ocrx_word' id='word_1_242' title='bbox 2314 1095 2667 1150; x_wconf 85' lang='lat' dir='ltr'>salutatione</span> <span class='ocrx_word' id='word_1_243' title='bbox 2699 1093 3040 1157; x_wconf 89' lang='lat' dir='ltr'>sacerdotis,</span> <span class='ocrx_word' id='word_1_244' title='bbox 3078 1091 3457 1162; x_wconf 91' lang='lat' dir='ltr'>responsione</span> <span class='ocrx_word' id='word_1_245' title='bbox 3483 1090 3596 1162; x_wconf 86' lang='lat' dir='ltr'>ple-</span> 
     </span>
    </p>
   </div>
   <div class='ocr_carea' id='block_1_41' title="bbox 1936 1179 3597 1252">
    <p class='ocr_par' dir='ltr' id='par_1_41' title="bbox 1936 1179 3597 1252">
     <span class='ocr_line' id='line_1_43' title="bbox 1936 1179 3597 1252; baseline -0.005 -10"><span class='ocrx_word' id='word_1_246' title='bbox 1936 1187 2047 1249; x_wconf 85' lang='lat' dir='ltr'>bis,</span> <span class='ocrx_word' id='word_1_247' title='bbox 2081 1185 2483 1241; x_wconf 85' lang='lat' dir='ltr'>admonitione</span> <span class='ocrx_word' id='word_1_248' title='bbox 2517 1183 2860 1248; x_wconf 87' lang='lat' dir='ltr'>sacerdotis,</span> <span class='ocrx_word' id='word_1_249' title='bbox 2896 1180 3275 1252; x_wconf 88' lang='lat' dir='ltr'>responsione</span> <span class='ocrx_word' id='word_1_250' title='bbox 3301 1179 3597 1236; x_wconf 90' lang='lat' dir='ltr'>nihilomi-</span> 
     </span>
    </p>
   </div>
   <div class='ocr_carea' id='block_1_42' title="bbox 1938 1270 3595 1347">
    <p class='ocr_par' dir='ltr' id='par_1_42' title="bbox 1938 1270 3595 1347">
     <span class='ocr_line' id='line_1_44' title="bbox 1938 1270 3595 1347; baseline -0.005 -16"><span class='ocrx_word' id='word_1_251' title='bbox 1938 1295 2049 1331; x_wconf 80' lang='lat' dir='ltr'>nus</span> <span class='ocrx_word' id='word_1_252' title='bbox 2081 1276 2303 1347; x_wconf 85' lang='lat' dir='ltr'>plebis;</span> <span class='ocrx_word' id='word_1_253' title='bbox 2338 1276 2416 1328; x_wconf 88' lang='lat' dir='ltr'>ita</span> <span class='ocrx_word' id='word_1_254' title='bbox 2447 1274 2726 1327; x_wconf 88' lang='lat' dir='ltr'>nimirum</span> <span class='ocrx_word' id='word_1_255' title='bbox 2760 1286 3136 1342; x_wconf 82' lang='lat' dir='ltr'>nequaquam</span> <span class='ocrx_word' id='word_1_256' title='bbox 3168 1271 3241 1324; x_wconf 90' lang='lat' dir='ltr'>ab</span> <span class='ocrx_word' id='word_1_257' title='bbox 3275 1286 3390 1324; x_wconf 89' lang='lat' dir='ltr'>uno</span> <span class='ocrx_word' id='word_1_258' title='bbox 3423 1270 3595 1325; x_wconf 90' lang='lat' dir='ltr'>debet</span> 
     </span>
    </p>
   </div>
   <div class='ocr_carea' id='block_1_43' title="bbox 1935 1358 3592 1430">
    <p class='ocr_par' dir='ltr' id='par_1_43' title="bbox 1935 1358 3592 1430">
     <span class='ocr_line' id='line_1_45' title="bbox 1935 1358 3592 1430; baseline -0.005 -9"><span class='ocrx_word' id='word_1_259' title='bbox 1935 1365 2236 1422; x_wconf 88' lang='lat' dir='ltr'>celebrari.</span> <span class='ocrx_word' id='word_1_260' title='bbox 2276 1366 2413 1418; x_wconf 82' lang='lat' dir='ltr'>Esse</span> <span class='ocrx_word' id='word_1_261' title='bbox 2444 1363 2599 1417; x_wconf 90' lang='lat' dir='ltr'>enim</span> <span class='ocrx_word' id='word_1_262' title='bbox 2658 1361 2873 1415; x_wconf 84' lang='lat' dir='ltr'>debent</span> <span class='ocrx_word' id='word_1_263' title='bbox 2930 1358 3029 1430; x_wconf 89' lang='lat' dir='ltr'>qui</span> <span class='ocrx_word' id='word_1_264' title='bbox 3086 1360 3134 1412; x_wconf 91' lang='lat' dir='ltr'>ei</span> <span class='ocrx_word' id='word_1_265' title='bbox 3179 1359 3592 1428; x_wconf 88' lang='lat' dir='ltr'>circumstant,</span> 
     </span>
    </p>
   </div>
   <div class='ocr_carea' id='block_1_44' title="bbox 1937 1447 3593 1528">
    <p class='ocr_par' dir='ltr' id='par_1_44' title="bbox 1937 1447 3593 1528">
     <span class='ocr_line' id='line_1_46' title="bbox 1937 1447 3593 1528; baseline -0.004 -18"><span class='ocrx_word' id='word_1_266' title='bbox 1937 1473 2084 1528; x_wconf 90' lang='lat' dir='ltr'>quos</span> <span class='ocrx_word' id='word_1_267' title='bbox 2120 1455 2214 1509; x_wconf 89' lang='lat' dir='ltr'>ille</span> <span class='ocrx_word' id='word_1_268' title='bbox 2246 1453 2480 1515; x_wconf 85' lang='lat' dir='ltr'>salutet,</span> <span class='ocrx_word' id='word_1_269' title='bbox 2517 1470 2550 1507; x_wconf 90' lang='lat' dir='ltr'>a</span> <span class='ocrx_word' id='word_1_270' title='bbox 2580 1451 2797 1517; x_wconf 83' lang='lat' dir='ltr'>quibus</span> <span class='ocrx_word' id='word_1_271' title='bbox 2847 1448 2898 1503; x_wconf 91' lang='lat' dir='ltr'>ei</span> <span class='ocrx_word' id='word_1_272' title='bbox 2951 1447 3393 1518; x_wconf 80' lang='lat' dir='ltr'>respondeatur,</span> <span class='ocrx_word' id='word_1_273' title='bbox 3424 1453 3481 1502; x_wconf 90' lang='lat' dir='ltr'>et</span> <span class='ocrx_word' id='word_1_274' title='bbox 3522 1448 3593 1503; x_wconf 89' lang='lat' dir='ltr'>ad</span> 
     </span>
    </p>
   </div>
   <div class='ocr_carea' id='block_1_45' title="bbox 1939 1536 3593 1612">
    <p class='ocr_par' dir='ltr' id='par_1_45' title="bbox 1939 1536 3593 1612">
     <span class='ocr_line' id='line_1_47' title="bbox 1939 1536 3593 1612; baseline -0.005 -12"><span class='ocrx_word' id='word_1_275' title='bbox 1939 1544 2285 1600; x_wconf 89' lang='lat' dir='ltr'>memoriam</span> <span class='ocrx_word' id='word_1_276' title='bbox 2319 1541 2405 1597; x_wconf 89' lang='lat' dir='ltr'>illi</span> <span class='ocrx_word' id='word_1_277' title='bbox 2439 1541 2837 1597; x_wconf 90' lang='lat' dir='ltr'>reducendum</span> <span class='ocrx_word' id='word_1_278' title='bbox 2870 1542 2960 1592; x_wconf 90' lang='lat' dir='ltr'>est</span> <span class='ocrx_word' id='word_1_279' title='bbox 2989 1536 3133 1592; x_wconf 81' lang='lat' dir='ltr'>illud</span> <span class='ocrx_word' id='word_1_280' title='bbox 3182 1537 3548 1612; x_wconf 67' lang='lat' dir='ltr'>Dominicum</span> <span class='ocrx_word' id='word_1_281' title='bbox 3579 1554 3593 1592; x_wconf 92' lang='lat'>:</span> 
     </span>
    </p>
   </div>
   <div class='ocr_carea' id='block_1_46' title="bbox 1941 1628 3594 1704">
    <p class='ocr_par' dir='ltr' id='par_1_46' title="bbox 1941 1628 3594 1704">
     <span class='ocr_line' id='line_1_48' title="bbox 1941 1628 3594 1704; baseline -0.005 -13"><span class='ocrx_word' id='word_1_282' title='bbox 1941 1635 2256 1704; x_wconf 85' lang='lat' dir='ltr'>Ubicunque</span> <span class='ocrx_word' id='word_1_283' title='bbox 2283 1633 2502 1702; x_wconf 85' lang='lat' dir='ltr'>fuerint</span> <span class='ocrx_word' id='word_1_284' title='bbox 2555 1631 2683 1698; x_wconf 87' lang='lat' dir='ltr'>duo,</span> <span class='ocrx_word' id='word_1_285' title='bbox 2742 1630 2827 1684; x_wconf 86' lang='lat' dir='ltr'>vel</span> <span class='ocrx_word' id='word_1_286' title='bbox 2882 1632 2990 1683; x_wconf 81' lang='lat' dir='ltr'>tres</span> <span class='ocrx_word' id='word_1_287' title='bbox 3045 1628 3364 1698; x_wconf 85' lang='lat' dir='ltr'>congregati</span> <span class='ocrx_word' id='word_1_288' title='bbox 3394 1629 3455 1683; x_wconf 86' lang='lat' dir='ltr'>in</span> <span class='ocrx_word' id='word_1_289' title='bbox 3496 1642 3594 1684; x_wconf 88' lang='lat' dir='ltr'>n0-</span> 
     </span>
    </p>
   </div>
   <div class='ocr_carea' id='block_1_47' title="bbox 1938 1718 3596 1795">
    <p class='ocr_par' dir='ltr' id='par_1_47' title="bbox 1938 1718 3596 1795">
     <span class='ocr_line' id='line_1_49' title="bbox 1938 1718 3596 1795; baseline -0.004 -16"><span class='ocrx_word' id='word_1_290' title='bbox 1938 1726 2090 1780; x_wconf 89' lang='lat' dir='ltr'>mine</span> <span class='ocrx_word' id='word_1_291' title='bbox 2123 1738 2258 1791; x_wconf 91' lang='lat' dir='ltr'>meo,</span> <span class='ocrx_word' id='word_1_292' title='bbox 2291 1731 2344 1778; x_wconf 71' lang='lat' dir='ltr'>et</span> <span class='ocrx_word' id='word_1_293' title='bbox 2368 1738 2462 1795; x_wconf 88' lang='lat' dir='ltr'>ego</span> <span class='ocrx_word' id='word_1_294' title='bbox 2489 1724 2548 1777; x_wconf 91' lang='lat' dir='ltr'>in</span> <span class='ocrx_word' id='word_1_295' title='bbox 2570 1722 2748 1779; x_wconf 83' lang='lat' dir='ltr'>medio</span> <span class='ocrx_word' id='word_1_296' title='bbox 2804 1739 2994 1779; x_wconf 87' lang='lat' dir='ltr'>eorum</span> <span class='ocrx_word' id='word_1_297' title='bbox 3040 1739 3164 1778; x_wconf 78' lang='lat' dir='ltr'>sum</span> <span class='ocrx_word' id='word_1_298' title='bbox 3209 1718 3419 1793; x_wconf 83' lang='lat' dir='ltr'>(Matth.</span> <span class='ocrx_word' id='word_1_299' title='bbox 3452 1733 3596 1773; x_wconf 78' lang='lat' dir='ltr'>xvm</span> 
     </span>
    </p>
   </div>
   <div class='ocr_carea' id='block_1_48' title="bbox 1939 1815 2052 1885">
    <p class='ocr_par' dir='ltr' id='par_1_48' title="bbox 1939 1815 2052 1885">
     <span class='ocr_line' id='line_1_50' title="bbox 1939 1815 2052 1885; baseline 0.009 -17"><span class='ocrx_word' id='word_1_300' title='bbox 1939 1815 2052 1885; x_wconf 87' lang='lat'>20).</span> 
     </span>
    </p>
   </div>
   <div class='ocr_carea' id='block_1_49' title="bbox 1940 1916 3592 1988">
    <p class='ocr_par' dir='ltr' id='par_1_49' title="bbox 1940 1916 3592 1988">
     <span class='ocr_line' id='line_1_51' title="bbox 1940 1916 3592 1988; baseline -0.005 -11"><span class='ocrx_word' id='word_1_301' title='bbox 1940 1922 2073 1977; x_wconf 78' lang='lat' dir='ltr'>CAP.</span> <span class='ocrx_word' id='word_1_302' title='bbox 2108 1920 2256 1976; x_wconf 89' lang='lat' dir='ltr'>VIII.</span> <span class='ocrx_word' id='word_1_303' title='bbox 2290 1952 2359 1962; x_wconf 94' lang='lat'>-—</span> <span class='ocrx_word' id='word_1_304' title='bbox 2392 1920 2541 1988; x_wconf 86' lang='lat' dir='ltr'>Quod</span> <span class='ocrx_word' id='word_1_305' title='bbox 2567 1921 2816 1976; x_wconf 80' lang='lat' dir='ltr'>sacerdos</span> <span class='ocrx_word' id='word_1_306' title='bbox 2847 1922 3049 1975; x_wconf 74' lang='lat' dir='ltr'>missas</span> <span class='ocrx_word' id='word_1_307' title='bbox 3098 1919 3213 1974; x_wconf 86' lang='lat' dir='ltr'>nisi</span> <span class='ocrx_word' id='word_1_308' title='bbox 3255 1917 3487 1973; x_wconf 84' lang='lat' dir='ltr'>sacratis</span> <span class='ocrx_word' id='word_1_309' title='bbox 3518 1916 3592 1971; x_wconf 91' lang='lat' dir='ltr'>ab</span> 
     </span>
    </p>
   </div>
   <div class='ocr_carea' id='block_1_50' title="bbox 2085 1989 3451 2064">
    <p class='ocr_par' dir='ltr' id='par_1_50' title="bbox 2085 1989 3451 2064">
     <span class='ocr_line' id='line_1_52' title="bbox 2085 1989 3451 2064; baseline -0.004 -17"><span class='ocrx_word' id='word_1_310' title='bbox 2085 1995 2358 2064; x_wconf 83' lang='lat' dir='ltr'>Episcopo</span> <span class='ocrx_word' id='word_1_311' title='bbox 2392 1994 2522 2048; x_wconf 85' lang='lat' dir='ltr'>locis</span> <span class='ocrx_word' id='word_1_312' title='bbox 2550 2009 2661 2048; x_wconf 89' lang='lat' dir='ltr'>non</span> <span class='ocrx_word' id='word_1_313' title='bbox 2687 2000 2987 2064; x_wconf 73' lang='lat' dir='ltr'>praesumat</span> <span class='ocrx_word' id='word_1_314' title='bbox 3012 1991 3290 2047; x_wconf 86' lang='lat' dir='ltr'>celebrare</span> <span class='ocrx_word' id='word_1_315' title='bbox 3320 1989 3451 2059; x_wconf 80' lang='lat' dir='ltr'>(l8).</span> 
     </span>
    </p>
   </div>
   <div class='ocr_carea' id='block_1_51' title="bbox 2015 2076 3594 2154">
    <p class='ocr_par' dir='ltr' id='par_1_51' title="bbox 2015 2076 3594 2154">
     <span class='ocr_line' id='line_1_53' title="bbox 2015 2076 3594 2154; baseline -0.004 -17"><span class='ocrx_word' id='word_1_316' title='bbox 2015 2084 2121 2137; x_wconf 82' lang='lat' dir='ltr'>Hic</span> <span class='ocrx_word' id='word_1_317' title='bbox 2150 2083 2207 2136; x_wconf 91' lang='lat' dir='ltr'>in</span> <span class='ocrx_word' id='word_1_318' title='bbox 2245 2083 2507 2138; x_wconf 84' lang='lat' dir='ltr'>Romana</span> <span class='ocrx_word' id='word_1_319' title='bbox 2538 2084 2760 2154; x_wconf 88' lang='lat' dir='ltr'>synodo</span> <span class='ocrx_word' id='word_1_320' title='bbox 2791 2083 3174 2137; x_wconf 90' lang='lat' dir='ltr'>constitutum</span> <span class='ocrx_word' id='word_1_321' title='bbox 3216 2083 3304 2134; x_wconf 87' lang='lat' dir='ltr'>est</span> <span class='ocrx_word' id='word_1_322' title='bbox 3329 2076 3594 2134; x_wconf 89' lang='lat' dir='ltr'>omnium</span> 
     </span>
    </p>
   </div>
   <div class='ocr_carea' id='block_1_52' title="bbox 1946 2166 3595 2243">
    <p class='ocr_par' dir='ltr' id='par_1_52' title="bbox 1946 2166 3595 2243">
     <span class='ocr_line' id='line_1_54' title="bbox 1946 2166 3595 2243; baseline -0.005 -16"><span class='ocrx_word' id='word_1_323' title='bbox 1946 2189 2081 2227; x_wconf 91' lang='lat' dir='ltr'>cum</span> <span class='ocrx_word' id='word_1_324' title='bbox 2115 2188 2403 2227; x_wconf 81' lang='lat' dir='ltr'>consensu</span> <span class='ocrx_word' id='word_1_325' title='bbox 2438 2172 2667 2243; x_wconf 84' lang='lat' dir='ltr'>synodi,</span> <span class='ocrx_word' id='word_1_326' title='bbox 2702 2177 2767 2226; x_wconf 90' lang='lat' dir='ltr'>ut</span> <span class='ocrx_word' id='word_1_327' title='bbox 2799 2171 2998 2226; x_wconf 92' lang='lat' dir='ltr'>nullus</span> <span class='ocrx_word' id='word_1_328' title='bbox 3032 2170 3333 2241; x_wconf 79' lang='lat' dir='ltr'>presbyter</span> <span class='ocrx_word' id='word_1_329' title='bbox 3382 2166 3595 2221; x_wconf 90' lang='lat' dir='ltr'>missas</span> 
     </span>
    </p>
   </div>
   <div class='ocr_carea' id='block_1_53' title="bbox 1946 2258 3596 2330">
    <p class='ocr_par' dir='ltr' id='par_1_53' title="bbox 1946 2258 3596 2330">
     <span class='ocr_line' id='line_1_55' title="bbox 1946 2258 3596 2330; baseline -0.005 -14"><span class='ocrx_word' id='word_1_330' title='bbox 1946 2262 2063 2316; x_wconf 89' lang='lat' dir='ltr'>nisi</span> <span class='ocrx_word' id='word_1_331' title='bbox 2095 2262 2340 2315; x_wconf 88' lang='lat' dir='ltr'>sacratis</span> <span class='ocrx_word' id='word_1_332' title='bbox 2371 2261 2443 2314; x_wconf 89' lang='lat' dir='ltr'>ab</span> <span class='ocrx_word' id='word_1_333' title='bbox 2475 2261 2746 2330; x_wconf 88' lang='lat' dir='ltr'>episcopo</span> <span class='ocrx_word' id='word_1_334' title='bbox 2769 2259 2912 2314; x_wconf 89' lang='lat' dir='ltr'>locis</span> <span class='ocrx_word' id='word_1_335' title='bbox 2936 2258 3229 2312; x_wconf 78' lang='lat' dir='ltr'>celebrare</span> <span class='ocrx_word' id='word_1_336' title='bbox 3254 2258 3596 2327; x_wconf 78' lang='lat' dir='ltr'>praesumat,</span> 
     </span>
    </p>
   </div>
   <div class='ocr_carea' id='block_1_54' title="bbox 1948 2346 3595 2421">
    <p class='ocr_par' dir='ltr' id='par_1_54' title="bbox 1948 2346 3595 2421">
     <span class='ocr_line' id='line_1_56' title="bbox 1948 2346 3595 2421; baseline -0.003 -18"><span class='ocrx_word' id='word_1_337' title='bbox 1948 2351 2048 2421; x_wconf 89' lang='lat' dir='ltr'>qui</span> <span class='ocrx_word' id='word_1_338' title='bbox 2081 2348 2370 2419; x_wconf 88' lang='lat' dir='ltr'>particeps</span> <span class='ocrx_word' id='word_1_339' title='bbox 2400 2350 2470 2416; x_wconf 82' lang='lat' dir='ltr'>de</span> <span class='ocrx_word' id='word_1_340' title='bbox 2503 2353 2708 2402; x_wconf 75' lang='lat' dir='ltr'>caetero</span> <span class='ocrx_word' id='word_1_341' title='bbox 2766 2348 2858 2402; x_wconf 89' lang='lat' dir='ltr'>sui</span> <span class='ocrx_word' id='word_1_342' title='bbox 2914 2346 3165 2402; x_wconf 82' lang='lat' dir='ltr'>voluerit</span> <span class='ocrx_word' id='word_1_343' title='bbox 3222 2361 3351 2402; x_wconf 88' lang='lat' dir='ltr'>esse</span> <span class='ocrx_word' id='word_1_344' title='bbox 3402 2359 3595 2399; x_wconf 85' lang='lat' dir='ltr'>sacer-</span> 
     </span>
    </p>
   </div>
   <div class='ocr_carea' id='block_1_55' title="bbox 1948 2438 2112 2494">
    <p class='ocr_par' dir='ltr' id='par_1_55' title="bbox 1948 2438 2112 2494">
     <span class='ocr_line' id='line_1_57' title="bbox 1948 2438 2112 2494; baseline -0.006 -1"><span class='ocrx_word' id='word_1_345' title='bbox 1948 2438 2112 2494; x_wconf 90' lang='lat' dir='ltr'>dotii.</span> 
     </span>
    </p>
   </div>
   <div class='ocr_carea' id='block_1_56' title="bbox 2090 2541 3453 2614">
    <p class='ocr_par' dir='ltr' id='par_1_56' title="bbox 2090 2541 3453 2614">
     <span class='ocr_line' id='line_1_58' title="bbox 2090 2541 3453 2614; baseline -0.001 -15"><span class='ocrx_word' id='word_1_346' title='bbox 2090 2544 2222 2601; x_wconf 81' lang='lat' dir='ltr'>CAP.</span> <span class='ocrx_word' id='word_1_347' title='bbox 2253 2544 2343 2599; x_wconf 89' lang='lat' dir='ltr'>IX.</span> <span class='ocrx_word' id='word_1_348' title='bbox 2393 2576 2461 2585; x_wconf 93' lang='lat'><strong><em>—</em></strong></span> <span class='ocrx_word' id='word_1_349' title='bbox 2493 2544 2645 2613; x_wconf 83' lang='lat' dir='ltr'>Quod</span> <span class='ocrx_word' id='word_1_350' title='bbox 2674 2545 2873 2598; x_wconf 78' lang='lat' dir='ltr'>divina</span> <span class='ocrx_word' id='word_1_351' title='bbox 2900 2544 3168 2614; x_wconf 85' lang='lat' dir='ltr'>mysteria</span> <span class='ocrx_word' id='word_1_352' title='bbox 3215 2541 3453 2597; x_wconf 77' lang='lat' dir='ltr'>studiose</span> 
     </span>
    </p>
   </div>
   <div class='ocr_carea' id='block_1_57' title="bbox 2585 2615 2956 2672">
    <p class='ocr_par' dir='ltr' id='par_1_57' title="bbox 2585 2615 2956 2672">
     <span class='ocr_line' id='line_1_59' title="bbox 2585 2615 2956 2672; baseline 0 -1"><span class='ocrx_word' id='word_1_353' title='bbox 2585 2615 2956 2672; x_wconf 82' lang='lat' dir='ltr'>celebrentur.</span> 
     </span>
    </p>
   </div>
   <div class='ocr_carea' id='block_1_58' title="bbox 2017 2699 3595 2778">
    <p class='ocr_par' dir='ltr' id='par_1_58' title="bbox 2017 2699 3595 2778">
     <span class='ocr_line' id='line_1_60' title="bbox 2017 2699 3595 2778; baseline -0.004 -17"><span class='ocrx_word' id='word_1_354' title='bbox 2017 2704 2346 2778; x_wconf 78' lang='lat' dir='ltr'>(Theodulf.</span> <span class='ocrx_word' id='word_1_355' title='bbox 2385 2721 2511 2776; x_wconf 90' lang='lat' dir='ltr'>cap.</span> <span class='ocrx_word' id='word_1_356' title='bbox 2562 2706 2641 2773; x_wconf 87' lang='lat'>5.)</span> <span class='ocrx_word' id='word_1_357' title='bbox 2694 2707 2754 2761; x_wconf 92' lang='lat' dir='ltr'>In</span> <span class='ocrx_word' id='word_1_358' title='bbox 2805 2703 3132 2770; x_wconf 86' lang='lat' dir='ltr'>sacriﬁciis,</span> <span class='ocrx_word' id='word_1_359' title='bbox 3196 2699 3595 2765; x_wconf 86' lang='lat' dir='ltr'>dilectissimi,</span> 
     </span>
    </p>
   </div>
   <div class='ocr_carea' id='block_1_59' title="bbox 1946 2787 3593 2866">
    <p class='ocr_par' dir='ltr' id='par_1_59' title="bbox 1946 2787 3593 2866">
     <span class='ocr_line' id='line_1_61' title="bbox 1946 2787 3593 2866; baseline -0.005 -16"><span class='ocrx_word' id='word_1_360' title='bbox 1946 2800 2079 2850; x_wconf 90' lang='lat' dir='ltr'>ante</span> <span class='ocrx_word' id='word_1_361' title='bbox 2102 2796 2300 2849; x_wconf 86' lang='lat' dir='ltr'>omnia</span> <span class='ocrx_word' id='word_1_362' title='bbox 2320 2795 2632 2866; x_wconf 85' lang='lat' dir='ltr'>diligenter</span> <span class='ocrx_word' id='word_1_363' title='bbox 2653 2787 3009 2863; x_wconf 87' lang='lat' dir='ltr'>observetur,</span> <span class='ocrx_word' id='word_1_364' title='bbox 3037 2799 3101 2847; x_wconf 91' lang='lat' dir='ltr'>ut</span> <span class='ocrx_word' id='word_1_365' title='bbox 3123 2792 3291 2864; x_wconf 91' lang='lat' dir='ltr'>panis</span> <span class='ocrx_word' id='word_1_366' title='bbox 3317 2795 3373 2845; x_wconf 89' lang='lat' dir='ltr'>et</span> <span class='ocrx_word' id='word_1_367' title='bbox 3391 2790 3593 2844; x_wconf 89' lang='lat' dir='ltr'>vinum</span> 
     </span>
    </p>
   </div>
   <div class='ocr_carea' id='block_1_60' title="bbox 1945 2877 3594 2956">
    <p class='ocr_par' dir='ltr' id='par_1_60' title="bbox 1945 2877 3594 2956">
     <span class='ocr_line' id='line_1_62' title="bbox 1945 2877 3594 2956; baseline -0.005 -16"><span class='ocrx_word' id='word_1_368' title='bbox 1945 2888 2002 2940; x_wconf 89' lang='lat' dir='ltr'>et</span> <span class='ocrx_word' id='word_1_369' title='bbox 2032 2902 2206 2956; x_wconf 88' lang='lat' dir='ltr'>aqua,</span> <span class='ocrx_word' id='word_1_370' title='bbox 2255 2886 2382 2938; x_wconf 89' lang='lat' dir='ltr'>sine</span> <span class='ocrx_word' id='word_1_371' title='bbox 2436 2883 2651 2954; x_wconf 89' lang='lat' dir='ltr'>quibus</span> <span class='ocrx_word' id='word_1_372' title='bbox 2709 2884 2902 2937; x_wconf 58' lang='lat' dir='ltr'>missa</span> <span class='ocrx_word' id='word_1_373' title='bbox 2961 2885 3260 2953; x_wconf 89' lang='lat' dir='ltr'>nequeunt</span> <span class='ocrx_word' id='word_1_374' title='bbox 3290 2877 3594 2941; x_wconf 90' lang='lat' dir='ltr'>celebrari,</span> 
     </span>
    </p>
   </div>
   <div class='ocr_carea' id='block_1_61' title="bbox 1948 2967 3597 3043">
    <p class='ocr_par' dir='ltr' id='par_1_61' title="bbox 1948 2967 3597 3043">
     <span class='ocr_line' id='line_1_63' title="bbox 1948 2967 3597 3043; baseline -0.004 -15"><span class='ocrx_word' id='word_1_375' title='bbox 1948 2974 2340 3028; x_wconf 82' lang='lat' dir='ltr'>mundissima</span> <span class='ocrx_word' id='word_1_376' title='bbox 2389 2977 2564 3043; x_wconf 83' lang='lat' dir='ltr'>atque</span> <span class='ocrx_word' id='word_1_377' title='bbox 2614 2971 3049 3029; x_wconf 87' lang='lat' dir='ltr'>studiosissime</span> <span class='ocrx_word' id='word_1_378' title='bbox 3104 2973 3452 3025; x_wconf 86' lang='lat' dir='ltr'>tractentur.</span> <span class='ocrx_word' id='word_1_379' title='bbox 3524 2967 3597 3021; x_wconf 88' lang='lat' dir='ltr'>Et</span> 
     </span>
    </p>
   </div>
   <div class='ocr_carea' id='block_1_62' title="bbox 1946 3056 3598 3132">
    <p class='ocr_par' dir='ltr' id='par_1_62' title="bbox 1946 3056 3598 3132">
     <span class='ocr_line' id='line_1_64' title="bbox 1946 3056 3598 3132; baseline -0.004 -14"><span class='ocrx_word' id='word_1_380' title='bbox 1946 3062 2093 3118; x_wconf 89' lang='lat' dir='ltr'>nihil</span> <span class='ocrx_word' id='word_1_381' title='bbox 2151 3062 2211 3117; x_wconf 90' lang='lat' dir='ltr'>in</span> <span class='ocrx_word' id='word_1_382' title='bbox 2269 3061 2363 3117; x_wconf 90' lang='lat' dir='ltr'>his</span> <span class='ocrx_word' id='word_1_383' title='bbox 2414 3061 2549 3127; x_wconf 89' lang='lat' dir='ltr'>vile,</span> <span class='ocrx_word' id='word_1_384' title='bbox 2605 3060 2754 3116; x_wconf 90' lang='lat' dir='ltr'>nihil</span> <span class='ocrx_word' id='word_1_385' title='bbox 2812 3077 2928 3116; x_wconf 95' lang='lat' dir='ltr'>non</span> <span class='ocrx_word' id='word_1_386' title='bbox 2987 3060 3296 3132; x_wconf 88' lang='lat' dir='ltr'>probatum</span> <span class='ocrx_word' id='word_1_387' title='bbox 3337 3056 3598 3112; x_wconf 88' lang='lat' dir='ltr'>invenia-</span> 
     </span>
    </p>
   </div>
   <div class='ocr_carea' id='block_1_63' title="bbox 1946 3146 3602 3222">
    <p class='ocr_par' dir='ltr' id='par_1_63' title="bbox 1946 3146 3602 3222">
     <span class='ocr_line' id='line_1_65' title="bbox 1946 3146 3602 3222; baseline -0.004 -15"><span class='ocrx_word' id='word_1_388' title='bbox 1946 3154 2252 3222; x_wconf 85' lang='lat' dir='ltr'>tur,juxta</span> <span class='ocrx_word' id='word_1_389' title='bbox 2283 3151 2427 3206; x_wconf 92' lang='lat' dir='ltr'>illud</span> <span class='ocrx_word' id='word_1_390' title='bbox 2459 3151 2613 3222; x_wconf 89' lang='lat' dir='ltr'>quod</span> <span class='ocrx_word' id='word_1_391' title='bbox 2649 3149 2729 3205; x_wconf 87' lang='lat' dir='ltr'>ait</span> <span class='ocrx_word' id='word_1_392' title='bbox 2759 3149 3095 3220; x_wconf 86' lang='lat' dir='ltr'>Scriptura:</span> <span class='ocrx_word' id='word_1_393' title='bbox 3160 3147 3240 3203; x_wconf 87' lang='lat' dir='ltr'>Sit</span> <span class='ocrx_word' id='word_1_394' title='bbox 3299 3149 3466 3202; x_wconf 86' lang='lat' dir='ltr'>timor</span> <span class='ocrx_word' id='word_1_395' title='bbox 3498 3146 3602 3201; x_wconf 81' lang='lat' dir='ltr'>Do-</span> 
     </span>
    </p>
   </div>
   <div class='ocr_carea' id='block_1_64' title="bbox 1946 3236 3599 3309">
    <p class='ocr_par' dir='ltr' id='par_1_64' title="bbox 1946 3236 3599 3309">
     <span class='ocr_line' id='line_1_66' title="bbox 1946 3236 3599 3309; baseline -0.004 -13"><span class='ocrx_word' id='word_1_396' title='bbox 1946 3243 2092 3296; x_wconf 87' lang='lat' dir='ltr'>mini</span> <span class='ocrx_word' id='word_1_397' title='bbox 2120 3243 2392 3296; x_wconf 86' lang='lat' dir='ltr'>vobiscum</span> <span class='ocrx_word' id='word_1_398' title='bbox 2412 3259 2430 3294; x_wconf 91' lang='lat'><em>:</em></span> <span class='ocrx_word' id='word_1_399' title='bbox 2452 3257 2579 3296; x_wconf 89' lang='lat' dir='ltr'>cum</span> <span class='ocrx_word' id='word_1_400' title='bbox 2596 3240 2890 3309; x_wconf 85' lang='lat' dir='ltr'>diligentia</span> <span class='ocrx_word' id='word_1_401' title='bbox 2918 3241 3116 3293; x_wconf 87' lang='lat' dir='ltr'>cuncta</span> <span class='ocrx_word' id='word_1_402' title='bbox 3151 3238 3322 3309; x_wconf 85' lang='lat' dir='ltr'>facite</span> <span class='ocrx_word' id='word_1_403' title='bbox 3368 3236 3438 3304; x_wconf 88' lang='lat' dir='ltr'>(ll</span> <span class='ocrx_word' id='word_1_404' title='bbox 3467 3236 3599 3291; x_wconf 88' lang='lat' dir='ltr'>Par.</span> 
     </span>
    </p>
   </div>
   <div class='ocr_carea' id='block_1_65' title="bbox 171 3321 2173 3401">
    <p class='ocr_par' dir='ltr' id='par_1_65' title="bbox 171 3321 2173 3401">
     <span class='ocr_line' id='line_1_67' title="bbox 171 3321 2173 3401; baseline 0 -18"><span class='ocrx_word' id='word_1_405' title='bbox 171 3332 287 3383; x_wconf 84' lang='lat' dir='ltr'>tam</span> <span class='ocrx_word' id='word_1_406' title='bbox 323 3328 522 3384; x_wconf 89' lang='lat' dir='ltr'>clerici</span> <span class='ocrx_word' id='word_1_407' title='bbox 552 3346 728 3400; x_wconf 88' lang='lat' dir='ltr'>quam</span> <span class='ocrx_word' id='word_1_408' title='bbox 754 3329 1084 3394; x_wconf 66' lang='lat' dir='ltr'>saeculares,</span> <span class='ocrx_word' id='word_1_409' title='bbox 1108 3330 1337 3385; x_wconf 88' lang='lat' dir='ltr'>animas</span> <span class='ocrx_word' id='word_1_410' title='bbox 1369 3348 1508 3386; x_wconf 90' lang='lat' dir='ltr'>suas</span> <span class='ocrx_word' id='word_1_411' title='bbox 1531 3348 1839 3386; x_wconf 86' lang='lat' dir='ltr'>ornamen-</span> <span class='ocrx_word' id='word_1_412' title='bbox 1868 3321 1911 3387; x_wconf 86' lang='lat' dir='ltr'>C</span> <span class='ocrx_word' id='word_1_413' title='bbox 1949 3348 2069 3396; x_wconf 86' lang='lat' dir='ltr'>x1x,</span> <span class='ocrx_word' id='word_1_414' title='bbox 2094 3332 2173 3401; x_wconf 93' lang='lat'>7).</span> 
     </span>
    </p>
   </div>
   <div class='ocr_carea' id='block_1_66' title="bbox 168 3417 1839 3491">
    <p class='ocr_par' dir='ltr' id='par_1_66' title="bbox 168 3417 1839 3491">
     <span class='ocr_line' id='line_1_68' title="bbox 168 3417 1839 3491; baseline 0.002 -19"><span class='ocrx_word' id='word_1_415' title='bbox 168 3417 242 3472; x_wconf 90' lang='lat' dir='ltr'>tis</span> <span class='ocrx_word' id='word_1_416' title='bbox 265 3417 667 3491; x_wconf 84' lang='lat' dir='ltr'>dignissimis,</span> <span class='ocrx_word' id='word_1_417' title='bbox 693 3420 1071 3490; x_wconf 85' lang='lat' dir='ltr'>dogmatibus</span> <span class='ocrx_word' id='word_1_418' title='bbox 1091 3419 1313 3474; x_wconf 90' lang='lat' dir='ltr'>scilicet</span> <span class='ocrx_word' id='word_1_419' title='bbox 1330 3420 1612 3486; x_wconf 86' lang='lat' dir='ltr'>veritatis,</span> <span class='ocrx_word' id='word_1_420' title='bbox 1631 3421 1839 3476; x_wconf 89' lang='lat' dir='ltr'>decore</span> 
     </span>
    </p>
   </div>
   <div class='ocr_carea' id='block_1_67' title="bbox 172 3506 1836 3579">
    <p class='ocr_par' dir='ltr' id='par_1_67' title="bbox 172 3506 1836 3579">
     <span class='ocr_line' id='line_1_69' title="bbox 172 3506 1836 3579; baseline 0.002 -18"><span class='ocrx_word' id='word_1_421' title='bbox 172 3507 496 3577; x_wconf 59' lang='lat' dir='ltr'>pudicitia},</span> <span class='ocrx_word' id='word_1_422' title='bbox 562 3506 874 3578; x_wconf 90' lang='lat' dir='ltr'>splendore</span> <span class='ocrx_word' id='word_1_423' title='bbox 941 3508 1211 3579; x_wconf 73' lang='lat' dir='ltr'>justitize,</span> <span class='ocrx_word' id='word_1_424' title='bbox 1273 3510 1525 3563; x_wconf 88' lang='lat' dir='ltr'>candore</span> <span class='ocrx_word' id='word_1_425' title='bbox 1584 3509 1836 3579; x_wconf 81' lang='lat' dir='ltr'>pietatis,</span> 
     </span>
    </p>
   </div>
   <div class='ocr_carea' id='block_1_68' title="bbox 171 3594 1838 3668">
    <p class='ocr_par' dir='ltr' id='par_1_68' title="bbox 171 3594 1838 3668">
     <span class='ocr_line' id='line_1_70' title="bbox 171 3594 1838 3668; baseline 0.002 -18"><span class='ocrx_word' id='word_1_426' title='bbox 171 3594 425 3667; x_wconf 84' lang='lat' dir='ltr'>aliisque</span> <span class='ocrx_word' id='word_1_427' title='bbox 451 3596 977 3668; x_wconf 89' lang='lat' dir='ltr'>omnibus,quibus</span> <span class='ocrx_word' id='word_1_428' title='bbox 1001 3603 1296 3668; x_wconf 80' lang='lat' dir='ltr'>comptam</span> <span class='ocrx_word' id='word_1_429' title='bbox 1322 3598 1487 3652; x_wconf 86' lang='lat' dir='ltr'>decet</span> <span class='ocrx_word' id='word_1_430' title='bbox 1509 3615 1635 3653; x_wconf 87' lang='lat' dir='ltr'>esse</span> <span class='ocrx_word' id='word_1_431' title='bbox 1661 3598 1838 3653; x_wconf 87' lang='lat' dir='ltr'>ratio-</span> 
     </span>
    </p>
   </div>
   <div class='ocr_carea' id='block_1_69' title="bbox 172 3685 1840 3758">
    <p class='ocr_par' dir='ltr' id='par_1_69' title="bbox 172 3685 1840 3758">
     <span class='ocr_line' id='line_1_71' title="bbox 172 3685 1840 3758; baseline 0.002 -20"><span class='ocrx_word' id='word_1_432' title='bbox 172 3685 433 3741; x_wconf 87' lang='lat' dir='ltr'>nabilem</span> <span class='ocrx_word' id='word_1_433' title='bbox 460 3691 741 3741; x_wconf 88' lang='lat' dir='ltr'>mentem.</span> <span class='ocrx_word' id='word_1_434' title='bbox 762 3686 911 3741; x_wconf 89' lang='lat' dir='ltr'>Tum</span> <span class='ocrx_word' id='word_1_435' title='bbox 938 3692 1215 3758; x_wconf 60' lang='lat' dir='ltr'>praeterea</span> <span class='ocrx_word' id='word_1_436' title='bbox 1232 3687 1527 3743; x_wconf 89' lang='lat' dir='ltr'>declinare</span> <span class='ocrx_word' id='word_1_437' title='bbox 1549 3705 1581 3742; x_wconf 91' lang='lat' dir='ltr'>a</span> <span class='ocrx_word' id='word_1_438' title='bbox 1602 3704 1840 3743; x_wconf 89' lang='lat' dir='ltr'>consor-</span> 
     </span>
    </p>
   </div>
   <div class='ocr_carea' id='block_1_70' title="bbox 172 3774 1843 3844">
    <p class='ocr_par' dir='ltr' id='par_1_70' title="bbox 172 3774 1843 3844">
     <span class='ocr_line' id='line_1_72' title="bbox 172 3774 1843 3844; baseline 0.003 -16"><span class='ocrx_word' id='word_1_439' title='bbox 172 3774 270 3829; x_wconf 89' lang='lat' dir='ltr'>tiis</span> <span class='ocrx_word' id='word_1_440' title='bbox 311 3775 673 3843; x_wconf 87' lang='lat' dir='ltr'>inhonestis,</span> <span class='ocrx_word' id='word_1_441' title='bbox 709 3780 766 3830; x_wconf 89' lang='lat' dir='ltr'>et</span> <span class='ocrx_word' id='word_1_442' title='bbox 798 3775 1156 3844; x_wconf 89' lang='lat' dir='ltr'>inﬁdelibus,</span> <span class='ocrx_word' id='word_1_443' title='bbox 1191 3781 1247 3832; x_wconf 94' lang='lat' dir='ltr'>et</span> <span class='ocrx_word' id='word_1_444' title='bbox 1268 3778 1604 3832; x_wconf 90' lang='lat' dir='ltr'>societatem</span> <span class='ocrx_word' id='word_1_445' title='bbox 1629 3777 1843 3833; x_wconf 87' lang='lat' dir='ltr'>habere</span> 
     </span>
    </p>
   </div>
   <div class='ocr_carea' id='block_1_71' title="bbox 176 3864 1832 3938">
    <p class='ocr_par' dir='ltr' id='par_1_71' title="bbox 176 3864 1832 3938">
     <span class='ocr_line' id='line_1_73' title="bbox 176 3864 1832 3938; baseline 0.002 -21"><span class='ocrx_word' id='word_1_446' title='bbox 176 3864 470 3932; x_wconf 89' lang='lat' dir='ltr'>ﬁdelium,</span> <span class='ocrx_word' id='word_1_447' title='bbox 505 3870 681 3936; x_wconf 88' lang='lat' dir='ltr'>atque</span> <span class='ocrx_word' id='word_1_448' title='bbox 713 3864 845 3921; x_wconf 88' lang='lat' dir='ltr'>illos</span> <span class='ocrx_word' id='word_1_449' title='bbox 877 3866 1599 3937; x_wconf 82' lang='lat' dir='ltr'>frequentarecooventus,</span> <span class='ocrx_word' id='word_1_450' title='bbox 1623 3865 1683 3922; x_wconf 92' lang='lat' dir='ltr'>in</span> <span class='ocrx_word' id='word_1_451' title='bbox 1704 3866 1832 3938; x_wconf 90' lang='lat' dir='ltr'>qui-</span> 
     </span>
    </p>
   </div>
   <div class='ocr_carea' id='block_1_72' title="bbox 173 3953 1834 4027">
    <p class='ocr_par' dir='ltr' id='par_1_72' title="bbox 173 3953 1834 4027">
     <span class='ocr_line' id='line_1_74' title="bbox 173 3953 1834 4027; baseline 0.001 -18"><span class='ocrx_word' id='word_1_452' title='bbox 173 3953 282 4009; x_wconf 88' lang='lat' dir='ltr'>bus</span> <span class='ocrx_word' id='word_1_453' title='bbox 314 3956 389 4011; x_wconf 92' lang='lat' dir='ltr'>de</span> <span class='ocrx_word' id='word_1_454' title='bbox 426 3955 734 4026; x_wconf 84' lang='lat' dir='ltr'>pudicitia,</span> <span class='ocrx_word' id='word_1_455' title='bbox 767 3956 837 4009; x_wconf 91' lang='lat' dir='ltr'>de</span> <span class='ocrx_word' id='word_1_456' title='bbox 860 3955 1121 4025; x_wconf 89' lang='lat' dir='ltr'>justitia,</span> <span class='ocrx_word' id='word_1_457' title='bbox 1152 3956 1223 4009; x_wconf 90' lang='lat' dir='ltr'>de</span> <span class='ocrx_word' id='word_1_458' title='bbox 1274 3956 1490 4027; x_wconf 85' lang='lat' dir='ltr'>pietate</span> <span class='ocrx_word' id='word_1_459' title='bbox 1528 3960 1834 4011; x_wconf 88' lang='lat' dir='ltr'>tractatur.</span> 
     </span>
    </p>
   </div>
   <div class='ocr_carea' id='block_1_73' title="bbox 173 4043 1845 4117">
    <p class='ocr_par' dir='ltr' id='par_1_73' title="bbox 173 4043 1845 4117">
     <span class='ocr_line' id='line_1_75' title="bbox 173 4043 1845 4117; baseline 0.002 -19"><span class='ocrx_word' id='word_1_460' title='bbox 173 4043 351 4099; x_wconf 87' lang='lat' dir='ltr'>Orare</span> <span class='ocrx_word' id='word_1_461' title='bbox 384 4061 629 4115; x_wconf 89' lang='lat' dir='ltr'>semper</span> <span class='ocrx_word' id='word_1_462' title='bbox 659 4050 839 4098; x_wconf 91' lang='lat' dir='ltr'>Deum</span> <span class='ocrx_word' id='word_1_463' title='bbox 858 4061 926 4099; x_wconf 85' lang='lat' dir='ltr'>ex</span> <span class='ocrx_word' id='word_1_464' title='bbox 954 4048 1074 4099; x_wconf 91' lang='lat' dir='ltr'>toto</span> <span class='ocrx_word' id='word_1_465' title='bbox 1095 4046 1284 4108; x_wconf 88' lang='lat' dir='ltr'>corde,</span> <span class='ocrx_word' id='word_1_466' title='bbox 1309 4050 1365 4099; x_wconf 91' lang='lat' dir='ltr'>et</span> <span class='ocrx_word' id='word_1_467' title='bbox 1394 4046 1466 4101; x_wconf 87' lang='lat' dir='ltr'>ab</span> <span class='ocrx_word' id='word_1_468' title='bbox 1501 4046 1628 4116; x_wconf 92' lang='lat' dir='ltr'>ipso</span> <span class='ocrx_word' id='word_1_469' title='bbox 1650 4050 1845 4117; x_wconf 87' lang='lat' dir='ltr'>petere</span> 
     </span>
    </p>
   </div>
   <div class='ocr_carea' id='block_1_74' title="bbox 174 4133 1841 4206">
    <p class='ocr_par' dir='ltr' id='par_1_74' title="bbox 174 4133 1841 4206">
     <span class='ocr_line' id='line_1_76' title="bbox 174 4133 1841 4206; baseline 0 -18"><span class='ocrx_word' id='word_1_470' title='bbox 174 4148 297 4204; x_wconf 67' lang='lat' dir='ltr'>qua;</span> <span class='ocrx_word' id='word_1_471' title='bbox 330 4136 530 4201; x_wconf 87' lang='lat' dir='ltr'>decet,</span> <span class='ocrx_word' id='word_1_472' title='bbox 564 4134 676 4206; x_wconf 89' lang='lat' dir='ltr'>ipsi</span> <span class='ocrx_word' id='word_1_473' title='bbox 709 4133 927 4205; x_wconf 82' lang='lat' dir='ltr'>gratias</span> <span class='ocrx_word' id='word_1_474' title='bbox 956 4150 1147 4203; x_wconf 86' lang='lat' dir='ltr'>agere,</span> <span class='ocrx_word' id='word_1_475' title='bbox 1180 4138 1236 4188; x_wconf 90' lang='lat' dir='ltr'>et</span> <span class='ocrx_word' id='word_1_476' title='bbox 1284 4151 1478 4189; x_wconf 89' lang='lat' dir='ltr'>veram</span> <span class='ocrx_word' id='word_1_477' title='bbox 1527 4134 1841 4204; x_wconf 71' lang='lat' dir='ltr'>paenitudi-</span> 
     </span>
    </p>
   </div>
   <div class='ocr_carea' id='block_1_75' title="bbox 172 4223 1842 4295">
    <p class='ocr_par' dir='ltr' id='par_1_75' title="bbox 172 4223 1842 4295">
     <span class='ocr_line' id='line_1_77' title="bbox 172 4223 1842 4295; baseline 0.001 -19"><span class='ocrx_word' id='word_1_478' title='bbox 172 4238 301 4277; x_wconf 89' lang='lat' dir='ltr'>nem</span> <span class='ocrx_word' id='word_1_479' title='bbox 340 4224 783 4295; x_wconf 62' lang='lat' dir='ltr'>prmteritorum</span> <span class='ocrx_word' id='word_1_480' title='bbox 818 4230 1141 4295; x_wconf 85' lang='lat' dir='ltr'>gestorum.</span> <span class='ocrx_word' id='word_1_481' title='bbox 1166 4223 1612 4294; x_wconf 83' lang='lat' dir='ltr'>Aliquantulum</span> <span class='ocrx_word' id='word_1_482' title='bbox 1637 4224 1842 4289; x_wconf 86' lang='lat' dir='ltr'>etiam,</span> 
     </span>
    </p>
   </div>
   <div class='ocr_carea' id='block_1_76' title="bbox 173 4311 1846 4385">
    <p class='ocr_par' dir='ltr' id='par_1_76' title="bbox 173 4311 1846 4385">
     <span class='ocr_line' id='line_1_78' title="bbox 173 4311 1846 4385; baseline 0.001 -19"><span class='ocrx_word' id='word_1_483' title='bbox 173 4311 221 4367; x_wconf 86' lang='lat' dir='ltr'>si</span> <span class='ocrx_word' id='word_1_484' title='bbox 252 4313 549 4384; x_wconf 86' lang='lat' dir='ltr'>possibile</span> <span class='ocrx_word' id='word_1_485' title='bbox 566 4318 675 4377; x_wconf 91' lang='lat' dir='ltr'>est,</span> <span class='ocrx_word' id='word_1_486' title='bbox 693 4330 795 4385; x_wconf 90' lang='lat' dir='ltr'>per</span> <span class='ocrx_word' id='word_1_487' title='bbox 813 4312 1276 4368; x_wconf 89' lang='lat' dir='ltr'>misericordiam</span> <span class='ocrx_word' id='word_1_488' title='bbox 1297 4314 1846 4385; x_wconf 81' lang='lat' dir='ltr'>pauperumjuvare</span> 
     </span>
    </p>
   </div>
   <div class='ocr_carea' id='block_1_77' title="bbox 174 4402 620 4473">
    <p class='ocr_par' dir='ltr' id='par_1_77' title="bbox 174 4402 620 4473">
     <span class='ocr_line' id='line_1_79' title="bbox 174 4402 620 4473; baseline 0 -16"><span class='ocrx_word' id='word_1_489' title='bbox 174 4402 620 4473; x_wconf 64' lang='lat' dir='ltr'>paenitentiam.</span> 
     </span>
    </p>
   </div>
   <div class='ocr_carea' id='block_1_78' title="bbox 174 4508 1850 4577">
    <p class='ocr_par' dir='ltr' id='par_1_78' title="bbox 174 4508 1850 4577">
     <span class='ocr_line' id='line_1_80' title="bbox 174 4508 1850 4577; baseline -0.001 -12"><span class='ocrx_word' id='word_1_490' title='bbox 174 4508 307 4565; x_wconf 81' lang='lat' dir='ltr'>CAP.</span> <span class='ocrx_word' id='word_1_491' title='bbox 370 4509 472 4566; x_wconf 88' lang='lat' dir='ltr'>VI.</span> <span class='ocrx_word' id='word_1_492' title='bbox 540 4541 609 4550; x_wconf 97' lang='lat'><strong>—</strong></span> <span class='ocrx_word' id='word_1_493' title='bbox 699 4509 905 4577; x_wconf 80' lang='lat' dir='ltr'>Quibus</span> <span class='ocrx_word' id='word_1_494' title='bbox 989 4509 1162 4562; x_wconf 81' lang='lat' dir='ltr'>armis</span> <span class='ocrx_word' id='word_1_495' title='bbox 1243 4508 1524 4573; x_wconf 80' lang='lat' dir='ltr'>diabolus,</span> <span class='ocrx_word' id='word_1_496' title='bbox 1584 4512 1661 4564; x_wconf 84' lang='lat' dir='ltr'>et&#39;</span> <span class='ocrx_word' id='word_1_497' title='bbox 1712 4509 1850 4564; x_wconf 87' lang='lat' dir='ltr'>vitia</span> 
     </span>
    </p>
   </div>
   <div class='ocr_carea' id='block_1_79' title="bbox 816 4583 1219 4651">
    <p class='ocr_par' dir='ltr' id='par_1_79' title="bbox 816 4583 1219 4651">
     <span class='ocr_line' id='line_1_81' title="bbox 816 4583 1219 4651; baseline -0.005 -16"><span class='ocrx_word' id='word_1_498' title='bbox 816 4583 1219 4651; x_wconf 70' lang='lat' dir='ltr'>expugnentur.</span> 
     </span>
    </p>
   </div>
   <div class='ocr_carea' id='block_1_80' title="bbox 245 4669 1930 4760">
    <p class='ocr_par' dir='ltr' id='par_1_80' title="bbox 245 4669 1930 4760">
     <span class='ocr_line' id='line_1_82' title="bbox 245 4669 1930 4760; baseline -0.002 -33"><span class='ocrx_word' id='word_1_499' title='bbox 245 4670 596 4743; x_wconf 77' lang='lat' dir='ltr'>(Theodulf.</span> <span class='ocrx_word' id='word_1_500' title='bbox 654 4686 781 4760; x_wconf 90' lang='lat' dir='ltr'>cap.</span> <span class='ocrx_word' id='word_1_501' title='bbox 840 4672 917 4740; x_wconf 87' lang='lat'>2).</span> <span class='ocrx_word' id='word_1_502' title='bbox 979 4670 1219 4740; x_wconf 87' lang='lat' dir='ltr'>Oportet</span> <span class='ocrx_word' id='word_1_503' title='bbox 1270 4686 1382 4760; x_wconf 85' lang='lat' dir='ltr'>vos</span> <span class='ocrx_word' id='word_1_504' title='bbox 1440 4669 1848 4760; x_wconf 86' lang='lat' dir='ltr'>assiduitatem</span> <span class='ocrx_word' id='word_1_505' title='bbox 1884 4695 1930 4760; x_wconf 76' lang='grc' dir='ltr'>Ι)</span> 
     </span>
    </p>
   </div>
   <div class='ocr_carea' id='block_1_81' title="bbox 180 4758 1852 4833">
    <p class='ocr_par' dir='ltr' id='par_1_81' title="bbox 180 4758 1852 4833">
     <span class='ocr_line' id='line_1_83' title="bbox 180 4758 1852 4833; baseline -0.002 -18"><span class='ocrx_word' id='word_1_506' title='bbox 180 4759 395 4818; x_wconf 86' lang='lat' dir='ltr'>habere</span> <span class='ocrx_word' id='word_1_507' title='bbox 427 4759 695 4833; x_wconf 85' lang='lat' dir='ltr'>legendi,</span> <span class='ocrx_word' id='word_1_508' title='bbox 721 4764 780 4815; x_wconf 90' lang='lat' dir='ltr'>et</span> <span class='ocrx_word' id='word_1_509' title='bbox 801 4760 1146 4815; x_wconf 89' lang='lat' dir='ltr'>instantiam</span> <span class='ocrx_word' id='word_1_510' title='bbox 1181 4758 1407 4814; x_wconf 88' lang='lat' dir='ltr'>orandi.</span> <span class='ocrx_word' id='word_1_511' title='bbox 1442 4760 1589 4821; x_wconf 88' lang='lat' dir='ltr'>Quia</span> <span class='ocrx_word' id='word_1_512' title='bbox 1608 4759 1724 4813; x_wconf 89' lang='lat' dir='ltr'>vita</span> <span class='ocrx_word' id='word_1_513' title='bbox 1744 4759 1852 4814; x_wconf 89' lang='lat' dir='ltr'>viri</span> 
     </span>
    </p>
   </div>
   <div class='ocr_carea' id='block_1_82' title="bbox 174 4848 1855 4922">
    <p class='ocr_par' dir='ltr' id='par_1_82' title="bbox 174 4848 1855 4922">
     <span class='ocr_line' id='line_1_84' title="bbox 174 4848 1855 4922; baseline -0.003 -16"><span class='ocrx_word' id='word_1_514' title='bbox 174 4850 319 4922; x_wconf 86' lang='lat' dir='ltr'>justi</span> <span class='ocrx_word' id='word_1_515' title='bbox 352 4853 631 4917; x_wconf 52' lang='lat' dir='ltr'>lectione:</span> <span class='ocrx_word' id='word_1_516' title='bbox 653 4850 989 4915; x_wconf 90' lang='lat' dir='ltr'>instruitur,</span> <span class='ocrx_word' id='word_1_517' title='bbox 1023 4850 1285 4904; x_wconf 86' lang='lat' dir='ltr'>oratione</span> <span class='ocrx_word' id='word_1_518' title='bbox 1315 4853 1577 4917; x_wconf 80' lang='lat' dir='ltr'>ornatur,</span> <span class='ocrx_word' id='word_1_519' title='bbox 1611 4853 1667 4902; x_wconf 89' lang='lat' dir='ltr'>et</span> <span class='ocrx_word' id='word_1_520' title='bbox 1707 4848 1855 4902; x_wconf 90' lang='lat' dir='ltr'>assi-</span> 
     </span>
    </p>
   </div>
   <div class='ocr_carea' id='block_1_83' title="bbox 183 4937 1856 5009">
    <p class='ocr_par' dir='ltr' id='par_1_83' title="bbox 183 4937 1856 5009">
     <span class='ocr_line' id='line_1_85' title="bbox 183 4937 1856 5009; baseline -0.003 -13"><span class='ocrx_word' id='word_1_521' title='bbox 183 4942 405 4997; x_wconf 88' lang='lat' dir='ltr'>duitate</span> <span class='ocrx_word' id='word_1_522' title='bbox 438 4939 721 4997; x_wconf 89' lang='lat' dir='ltr'>lectionis</span> <span class='ocrx_word' id='word_1_523' title='bbox 772 4939 1039 4994; x_wconf 86' lang='lat' dir='ltr'>munitur</span> <span class='ocrx_word' id='word_1_524' title='bbox 1092 4938 1266 4993; x_wconf 91' lang='lat' dir='ltr'>homo</span> <span class='ocrx_word' id='word_1_525' title='bbox 1316 4954 1349 4991; x_wconf 84' lang='lat' dir='ltr'>a</span> <span class='ocrx_word' id='word_1_526' title='bbox 1403 4943 1654 5009; x_wconf 79' lang='lat' dir='ltr'>peccato.</span> <span class='ocrx_word' id='word_1_527' title='bbox 1685 4937 1856 5006; x_wconf 75' lang='lat' dir='ltr'>juxta</span> 
     </span>
    </p>
   </div>
   <div class='ocr_carea' id='block_1_84' title="bbox 183 5026 1856 5103">
    <p class='ocr_par' dir='ltr' id='par_1_84' title="bbox 183 5026 1856 5103">
     <span class='ocr_line' id='line_1_86' title="bbox 183 5026 1856 5103; baseline -0.002 -19"><span class='ocrx_word' id='word_1_528' title='bbox 183 5029 344 5087; x_wconf 90' lang='lat' dir='ltr'>illum</span> <span class='ocrx_word' id='word_1_529' title='bbox 378 5032 485 5103; x_wconf 86' lang='lat' dir='ltr'>qui</span> <span class='ocrx_word' id='word_1_530' title='bbox 519 5030 788 5086; x_wconf 78' lang='lat' dir='ltr'>dicebat:</span> <span class='ocrx_word' id='word_1_531' title='bbox 826 5033 893 5084; x_wconf 83' lang='lat' dir='ltr'>In</span> <span class='ocrx_word' id='word_1_532' title='bbox 949 5028 1109 5083; x_wconf 83' lang='lat' dir='ltr'>corde</span> <span class='ocrx_word' id='word_1_533' title='bbox 1164 5044 1281 5082; x_wconf 89' lang='lat' dir='ltr'>meo</span> <span class='ocrx_word' id='word_1_534' title='bbox 1339 5026 1600 5081; x_wconf 81' lang='lat' dir='ltr'>abscondi</span> <span class='ocrx_word' id='word_1_535' title='bbox 1637 5028 1856 5097; x_wconf 78' lang='lat' dir='ltr'>eloquia</span> 
     </span>
    </p>
   </div>
   <div class='ocr_carea' id='block_1_85' title="bbox 180 5116 1857 5191">
    <p class='ocr_par' dir='ltr' id='par_1_85' title="bbox 180 5116 1857 5191">
     <span class='ocr_line' id='line_1_87' title="bbox 180 5116 1857 5191; baseline -0.002 -17"><span class='ocrx_word' id='word_1_536' title='bbox 180 5124 290 5191; x_wconf 86' lang='lat' dir='ltr'>tua,</span> <span class='ocrx_word' id='word_1_537' title='bbox 321 5127 383 5178; x_wconf 79' lang='lat' dir='ltr'>ut</span> <span class='ocrx_word' id='word_1_538' title='bbox 416 5138 533 5177; x_wconf 83' lang='lat' dir='ltr'>non</span> <span class='ocrx_word' id='word_1_539' title='bbox 565 5136 777 5191; x_wconf 83' lang='lat' dir='ltr'>peccem</span> <span class='ocrx_word' id='word_1_540' title='bbox 812 5119 914 5173; x_wconf 88' lang='lat' dir='ltr'>tibi</span> <span class='ocrx_word' id='word_1_541' title='bbox 943 5119 1096 5188; x_wconf 86' lang='lat' dir='ltr'>(Psal</span> <span class='ocrx_word' id='word_1_542' title='bbox 1151 5134 1348 5181; x_wconf 79' lang='lat' dir='ltr'>cxvxu,</span> <span class='ocrx_word' id='word_1_543' title='bbox 1382 5119 1489 5187; x_wconf 84' lang='lat' dir='ltr'>II).</span> <span class='ocrx_word' id='word_1_544' title='bbox 1552 5116 1682 5170; x_wconf 74' lang='lat' dir='ltr'>Haec</span> <span class='ocrx_word' id='word_1_545' title='bbox 1717 5120 1857 5170; x_wconf 88' lang='lat' dir='ltr'>sunt</span> 
     </span>
    </p>
   </div>
   <div class='ocr_carea' id='block_1_86' title="bbox 182 5207 1856 5279">
    <p class='ocr_par' dir='ltr' id='par_1_86' title="bbox 182 5207 1856 5279">
     <span class='ocr_line' id='line_1_88' title="bbox 182 5207 1856 5279; baseline -0.003 -15"><span class='ocrx_word' id='word_1_546' title='bbox 182 5211 331 5266; x_wconf 88' lang='lat' dir='ltr'>enim</span> <span class='ocrx_word' id='word_1_547' title='bbox 358 5228 555 5279; x_wconf 88' lang='lat' dir='ltr'>arma,</span> <span class='ocrx_word' id='word_1_548' title='bbox 581 5209 853 5263; x_wconf 91' lang='lat' dir='ltr'>videlicet</span> <span class='ocrx_word' id='word_1_549' title='bbox 874 5209 1045 5263; x_wconf 89' lang='lat' dir='ltr'>lectio</span> <span class='ocrx_word' id='word_1_550' title='bbox 1069 5212 1126 5261; x_wconf 90' lang='lat' dir='ltr'>et</span> <span class='ocrx_word' id='word_1_551' title='bbox 1146 5207 1351 5272; x_wconf 89' lang='lat' dir='ltr'>oratio,</span> <span class='ocrx_word' id='word_1_552' title='bbox 1390 5208 1606 5279; x_wconf 88' lang='lat' dir='ltr'>quibus</span> <span class='ocrx_word' id='word_1_553' title='bbox 1649 5207 1856 5260; x_wconf 86' lang='lat' dir='ltr'>diabo-</span> 
     </span>
    </p>
   </div>
   <div class='ocr_carea' id='block_1_87' title="bbox 183 5296 1857 5375">
    <p class='ocr_par' dir='ltr' id='par_1_87' title="bbox 183 5296 1857 5375">
     <span class='ocr_line' id='line_1_89' title="bbox 183 5296 1857 5375; baseline -0.003 -20"><span class='ocrx_word' id='word_1_554' title='bbox 183 5298 271 5356; x_wconf 86' lang='lat' dir='ltr'>lus</span> <span class='ocrx_word' id='word_1_555' title='bbox 286 5297 830 5375; x_wconf 60' lang='lat' dir='ltr'>expugnaturﬂaec</span> <span class='ocrx_word' id='word_1_556' title='bbox 849 5303 990 5353; x_wconf 89' lang='lat' dir='ltr'>sunt</span> <span class='ocrx_word' id='word_1_557' title='bbox 1005 5296 1398 5351; x_wconf 87' lang='lat' dir='ltr'>instrumenta</span> <span class='ocrx_word' id='word_1_558' title='bbox 1411 5315 1439 5366; x_wconf 80' lang='grc' dir='ltr'>ιι</span> <span class='ocrx_word' id='word_1_559' title='bbox 1452 5297 1625 5351; x_wconf 89' lang='lat' dir='ltr'>uibus</span> <span class='ocrx_word' id='word_1_560' title='bbox 1640 5301 1857 5350; x_wconf 60' lang='lat' dir='ltr'>interna</span> 
     </span>
    </p>
   </div>
   <div class='ocr_carea' id='block_1_88' title="bbox 252 5491 1848 5570">
    <p class='ocr_par' dir='ltr' id='par_1_88' title="bbox 252 5491 1848 5570">
     <span class='ocr_line' id='line_1_90' title="bbox 252 5491 1848 5570; baseline -0.003 -18"><span class='ocrx_word' id='word_1_561' title='bbox 252 5500 361 5570; x_wconf 86' lang='lat' dir='ltr'>(I7)</span> <span class='ocrx_word' id='word_1_562' title='bbox 387 5499 587 5570; x_wconf 82' lang='lat' dir='ltr'>Fidem</span> <span class='ocrx_word' id='word_1_563' title='bbox 634 5494 992 5570; x_wconf 74' lang='lat' dir='ltr'>catholicam.</span> <span class='ocrx_word' id='word_1_564' title='bbox 1026 5492 1332 5570; x_wconf 77' lang='lat' dir='ltr'>_A_cherius</span> <span class='ocrx_word' id='word_1_565' title='bbox 1357 5493 1480 5563; x_wconf 88' lang='lat' dir='ltr'>jam</span> <span class='ocrx_word' id='word_1_566' title='bbox 1516 5491 1747 5570; x_wconf 77' lang='lat' dir='ltr'>monuit</span> <span class='ocrx_word' id='word_1_567' title='bbox 1778 5491 1848 5547; x_wconf 90' lang='lat' dir='ltr'>de</span> 
     </span>
    </p>
   </div>
   <div class='ocr_carea' id='block_1_89' title="bbox 187 5563 1855 5642">
    <p class='ocr_par' dir='ltr' id='par_1_89' title="bbox 187 5563 1855 5642">
     <span class='ocr_line' id='line_1_91' title="bbox 187 5563 1855 5642; baseline -0.002 -20"><span class='ocrx_word' id='word_1_568' title='bbox 187 5563 458 5642; x_wconf 76' lang='lat' dir='ltr'>Symbolo</span> <span class='ocrx_word' id='word_1_569' title='bbox 492 5565 809 5626; x_wconf 80' lang='lat' dir='ltr'>Athanasii</span> <span class='ocrx_word' id='word_1_570' title='bbox 832 5566 925 5621; x_wconf 87' lang='lat' dir='ltr'>hic</span> <span class='ocrx_word' id='word_1_571' title='bbox 945 5566 1062 5636; x_wconf 82' lang='lat' dir='ltr'>agi.</span> <span class='ocrx_word' id='word_1_572' title='bbox 1083 5566 1146 5619; x_wconf 90' lang='lat' dir='ltr'>In</span> <span class='ocrx_word' id='word_1_573' title='bbox 1171 5568 1284 5619; x_wconf 88' lang='lat' dir='ltr'>ﬁne</span> <span class='ocrx_word' id='word_1_574' title='bbox 1308 5582 1409 5636; x_wconf 91' lang='lat' dir='ltr'>pro</span> <span class='ocrx_word' id='word_1_575' title='bbox 1430 5567 1704 5619; x_wconf 81' lang='lat' dir='ltr'>sententia</span> <span class='ocrx_word' id='word_1_576' title='bbox 1728 5563 1855 5635; x_wconf 84' lang='lat' dir='ltr'>lego</span> 
     </span>
    </p>
   </div>
   <div class='ocr_carea' id='block_1_90' title="bbox 189 5648 1861 5787">
    <p class='ocr_par' dir='ltr' id='par_1_90' title="bbox 189 5648 1861 5787">
     <span class='ocr_line' id='line_1_92' title="bbox 189 5648 1861 5787; baseline -0.008 -11"><span class='ocrx_word' id='word_1_577' title='bbox 189 5648 365 5787; x_wconf 59' lang='lat' dir='ltr'>miultﬁl)</span> <span class='ocrx_word' id='word_1_578' title='bbox 402 5713 621 5772; x_wconf 86' lang='lat' dir='ltr'>Concil.</span> <span class='ocrx_word' id='word_1_579' title='bbox 656 5713 807 5787; x_wconf 67' lang='lat' dir='ltr'>Boni.</span> <span class='ocrx_word' id='word_1_580' title='bbox 842 5709 953 5767; x_wconf 88' lang='lat' dir='ltr'>sub</span> <span class='ocrx_word' id='word_1_581' title='bbox 985 5708 1379 5787; x_wconf 54' lang='lat' dir='ltr'>Sylvestroiti</span> <span class='ocrx_word' id='word_1_582' title='bbox 1399 5706 1554 5787; x_wconf 65' lang='lat' dir='ltr'>epil.,</span> <span class='ocrx_word' id='word_1_583' title='bbox 1591 5707 1861 5787; x_wconf 68' lang='lat' dir='ltr'>Refertur</span> 
     </span>
    </p>
   </div>
   <div class='ocr_carea' id='block_1_91' title="bbox 190 5780 1851 5859">
    <p class='ocr_par' dir='ltr' id='par_1_91' title="bbox 190 5780 1851 5859">
     <span class='ocr_line' id='line_1_93' title="bbox 190 5780 1851 5859; baseline -0.003 -19"><span class='ocrx_word' id='word_1_584' title='bbox 190 5780 637 5859; x_wconf 52' lang='lat' dir='ltr'>apud&#39;AnseIm.</span> <span class='ocrx_word' id='word_1_585' title='bbox 672 5783 807 5841; x_wconf 87' lang='lat' dir='ltr'>libr.</span> <span class='ocrx_word' id='word_1_586' title='bbox 840 5799 942 5854; x_wconf 81' lang='lat' dir='ltr'>vn,</span> <span class='ocrx_word' id='word_1_587' title='bbox 977 5780 1043 5838; x_wconf 29' lang='lat' dir='ltr'>c.‘</span> <span class='ocrx_word' id='word_1_588' title='bbox 1064 5782 1164 5837; x_wconf 85' lang='lat'>137</span> <span class='ocrx_word' id='word_1_589' title='bbox 1194 5784 1249 5837; x_wconf 89' lang='lat' dir='ltr'>et</span> <span class='ocrx_word' id='word_1_590' title='bbox 1281 5780 1381 5836; x_wconf 80' lang='lat'>138</span> <span class='ocrx_word' id='word_1_591' title='bbox 1411 5786 1469 5837; x_wconf 90' lang='lat' dir='ltr'>et</span> <span class='ocrx_word' id='word_1_592' title='bbox 1500 5781 1655 5853; x_wconf 89' lang='lat' dir='ltr'>apud</span> <span class='ocrx_word' id='word_1_593' title='bbox 1688 5780 1851 5836; x_wconf 86' lang='lat' dir='ltr'>Grat.</span> 
     </span>
    </p>
   </div>
   <div class='ocr_carea' id='block_1_92' title="bbox 2351 3416 3191 3475">
    <p class='ocr_par' dir='ltr' id='par_1_92' title="bbox 2351 3416 3191 3475">
     <span class='ocr_line' id='line_1_94' title="bbox 2351 3416 3191 3475; baseline -0.005 -1"><span class='ocrx_word' id='word_1_594' title='bbox 2351 3420 2485 3475; x_wconf 80' lang='lat' dir='ltr'>CAP.</span> <span class='ocrx_word' id='word_1_595' title='bbox 2517 3418 2582 3473; x_wconf 89' lang='lat' dir='ltr'>X.</span> <span class='ocrx_word' id='word_1_596' title='bbox 2616 3448 2685 3458; x_wconf 88' lang='lat'>--</span> <span class='ocrx_word' id='word_1_597' title='bbox 2712 3418 2845 3473; x_wconf 85' lang='lat' dir='ltr'>Item</span> <span class='ocrx_word' id='word_1_598' title='bbox 2872 3432 2941 3472; x_wconf 75' lang='lat' dir='ltr'>ex</span> <span class='ocrx_word' id='word_1_599' title='bbox 2967 3416 3191 3472; x_wconf 83' lang='lat' dir='ltr'>eisdem.</span> 
     </span>
    </p>
   </div>
   <div class='ocr_carea' id='block_1_93' title="bbox 2020 3502 3606 3581">
    <p class='ocr_par' dir='ltr' id='par_1_93' title="bbox 2020 3502 3606 3581">
     <span class='ocr_line' id='line_1_95' title="bbox 2020 3502 3606 3581; baseline -0.005 -16"><span class='ocrx_word' id='word_1_600' title='bbox 2020 3514 2243 3581; x_wconf 88' lang='lat' dir='ltr'>Corpus</span> <span class='ocrx_word' id='word_1_601' title='bbox 2274 3508 2505 3564; x_wconf 91' lang='lat' dir='ltr'>Domini</span> <span class='ocrx_word' id='word_1_602' title='bbox 2532 3506 2693 3562; x_wconf 91' lang='lat' dir='ltr'>nullo</span> <span class='ocrx_word' id='word_1_603' title='bbox 2742 3507 2917 3561; x_wconf 90' lang='lat' dir='ltr'>modo</span> <span class='ocrx_word' id='word_1_604' title='bbox 2959 3507 3334 3559; x_wconf 88' lang='lat' dir='ltr'>consecretur</span> <span class='ocrx_word' id='word_1_605' title='bbox 3390 3502 3507 3558; x_wconf 88' lang='lat' dir='ltr'>nisi</span> <span class='ocrx_word' id='word_1_606' title='bbox 3536 3516 3606 3558; x_wconf 84' lang='lat' dir='ltr'>ex</span> 
     </span>
    </p>
   </div>
   <div class='ocr_carea' id='block_1_94' title="bbox 1950 3590 3606 3670">
    <p class='ocr_par' dir='ltr' id='par_1_94' title="bbox 1950 3590 3606 3670">
     <span class='ocr_line' id='line_1_96' title="bbox 1950 3590 3606 3670; baseline -0.005 -16"><span class='ocrx_word' id='word_1_607' title='bbox 1950 3599 2179 3670; x_wconf 88' lang='lat' dir='ltr'>integra</span> <span class='ocrx_word' id='word_1_608' title='bbox 2209 3596 2728 3667; x_wconf 83' lang='lat' dir='ltr'>oblatione.Neque</span> <span class='ocrx_word' id='word_1_609' title='bbox 2752 3595 2906 3651; x_wconf 90' lang='lat' dir='ltr'>enim</span> <span class='ocrx_word' id='word_1_610' title='bbox 2934 3593 3214 3648; x_wconf 88' lang='lat' dir='ltr'>Dominus</span> <span class='ocrx_word' id='word_1_611' title='bbox 3227 3590 3318 3647; x_wconf 89' lang='lat' dir='ltr'>sui</span> <span class='ocrx_word' id='word_1_612' title='bbox 3341 3591 3606 3663; x_wconf 87' lang='lat' dir='ltr'>corporis</span> 
     </span>
    </p>
   </div>
   <div class='ocr_carea' id='block_1_95' title="bbox 1952 3680 3606 3761">
    <p class='ocr_par' dir='ltr' id='par_1_95' title="bbox 1952 3680 3606 3761">
     <span class='ocr_line' id='line_1_97' title="bbox 1952 3680 3606 3761; baseline -0.005 -17"><span class='ocrx_word' id='word_1_613' title='bbox 1952 3689 2212 3761; x_wconf 89' lang='lat' dir='ltr'>aliquam</span> <span class='ocrx_word' id='word_1_614' title='bbox 2254 3687 2539 3743; x_wconf 89' lang='lat' dir='ltr'>sustinuit</span> <span class='ocrx_word' id='word_1_615' title='bbox 2587 3684 3062 3747; x_wconf 88' lang='lat' dir='ltr'>diminutionem,</span> <span class='ocrx_word' id='word_1_616' title='bbox 3124 3682 3279 3738; x_wconf 89' lang='lat' dir='ltr'>sicut</span> <span class='ocrx_word' id='word_1_617' title='bbox 3318 3680 3606 3753; x_wconf 84' lang='lat' dir='ltr'>scriptum</span> 
     </span>
    </p>
   </div>
   <div class='ocr_carea' id='block_1_96' title="bbox 1952 3772 3610 3843">
    <p class='ocr_par' dir='ltr' id='par_1_96' title="bbox 1952 3772 3610 3843">
     <span class='ocr_line' id='line_1_98' title="bbox 1952 3772 3610 3843; baseline -0.007 -9"><span class='ocrx_word' id='word_1_618' title='bbox 1952 3784 2080 3834; x_wconf 87' lang='lat' dir='ltr'>est:</span> <span class='ocrx_word' id='word_1_619' title='bbox 2115 3778 2218 3833; x_wconf 86' lang='lat' dir='ltr'>Nec</span> <span class='ocrx_word' id='word_1_620' title='bbox 2245 3776 2405 3832; x_wconf 82' lang='lat' dir='ltr'>dabis</span> <span class='ocrx_word' id='word_1_621' title='bbox 2434 3779 2686 3831; x_wconf 87' lang='lat' dir='ltr'>sanctum</span> <span class='ocrx_word' id='word_1_622' title='bbox 2735 3783 2896 3829; x_wconf 83' lang='lat' dir='ltr'>tuum</span> <span class='ocrx_word' id='word_1_623' title='bbox 2951 3773 3141 3827; x_wconf 84' lang='lat' dir='ltr'>videre</span> <span class='ocrx_word' id='word_1_624' title='bbox 3196 3772 3610 3843; x_wconf 86' lang='lat' dir='ltr'>corruptionem</span> 
     </span>
    </p>
   </div>
   <div class='ocr_carea' id='block_1_97' title="bbox 1954 3861 3610 3940">
    <p class='ocr_par' dir='ltr' id='par_1_97' title="bbox 1954 3861 3610 3940">
     <span class='ocr_line' id='line_1_99' title="bbox 1954 3861 3610 3940; baseline -0.005 -17"><span class='ocrx_word' id='word_1_625' title='bbox 1954 3868 2131 3940; x_wconf 84' lang='lat' dir='ltr'>(Psat.</span> <span class='ocrx_word' id='word_1_626' title='bbox 2164 3884 2254 3933; x_wconf 82' lang='lat' dir='ltr'>xv,</span> <span class='ocrx_word' id='word_1_627' title='bbox 2288 3867 2400 3936; x_wconf 85' lang='lat'>21).</span> <span class='ocrx_word' id='word_1_628' title='bbox 2436 3866 2503 3920; x_wconf 88' lang='lat' dir='ltr'>Et</span> <span class='ocrx_word' id='word_1_629' title='bbox 2533 3863 2672 3920; x_wconf 86' lang='lat' dir='ltr'>alibi</span> <span class='ocrx_word' id='word_1_630' title='bbox 2732 3863 2799 3920; x_wconf 87' lang='lat' dir='ltr'>Os</span> <span class='ocrx_word' id='word_1_631' title='bbox 2854 3878 2966 3918; x_wconf 85' lang='lat' dir='ltr'>non</span> <span class='ocrx_word' id='word_1_632' title='bbox 3020 3861 3408 3917; x_wconf 85' lang='lat' dir='ltr'>comminuetis</span> <span class='ocrx_word' id='word_1_633' title='bbox 3435 3875 3506 3915; x_wconf 73' lang='lat' dir='ltr'>ex</span> <span class='ocrx_word' id='word_1_634' title='bbox 3548 3874 3610 3915; x_wconf 87' lang='lat' dir='ltr'>eo</span> 
     </span>
    </p>
   </div>
   <div class='ocr_carea' id='block_1_98' title="bbox 1955 3948 3606 4024">
    <p class='ocr_par' dir='ltr' id='par_1_98' title="bbox 1955 3948 3606 4024">
     <span class='ocr_line' id='line_1_100' title="bbox 1955 3948 3606 4024; baseline -0.006 -11"><span class='ocrx_word' id='word_1_635' title='bbox 1955 3959 2133 4024; x_wconf 84' lang='lat' dir='ltr'>(Joan.</span> <span class='ocrx_word' id='word_1_636' title='bbox 2166 3972 2256 4018; x_wconf 84' lang='lat' dir='ltr'>xv,</span> <span class='ocrx_word' id='word_1_637' title='bbox 2288 3956 2401 4021; x_wconf 88' lang='lat'>36).</span> <span class='ocrx_word' id='word_1_638' title='bbox 2432 3955 2621 4009; x_wconf 67' lang='lat' dir='ltr'>Missae</span> <span class='ocrx_word' id='word_1_639' title='bbox 2653 3952 2831 4009; x_wconf 89' lang='lat' dir='ltr'>etiam</span> <span class='ocrx_word' id='word_1_640' title='bbox 2863 3951 2976 4008; x_wconf 88' lang='lat' dir='ltr'>nisi</span> <span class='ocrx_word' id='word_1_641' title='bbox 3007 3967 3041 4007; x_wconf 86' lang='lat' dir='ltr'>a</span> <span class='ocrx_word' id='word_1_642' title='bbox 3060 3949 3287 4022; x_wconf 87' lang='lat' dir='ltr'>jejunis</span> <span class='ocrx_word' id='word_1_643' title='bbox 3334 3948 3606 4005; x_wconf 86' lang='lat' dir='ltr'>sacerdo-</span> 
     </span>
    </p>
   </div>
   <div class='ocr_carea' id='block_1_99' title="bbox 1956 4043 2683 4100">
    <p class='ocr_par' dir='ltr' id='par_1_99' title="bbox 1956 4043 2683 4100">
     <span class='ocr_line' id='line_1_101' title="bbox 1956 4043 2683 4100; baseline -0.006 0"><span class='ocrx_word' id='word_1_644' title='bbox 1956 4046 2116 4100; x_wconf 89' lang='lat' dir='ltr'>tibus</span> <span class='ocrx_word' id='word_1_645' title='bbox 2148 4061 2263 4100; x_wconf 93' lang='lat' dir='ltr'>non</span> <span class='ocrx_word' id='word_1_646' title='bbox 2294 4043 2683 4099; x_wconf 89' lang='lat' dir='ltr'>celebrentur.</span> 
     </span>
    </p>
   </div>
   <div class='ocr_carea' id='block_1_100' title="bbox 2046 4128 3516 4202">
    <p class='ocr_par' dir='ltr' id='par_1_100' title="bbox 2046 4128 3516 4202">
     <span class='ocr_line' id='line_1_102' title="bbox 2046 4128 3516 4202; baseline -0.005 -13"><span class='ocrx_word' id='word_1_647' title='bbox 2046 4134 2182 4189; x_wconf 79' lang='lat' dir='ltr'>CAP.</span> <span class='ocrx_word' id='word_1_648' title='bbox 2218 4133 2305 4188; x_wconf 84' lang='lat' dir='ltr'>XI.</span> <span class='ocrx_word' id='word_1_649' title='bbox 2339 4164 2404 4173; x_wconf 90' lang='grc'><strong>-</strong></span> <span class='ocrx_word' id='word_1_650' title='bbox 2439 4134 2502 4190; x_wconf 89' lang='lat' dir='ltr'>Ut</span> <span class='ocrx_word' id='word_1_651' title='bbox 2529 4134 2758 4202; x_wconf 73' lang='lat' dir='ltr'>feminae</span> <span class='ocrx_word' id='word_1_652' title='bbox 2785 4130 2857 4184; x_wconf 80' lang='lat' dir='ltr'>ad</span> <span class='ocrx_word' id='word_1_653' title='bbox 2884 4130 3063 4185; x_wconf 88' lang='lat' dir='ltr'>altare</span> <span class='ocrx_word' id='word_1_654' title='bbox 3088 4144 3200 4185; x_wconf 88' lang='lat' dir='ltr'>non</span> <span class='ocrx_word' id='word_1_655' title='bbox 3229 4128 3516 4184; x_wconf 85' lang='lat' dir='ltr'>accedant.</span> 
     </span>
    </p>
   </div>
   <div class='ocr_carea' id='block_1_101' title="bbox 2029 4216 3614 4295">
    <p class='ocr_par' dir='ltr' id='par_1_101' title="bbox 2029 4216 3614 4295">
     <span class='ocr_line' id='line_1_103' title="bbox 2029 4216 3614 4295; baseline -0.004 -18"><span class='ocrx_word' id='word_1_656' title='bbox 2029 4223 2356 4295; x_wconf 89' lang='lat' dir='ltr'>(Theodulf.</span> <span class='ocrx_word' id='word_1_657' title='bbox 2392 4238 2520 4293; x_wconf 90' lang='lat' dir='ltr'>cap.</span> <span class='ocrx_word' id='word_1_658' title='bbox 2577 4221 2658 4291; x_wconf 90' lang='lat'>6.)</span> <span class='ocrx_word' id='word_1_659' title='bbox 2713 4220 2961 4274; x_wconf 75' lang='lat' dir='ltr'>Feminae</span> <span class='ocrx_word' id='word_1_660' title='bbox 3016 4219 3260 4274; x_wconf 89' lang='lat' dir='ltr'>missam</span> <span class='ocrx_word' id='word_1_661' title='bbox 3314 4216 3614 4273; x_wconf 87' lang='lat' dir='ltr'>sacerdote</span> 
     </span>
    </p>
   </div>
   <div class='ocr_carea' id='block_1_102' title="bbox 1959 4305 3614 4382">
    <p class='ocr_par' dir='ltr' id='par_1_102' title="bbox 1959 4305 3614 4382">
     <span class='ocr_line' id='line_1_104' title="bbox 1959 4305 3614 4382; baseline -0.005 -13"><span class='ocrx_word' id='word_1_662' title='bbox 1959 4313 2287 4369; x_wconf 85' lang='lat' dir='ltr'>celebrante</span> <span class='ocrx_word' id='word_1_663' title='bbox 2318 4327 2691 4382; x_wconf 90' lang='lat' dir='ltr'>nequaquam</span> <span class='ocrx_word' id='word_1_664' title='bbox 2717 4310 2787 4364; x_wconf 89' lang='lat' dir='ltr'>ad</span> <span class='ocrx_word' id='word_1_665' title='bbox 2812 4308 2993 4364; x_wconf 86' lang='lat' dir='ltr'>altare</span> <span class='ocrx_word' id='word_1_666' title='bbox 3015 4309 3315 4374; x_wconf 86' lang='lat' dir='ltr'>accedant,</span> <span class='ocrx_word' id='word_1_667' title='bbox 3342 4306 3443 4362; x_wconf 90' lang='lat' dir='ltr'>sed</span> <span class='ocrx_word' id='word_1_668' title='bbox 3470 4305 3614 4361; x_wconf 87' lang='lat' dir='ltr'>locis</span> 
     </span>
    </p>
   </div>
   <div class='ocr_carea' id='block_1_103' title="bbox 1959 4393 3614 4472">
    <p class='ocr_par' dir='ltr' id='par_1_103' title="bbox 1959 4393 3614 4472">
     <span class='ocr_line' id='line_1_105' title="bbox 1959 4393 3614 4472; baseline -0.006 -14"><span class='ocrx_word' id='word_1_669' title='bbox 1959 4405 2083 4459; x_wconf 86' lang='lat' dir='ltr'>suis</span> <span class='ocrx_word' id='word_1_670' title='bbox 2115 4406 2294 4472; x_wconf 89' lang='lat' dir='ltr'>stent,</span> <span class='ocrx_word' id='word_1_671' title='bbox 2327 4406 2385 4455; x_wconf 89' lang='lat' dir='ltr'>et</span> <span class='ocrx_word' id='word_1_672' title='bbox 2430 4400 2510 4455; x_wconf 91' lang='lat' dir='ltr'>ibi</span> <span class='ocrx_word' id='word_1_673' title='bbox 2562 4399 2835 4454; x_wconf 87' lang='lat' dir='ltr'>sacerdos</span> <span class='ocrx_word' id='word_1_674' title='bbox 2879 4413 3082 4453; x_wconf 87' lang='lat' dir='ltr'>earum</span> <span class='ocrx_word' id='word_1_675' title='bbox 3141 4395 3469 4451; x_wconf 86' lang='lat' dir='ltr'>oblationes</span> <span class='ocrx_word' id='word_1_676' title='bbox 3497 4393 3614 4449; x_wconf 90' lang='lat' dir='ltr'>Deo</span> 
     </span>
    </p>
   </div>
   <div class='ocr_carea' id='block_1_104' title="bbox 1962 4482 3614 4560">
    <p class='ocr_par' dir='ltr' id='par_1_104' title="bbox 1962 4482 3614 4560">
     <span class='ocr_line' id='line_1_106' title="bbox 1962 4482 3614 4560; baseline -0.007 -13"><span class='ocrx_word' id='word_1_677' title='bbox 1962 4492 2268 4547; x_wconf 86' lang='lat' dir='ltr'>oblaturus</span> <span class='ocrx_word' id='word_1_678' title='bbox 2299 4489 2562 4560; x_wconf 87' lang='lat' dir='ltr'>accipiat.</span> <span class='ocrx_word' id='word_1_679' title='bbox 2598 4489 2884 4543; x_wconf 87' lang='lat' dir='ltr'>Memores</span> <span class='ocrx_word' id='word_1_680' title='bbox 2942 4501 3071 4540; x_wconf 83' lang='lat' dir='ltr'>esse</span> <span class='ocrx_word' id='word_1_681' title='bbox 3126 4484 3343 4538; x_wconf 88' lang='lat' dir='ltr'>debent</span> <span class='ocrx_word' id='word_1_682' title='bbox 3384 4482 3614 4537; x_wconf 64' lang='lat' dir='ltr'>feminas</span> 
     </span>
    </p>
   </div>
   <div class='ocr_carea' id='block_1_105' title="bbox 1961 4571 3614 4647">
    <p class='ocr_par' dir='ltr' id='par_1_105' title="bbox 1961 4571 3614 4647">
     <span class='ocr_line' id='line_1_107' title="bbox 1961 4571 3614 4647; baseline -0.005 -12"><span class='ocrx_word' id='word_1_683' title='bbox 1961 4580 2329 4635; x_wconf 88' lang='lat' dir='ltr'>inﬁrmitatis</span> <span class='ocrx_word' id='word_1_684' title='bbox 2360 4595 2503 4647; x_wconf 64' lang='lat' dir='ltr'>sua},</span> <span class='ocrx_word' id='word_1_685' title='bbox 2527 4582 2583 4630; x_wconf 91' lang='lat' dir='ltr'>et</span> <span class='ocrx_word' id='word_1_686' title='bbox 2612 4591 2788 4630; x_wconf 82' lang='lat' dir='ltr'>sexus</span> <span class='ocrx_word' id='word_1_687' title='bbox 2820 4572 3261 4629; x_wconf 87' lang='lat' dir='ltr'>imbecillitatis.</span> <span class='ocrx_word' id='word_1_688' title='bbox 3294 4572 3364 4628; x_wconf 85' lang='lat' dir='ltr'>Et</span> <span class='ocrx_word' id='word_1_689' title='bbox 3396 4571 3614 4627; x_wconf 85' lang='lat' dir='ltr'>idcirco</span> 
     </span>
    </p>
   </div>
   <div class='ocr_carea' id='block_1_106' title="bbox 1964 4661 3619 4740">
    <p class='ocr_par' dir='ltr' id='par_1_106' title="bbox 1964 4661 3619 4740">
     <span class='ocr_line' id='line_1_108' title="bbox 1964 4661 3619 4740; baseline -0.004 -17"><span class='ocrx_word' id='word_1_690' title='bbox 1964 4668 2239 4740; x_wconf 67' lang='lat' dir='ltr'>quaelibet</span> <span class='ocrx_word' id='word_1_691' title='bbox 2262 4674 2468 4721; x_wconf 89' lang='lat' dir='ltr'>sancta</span> <span class='ocrx_word' id='word_1_692' title='bbox 2488 4666 2546 4719; x_wconf 90' lang='lat' dir='ltr'>in</span> <span class='ocrx_word' id='word_1_693' title='bbox 2572 4664 2897 4719; x_wconf 88' lang='lat' dir='ltr'>ministerio</span> <span class='ocrx_word' id='word_1_694' title='bbox 2919 4663 3116 4719; x_wconf 88' lang='lat' dir='ltr'>divino</span> <span class='ocrx_word' id='word_1_695' title='bbox 3138 4661 3476 4735; x_wconf 81' lang='lat' dir='ltr'>contingere</span> <span class='ocrx_word' id='word_1_696' title='bbox 3496 4677 3619 4733; x_wconf 86' lang='lat' dir='ltr'>per-</span> 
     </span>
    </p>
   </div>
   <div class='ocr_carea' id='block_1_107' title="bbox 1962 4752 3618 4825">
    <p class='ocr_par' dir='ltr' id='par_1_107' title="bbox 1962 4752 3618 4825">
     <span class='ocr_line' id='line_1_109' title="bbox 1962 4752 3618 4825; baseline -0.005 -12"><span class='ocrx_word' id='word_1_697' title='bbox 1962 4759 2292 4813; x_wconf 86' lang='lat' dir='ltr'>timescant.</span> <span class='ocrx_word' id='word_1_698' title='bbox 2313 4756 2445 4819; x_wconf 74' lang='lat' dir='ltr'>Quae</span> <span class='ocrx_word' id='word_1_699' title='bbox 2462 4756 2635 4810; x_wconf 89' lang='lat' dir='ltr'>etiam</span> <span class='ocrx_word' id='word_1_700' title='bbox 2657 4753 2789 4809; x_wconf 88' lang='lat' dir='ltr'>laici</span> <span class='ocrx_word' id='word_1_701' title='bbox 2819 4754 2927 4808; x_wconf 89' lang='lat' dir='ltr'>viri</span> <span class='ocrx_word' id='word_1_702' title='bbox 2952 4754 3363 4825; x_wconf 89' lang='lat' dir='ltr'>pertimescere</span> <span class='ocrx_word' id='word_1_703' title='bbox 3385 4752 3618 4817; x_wconf 89' lang='lat' dir='ltr'>debent,</span> 
     </span>
    </p>
   </div>
   <div class='ocr_carea' id='block_1_108' title="bbox 1965 4840 3620 4917">
    <p class='ocr_par' dir='ltr' id='par_1_108' title="bbox 1965 4840 3620 4917">
     <span class='ocr_line' id='line_1_110' title="bbox 1965 4840 3620 4917; baseline -0.004 -16"><span class='ocrx_word' id='word_1_704' title='bbox 1965 4864 2038 4902; x_wconf 89' lang='lat' dir='ltr'>ne</span> <span class='ocrx_word' id='word_1_705' title='bbox 2067 4847 2191 4901; x_wconf 76' lang='lat' dir='ltr'>Ozze</span> <span class='ocrx_word' id='word_1_706' title='bbox 2228 4862 2458 4917; x_wconf 65' lang='lat' dir='ltr'>poenam</span> <span class='ocrx_word' id='word_1_707' title='bbox 2495 4846 2767 4909; x_wconf 84' lang='lat' dir='ltr'>subeant,</span> <span class='ocrx_word' id='word_1_708' title='bbox 2799 4844 2922 4914; x_wconf 92' lang='lat' dir='ltr'>qui,</span> <span class='ocrx_word' id='word_1_709' title='bbox 2955 4844 3095 4897; x_wconf 92' lang='lat' dir='ltr'>dum</span> <span class='ocrx_word' id='word_1_710' title='bbox 3153 4844 3354 4896; x_wconf 77' lang='lat' dir='ltr'>Arcam</span> <span class='ocrx_word' id='word_1_711' title='bbox 3388 4840 3620 4895; x_wconf 90' lang='lat' dir='ltr'>Domini</span> 
     </span>
    </p>
   </div>
   <div class='ocr_carea' id='block_1_109' title="bbox 1965 4932 3616 5007">
    <p class='ocr_par' dir='ltr' id='par_1_109' title="bbox 1965 4932 3616 5007">
     <span class='ocr_line' id='line_1_111' title="bbox 1965 4932 3616 5007; baseline -0.004 -16"><span class='ocrx_word' id='word_1_712' title='bbox 1965 4936 2421 4992; x_wconf 81' lang='lat' dir='ltr'>extraordinario</span> <span class='ocrx_word' id='word_1_713' title='bbox 2467 4935 2809 5007; x_wconf 84' lang='lat' dir='ltr'>contingere</span> <span class='ocrx_word' id='word_1_714' title='bbox 2856 4932 3059 4995; x_wconf 90' lang='lat' dir='ltr'>voluit,</span> <span class='ocrx_word' id='word_1_715' title='bbox 3111 4932 3353 4986; x_wconf 87' lang='lat' dir='ltr'>Domino</span> <span class='ocrx_word' id='word_1_716' title='bbox 3416 4945 3616 5001; x_wconf 80' lang='lat' dir='ltr'>percu-</span> 
     </span>
    </p>
   </div>
   <div class='ocr_carea' id='block_1_110' title="bbox 1966 5024 2796 5097">
    <p class='ocr_par' dir='ltr' id='par_1_110' title="bbox 1966 5024 2796 5097">
     <span class='ocr_line' id='line_1_112' title="bbox 1966 5024 2796 5097; baseline -0.005 -16"><span class='ocrx_word' id='word_1_717' title='bbox 1966 5028 2148 5083; x_wconf 87' lang='lat' dir='ltr'>tiente</span> <span class='ocrx_word' id='word_1_718' title='bbox 2180 5025 2403 5081; x_wconf 86' lang='lat' dir='ltr'>interiit</span> <span class='ocrx_word' id='word_1_719' title='bbox 2432 5026 2504 5097; x_wconf 90' lang='lat' dir='ltr'>(ll</span> <span class='ocrx_word' id='word_1_720' title='bbox 2532 5027 2641 5093; x_wconf 79' lang='lat' dir='ltr'>Reg</span> <span class='ocrx_word' id='word_1_721' title='bbox 2695 5024 2796 5093; x_wconf 78' lang='lat' dir='ltr'>VI).</span> 
     </span>
    </p>
   </div>
   <div class='ocr_carea' id='block_1_111' title="bbox 1966 5123 3620 5200">
    <p class='ocr_par' dir='ltr' id='par_1_111' title="bbox 1966 5123 3620 5200">
     <span class='ocr_line' id='line_1_113' title="bbox 1966 5123 3620 5200; baseline -0.005 -10"><span class='ocrx_word' id='word_1_722' title='bbox 1966 5139 2098 5190; x_wconf 79' lang='lat' dir='ltr'>CAP.</span> <span class='ocrx_word' id='word_1_723' title='bbox 2130 5134 2249 5190; x_wconf 86' lang='lat' dir='ltr'>XII.</span> <span class='ocrx_word' id='word_1_724' title='bbox 2312 5163 2381 5173; x_wconf 92' lang='lat'><strong><em>—</em></strong></span> <span class='ocrx_word' id='word_1_725' title='bbox 2453 5134 2516 5190; x_wconf 85' lang='lat' dir='ltr'>Ut</span> <span class='ocrx_word' id='word_1_726' title='bbox 2573 5133 2802 5200; x_wconf 66' lang='lat' dir='ltr'>femina?</span> <span class='ocrx_word' id='word_1_727' title='bbox 2846 5123 3271 5195; x_wconf 50' lang='lat' dir='ltr'>sacrala&#39;vasa,</span> <span class='ocrx_word' id='word_1_728' title='bbox 3318 5129 3405 5183; x_wconf 83' lang='lat' dir='ltr'>vel</span> <span class='ocrx_word' id='word_1_729' title='bbox 3432 5126 3620 5199; x_wconf 79' lang='lat' dir='ltr'>pallas</span> 
     </span>
    </p>
   </div>
   <div class='ocr_carea' id='block_1_112' title="bbox 2542 5205 3047 5270">
    <p class='ocr_par' dir='ltr' id='par_1_112' title="bbox 2542 5205 3047 5270">
     <span class='ocr_line' id='line_1_114' title="bbox 2542 5205 3047 5270; baseline -0.004 -13"><span class='ocrx_word' id='word_1_730' title='bbox 2542 5220 2653 5257; x_wconf 85' lang='lat' dir='ltr'>non</span> <span class='ocrx_word' id='word_1_731' title='bbox 2706 5205 3047 5270; x_wconf 83' lang='lat' dir='ltr'>contingant.</span> 
     </span>
    </p>
   </div>
   <div class='ocr_carea' id='block_1_113' title="bbox 2043 5289 3625 5366">
    <p class='ocr_par' dir='ltr' id='par_1_113' title="bbox 2043 5289 3625 5366">
     <span class='ocr_line' id='line_1_115' title="bbox 2043 5289 3625 5366; baseline -0.006 -14"><span class='ocrx_word' id='word_1_732' title='bbox 2043 5297 2312 5352; x_wconf 81' lang='lat' dir='ltr'>Sacratae</span> <span class='ocrx_word' id='word_1_733' title='bbox 2345 5294 2456 5366; x_wconf 88' lang='grc'>(19)</span> <span class='ocrx_word' id='word_1_734' title='bbox 2492 5298 2605 5348; x_wconf 90' lang='lat' dir='ltr'>Deo</span> <span class='ocrx_word' id='word_1_735' title='bbox 2636 5291 2907 5361; x_wconf 87' lang='lat' dir='ltr'>feminas,</span> <span class='ocrx_word' id='word_1_736' title='bbox 2935 5290 3025 5345; x_wconf 86' lang='lat' dir='ltr'>vel</span> <span class='ocrx_word' id='word_1_737' title='bbox 3057 5289 3376 5346; x_wconf 77' lang='lat' dir='ltr'>monachae</span> <span class='ocrx_word' id='word_1_738' title='bbox 3397 5292 3625 5345; x_wconf 82' lang='lat' dir='ltr'>sacrata</span> 
     </span>
    </p>
   </div>
   <div class='ocr_carea' id='block_1_114' title="bbox 1967 5488 3311 5566">
    <p class='ocr_par' dir='ltr' id='par_1_114' title="bbox 1967 5488 3311 5566">
     <span class='ocr_line' id='line_1_116' title="bbox 1967 5488 3311 5566; baseline -0.008 -15"><span class='ocrx_word' id='word_1_739' title='bbox 1967 5511 2093 5566; x_wconf 88' lang='lat' dir='ltr'>cap.</span> <span class='ocrx_word' id='word_1_740' title='bbox 2130 5492 2325 5566; x_wconf 79' lang='lat' dir='ltr'>Nullus</span> <span class='ocrx_word' id='word_1_741' title='bbox 2353 5491 2651 5566; x_wconf 78' lang='lat' dir='ltr'>presbyter.</span> <span class='ocrx_word' id='word_1_742' title='bbox 2688 5489 2769 5544; x_wconf 91' lang='lat' dir='ltr'>De</span> <span class='ocrx_word' id='word_1_743' title='bbox 2795 5505 3054 5566; x_wconf 65' lang='lat' dir='ltr'>consecr.</span> <span class='ocrx_word' id='word_1_744' title='bbox 3081 5488 3229 5566; x_wconf 79' lang='lat' dir='ltr'>_dist.</span> 
     </span>
    </p>
   </div>
   <div class='ocr_carea' id='block_1_115' title="bbox 2040 5556 3618 5634">
    <p class='ocr_par' dir='ltr' id='par_1_115' title="bbox 2040 5556 3618 5634">
     <span class='ocr_line' id='line_1_117' title="bbox 2040 5556 3618 5634; baseline -0.006 -14"><span class='ocrx_word' id='word_1_745' title='bbox 2040 5556 2158 5634; x_wconf 70' lang='lat'>(19)</span> <span class='ocrx_word' id='word_1_746' title='bbox 2192 5556 2411 5617; x_wconf 79' lang='lat' dir='ltr'>Soteris</span> <span class='ocrx_word' id='word_1_747' title='bbox 2446 5556 2572 5633; x_wconf 65' lang='lat' dir='ltr'>quae</span> <span class='ocrx_word' id='word_1_748' title='bbox 2608 5563 2789 5634; x_wconf 82' lang='lat' dir='ltr'>fertur</span> <span class='ocrx_word' id='word_1_749' title='bbox 2845 5561 3013 5627; x_wconf 72' lang='lat' dir='ltr'>epist.</span> <span class='ocrx_word' id='word_1_750' title='bbox 3049 5562 3127 5634; x_wconf 83' lang='lat'>_2.</span> <span class='ocrx_word' id='word_1_751' title='bbox 3193 5557 3449 5634; x_wconf 71' lang='lat' dir='ltr'>episcop.</span> <span class='ocrx_word' id='word_1_752' title='bbox 3491 5556 3618 5613; x_wconf 87' lang='lat' dir='ltr'>Ital.</span> 
     </span>
    </p>
   </div>
   <div class='ocr_carea' id='block_1_116' title="bbox 1968 5631 3616 5705">
    <p class='ocr_par' dir='ltr' id='par_1_116' title="bbox 1968 5631 3616 5705">
     <span class='ocr_line' id='line_1_118' title="bbox 1968 5631 3616 5705; baseline -0.005 -12"><span class='ocrx_word' id='word_1_753' title='bbox 1968 5631 2169 5693; x_wconf 82' lang='lat' dir='ltr'>Exstat</span> <span class='ocrx_word' id='word_1_754' title='bbox 2199 5637 2338 5697; x_wconf 89' lang='lat' dir='ltr'>dist,</span> <span class='ocrx_word' id='word_1_755' title='bbox 2388 5631 2478 5698; x_wconf 70' lang='lat'>23,</span> <span class='ocrx_word' id='word_1_756' title='bbox 2529 5648 2655 5705; x_wconf 87' lang='lat' dir='ltr'>cap.</span> <span class='ocrx_word' id='word_1_757' title='bbox 2718 5632 2991 5687; x_wconf 70' lang='lat' dir='ltr'>Sacranis.</span> <span class='ocrx_word' id='word_1_758' title='bbox 3046 5632 3113 5684; x_wconf 86' lang='lat' dir='ltr'>Et</span> <span class='ocrx_word' id='word_1_759' title='bbox 3144 5631 3616 5705; x_wconf 39' lang='lat' dir='ltr'>aputh_vonem</span> 
     </span>
    </p>
   </div>
   <div class='ocr_carea' id='block_1_117' title="bbox 1966 5700 3448 5777">
    <p class='ocr_par' dir='ltr' id='par_1_117' title="bbox 1966 5700 3448 5777">
     <span class='ocr_line' id='line_1_119' title="bbox 1966 5700 3448 5777; baseline -0.009 -10"><span class='ocrx_word' id='word_1_760' title='bbox 1966 5712 2199 5767; x_wconf 86' lang='lat' dir='ltr'>Carnot.</span> <span class='ocrx_word' id='word_1_761' title='bbox 2231 5708 2455 5763; x_wconf 88' lang='lat' dir='ltr'>Decret.</span> <span class='ocrx_word' id='word_1_762' title='bbox 2491 5723 2549 5777; x_wconf 92' lang='lat' dir='ltr'>p.</span> <span class='ocrx_word' id='word_1_763' title='bbox 2584 5700 2644 5762; x_wconf 76' lang='lat' dir='ltr'>ii.</span> <span class='ocrx_word' id='word_1_764' title='bbox 2680 5720 2729 5761; x_wconf 91' lang='lat' dir='ltr'>c.</span> <span class='ocrx_word' id='word_1_765' title='bbox 2763 5707 2834 5759; x_wconf 81' lang='grc'>72</span> <span class='ocrx_word' id='word_1_766' title='bbox 2863 5711 2922 5760; x_wconf 86' lang='lat' dir='ltr'>et</span> <span class='ocrx_word' id='word_1_767' title='bbox 2951 5721 3008 5776; x_wconf 89' lang='lat' dir='ltr'>p.</span> <span class='ocrx_word' id='word_1_768' title='bbox 3042 5718 3126 5770; x_wconf 86' lang='grc' dir='ltr'>ιιι,</span> <span class='ocrx_word' id='word_1_769' title='bbox 3156 5717 3283 5772; x_wconf 90' lang='lat' dir='ltr'>cap.</span> <span class='ocrx_word' id='word_1_770' title='bbox 3317 5700 3448 5769; x_wconf 86' lang='lat'>265,</span> 
     </span>
    </p>
   </div>
  </div>
