3946 6416
325 438 399 504 3Ϊ
1344 450 1684 511 ATTONIS
1727 444 2312 512 VEBCELLENSIS
2358 452 2715 514 EPISCOPI
3660 448 3739 511 32

330 552 490 644 vasa,
524 575 614 632 vel
643 582 905 634 sacratas
962 577 1150 651 pallas
1195 597 1372 651 penes
1402 598 1509 636 nos
1541 580 1895 651 contingere,
1923 585 1980 636 et
2006 580 2061 647 Α
2091 581 2346 653 ptizandi
2380 582 2492 639 sibi
2524 583 2819 657 quispiam
2849 581 3070 657 passim
3099 597 3453 655 quocunque
3476 585 3739 654 tempore

328 665 481 720 circa
511 666 720 721 altaria
778 670 1082 724 incensum
1145 670 1367 726 deferre
1425 671 1711 742 perlatum
1772 677 1860 726 est
1899 672 1971 727 ad

329 756 708 825 apostolicam
743 759 962 813 sedem.
998 760 1131 824 Quae
1183 760 1377 813 omnia
1425 761 1875 832 reprehensione
1919 766 1975 816 et

326 844 752 917 vituperatione
781 848 951 919 plena
974 864 1100 903 esse
1132 847 1275 902 nulli
1310 854 1460 904 recte
1487 850 1840 921 sapientium
1873 852 1974 905 du-

320 933 483 989 bium
520 939 625 989 est.
655 937 1019 1008 Quapropter
1040 937 1215 1007 hujus
1231 939 1611 1007 sanetzesedis
1628 940 1971 995 auctoritate

319 1022 441 1078 haec
472 1025 672 1080 omnia
703 1043 959 1081 resecare
984 1026 1249 1081 funditus
1282 1029 1633 1098 quantocius
1684 1030 1967 1101 poteritis,

319 1128 664 1167 censemus:
698 1119 755 1167 et
786 1131 856 1168 ne
890 1115 1069 1184 pestis
1103 1114 1222 1169 haec
1260 1115 1431 1169 latius
1483 1116 1833 1187 divulgetur,
1870 1136 1972 1189 per

320 1216 524 1257 omnes
570 1201 897 1272 provincias
949 1204 1205 1276 abstergi
1268 1203 1551 1260 citissime
1594 1207 1965 1263 mandamus.

421 1307 559 1363 CAP.
592 1308 736 1364 XIII.
770 1341 838 1349 —
874 1311 936 1386 Ut
967 1312 1157 1386 nullus
1187 1324 1482 1383 praesumat
1514 1315 1761 1386 qualibet
1791 1332 1863 1369 ex

782 1384 954 1435 sacris
986 1384 1185 1437 illirite
1214 1400 1499 1454 usurpare.

391 1485 718 1556 (Theodulf.
752 1504 881 1560 cap.
920 1488 1031 1560 18.)
1075 1488 1283 1545 Nullus
1337 1497 1653 1561 prazsumat
1700 1498 1799 1547 aut
1830 1493 1967 1547 cali-

322 1591 469 1643 cem,
505 1580 606 1630 aut
635 1581 1037 1647 patenam,aut
1056 1578 1328 1649 quaslibet
1347 1597 1483 1635 vasa
1505 1588 1749 1643 sacra,et
1774 1581 1969 1638 divino

320 1664 555 1719 servitio
588 1666 1043 1739 mancipatajdad
1078 1668 1222 1723 alios
1274 1686 1444 1739 usus,
1466 1676 1820 1742 retorquere,
1863 1689 1968 1727 nec

321 1749 499 1808 calice
531 1770 697 1808 sacro
727 1753 881 1809 aliud
915 1754 1318 1828 bibat_‘praater
1347 1757 1696 1830 sanguinem
1730 1759 1968 1828 Christi,

320 1840 422 1911 qui
455 1840 513 1896 in
546 1848 909 1898 sacramento
937 1844 1224 1917 accipitur
1247 1863 1260 1913 ;
1282 1862 1385 1901 nec
1413 1852 1683 1920 patenam
1713 1849 1781 1904 ad
1807 1850 1965 1906 aliud

2084 672 2304 727 nullam
2337 675 2534 727 credat
2568 674 2759 728 inesse
2820 674 3136 738 tiduciam;
3199 678 3408 744 praeter
3458 670 3737 728 Paschale

2082 760 2318 829 festum,
2353 768 2407 815 et
2439 767 2806 816 Pentecostes
2864 761 3191 815 venerabile
3256 767 3733 817 sacramentum:

2082 856 2321 921 excepto
2357 853 2642 906 duntaxat
2671 850 3003 920 gravissimi
3044 850 3345 921 languoris
3378 850 3644 915 incursu,
3676 849 3749 905 in‘

2081 955 2198 1010 quo
2228 941 2544 995 verendum
2596 945 2683 995 est
2711 940 2805 995 'ne
2859 940 3042 994 morbi
3096 946 3391 993 crescente
3453 938 3732 1010 periculo,

2081 1027 2207 1082 sine
2260 1028 2516 1083 remedio
2576 1028 2822 1083 salutari
2884 1030 3151 1083 fortassis
3198 1034 3509 1099 aegrotans,
3559 1028 3735 1084 exitio

2082 1124 2411 1188 praeventus
2443 1119 2738 1173 abscedat.
2976 1124 2981 1129 '

2195 1223 2329 1278 CAP.
2365 1223 2565 1278 XVIII.
2598 1255 2665 1264 —
2700 1224 2954 1299 Qualiter
2976 1222 3240 1292 baptismi
3272 1225 3623 1299 sacramenta,

2640 1298 2917 1349 celebrari
2955 1303 3169 1364 Oportet

2149 1401 2568 1457 Catechumeni
2600 1408 2913 1473 antequam
2947 1400 3337 1470 baptizentur,
3360 1399 3732 1456 instruantur

2080 1490 2331 1561 qualiter
2378 1492 2636 1555 credant,
2689 1495 2753 1545 ut
2802 1491 3205 1544 sacerdotibus
3254 1506 3386 1543 cum
3431 1490 3732 1560 baptizan-

2078 1583 2176 1633 tur
2206 1580 2617 1651 respondeant.
2653 1580 2757 1644 Qui
2795 1580 2955 1633 nullo
2988 1580 3161 1632 modo
3194 1578 3577 1649 baptizentur
3616 1577 3735 1633 nisi

2080 1685 2248 1721 suam
2280 1668 2530 1722 conlessi
2569 1669 2783 1722 fuerint
2816 1668 3031 1722 fidem:
3067 1667 3113 1721 si
3164 1665 3410 1722 facultas
3457 1666 3737 1739 loquendi

2079 1756 2331 1811 adfuerit
2356 1756 2431 1823 ;si
2449 1761 2646 1811 autem
2667 1756 2864 1810 subito
2887 1755 3231 1811 imminente
3252 1755 3510 1827 periculo
3533 1756 3739 1810 obmu-

2078 1844 2317 1911 tuerint,
2371 1861 2473 1916 per
2521 1843 3060 1899 Cbristianissimos
3109 1849 3291 1899 testes
3350 1859 3549 1900 eorum
3586 1844 3735 1899 fides

320 1929 925 1999 omciumladmittere
956 1933 1189 2000 audeat,
1226 1937 1508 2010 quam;ad
1539 1937 1740 1994 altaris
1772 1939 1973 1996 minis-
2000 1949 2048 2013 Β
2078 1933 2464 2001 examinetur,
2499 1932 2731 2004 quiillis
2746 1939 3061 2004 antequam
3077 1933 3732 2000 obmutuerint,adfuis-

319 2019 557 2075 torium.
587 2019 656 2075 Et
685 2020 890 2078 altaria
920 2040 1033 2078 non
1067 2025 1476 2096 cooperiantur
1522 2026 1634 2083 nisi
1680 2029 1883 2085 nitidis
1913 2035 1969 2086 et

321 2107 486 2165 novis
507 2110 1137 2183 pannis,corporalvero
1160 2121 1526 2171 mortuorum
1550 2117 1779 2190 in~ipsis
1802 2118 1967 2175 nullo

322 2197 496 2252 modo
525 2198 914 2256 involvantur.

399 2303 535 2361 CAP.
566 2305 707 2361 XIV.
738 2335 807 2349 -
841 2308 907 2375 Ut
932 2308 1248 2365 vestimenta
1274 2313 1639 2370 ecclesiastica
1668 2320 1884 2372 sacrata

903 2383 954 2435 et
985 2381 1213 2436 honesta
1242 2386 1372 2438 sint.

388 2481 754 2539 Vestimenta
768 2484 882 2557 (20)
898 2484 1075 2558 igitur
1087 2487 1479 2545 ecclesiastica
1493 2492 1705 2564 quibus
1720 2494 1965 2552 Domino

319 2570 712 2644 ministratur,
745 2580 974 2630 sacrata
991 2575 1203 2631 debent
1223 2594 1351 2633 esse
1370 2584 1428 2634 et
1451 2580 1717 2637 honesta.
1744 2585 1967 2649 Quibus

320 2658 453 2718 aliis
477 2661 686 2718 usibus
715 2679 888 2719 nemo
922 2664 1090 2721 debet
1127 2666 1233 2734 uti,
1268 2684 1443 2738 quam
1482 2669 1891 2727 ecclesiasticis
1913 2679 1968 2729 et

321 2752 434 2805 Deo
465 2750 663 2822 dignis
679 2751 911 2817 officiis,
930 2770 1056 2825 quas
1076 2771 1179 2810 nec
1203 2755 1275 2811 ab
1298 2755 1431 2812 aliis
1455 2758 1963 2834 debentcontingi,

319 2843 422 2894 aut
453 2838 609 2908 ferri,
643 2840 756 2895 nisi
787 2858 822 2895 a
851 2844 1489 2914 sacratishominibus,
1524 2864 1595 2902 ne
1648 2848 1792 2905 ultio
1838 2868 1965 2921 quas

320 2926 627 2983 Balthasar
672 2946 870 3001 regem
919 2932 1225 3002 percussit,
1277 2951 1456 3006 super
1502 2936 1623 2991 haec
1671 2943 1964 3011 transgre-

322 3014 570 3085 dientes,
602 3021 660 3072 et
704 3017 818 3073 alia
866 3029 1309 3091 praesumentes,
1357 3024 1550 3079 veniat
1597 3026 1827 3089 divina;
1864 3029 1966 3100 qui

323 3104 464 3160 dum
488 3121 626 3160 vasa
646 3106 880 3162 Domini
911 3109 969 3164 in
993 3126 1137 3166 usus
1158 3129 1501 3169 communes
1522 3119 1866 3188 assumpsit,
1890 3119 1969 3173 vi-

320 3196 441 3263 tam
474 3210 609 3250 cum
643 3212 819 3268 regno
852 3197 1067 3269 pariter
1095 3200 1313 3256 amisit.

418 3300 552 3357 CAP.
585 3301 697 3358 XV.
742 3335 796 3343 —
834 3304 895 3361 Ut
925 3305 1113 3360 clerici
1150 3309 1507 3365 saecularibus
1535 3310 1871 3370 indumentis

946 3393 1057 3431 non
1084 3382 1335 3434 utantur.

390 3477 722 3549 (Zacharias
753 3498 924 3552 papa,
950 3488 1006 3537 et
1037 3485 1285 3541 refertur
1324 3488 1415 3551 21,
1474 3506 1532 3559 q.
1567 3492 1620 3555 4,
1671 3510 1796 3564 cap.
1832 3495 1964 3564 Epi-

318 3569 516 3639 scopi,)
533 3570 859 3642 Presbyteri
877 3577 935 3626 et
955 3572 1181 3629 diaconi
1201 3576 1578 3633 saecularibus
1604 3581 1965 3637 indumentis

320 3655 563 3711 minime
579 3662 840 3727 utantur,
858 3660 973 3715 nisi
995 3667 1059 3716 ut
1078 3664 1371 3729 condecet,
1407 3668 1605 3722 tunica
1635 3671 1967 3725 sacerdota-

320 3742 399 3799 li:
436 3746 538 3801 sed
568 3763 753 3818 neque
784 3749 924 3804 dum
957 3751 1389 3808 ambulaverint
1420 3755 1478 3809 in
1519 3756 1831 3828 civitatem,
1866 3765 1968 3815 aut

321 3832 383 3888 in
412 3832 591 3899 viam,
610 3841 712 3891 aut
730 3836 790 3892 in
809 3837 1050 3910 plateas,
1076 3840 1205 3895 sine
1226 3842 1586 3911 operimento
1611 3853 1969 3917 praesumant

321 3923 644 3995 ambulare,
678 3936 883 3997 praeter
913 3931 962 3984 si
993 3928 1053 3983 in
1082 3930 1295 3985 itinera
1324 3931 1497 4003 longa
1518 3936 1967 3992 ambulaverint.

321 4012 488 4076 Quia,
540 4014 693 4069 sicut
712 4017 919 4070 mulier
949 4032 1113 4073 orans
1143 4020 1205 4073 in
1229 4021 1467 4076 ecclesiis
1495 4040 1601 4078 non
1635 4024 1822 4079 velato
1875 4043 1968 4081 ca-

319 4102 433 4171 pite
460 4101 713 4173 deturpat
742 4114 904 4175 caput
934 4122 1096 4161 suum
1150 4109 1195 4177 (Ι
1252 4112 1384 4166 Cor.
1432 4129 1494 4176 ιι,
1529 4114 1602 4184 li),
1629 4114 1798 4183 juxta
1827 4132 1966 4186 apo-

324 4189 591 4245 stolicam
612 4208 822 4259 vocem
848 4213 865 4257 ς
895 4193 977 4249 ita
1002 4199 1272 4251 sacerdos
1307 4200 1432 4254 sine
1470 4203 1832 4271 Operimento
1866 4205 1967 4260 de-

321 4281 523 4349 turpat
570 4282 961 4338 sacerdotium
1015 4301 1210 4341 suum.
1268 4287 1436 4355 Nam,
1496 4290 1545 4343 si
1596 4296 1792 4347 tenere
1824 4309 1965 4363 pree-

324 4368 641 4440 sumpserit
719 4376 1212 4443 contrag‘statuta
1289 4392 1481 4448 agere,
1553 4381 1970 4438 communione

324 4456 601 4529 privetur,
635 4459 817 4518 donec
848 4478 974 4533 quas
1022 4469 1242 4521 statuta
1290 4471 1430 4523 sunt
1477 4467 1798 4541 adimplere
1843 4487 1969 4527 ma-

321 4551 497 4602 turet.

430 4652 564 4709 CAP.
598 4654 737 4710 XVI.
771 4684 837 4698 --
870 4658 1416 4786 Quan‘doajytmbolum
1436 4666 1863 4737 competentibus

1035 4748 1063 4784 r
1137 4750 1166 4785 a
1193 4749 1279 4786 ur.

1035 4748 1279 4787 radatur.

396 4812 606 4870 Concil.
639 4815 927 4887 Agathens.
961 4835 1011 4874 c.
1048 4821 1158 4891 13.)
1191 4822 1532 4892 Symbolum
1555 4827 1729 4882 etiam
1753 4828 1972 4898 placuit

325 4904 707 4970 abfomnibus
739 4905 1016 4963 Ecclesiis
1042 4925 1159 4964 una
1175 4912 1286 4979 die,
1323 4912 1378 4964 id
1412 4918 1501 4966 est
1531 4921 1664 4968 ante
1694 4922 1821 4971 octo
1842 4918 1968 4973 dies

323 4991 641 5048 Dominicae
660 4995 1122 5052 Resurrectionis
1146 4999 1379 5069 publice
1401 5001 1460 5056 in
1475 5003 1721 5058 ecclesia
1744 5022 1970 5077 compe-

324 5080 586 5155 tentibus
618 5084 791 5138 tradi.

572 5190 708 5246 CAP.
742 5192 908 5246 XVII.
943 5224 1011 5232 —
1044 5197 1121 5248 De
1151 5198 1385 5266 tempore
1414 5196 1717 5267 (baptismi.

394 5294 683 5367 (Gelasius
714 5298 884 5369 epist.
918 5301 988 5354 ad
1022 5301 1277 5372 episcop.
1315 5304 1575 5358 Lucaniae
1607 5321 1656 5361 c.
1704 5307 1814 5378 12.)
1859 5312 1966 5361 Ba-

396 5475 507 5546 (20)
542 5475 926 5552 Steph._papa
976 5478 1193 5536 Hilario
1243 5497 1333 5552 ep.
1387 5482 1437 5535 1.
1486 5499 1535 5538 c.
1595 5484 1649 5538 3.
1699 5485 1970 5540 Refertur

322 5546 393 5628 _d'e
443 5546 700 5628 conse'c’r.
747 5546 1005 5628 distinct.
1074 5553 1221 5628 1,_c.
1282 5546 1630 5610 Vestimenta.
1692 5557 1758 5611 Et
1808 5557 1965 5628 apud

319 5616 841 5695 Yvonem‘C‘arnot.
874 5640 927 5695 p.
960 5641 1020 5677 ιι.
1053 5616 1224 5677 οζ74.

2080 2025 2228 2076 sent.
2255 2022 2322 2075 Et
2345 2021 2391 2076 si
2422 2038 2623 2077 eorum
2656 2021 3009 2077 testimoniis
3042 2020 3203 2093 digni
3237 2021 3457 2076 inventi
3489 2022 3726 2091 fuerint,

2078 2111 2466 2182 baptizentur.
2501 2110 2568 2165 Hi
2587 2127 2719 2165 vero
2743 2111 2839 2182 qui
2867 2110 2937 2165 ab
2959 2111 3204 2165 infantia
3226 2110 3372 2165 muti
3399 2110 3655 2177 fuerunt,
3679 2109 3730 2165 si

2079 2198 2374 2271 aliquibus
2407 2201 2667 2267 nutibus,
2702 2207 2799 2257 aut
2831 2200 3061 2256 indiciis
3098 2200 3460 2256 Christianos
3508 2215 3569 2255 se
3600 2217 3732 2256 esse

2076 2289 2245 2356 vello,
2268 2289 2353 2345 vel
2388 2289 2753 2361 baptismum
2779 2294 2972 2363 petere
3004 2290 3333 2355 videantur,
3364 2306 3477 2345 non
3499 2294 3588 2344 est
3610 2288 3730 2345 illis

2073 2378 2401 2433 vitandum.
2439 2378 2545 2433 Pro
2578 2379 2903 2433 infantibus
2936 2395 3071 2433 vero
3106 2378 3321 2449 quibus
3354 2382 3495 2432 setas
3527 2377 3733 2433 adhuc

2076 2467 2350 2538 loquendi
2369 2485 2480 2522 non
2496 2467 2742 2536 est,aliis
2762 2485 2873 2523 non
2896 2467 3730 2538 abnuimusrespondendum,

2078 2556 2382 2611 catholicis
2403 2561 2620 2610 tamen.
2648 2557 2755 2611 Sed
2789 2557 2888 2628 qui
2917 2574 3019 2628 pro
3046 2556 3131 2611 eis
3157 2555 3332 2610 fidem
3356 2556 3729 2628 promittunt,

2077 2661 2277 2700 curam
2314 2650 2368 2699 et
2401 2644 3107 2700 sollicitudinem‘babere
3138 2645 3373 2711 debent,
3408 2649 3471 2699 ut
3502 2645 3583 2699 illi
3619 2645 3733 2701 hoc

2077 2734 2358 2804 impleant
2391 2735 2546 2805 quod
2586 2735 2692 2804 ipsi
2730 2751 2831 2805 pro
2864 2736 2947 2789 eis
2980 2733 3400 2805 promiserunt.
3442 2733 3499 2789 Si
3533 2739 3729 2789 autem

2076 2821 2331 2891 religiosi
2366 2828 2421 2877 et
2453 2823 2602 2877 docti
2630 2823 2846 2877 talibus
2879 2827 3147 2895 parentes
3178 2822 3412 2890 fuerint,
3447 2823 3600 2894 quod
3653 2823 3732 2878 sit

2076 2928 2207 2965 cum
2243 2911 2352 2966 hac
2384 2912 2805 2983 protestatione
2864 2912 3270 2966 committendi
3318 2916 3471 2966 sunt.
3526 2912 3632 2978 Qui
3681 2912 3731 2967 si

2076 3001 2364 3055 defuerint
2388 3001 2498 3071 (21)
2524 3000 2616 3055 isti
2642 3017 2739 3055 eos
2764 3000 3125 3072 frequentius
3149 3000 3731 3073 instruant,suisque

2076 3090 2373 3145 beneficiis
2397 3090 2597 3162 sapius
2620 3091 2894 3145 studeant
2917 3090 3263 3146 confortare.

2206 3198 2339 3251 CAP.
2373 3195 2512 3251 XIX.
2548 3227 2613 3238 —
2646 3196 2778 3251 Item
2807 3197 2871 3251 de
2898 3197 3146 3267 parvulis
3178 3196 3592 3267 aegrotantibus.

2150 3286 2478 3355 (Theodulf.
2534 3303 2661 3357 cap.
2717 3288 2828 3356 17.)
2870 3287 2928 3341 Si
2979 3284 3261 3358 parvulus
3319 3291 3611 3357 azgrotans
3655 3286 3730 3342 ad

2079 3374 2397 3445 quemlibet
2422 3377 2894 3445 presbyterorum
2913 3375 3188 3446 baptismi
3203 3374 3395 3446 gratia
3408 3376 3479 3429 de
3495 3374 3734 3445 cujusli-

2075 3462 2171 3517 bet
2203 3463 2479 3533 parochia
2509 3463 2723 3519 allatus
2750 3464 2942 3526 fuerit,
2978 3464 3258 3535 baptismi
3291 3470 3733 3521 sacramentum

2077 3551 2239 3605 nullo
2267 3554 2439 3606 modo
2460 3558 2723 3621 negetur.
2747 3553 2802 3607 Si
2824 3552 2956 3621 quis
2980 3551 3087 3606 hoc
3112 3570 3327 3607 munus
3351 3553 3569 3623 potenti
3593 3570 3732 3609 con-

2076 3639 2274 3694 cedere
2293 3640 2783 3704 detrectaverit,et
2807 3640 2900 3695 ille
2920 3640 3196 3711 parvulus
3214 3641 3435 3713 absque
3447 3642 3732 3713 baptismi

2075 3728 2264 3799 gratia
2314 3734 2582 3783 mortuus
2634 3729 2825 3799 fuerit,
2879 3730 3100 3783 noverit
3164 3746 3226 3785 se
3278 3729 3373 3785 ille
3426 3731 3528 3797 qui
3591 3748 3730 3787 eum

2076 3834 2193 3872 non
2226 3817 2560 3891 baptizavit,
2612 3835 2715 3890 pro
2766 3819 2895 3887 ejus
2947 3818 3147 3873 anima
3204 3818 3491 3875 rationem
3532 3820 3731 3875 reddi-

2075 3908 2299 3961 turum.

2075 4012 2211 4067 CAP.
2245 4012 2360 4068 XX.
2388 4044 2459 4055 -—
2496 4014 2556 4070 Ut
2583 4014 2895 4085 presbyteri
2926 4014 3127 4083 absque
3155 4013 3405 4070 diaconi:
3453 4014 3735 4085 baptisma

2684 4103 2791 4139 non
2823 4086 3118 4141 celebrent.

2151 4190 2218 4246 Ut
2248 4189 2304 4244 in
2340 4189 2499 4244 nulla
2530 4191 2641 4261 (22)
2674 4191 2920 4245 ecclesia
2950 4191 3265 4262 cujuslibet
3285 4191 3601 4248 dimceseos
3627 4193 3732 4248 ubi

2061 4278 2410 4349 ‘baptismus
2459 4280 2808 4345 celebratur,
2859 4281 3161 4353 presbyter
3218 4282 3440 4351 absque
3480 4281 3734 4339 diacono

2077 4382 2206 4422 esse
2236 4366 2577 4438 reperiatur.
2611 4368 2773 4423 Unde
2804 4369 3000 4423 omnis
3033 4370 3336 4441 presbyter
3364 4386 3477 4426 non
3503 4370 3734 4428 habens

2077 4454 2412 4522 diaconum,
2439 4455 2615 4527 eligat
2644 4456 2755 4511 sibi
2788 4473 3123 4527 personam,
3156 4461 3214 4513 et
3234 4456 3388 4529 plebi
3413 4474 3533 4513 suaa
3557 4458 3731 4515 inno-

2076 4548 2298 4599 tescat:
2336 4549 2473 4599 tunc
2506 4546 2573 4599 ad
2610 4546 2947 4617 pontificem
2971 4562 3148 4601 suum
3168 4545 3522 4617 consignans
3542 4547 3732 4603 dedu-

2079 4637 2195 4698 cat,
2227 4634 2398 4703 cujus
2430 4634 2604 4688 vitam
2635 4634 2937 4705 probatam
2960 4633 3191 4700 habeat,
3209 4638 3267 4690 et
3288 4634 3572 4690 diaconus
3588 4652 3732 4692 con-

2079 4726 2357 4776 secretur.
2394 4722 2552 4787 Quod
2588 4722 2635 4778 si
2692 4721 2991 4777 distulerit
3048 4723 3367 4795 presbyter,
3426 4724 3631 4780 dicens
3662 4742 3733 4782 eo

2079 4811 2232 4882 quod
2268 4828 2383 4866 non
2412 4811 2621 4865 habeat
2652 4810 2828 4866 talem
2877 4810 3176 4879 clericum,
3228 4812 3538 4884 episcopus
3581 4830 3733 4870 suus

2077 4900 2376 4971 provideat
2406 4918 2473 4955 ex
2506 4899 2748 4955 ecclesia
2799 4917 2926 4969 sua,
2972 4907 3076 4956 aut
3118 4902 3274 4957 unde
3329 4901 3580 4957 voluerit
3621 4903 3733 4959 bo-

2078 5004 2213 5043 nam
2248 5006 2580 5059 personam.
2612 4989 2863 5043 Tantum
2884 4993 2973 5043 est
2995 4994 3056 5043 ut
3073 4988 3199 5044 sine
3218 4990 3464 5045 diacono
3487 5007 3602 5045 non
3622 4990 3730 5050 sit.

2202 5112 2339 5165 CAP.
2375 5111 2516 5167 XXI.
2552 5143 2618 5154 —
2647 5114 2773 5180 Quae
2808 5116 2864 5167 in
2897 5114 3139 5168 ecclesiis
3166 5115 3390 5168 recondi
3419 5115 3600 5170 liceat.

2149 5218 2479 5289 (Theodulf.
2515 5236 2565 5274 c.
2626 5222 2708 5293 8.)
2764 5220 3048 5276 Videmus
3103 5222 3305 5276 crebro
3360 5221 3421 5275 in
3467 5221 3736 5280 ecclesiis

2078 5323 2301 5363 messes
2323 5315 2379 5362 et
2407 5308 2603 5363 fenum
2627 5310 2857 5381 congeri
2886 5327 2899 5378 ;
2935 5311 3089 5365 unde
3114 5310 3386 5366 volumus
3411 5316 3476 5367 ut
3500 5310 3609 5367 hoc
3629 5329 3735 5385 pe-

2076 5501 2208 5539 cum
2244 5486 2525 5559 Acherius
2554 5504 2666 5541 non
2702 5487 3051 5559 intelligeret
3098 5494 3407 5545 monuerat
3448 5488 3560 5546 hoc
3599 5489 3735 5550 loco

2075 5559 2315 5611 verbum
2349 5557 2604 5629 aliquod,
2642 5564 2703 5613 ut
2730 5558 2963 5629 inﬁrmi,
2998 5562 3220 5617 deesse.

2146 5630 2258 5707 (22)
2288 5631 2352 5685 In
2404 5630 2582 5685 nulla.
2641 5631 3115 5704 Praepositionem
3176 5651 3305 5707 quas
3360 5634 3580 5703 deerat,
3624 5636 3735 5693 ad-

390 5691 503 5770 (21)
535 5690 596 5746 Si
622 5690 918 5770 defuerint.
954 5695 1036 5750 sic
1068 5693 1303 5770 restitui
1341 5711 1410 5751 ex
1444 5698 1795 5770 conjectura
1824 5715 1965 5754 sane
2064 5690 2200 5770 jeci.

318 5760 434 5820 non
466 5760 865 5837 improbabili.
892 5766 1405 5839 Antealegehatur,
1421 5766 1535 5841 ﬁde
1547 5760 1783 5843 fuerint,
1807 5770 1962 5840 quod
