3946 6410
241 456 335 538 33_
1684 451 2209 514 CAPITULARE.
3579 460 3658 521 34

240 588 398 646 nitus
427 588 784 659 observetur,
818 591 883 645 ut
910 588 1061 644 nihil
1084 588 1142 643 in
1173 587 1439 654 ecclesia,
1476 590 1683 659 praeter
1711 583 1892 641 vesti-
1925 603 1972 664 Α
2009 585 2338 640 sacerdotes
2369 584 2758 653 dicimur,hoc
2786 588 2976 644 facere
3011 606 3125 646 non
3156 590 3461 649 debemus.
3495 594 3659 651 Unde

243 686 434 735 menta
462 678 880 747 ecclesiastica,
900 684 958 733 et
989 696 1125 734 vasa
1150 683 1354 733 sancta
1373 683 1430 733 et
1457 677 1654 744 libros,
1689 691 1888 730 recon-

240 768 426 824 datur.
459 768 518 824 Si
551 773 749 823 autem
780 769 892 839 (23)
914 774 1175 839 tempore
1203 766 1625 838 persecutionis
1655 768 1892 836 prOpter

238 857 667 930 improbitatem
722 858 1062 929 praedonum
1122 873 1230 912 sua
1280 873 1562 929 pauperes
1611 854 1892 911 alimenta

238 946 379 1001 inibi
410 948 699 1002 servanda
752 952 1060 1017 reponunt,
1118 964 1231 1001 non
1272 952 1411 1000 sunt
1451 944 1775 1015 ejicienda:
1810 943 1891 997 ita

236 1050 373 1090 sane
406 1040 469 1089 ut
502 1035 572 1089 de
593 1036 794 1089 eadem
821 1033 1066 1089 ecclesia
1098 1050 1239 1105 pace
1260 1037 1494 1103 recepta
1516 1031 1673 1086 illico
1698 1037 1889 1085 trans-

236 1128 558 1194 portentur.
594 1122 892 1177 Vendendi
952 1121 1107 1176 enim
1169 1122 1251 1176 vel
1307 1120 1541 1176 emendi
1591 1120 1672 1175 ibi
1732 1118 1892 1174 nulla

236 1211 406 1268 detur
436 1212 695 1268 licentia.
733 1212 814 1268 Ne
870 1214 1015 1267 forte
1057 1211 1103 1267 si
1165 1211 1280 1265 alia
1329 1211 1406 1266 ibi
1453 1227 1630 1281 quam
1664 1213 1891 1280 oportet

234 1301 466 1375 negotia
515 1307 912 1367 exerceantur,
946 1318 980 1355 a
1029 1300 1275 1357 Domino
1304 1301 1616 1355 audiamus
1644 1317 1655 1355 :
1690 1301 1890 1356 Domus

232 1408 374 1459 mea,
405 1391 603 1449 domuo
630 1393 900 1447 orationis
926 1394 1024 1461 est,
1056 1407 1147 1447 vos
1166 1399 1351 1446 autem
1369 1391 1690 1461 speluncam
1719 1390 1885 1444 latro-

230 1498 367 1539 num
391 1482 600 1552 fecistis
622 1484 773 1553 (Luc.
808 1497 927 1550 xix,
961 1480 1069 1551 46).

300 1587 438 1643 CAP.
472 1586 641 1644 XXII.
673 1619 743 1629 -
775 1587 925 1657 Quod
955 1589 1016 1642 in
1048 1588 1272 1643 ecclesia
1302 1588 1553 1643 convivia
1581 1590 1633 1643 et
1656 1601 1815 1642 accu-

827 1660 970 1715 bitus
998 1676 1108 1715 non
1135 1661 1293 1730 ﬁant.

300 1748 549 1819 (Laodic.
601 1765 648 1804 c.
709 1749 818 1816 27;
877 1749 1046 1803 Trull.
1107 1765 1156 1803 c.
1215 1749 1321 1815 72;
1385 1749 1609 1819 Aquisg.
1664 1763 1715 1802 c.
1769 1746 1885 1818 80.)

233 1838 396 1905 Quod
420 1854 536 1893 non
559 1842 824 1911 oporteat
842 1838 904 1892 in
932 1836 1159 1893 Domini
1181 1837 1453 1893 Ecclesiis
1473 1836 1736 1892 convivia
1756 1852 1885 1907 quis

227 1933 514 1983 vocantur
541 1943 760 1999 agape,
784 1926 930 1989 ﬁeri,
958 1943 1062 1982 nec
1089 1927 1247 1982 intra
1280 1927 1523 1982 domum
1558 1925 1653 1981 Dei
1686 1941 1881 1995 come-

226 1999 387 2067 dere,
421 1999 508 2065 vel
540 2001 846 2055 accubitus
884 2004 1165 2055 sternere.
1790 2010 1793 2013 ‘

393 2107 528 2165 CAP.
558 2105 757 2162 XXIII.
789 2137 858 2148 —-
889 2105 1040 2173 Quod
1067 2107 1129 2159 in
1157 2106 1397 2160 ecclesiis
1419 2104 1722 2177 sepultura?

908 2195 1019 2233 non
1047 2179 1204 2248 ﬁant.

295 2265 623 2339 (Theodulli
655 2284 706 2323 c.
746 2267 826 2338 9.)
876 2266 1172 2338 Antiquus
1219 2266 1278 2322 in
1311 2266 1405 2321 his
1457 2264 1795 2337 regionibus
1825 2264 1885 2319 in

219 2355 474 2413 ecclesia
493 2356 967 2427 sepeliendorum
983 2361 1349 2415 mortuorum
1365 2354 1669 2423 ususfuit,
1696 2359 1753 2409 et
1775 2353 1889 2424 ple-

217 2462 413 2517 raque
440 2444 572 2503 loca
599 2444 796 2505 divino
837 2444 1020 2499 cultui
1071 2444 1424 2514 mancipata,
1456 2449 1515 2499 et
1540 2442 1612 2497 ad
1642 2442 1886 2498 offeren-

215 2535 329 2591 das
366 2534 488 2593 Deo
518 2532 746 2597 hostias
770 2535 1108 2604 praeparata,
1141 2531 1473 2589 coemeteria
1491 2532 1613 2587 sive
1646 2531 1886 2602 polyan-

215 2622 356 2679 dria
378 2623 537 2678 facta
559 2626 716 2677 sunt.
744 2621 907 2677 Unde
929 2620 1200 2676 volumus
1224 2625 1287 2675 ut
1307 2622 1379 2675 ab
1400 2620 1509 2676 hac
1530 2637 1591 2675 re
1611 2620 1887 2692 deinceps

219 2711 621 2780 abstineatur,
672 2715 730 2765 et
785 2726 957 2767 nemo
989 2709 1048 2764 in
1108 2709 1353 2765 ecclesia
1402 2710 1736 2780 sepeliatur,
1772 2709 1885 2765 nisi

215 2802 367 2861 forte
396 2799 532 2855 talis
563 2798 640 2854 sit
664 2815 923 2870 persona
937 2798 1258 2854 sacerdotis
1281 2804 1381 2854 aut
1409 2798 1722 2868 cujuslibet
1735 2798 1883 2869 justi

216 2889 507 2955 hominis,
540 2887 643 2960 qui
676 2905 779 2960 per
825 2889 954 2942 vita;
988 2887 1265 2944 meritum
1293 2888 1467 2944 talem
1502 2889 1744 2943 vivendo
1776 2905 1884 2944 suo

213 2978 454 3051 corpori
486 2977 762 3034 defuncto
814 2976 1006 3033 locum
1068 2976 1397 3047 acquisivit.
1446 2981 1700 3048 Corpora
1728 2995 1881 3045 vero,

214 3085 345 3139 qua
362 3066 699 3138 antiquitus
718 3066 775 3120 in
795 3065 1059 3121 ecclesiis
1077 3065 1307 3136 sepulta
1326 3071 1485 3133 sunt,
1507 3083 1891 3139 nequaquam

216 3156 633 3229 proiiciantur,
657 3156 757 3211 sed
784 3155 993 3211 tumuli
1018 3156 1118 3226 qui
1140 3160 1423 3226 apparent
1452 3157 1801 3229 profundius
1824 3156 1884 3211 in
1932 3166 1935 3169 ‘

218 3250 385 3309 terra.
409 3245 745 3315 mittantur,
780 3250 835 3299 et
868 3245 1199 3316 pavimento
1230 3246 1484 3316 desuper
1514 3246 1684 3309 facto,
1721 3246 1882 3302 nullo

1914 1971 1962 2037 B

2002 690 2073 727 ne
2107 674 2214 728 hoc
2248 676 2503 730 avaritiae
2525 675 2752 747 vitium,
2784 677 2874 733 vel
2898 678 2957 732 in
2989 678 3197 735 alienis
3222 682 3412 737 denuo
3443 686 3657 740 tentari

2000 770 2411 834 praesumatur,
2447 766 2771 834 admoneo;
2805 767 2904 822 sed
2937 768 2985 822 si
3047 775 3265 840 quanto
3298 770 3551 844 aliquem
3594 773 3653 829 in

1999 851 2246 906 ecclesia
2277 859 2469 908 vestra
2488 854 2721 925 sepeliri
2745 857 3082 923 conceditis,
3108 857 3155 912 si
3181 859 3418 929 quidem
3453 878 3657 932 paren-

2000 946 2089 996 tes
2138 941 2350 1012 ipsius,
2400 943 2723 1013 proximive
2771 944 3052 1014 haeredes,
3110 964 3212 1018 pro
3260 949 3654 1007 luminaribus

2000 1037 2207 1101 sponte
2237 1032 2378 1102 quid
2413 1033 2618 1087 olferre
2648 1033 2956 1100 voluerint,
2989 1035 3167 1106 accipi
3202 1055 3317 1095 non
3349 1046 3652 1109 vetemus;

2002 1119 2119 1189 peti
2150 1136 2283 1174 vero
2334 1125 2436 1174 aut
2483 1120 2702 1191 aliquid
2757 1123 2929 1195 exigi,
2981 1126 3218 1181 omnino
3249 1128 3650 1198 prohibemus.

1999 1208 2158 1271 Quod
2180 1208 2346 1264 valde
2370 1209 2758 1279 irreligiosum
2789 1219 2898 1278 est,
2923 1230 2993 1268 ne
3016 1222 3116 1269 aut
3137 1216 3356 1275 venalis
3388 1220 3651 1287 fortasse,

1999 1298 2153 1369 quod
2187 1298 2359 1363 absit,
2421 1299 2650 1353 dicatur
2679 1301 2945 1368 ecclesia,
2996 1310 3095 1357 aut
3124 1321 3227 1360 vos
3275 1307 3345 1361 de
3377 1306 3654 1365 humanis

1996 1386 2311 1441 videamini
2335 1387 2627 1442 mortibus
2649 1389 3009 1459 gratulari,si
3031 1408 3098 1447 ex
3120 1409 3321 1449 eorum
3357 1397 3653 1455 cadaveri-

2002 1475 2116 1531 bus
2147 1477 2400 1532 studetis
2422 1493 2680 1547 quaerere
2703 1478 2963 1548 quolibet
3002 1482 3175 1537 modo
3207 1485 3644 1556 compendium.

1996 1567 2128 1621 CAP.
2162 1562 2326 1620 XXV.
2373 1597 2441 1607 -——
2476 1567 2539 1623 Ut
2570 1568 2828 1622 diwceses
2857 1569 3104 1637 singulis
3129 1575 3302 1628 annis
3340 1575 3648 1633 visitentur.

2066 1654 2295 1721 (Concil.
2333 1656 2624 1711 Tarracon.
2649 1658 2759 1711 sub
2792 1658 3120 1731 Hormisda,
3145 1677 3195 1715 c.
3225 1661 3306 1734 8.)
3330 1662 3650 1721 Multorum

1994 1742 2351 1813 experientia
2373 1759 2618 1800 casuum
2643 1745 3024 1816 magistrante
3045 1750 3374 1821 reperimus
3396 1752 3651 1811 nonnul-

1994 1829 2372 1889 lasdiocceses
2393 1832 2653 1890 ecclesiis
2666 1834 3002 1893 destitutas.
3021 1836 3128 1893 Pro
3151 1856 3340 1910 quare
3362 1841 3418 1896 id
3442 1843 3653 1899 consti-

1993 1918 2220 1974 tutione
2250 1919 2641 1985 decrevimus,
2670 1926 2733 1976 ut
2754 1921 3005 1995 antiques
3032 1928 3477 1985 consuetudinis
3508 1932 3650 1987 ordo

1995 2014 2258 2063 servetur
2285 2014 2342 2063 et
2397 2009 2567 2066 annis
2609 2010 2860 2082 singulis
2918 2014 2990 2068 ab
3037 2014 3330 2087 episcopis
3372 2018 3652 2076 dimceses

1993 2096 2323 2152 visitentur.
2360 2098 2428 2153 Et
2458 2098 2506 2153 si
2541 2115 2658 2171 qua
2679 2100 2823 2156 forte
2848 2100 3091 2159 basilica
3110 2104 3391 2162 destituta
3422 2113 3652 2180 reperta

1996 2183 2191 2254 fuerit,
2220 2186 2588 2242 ordinatione
2617 2188 2807 2259 ipsius
2840 2195 3159 2261 reparatur.

2105 2273 2240 2331 CAP.
2275 2272 2465 2329 XXVI.
2497 2306 2566 2315 —
2601 2275 2706 2343 Qui
2732 2278 3043 2348 presbyteri
3066 2281 3307 2336 chrisma
3329 2286 3540 2355 petant.

2069 2361 2222 2427 (Con.
2253 2363 2401 2417 Cart.
2454 2379 2529 2432 1v,
2589 2380 2637 2418 c.
2669 2364 2785 2437 36.)
2843 2368 3172 2438 Presbyteri
3226 2371 3325 2441 qui
3374 2390 3477 2444 per
3504 2374 3648 2431 dim-

1998 2466 2161 2505 ceses
2192 2451 2470 2507 ecclesias
2493 2457 2724 2524 regunt,
2749 2471 2864 2510 non
2888 2472 2921 2509 a
2949 2456 3315 2528 quibuslibet
3333 2461 3648 2539 episc0pis,

1998 2539 2098 2593 sed
2127 2555 2161 2593 a
2190 2555 2314 2606 suo,
2348 2556 2452 2594 nec
2502 2541 2921 2612 perjuniorem
2972 2543 3270 2615 clericum,
3321 2551 3422 2606 sed
3455 2568 3558 2625 per
3588 2570 3650 2610 se

1998 2627 2179 2697 ipsos,
2233 2632 2334 2682 aut
2387 2645 2488 2700 per
2544 2629 2711 2685 illum
2774 2632 2873 2703 qui
2934 2634 3256 2695 sacrarium
3306 2642 3482 2709 tenet,
3515 2648 3649 2699 ante

1999 2716 2225 2770 Pascbaa
2259 2717 2688 2774 solemnitatem
2721 2718 2976 2776 chrisma
3012 2729 3235 2795 petant.

2117 2804 2252 2861 CAP.
2286 2805 2505 2861 XXVII.
2541 2838 2606 2848 -—
2641 2808 2799 2888 Quod
2827 2811 3068 2879 singulis
3096 2816 3262 2871 annis
3290 2816 3529 2888 synodus

2662 2881 2982 2936 celebretur.

2067 2984 2254 3051 (Tolet.
2289 3000 2363 3050 IV,
2396 3000 2444 3039 c.
2477 2985 2557 3055 3.)
2586 2984 2759 3040 Nulla
2798 3003 2944 3059 pene
2974 3003 3067 3043 res
3098 2989 3422 3064 disciplinas
3455 3011 3650 3052 mores

1995 3073 2066 3128 ab
2090 3072 2348 3130 Ecclesia
2369 3072 2788 3147 Christimagis
2805 3075 3055 3148 depulit,
3077 3094 3253 3149 quam
3278 3083 3648 3140 sacerdotum

1996 3158 3652 3242 negligentia,quicontemptiscanonibusadcorrigendos

1993 3248 2423 3305 ecclesiasticos
2453 3267 2646 3305 mores
2676 3252 2964 3323 synodum
2990 3255 3176 3310 facere
3210 3257 3533 3332 negligunt.
3562 3260 3648 3317 Ob

214 3334 590 3393 tumulorum
626 3333 869 3405 vestigio
901 3338 1238 3406 apparente,
1281 3334 1538 3389 ecclesiae
1567 3335 1885 3389 reverentia
1915 3332 1957 3399 C
1998 3338 2105 3392 hoc
2135 3356 2169 3393 a
2200 3340 2369 3394 nobis
2429 3340 2833 3396 universaliter
2886 3342 3194 3399 definitum
3254 3354 3363 3413 est,
3413 3354 3479 3403 ut
3508 3352 3651 3423 quia

214 3430 620 3479 conservetur.
656 3422 760 3478 Ubi
808 3440 940 3478 vero
972 3428 1137 3478 tanta
1182 3428 1272 3477 est
1298 3423 1610 3478 multitudo
1641 3425 1881 3479 cadave-

214 3528 370 3579 rum,
407 3520 477 3568 ut
508 3514 617 3567 hoc
643 3515 827 3567 facere
857 3503 1093 3566 difficile
1125 3511 1392 3578 sit,locus
1423 3510 1518 3567 ille
1550 3529 1651 3583 pro
1674 3529 1882 3567 cmme-

214 3602 356 3657 terio
406 3602 721 3671 habeatur,
773 3600 966 3656 ablato
1010 3602 1147 3656 inde
1195 3600 1388 3667 altari,
1441 3606 1499 3655 et
1545 3601 1602 3656 in
1658 3618 1725 3657 eo
1756 3601 1882 3657 loco

213 3692 535 3760 consituto,
574 3690 673 3747 ubi
706 3690 971 3761 religiose
1002 3696 1058 3745 et
1090 3708 1235 3762 pure
1264 3690 1380 3745 Deo
1411 3690 1766 3748 sacrificium
1799 3691 1882 3747 of-

214 3780 347 3836 ferri
378 3781 600 3838 valeat.

342 3871 488 3927 CAP.
522 3871 721 3927 XXIV.
756 3901 818 3911 —
856 3872 921 3927 Ut
946 3871 1244 3941 sepultura:
1272 3886 1379 3925 non
1413 3870 1745 3926 vendantur.

275 3960 481 4033 (Greg.
519 3960 623 4015 lib.
658 3977 758 4027 v11,
791 3978 881 4032 ep.
914 3959 1030 4030 55.)
1068 3961 1283 4025 Questa
1314 3960 1484 4015 nobis
1514 3966 1602 4015 est
1634 3960 1882 4016 Nereida

208 4049 552 4106 clarissima
582 4050 821 4115 femina,
856 4050 1011 4121 quod
1056 4049 1128 4104 ab
1160 4066 1227 4104 ea
1251 4053 1488 4104 centum
1526 4048 1746 4105 solidos
1777 4067 1880 4121 pro

209 4136 338 4194 ﬁliae
369 4157 507 4195 sua
529 4138 841 4211 sepultura
871 4139 1202 4193 fraternitas
1238 4142 1433 4193 vestra
1464 4136 1599 4193 velit
1628 4136 1876 4210 exigere,

208 4230 390 4301 atque
422 4228 477 4285 ei
510 4244 692 4299 super
723 4226 940 4283 doloris
962 4226 1246 4300 gemitum
1271 4228 1553 4298 majorem
1586 4227 1880 4299 dispendii

209 4317 445 4373 studeat
494 4316 718 4373 inferre
766 4315 1123 4371 molestiam.
1176 4317 1337 4381 Quod
1372 4315 1420 4370 si
1461 4316 1542 4370 ita
1573 4332 1635 4371 se
1665 4314 1879 4371 veritas

207 4404 402 4477 habet,
437 4407 589 4480 quia
614 4422 789 4479 grave
828 4405 1027 4471 nimis,
1075 4410 1131 4461 et
1161 4404 1363 4477 procul
1396 4405 1572 4460 nimis
1603 4410 1693 4460 est
1721 4423 1754 4461 a
1783 4421 1876 4460 sa-

210 4496 463 4554 cerdotis
487 4496 711 4563 ofﬁcio,
735 4494 984 4567 pretium
1010 4494 1080 4548 de
1104 4499 1261 4549 terra
1282 4511 1557 4550 concessa
1580 4495 1876 4566 putredini

206 4592 556 4657 quaerere,et
577 4585 651 4641 de
662 4583 853 4641 alieno
875 4583 1018 4640 velle
1040 4585 1226 4639 facere
1244 4582 1402 4639 luctu
1427 4600 1554 4639 com
1565 4584 1774 4656 pendiu
1786 4586 1873 4657 ml;

207 4674 275 4730 ab
305 4674 415 4731 hac
446 4693 513 4732 se
548 4674 875 4747 patratione
900 4672 1234 4730 fraternitas
1258 4678 1449 4727 vestra
1479 4675 1799 4745 contineat,
1817 4678 1875 4729 et
1905 4699 1954 4764 D

208 4763 455 4821 molesta
482 4764 540 4821 ei
568 4763 643 4820 de
673 4767 879 4819 caetero
910 4778 1025 4818 non
1058 4762 1286 4817 existat.
1307 4762 1426 4817 Hoc
1448 4766 1643 4817 autem
1667 4762 1875 4817 vitium

206 4856 258 4909 et
289 4871 416 4922 nos,
450 4860 773 4927 postquam
797 4853 913 4909 Deo
935 4858 1169 4907 auctore
1195 4851 1266 4907 ad
1288 4853 1660 4923 episcopatus
1691 4851 1875 4908 hono-

210 4959 323 5000 rem
357 4944 755 5010 accessimus,
806 4942 876 4998 de
905 4941 1152 4997 ecclesia
1183 4949 1383 4997 nostra
1416 4940 1657 4997 omnino
1692 4941 1874 4996 vetui-

208 5048 358 5105 mus,
390 5039 452 5091 et
480 5048 726 5106 parvam
762 5031 953 5088 denuo
978 5032 1464 5087 consuetudinem
1499 5046 1873 5102 nequaquam

210 5125 482 5196 usurpari
506 5121 929 5195 permisimus;
965 5137 1253 5175 memores
1269 5120 1560 5191 quiadum
1577 5120 1871 5175 Abraham

210 5227 239 5267 ι
266 5212 401 5269 filiis
434 5214 640 5278 Emor,
676 5210 787 5265 hoc
836 5217 926 5265 est
973 5209 1205 5281 Ephron
1260 5210 1376 5263 tilio
1409 5210 1590 5281 Segor
1617 5207 1873 5281 sepulcri

211 5306 418 5358 terram
449 5302 645 5375 pretio
666 5300 739 5355 ad
762 5298 1133 5353 humandum
1157 5315 1368 5369 corpus
1389 5298 1656 5371 conjugis
1681 5304 1875 5369 postu-

212 5389 365 5461 laret,
400 5390 671 5465 pretium
697 5388 961 5461 accipere
984 5388 1197 5453 renuit,
1227 5405 1296 5442 ne
1320 5389 1691 5443 commodum
1722 5388 1875 5443 vide-

213 5490 363 5538 retur
386 5484 462 5538 de
492 5480 783 5537 cadavere
814 5483 1184 5533 consecutos.
1222 5477 1277 5530 Si
1310 5493 1446 5548 ergo
1481 5483 1651 5531 tanta:
1674 5478 1872 5533 consi-

216 5570 527 5629 derationis
556 5585 832 5642 paganus
860 5568 947 5621 vir
977 5568 1105 5634 fuit,
1143 5572 1360 5639 quanto
1387 5568 1575 5640 magis
1609 5585 1735 5637 nos,
1770 5570 1870 5641 qui

1985 3429 2157 3497 juxta
2179 3428 2423 3499 antiqua
2447 3428 2682 3483 Patrum
2709 3430 2940 3485 decreta
2960 3431 3053 3486 bis
3073 3433 3131 3487 in
3156 3451 3309 3490 anno
3331 3436 3649 3495 difﬁcultas

1992 3517 2275 3587 temporis
2308 3517 2429 3571 fieri
2457 3517 2770 3572 concilium
2796 3536 2912 3575 non
2933 3520 3098 3589 sinit,
3122 3521 3331 3589 saltem
3355 3524 3443 3581 vel
3465 3528 3647 3584 semel

1994 3621 2027 3661 a
2059 3605 2229 3660 nobis
2262 3604 2611 3662 celebretur.

2062 3716 2193 3768 CAP.
2229 3711 2475 3769 XXVIII.
2506 3745 2575 3754 —
2607 3714 2865 3793 Qualiter
2895 3717 3135 3793 majores
3165 3721 3475 3793 presbyteri
3505 3727 3579 3782 ad

2543 3786 2817 3858 synodum
2847 3786 3089 3845 veniant.

2061 3873 2392 3944 (Theodulf.
2417 3890 2467 3932 c.
2490 3875 2568 3945 4.)
2602 3876 2840 3940 Quando
2865 3894 3026 3934 more
3057 3879 3227 3936 solito
3256 3881 3325 3937 ad
3355 3884 3646 3957 synodum

1991 3962 2334 4029 convenitis,
2385 3964 2755 4036 vestimenta,
2814 3969 2873 4021 et
2929 3965 3134 4032 libros,
3188 3975 3246 4025 et
3275 3988 3414 4027 vasa
3444 3977 3648 4031 sancta

1990 4068 2123 4108 cum
2156 4051 2374 4124 quibus
2404 4057 2662 4109 vestrum
2687 4054 3081 4112 ministerium
3105 4061 3161 4112 et
3186 4057 3524 4130 injunctum
3552 4062 3639 4118 of-

1990 4140 2188 4196 ficium
2238 4142 2553 4214 peragatis,
2584 4143 2886 4199 vobiscum
2920 4145 3157 4213 deferte,
3184 4164 3412 4207 nocnon
3474 4152 3644 4221 duos,

1987 4228 2076 4287 vel
2108 4235 2224 4286 tres
2255 4230 2495 4287 clericos
2526 4232 2646 4288 sive
2676 4230 2877 4302 laicos,
2902 4251 3038 4291 cum
3072 4236 3289 4309 quibus
3324 4239 3645 4295 missarum

1990 4319 2278 4376 solemnia
2309 4321 2942 4388 celebratis,vobiscum
2975 4324 3344 4393 adducite,ut
3370 4330 3648 4401 probetur

1988 4427 2165 4484 quam
2207 4410 2537 4484 diligenter,
2562 4428 2738 4484 quam
2764 4413 3025 4468 studiose
3051 4413 3150 4481 Dei
3177 4415 3481 4470 servitium
3513 4433 3648 4489 per-

1988 4499 2198 4572 agatis.

2042 4608 2177 4662 CAP.
2211 4605 2401 4661 XXIX.
2435 4635 2504 4646 —
2536 4605 2685 4673 Quod
2712 4606 2948 4676 singulis
2974 4607 3245 4665 Kalendis
3275 4610 3499 4668 collatio
3530 4614 3591 4668 in

2608 4677 2856 4748 plebibus
2898 4678 3018 4748 ﬁat.
3354 4746 3363 4757 ‘

2058 4764 2466 4837 Experimento
2511 4766 2849 4836 didicimus,
2885 4784 2999 4824 non
3051 4770 3250 4827 minus
3281 4771 3494 4828 bonam
3527 4772 3646 4828 col-

1986 4854 2288 4921 lationem,
2323 4872 2501 4927 quam
2532 4854 2708 4911 etiam
2738 4857 3045 4913 lectionem
3082 4860 3380 4930 prodesse.
3416 4860 3579 4918 Unde
3611 4879 3646 4919 a

1986 4944 2257 5016 praesenti
2290 4946 2635 5012 statuimus,
2659 4963 2724 5001 ut
2749 4963 2849 5017 per
2870 4946 3135 5021 singulas
3168 4949 3367 5020 plebes
3390 4949 3642 5023 singulis

1986 5033 2262 5090 Kalendis
2293 5051 2498 5090 omnes
2522 5035 2846 5107 presbyteri
2869 5053 2970 5091 seu
3005 5034 3197 5093 clerici
3220 5037 3400 5094 simul
3431 5054 3641 5095 conve-

1984 5124 2170 5192 niant,
2204 5128 2269 5177 ut
2298 5124 2370 5178 de
2394 5124 2505 5177 fide
2526 5139 2593 5178 ac
2624 5124 3007 5179 sacramentis
3029 5125 3266 5192 divinis,
3298 5142 3397 5182 seu
3423 5128 3495 5183 de
3524 5128 3643 5183 vita

1983 5217 2039 5267 et
2069 5212 2527 5280 conversatione,
2574 5217 2631 5267 et
2681 5212 2931 5284 singulis
2964 5213 3173 5270 officiis
3217 5216 3288 5271 ad
3332 5232 3430 5272 eos
3464 5215 3641 5288 perti-

1984 5303 2261 5358 nentibus
2292 5301 2681 5357 communiter
2728 5307 2997 5358 tractent.
3052 5304 3120 5358 Et
3166 5304 3214 5360 si
3256 5304 3399 5361 forte
3426 5304 3641 5379 aliquis

1981 5391 2133 5447 inter
2158 5409 2257 5447 eos
2288 5390 2591 5462 negligens
2623 5394 2724 5445 aut
2756 5392 3235 5463 reprehensibilis
3267 5394 3583 5464 invenitur,
3608 5411 3643 5451 α

1983 5480 2206 5537 caeteris
2263 5480 2609 5551 corrigatur.
2669 5481 2832 5547 Quod
2896 5481 2945 5537 si
2995 5481 3203 5555 corrigi
3251 5483 3492 5539 omnino
3524 5501 3639 5540 non

1983 5570 2295 5637 studuerit,
2329 5585 2463 5623 mox
2484 5585 2592 5624 suo
2619 5569 2892 5627 nuntient
2915 5571 3003 5643 epi
3018 5575 3283 5645 scopo,ut
3301 5571 3422 5627 haec
3441 5571 3639 5630 acrius

276 5768 386 5851 (23)
403 5771 466 5831 Si
484 5778 699 5831 autem.
728 5768 860 5827 Haec
881 5782 1075 5845 usque
1097 5766 1166 5825 ad
1191 5769 1273 5825 Ne
1288 5768 1453 5844 forte,
1471 5781 1588 5824 non
1614 5764 1893 5841 leguntur
1928 5766 2085 5847 apud
2115 5763 2529 5827 Theodulfum.
