3946 6406
369 473 444 529 35
1392 461 1728 521 ATTONIS
1778 462 2360 525 VERCELLENSIS
2407 467 2756 526 EPISCOPI
3711 480 3782 540 36

372 601 681 659 emendare
715 594 1066 669 quantocius
1101 593 1350 648 studeat.
1373 593 1452 647 Ne
1485 610 1615 647 cum
1651 594 1851 648 eadem
1876 594 2012 648 dim-
2045 601 2097 664 Α
2129 599 2260 651 CAP.
2297 597 2512 677 XXXV.
2548 631 2614 677 —_
2649 601 2710 677 Ut
2739 602 2926 677 nullus
2964 603 3245 677 presbyter
3280 605 3485 676 absque
3511 611 3785 677 permissu

369 691 517 746 cesis
550 689 622 742 ab
654 688 925 759 episc0po
948 684 1179 737 visitata
1205 683 1503 745 fuerit,aut
1526 699 1656 736 cum
1684 684 1793 753 ipsi
1831 685 1897 736 ad
1927 701 2019 754 sy-

369 780 585 834 no‘ium
612 776 930 837 venerint,‘
955 774 1283 844 aliquorum
1305 772 1780 839 infamia,omnes
1808 776 2022 842 pariter

370 870 740 923 adnotentur.
793 864 845 917 Si
872 869 1064 917 autem
1114 862 1379 915 Kalendae
1430 862 1486 914 in
1535 862 1751 915 testivis
1785 862 2016 927 fuerint,

373 957 483 1012 sub
515 953 780 1026 sequenti
814 954 903 1006 die
935 952 1043 1005 hoc
1075 948 1397 1020 adimplere
1430 966 1543 1003 non
1577 951 1863 1004 differant.

494 1064 631 1118 CAP.
665 1061 828 1117 XXX,
875 1091 931 1100 -
961 1058 1113 1127 Quod
1145 1057 1333 1110 nullus
1364 1057 1609 1112 absolute
1639 1060 1889 1112 clcricm.

1032 1129 1241 1184 ordine.
1258 1146 1341 1183 ur.

442 1223 669 1297 (Concil.
706 1220 917 1276 Calced.
952 1236 1001 1274 c.
1047 1220 1128 1286 6.)
1175 1217 1415 1272 Nullum
1466 1216 1730 1271 absolute
1760 1216 2019 1271 ordinari

372 1315 579 1370 debere
608 1312 1037 1383 presbyterum,
1071 1311 1171 1361 aut
1201 1307 1537 1372 diaconum,
1581 1306 1669 1360 vel
1700 1306 2021 1377 quemlibet

370 1404 431 1458 in
464 1401 649 1475 gradu
701 1395 1116 1462 ecclesiastico,
1166 1394 1279 1449 nisi
1330 1394 1661 1465 specialiter
1690 1394 1747 1447 in
1779 1394 2022 1449 ecclesia

374 1489 648 1555 civitatis,
697 1491 800 1542 aut
830 1482 1241 1558 possessionis,
1273 1487 1373 1537 aut
1403 1482 1797 1554 martyrii,aut
1828 1499 2022 1537 mona-

372 1578 534 1635 sterii
584 1576 685 1649 qui
734 1573 1097 1630 ordinandus
1127 1576 1279 1643 est,p
1314 1571 1703 1626 renuntietur.
1748 1571 1854 1636 Qui
1884 1587 2019 1625 vero

374 1667 641 1725 absolute
671 1660 1258 1728 ordinatur,decrevit
1282 1664 1484 1715 sancta
1514 1660 1773 1732 synodus
1794 1660 2019 1714 irritam

372 1755 574 1812 haberi
607 1750 1015 1825 hujuscemodi
1049 1765 1261 1804 manus
1298 1748 1759 1820 impositionem,
1792 1752 1848 1802 et
1877 1765 2021 1803 nus-

370 1862 549 1918 quam
583 1858 754 1915 posse
784 1840 1117 1895 ministrare
1148 1838 1217 1893 ad
1250 1837 1579 1892 ordinantis
1610 1836 1908 1905 iniuriam.

496 1950 626 2006 CAP.
658 1946 844 2004 XXXI.
874 1977 940 1986 —
976 1947 1037 2002 Ut
1068 1945 1303 2014 singulis
1334 1944 1578 1998 ecclesiis
1602 1942 1901 1998 sacerdotes

1023 2017 1355 2071 ordinentur

441 2108 801 2183 (Clementis,
836 2123 962 2178 quae
1011 2106 1229 2160 dicitur
1271 2105 1443 2175 epist.
1489 2104 1542 2171 2,
1589 2105 1657 2157 ad
1691 2104 2020 2173 Jacobum.)

368 2199 655 2255 Ecclesiae
688 2213 789 2269 per
846 2212 1105 2266 congrua
1135 2200 1193 2248 et
1249 2193 1417 2248 utilia
1475 2194 1642 2247 facite
1696 2193 1840 2261 loca,
1874 2208 2021 2263 quas

369 2288 582 2344 divinis
612 2286 886 2358 precibus
915 2299 1143 2339 sacrare
1174 2287 1422 2354 oportet,
1465 2287 1517 2335 et
1551 2281 1607 2334 in
1645 2282 1893 2354 singulis
1927 2299 2018 2337 sa-

369 2376 632 2431 cerdotes
665 2372 881 2428 divinis
902 2370 1265 2426 orationibus
1286 2370 1402 2426 Deo
1425 2371 1648 2425 dicatos
1679 2372 1836 2442 poni,
1873 2387 2019 2441 quos

369 2465 443 2520 ab
474 2462 749 2519 omnibus
777 2458 1039 2515 venerari
1099 2462 1348 2529 oportet,
1380 2461 1437 2512 et
1492 2475 1606 2513 non
1656 2476 1690 2513 a
1720 2474 2017 2529 quoquam

369 2552 619 2626 gravari.

485 2662 618 2714 CAP.
650 2656 865 2712 XXXII.
896 2686 962 2695 —
995 2655 1069 2709 De
1097 2652 1321 2708 clericis
1350 2654 1446 2723 qui
1474 2654 1588 2706 loca
1618 2653 1675 2707 in
1706 2654 1903 2723 quibus

773 2727 1016 2782 ordinati
1045 2730 1173 2780 sunt
1204 2725 1616 2795 derelinquunt,

439 2819 672 2890 (Concil.
703 2816 857 2871 Arei.
883 2833 923 2879 1,
951 2832 999 2869 ο.
1021 2815 1136 2884 21.)
1164 2821 1238 2868 De
1263 2813 1617 2885 presbyteris
1633 2818 1734 2867 aut
1756 2812 2017 2866 diaconis

368 2907 470 2979 qui
502 2907 694 2961 solent
751 2903 1047 2958 dimittere
1098 2902 1223 2956 loca
1254 2919 1381 2969 sua,
1434 2902 1493 2955 in
1524 2902 1739 2972 quibus
1769 2900 2017 2955 ordinati

368 3001 528 3063 sunt,
562 3000 619 3050 et
649 2994 718 3049 ad
753 2993 868 3047 alia
896 2991 1023 3046 loca
1049 3008 1110 3046 se
1150 2992 1528 3060 transferunt,
1565 2989 1782 3061 placuit
1813 2994 1876 3043 ut
1903 2990 2015 3043 eis-

368 3088 500 3142 dem
530 3083 674 3139 locis
705 3082 1043 3137 ministrent
1072 3079 1291 3151 quibus
1322 3079 1538 3151 praefixi
1581 3085 1737 3134 sunt.
1772 3080 1934 3143 Quod
1966 3079 2015 3133 si

368 3172 661 3230 derelictis
691 3170 834 3226 locis
885 3170 1008 3224 suis
1040 3170 1112 3223 ad
1160 3168 1340 3223 alium
1390 3185 1452 3223 se
1484 3168 1675 3223 locum
1709 3168 2013 3222 transferri

366 3261 679 3327 voluerint,
701 3260 1087 3331 deponantur.

441 3367 575 3423 CAP.
611 3364 851 3421 XXXIII.
886 3396 951 3405 -—
985 3368 1066 3418 De
1091 3364 1423 3434 presbyteris
1455 3365 1551 3433 qui
1576 3380 1677 3433 pro
1707 3365 1945 3419 alterius

762 3436 990 3493 ecclesia
1016 3451 1242 3489 munera
1273 3438 1624 3506 promittunt.

439 3526 765 3600 (Theodult‘.
802 3543 851 3580 c.
890 3526 998 3592 16.)
1031 3524 1089 3579 Si
1123 3525 1256 3595 quis
1287 3526 1603 3596 presbyter,
1627 3525 1713 3579 vel
1743 3525 2020 3595 quislibet

366 3618 426 3672 in
460 3616 613 3672 clero
647 3615 921 3669 inventus
942 3612 1116 3667 fuerit
1141 3611 1317 3666 alicui
1343 3611 1551 3666 clerico
1574 3616 1673 3665 aut
1696 3611 1838 3666 laico
1862 3612 2020 3667 dein-

367 3721 506 3776 ceps
537 3719 784 3757 munera
828 3700 986 3764 dare,
1040 3704 1142 3753 aut
1189 3698 1548 3769 promittere,
1602 3704 1665 3752 ut
1710 3700 2014 3753 ecclesiam

369 3791 609 3850 alterius
642 3787 963 3862 presbyteri
1011 3786 1318 3857 subripiat,
1381 3787 1527 3841 sciat
1558 3804 1618 3841 se
1650 3804 1751 3858 pro
1782 3787 1890 3841 hac
1921 3805 2017 3841 ra-

368 3882 527 3955 pina,
561 3884 617 3936 et
648 3895 798 3934 saeva
829 3875 1170 3948 cupiditate,
1221 3880 1323 3930 aut
1353 3878 1601 3948 gradum
1634 3876 2014 3947 amissurum,

368 3976 470 4025 aut
499 3970 556 4024 in
582 3967 832 4024 carceris
855 3982 1117 4020 aerumna
1139 3963 1311 4036 longo
1334 3970 1593 4036 tempore
1617 3965 2015 4036 pcenitcntiam

368 4059 592 4131 agendo
606 4056 881 4113 detinend
893 4070 990 4109 um
1001 4052 1109 4109 .Illi
1124 4070 1257 4109 vero
1273 4053 1384 4122 (24)
1410 4071 1581 4125 quem
1607 4055 1850 4126 fatigare
1872 4072 2016 4126 prse-

369 4145 898 4219 sumpserit,nmne
920 4145 1203 4198 damnum
1226 4143 1382 4214 quod
1406 4143 1456 4197 ei
1480 4161 1582 4215 pro
1614 4144 1721 4198 hac
1744 4144 2020 4199 acciderit

369 4235 627 4308 querela,
659 4234 938 4305 ipsosque
958 4230 1205 4286 actionis
1226 4236 1501 4301 sumptus
1521 4232 1764 4301 insuper
1792 4232 2017 4287 restau-

374 4342 503 4381 rare
534 4330 797 4397 cogatur.
831 4320 1157 4390 Nullusque
1189 4321 1492 4391 presbyter
1513 4320 2016 4375 ﬁdelibussanctm

367 4415 465 4470 Dei
498 4412 753 4469 ecclesiae
784 4413 855 4466 de
885 4409 1125 4467 alterius
1173 4408 1493 4480 presbyteri
1528 4408 1821 4480 parochia,
1856 4413 1917 4463 ut
1945 4410 2017 4464 ad

368 4518 536 4557 suam
563 4502 864 4556 ecclesiam
890 4504 1246 4556 concurrant
1269 4497 1473 4553 relicta
1501 4498 1732 4570 propria
1754 4498 2015 4569 ecclesia,

366 4595 425 4645 et
455 4606 592 4643 suas
643 4588 900 4642 decimas
943 4588 1053 4642 sibi
1093 4590 1274 4653 dent;
1317 4588 1417 4641 sed
1452 4589 1860 4658 unusquisque
1911 4605 2019 4644 sua

366 4677 633 4743 ecclesia,
668 4680 726 4729 et
758 4675 968 4746 populo
991 4680 1451 4746 contentusque:
1475 4678 1585 4731 sibi
1615 4695 1726 4731 non
1750 4678 1869 4732 vult
1894 4678 2015 4733 fieri

367 4765 533 4821 alteri
586 4780 959 4835 nequaquam
1020 4763 1212 4828 faciat,
1260 4764 1429 4833 juxta
1486 4765 1627 4819 illud
1680 4768 2011 4837 Evangelii:

367 4859 725 4927 Quaecunque
755 4854 924 4907 vultis
956 4861 1014 4906 ut
1058 4854 1269 4922 faciant
1299 4852 1446 4906 vobis
1476 4854 1740 4921 homines,
1774 4858 1894 4912 hinc
1918 4873 2012 4911 ca-

365 4941 487 4997 dem
512 4945 677 5014 facile
703 4943 822 4996 illis
854 4942 1075 5013 (Matth.
1112 4956 1208 5009 v11,
1244 4940 1353 5010 42).

366 5048 497 5104 CAP.
532 5048 780 5103 XXXIV.
823 5080 883 5087 —
920 5050 981 5104 Ut
1010 5048 1200 5101 nullus
1223 5048 1527 5101 oblationes
1550 5050 1793 5105 ecclesia?
1817 5056 2017 5118 praeter

521 5121 909 5174 canscienliam
939 5122 1177 5190 episcopi
1206 5124 1301 5172 aut
1331 5119 1439 5183 det,
1474 5125 1568 5172 aut
1599 5124 1853 5189 accipiat.

438 5206 667 5279 (Concil.
702 5206 1041 5278 Grangrense
1061 5223 1109 5261 c.
1134 5208 1214 5277 7.)
1247 5208 1303 5261 Si
1330 5209 1461 5278 quis
1483 5208 1803 5265 oblationes
1833 5211 2012 5267 eccle-

367 5295 469 5350 siae
492 5301 653 5350 extra
673 5297 981 5351 ecclesiam
1007 5297 1266 5367 accipere
1279 5296 1364 5350 vel
1388 5298 1524 5353 dare
1538 5298 2017 5370 voluerit,pr:eter

367 5385 786 5439 conscientiam
822 5385 1106 5456 episcopi,
1160 5385 1246 5440 vel
1280 5387 1406 5454 ejus
1467 5387 1555 5441 cui
1607 5386 2013 5457 hujuscemodi

368 5473 561 5528 ofﬁcia
592 5473 908 5528 commissa
938 5479 1095 5541 sunt,
1122 5490 1226 5529 nec
1257 5490 1389 5529 cum
1417 5477 1541 5546 ejus
1575 5476 1818 5555 voluerit
1850 5495 2015 5550 agere

366 5561 635 5629 concilio,
669 5562 979 5618 anathema
1011 5564 1104 5618 sit.
1131 5614 1142 5625 ,

2051 1969 2098 2033 Β

2364 673 2600 739 episcopi
2629 673 2841 741 aliquid
2874 676 2931 725 in.
2962 676 3078 742 ejus
3106 680 3367 745 purochia
3390 673 3549 748 agat.

2204 777 2395 843 (Epist.
2434 778 2481 835 1,
2519 795 2647 847 qum
2691 778 2943 833 (Ilemen.
2979 781 3221 836 Romani
3270 788 3504 841 nomine
3537 788 3785 844 circum-

2133 864 2616 931 fertur.)Nullum
2672 870 3070 939 presbyterum
3126 872 3181 924 in
3233 872 3485 942 alicujus
3530 878 3788 950 episc0pi

2135 955 2409 1024 parochia
2440 954 2657 1024 aliquid
2688 974 2853 1025 agere
2887 960 3095 1015 debere
3119 962 3339 1031 absque
3366 966 3663 1033 permissu
3700 969 3792 1023 do-

2132 1043 2317 1105 cebat,
2355 1044 2451 1095 scd
2488 1050 2543 1097 et
2567 1052 2806 1099 cunctos
2833 1048 3197 1118 presbyteros
3220 1053 3470 1122 propriis
3495 1056 3789 1128 episcopis

2131 1130 2189 1183 in
2218 1132 2493 1185 omnibus
2543 1134 2761 1203 absque
2820 1153 2983 1189 mora
3039 1139 3375 1195 obedientes
3420 1142 3789 1213 (instituente

2130 1218 2396 1289 Domino)
2432 1238 2558 1275 esse
2600 1222 2806 1277 debere
2839 1226 3097 1280 docebat.
3150 1227 3389 1285 Nullum
3422 1232 3560 1287 item
3596 1234 3789 1290 aliena

2128 1309 2556 1380 concupiscere,
2583 1316 3045 1382 autprasumere
3076 1332 3204 1386 qua:
3226 1334 3428 1373 eorum
3460 1324 3651 1393 erant,
3686 1324 3789 1379 sed

2130 1413 2617 1470 unumquemque
2650 1402 2774 1456 suis
2807 1402 3036 1473 sibique
3075 1406 3407 1463 commissis
3439 1414 3787 1469 contentum

2129 1501 2257 1539 esse
2287 1486 2549 1541 docebat.
2587 1488 2891 1545 Neminem
2917 1491 3093 1549 etiam
3127 1494 3301 1550 alicui
3326 1496 3551 1569 aliquid
3575 1501 3791 1571 facere,

2131 1574 2243 1629 nisi
2276 1576 2434 1645 quod
2466 1576 2578 1631 sibi
2610 1578 2733 1632 fieri
2766 1579 2900 1634 velit
2932 1581 3277 1640 instruebat.

2129 1718 2261 1772 CAP.
2299 1717 2537 1773 XXXVI.
2572 1750 2641 1758 —
2676 1722 2737 1776 Ut
2768 1724 2955 1776 nullus
2984 1725 3217 1781 clericus
3244 1730 3532 1786 mulierem
3568 1734 3631 1787 in
3661 1749 3790 1789 con-

2531 1794 2698 1846 sortio
2726 1796 3137 1862 familiaritatis
3165 1799 3379 1855 habeat.

2202 1895 2434 1965 (Concil.
2491 1898 2647 1951 Tolet.
2703 1915 2760 1965 ιι,
2814 1916 2861 1954 c.
2914 1903 2992 1971 3.)
3045 1902 3194 1959 Illud
3237 1910 3514 1976 praeterea
3543 1911 3788 1981 speciali

2130 1985 2496 2040 ordinatione
2527 1988 2916 2057 decernimus,
2941 1993 3095 2061 quod
3131 2010 3236 2048 nec
3267 1996 3507 2067 antiqua
3536 2001 3789 2058 concilia

2132 2072 2191 2126 in
2226 2073 2511 2128 universis
2545 2093 2690 2146 pene
2721 2078 3048 2134 canonibus
3074 2081 3307 2150 siluere,
3342 2090 3406 2139 ut
3436 2087 3637 2145 nullus
3670 2091 3785 2146 cle-

2132 2162 2387 2216 ricorum
2420 2180 2453 2217 a
2487 2166 2668 2232 gradu
2720 2168 3201 2239 subdiaconatus,
3254 2178 3310 2227 et
3340 2191 3520 2246 supra
3550 2177 3612 2233 in
3646 2196 3787 2235 con-

2132 2252 2311 2305 sortio
2329 2252 2743 2309 familiaritatis
2766 2255 2974 2310 habeat
2991 2258 3317 2330 mulierem,
3338 2263 3783 2338 velingenuam,

2133 2338 2217 2394 vel
2252 2339 2545 2406 libertam,
2581 2346 2681 2396 aut
2702 2344 2975 2399 ancillam
3004 2363 3017 2400 :
3050 2348 3151 2402 sed
3182 2349 3230 2403 si
3261 2356 3401 2406 sunt
3424 2352 3475 2407 ei
3503 2353 3782 2433 hujusce—

2132 2429 2286 2482 modi
2316 2431 2570 2495 servitia,
2606 2431 2800 2498 matri,
2839 2433 2928 2487 vel
2979 2436 3187 2506 sorori,
3216 2438 3433 2511 aliique
3463 2429 3787 2513 cujuslibet

2130 2517 2587 2588 propinquitatis
2618 2522 2941 2590 contradat,
2967 2529 3024 2578 et
3050 2525 3337 2597 quidquid
3361 2529 3485 2585 suis
3505 2533 3783 2590 manibus

2129 2606 2497 2676 profecerint,
2532 2609 2765 2678 proprio
2799 2609 3043 2666 Domino
3075 2614 3389 2672 deferatur.
3426 2625 3544 2674 Aut
3573 2621 3622 2676 si
3656 2638 3785 2693 pro-

2128 2694 2429 2763 pinquitas
2478 2703 2800 2752 memorata
2846 2700 3029 2765 deest,
3077 2702 3188 2757 alia
3248 2705 3458 2761 domus
3504 2708 3677 2781 longe
3706 2712 3781 2766 ad

2127 2799 2327 2836 earum
2362 2784 2758 2839 habitaculum
2796 2789 3145 2859 requiratur,
3192 2808 3257 2847 eo
3292 2796 3483 2862 modo,
3521 2802 3587 2851 ut
3618 2799 3782 2854 nulla

2127 2871 2429 2926 occasione
2478 2872 2809 2928 introeundi
2867 2877 3104 2932 domum
3157 2880 3496 2939 clericorum
3548 2886 3779 2944 femina

2128 2962 2562 3030 permittantur,
2597 2965 2752 3018 unde
2786 2970 2885 3019 aut
2925 2965 3202 3038 laqueum
3234 2972 3421 3041 possit
3451 2973 3776 3044 incurrere,

2126 3053 2227 3102 aut
2260 3050 2503 3104 noxialis
2536 3051 2692 3106 fama
2715 3053 3040 3109 innocentis
3063 3056 3328 3115 fortassis
3370 3062 3560 3131 possit
3592 3064 3770 3121 inuri.

2125 3137 2274 3193 Sane
2292 3138 2565 3210 deinceps
2589 3144 2720 3211 post
2740 3141 2937 3197 datam
2962 3143 3109 3199 hanc
3133 3147 3591 3207 admonitionem
3615 3153 3779 3225 quis-

2126 3227 2258 3296 quis
2289 3226 2497 3282 harum
2532 3231 2824 3285 consortio
2856 3232 2970 3287 frui
3008 3233 3273 3301 voluerii,
3306 3241 3531 3294 noverit
3563 3258 3625 3296 se
3659 3259 3775 3298 non

2047 3332 2089 3399 ρ
2132 3316 2321 3369 solum
2357 3333 2391 3370 a
2420 3316 2726 3372 clericatus
2760 3321 2947 3375 ofﬁcio
2979 3323 3217 3391 retrahi,
3242 3325 3326 3380 vel
3347 3328 3603 3384 ecclesiae
3638 3331 3777 3387 fori-

2130 3404 2236 3459 bus
2269 3406 2422 3476 pelli,
2458 3407 2559 3460 sed
2612 3407 2786 3461 etiam
2818 3411 3083 3465 omnium
3133 3413 3575 3486 catholicorum,
3610 3419 3781 3477 cleri-

2128 3510 2351 3561 corum,
2381 3494 2481 3549 vel.
2524 3495 2804 3551 laicorum
2864 3501 3276 3558 communione
3325 3506 3562 3575 privari,
3618 3508 3783 3565 nulla

2130 3599 2369 3653 prorsus
2402 3583 2673 3654 colloquii
2708 3586 3101 3643 consolatione
3123 3590 3339 3647 relicta.

2129 3707 2265 3761 CAP.
2300 3706 2568 3761 XXXVII.
2606 3740 2671 3749 —
2708 3711 2769 3765 Ut
2800 3711 3034 3767 clericus
3062 3714 3290 3770 nullam
3311 3723 3785 3779 conversationem

2301 3795 2426 3832 cum
2457 3780 2693 3835 muliere
2722 3786 2835 3850 post
2862 3784 3367 3857 denominationem
3394 3791 3605 3848 habeat.

2201 3904 2368 3972 (Vide
2402 3904 2695 3959 Riculfum
2749 3905 2806 3960 in
2839 3924 2887 3962 ο.
2926 3910 3035 3980 15.)
3066 3910 3137 3965 Ut
3167 3912 3217 3966 si
3267 3913 3360 3969 cui
3392 3918 3684 3975 sacerdoti
3713 3938 3785 3978 ex

2128 3992 2387 4063 qualibet
2420 3992 2665 4048 muliere
2695 3995 3105 4052 denuntiatum
3140 4000 3332 4071 fuerit,
3360 4008 3426 4058 ut
3453 4006 3665 4064 exinde
3685 4025 3785 4066 su-

2127 4082 2308 4152 spicio
2342 4082 2510 4136 malaa
2549 4083 2840 4153 Opinionis
2889 4086 3192 4155 efficiatur,
3226 4090 3449 4148 nullam
3482 4110 3618 4150 cum
3645 4096 3783 4170 ipsa

2127 4172 2337 4226 habeat
2368 4171 2885 4239 conversationem,
2912 4192 3097 4245 neque
3122 4184 3426 4247 secretam,
3459 4199 3652 4255 neque
3674 4204 3778 4259 pa-

2126 4264 2366 4315 tentem.
2402 4259 2459 4314 Si
2492 4260 2766 4331 deinccps
2787 4261 3059 4320 inventus
3084 4265 3419 4340 fuerit,post
3448 4275 3777 4333 secundam

2128 4353 2183 4402 et
2209 4348 2437 4402 tertiam
2464 4349 2949 4407 contestationem
2973 4357 3036 4407 ut
3057 4360 3421 4429 contemptor
3440 4362 3664 4432 gradus
3685 4365 3781 4421 sui

2128 4437 2449 4509 periculum
2480 4440 2784 4494 sustineat.

2129 4564 2262 4616 CAP.
2297 4562 2594 4647 XXXVIII.
2616 4594 2694 4647 ff
2728 4568 2963 4647 Qualem
2982 4571 3373 4647 pro[cssio_nem
3391 4575 3708 4647 presbyteri
3724 4583 3782 4634 et

2401 4636 2622 4689 diaconi
2648 4638 2879 4705 faciant,
2910 4636 3123 4707 quando
3151 4636 3504 4700 ordinantur.

2199 4740 2427 4812 (Concil.
2467 4742 2622 4795 Tolcl.
2658 4759 2730 4808 1v,
2766 4760 2891 4813 cap.
2927 4748 3037 4813 26).
3094 4749 3335 4810 Quando
3367 4754 3693 4824 presbyteri
3724 4762 3783 4812 et

2124 4830 2350 4883 diaconi
2404 4847 2505 4899 per
2555 4831 2861 4901 parochias
2909 4835 3365 4909 constituuntur,
3400 4847 3628 4910 oportet
3678 4861 3781 4901 eos

2126 4918 2379 4988 primum
2406 4919 2823 4988 professionem
2849 4922 3120 4994 episcopo
3153 4942 3258 4979 suo
3282 4926 3486 4995 facere,
3524 4936 3588 4984 ut
3618 4940 3781 4990 caste

2123 5012 2181 5060 et
2214 5024 2355 5076 pure
2402 5008 2597 5059 vivant
2647 5008 2757 5061 sub
2807 5009 2906 5063 Dei
2957 5012 3185 5080 timore,
3237 5020 3292 5068 et
3340 5032 3439 5071 eos
3475 5018 3610 5075 talis
3643 5038 3781 5092 pro-

2126 5096 2298 5149 fessio
2331 5094 2600 5163 ailigatos
2631 5106 2842 5151 sancta:
2870 5100 3193 5171 disciplina}
3221 5104 3485 5160 retineat.

2168 5218 2296 5273 CAP.
2331 5219 2579 5272 XXXIX.
2613 5250 2683 5261 —
2714 5223 3090 5363 Item/qualem
3122 5227 3408 5298 episcopus
3438 5229 3736 5289 diaconum

2876 5306 3039 5349 amat.

2876 5306 3039 5349 ((CZGL

2194 5398 2543 5467 Apraesenti
2598 5399 2688 5452 die
2749 5401 3038 5473 episcopis
3096 5405 3370 5460 omnibus
3428 5407 3681 5477 dicatur,
3717 5418 3789 5469 ut

2125 5484 2353 5539 nullum
2404 5494 2588 5540 tacere
2639 5489 2948 5544 diaconum
3002 5500 3378 5564 praesumant,
3434 5496 3547 5551 nisi
3582 5500 3685 5570 qui
3721 5518 3789 5559 se

2124 5579 2281 5629 caste
2312 5576 2599 5630 victurum
2635 5578 2986 5647 promiserit.

436 5757 553 5843 (24)
582 5758 676 5819 Illi
702 5775 845 5820 vero.
869 5759 1033 5819 Prior
1053 5759 1250 5832 editio,
1281 5760 1386 5818 Ille
1413 5775 1538 5820 vero
1559 5769 1849 5839 corrupte.
1878 5770 2015 5826 Haec
2053 5782 2239 5843 usque
2264 5770 2358 5840 ad,
2374 5770 2681 5848 Nullusque
2696 5791 2810 5832 non
2832 5773 3274 5856 legunturapud
3287 5780 3709 5850 Theodult‘um.
