3946 6372
146 436 212 496 37
1588 429 2114 493 CAPITULARE.
3484 433 3561 493 38

146 567 268 623 CAP.
299 563 414 619 XL.
462 593 529 605 -—
582 562 645 620 Ut
696 562 885 618 clerici
930 564 1194 633 episcOpis
1243 563 1357 618 suis
1397 564 1788 632 obtemperent.
1822 563 1875 629 Α
1907 561 2159 615 ricorum
2197 577 2401 631 magos
2424 564 2526 615 aut
2546 559 2869 632 aruspices.
2901 565 3001 616 aut
3024 561 3260 625 ariolos,
3287 566 3388 617 aut
3408 569 3563 619 certe

214 654 438 724 (Concil.
476 652 733 722 Carthag.
768 669 818 707 c.
853 653 944 722 31)
989 654 1127 707 Item
1174 651 1413 724 placuit,
1448 656 1512 707 ut
1543 653 1790 724 quicun-

148 758 251 815 que
281 741 475 797 clerici
507 741 595 797 vel
629 738 857 796 diaconi
904 758 1005 813 pro
1040 741 1491 796 necessitatibus
1522 741 1793 795 ecclesia-

149 833 417 888 sticarum
436 847 630 885 rerum
658 849 767 885 non
785 832 1335 901 obtemperaverunt
1357 830 1645 902 episcopis
1670 831 1796 885 suis

147 920 468 976 volentibus
522 937 621 975 eos
673 921 742 974 ad
780 922 1055 974 honorem
1098 919 1439 990 ampliorem
1477 921 1532 973 in
1568 937 1674 973 sua
1704 937 1794 974 cc-

147 1010 316 1065 clesia
350 1025 707 1076 promovere,
756 1012 859 1063 nec
892 1009 976 1063 illi
1014 1009 1351 1064 ministrent
1381 1010 1436 1063 in
1472 1026 1578 1063 suo
1612 1010 1795 1080 gradu

148 1100 298 1155 unde
331 1098 643 1153 noluerunt
675 1099 961 1153 recedere.

144 1206 274 1263 CAP.
309 1204 443 1261 XLI.
479 1238 547 1247 —
594 1205 744 1273 Quod
774 1206 963 1260 nullus
1001 1206 1235 1260 clericus
1264 1205 1355 1260 die
1389 1207 1669 1260 Dominico
1700 1206 1801 1260 ali-

312 1277 453 1349 quod
479 1278 749 1334 saeculare
777 1279 1064 1348 negotium
1095 1277 1295 1331 audeat
1330 1277 1626 1331 vindicare.

212 1367 447 1437 (Concil.
481 1367 769 1421 Tarracon.
805 1382 854 1421 c.
890 1367 968 1438 4.)
991 1365 1064 1421 Ut
1097 1365 1296 1421 nullus
1327 1368 1800 1439 presbyterorum

140 1454 228 1511 vel
260 1454 609 1511 clericorum
633 1455 729 1510 die
754 1453 1060 1511 Dominico
1091 1454 1455 1526 prepositum
1488 1455 1804 1525 cujuscun-

142 1560 255 1616 que
285 1560 482 1600 causae
537 1544 840 1616 negotium
898 1544 1114 1599 audeat
1168 1543 1485 1611 vindicare,
1549 1543 1661 1599 nisi
1694 1543 1803 1598 hoc

140 1637 400 1702 tantum,
434 1636 499 1688 ut
531 1636 651 1689 Deo‘
675 1636 900 1689 statuta
921 1632 1207 1689 solemnia
1238 1636 1538 1706 peragant.
1571 1632 1807 1688 Caeteris

138 1737 276 1778 vero
306 1721 539 1788 diebus,
574 1721 986 1777 cobibentibus
1033 1722 1321 1793 personis,
1354 1720 1456 1776 illa
1485 1738 1610 1792 qua:
1635 1722 1808 1791 juxta

143 1816 285 1866 sunt
306 1810 526 1866 habeat
552 1810 847 1865 licentiam
873 1810 1205 1881 judicandi,
1237 1810 1494 1883 exceptis
1526 1809 1804 1866 crimina-

139 1899 301 1955 libus
335 1900 605 1973 negotiis.

214 2008 365 2063 CAP.
391 2006 556 2064 XLII.
583 2039 647 2048 —
674 2007 736 2065 Ut
760 2007 977 2135 clerigs
1011 2007 1243 2134 ludicris
1271 2008 1596 2081 spectaculis
1627 2022 1738 2062 non

840 2096 898 2135 in
957 2096 1073 2135 rsin
1108 2122 1120 2134 .

840 2096 1120 2135 intersint.

208 2168 462 2241 (Concil.
519 2167 857 2224 Laodicense
875 2169 1056 2239 c.54.)
1096 2168 1220 2223 Non
1252 2172 1479 2240 oportet
1507 2168 1813 2223 ministros

133 2257 374 2323 altaris,
405 2256 497 2313 vel
526 2257 824 2329 quoslibet
847 2256 1089 2313 clericos
1112 2257 1463 2329 spectaculis
1487 2257 1809 2329 aliquibus,

133 2361 269 2419 quin
304 2350 414 2402 aut
441 2346 502 2401 in
535 2345 895 2417 nuptiis,aut
925 2345 983 2399 in
1017 2344 1212 2401 scenis
1256 2344 1628 2416 exhibentur,
1661 2344 1810 2399 inte-

125 2449 327 2505 resse,
366 2435 469 2491 sed
502 2438 823 2504 antequam
872 2431 1173 2503 thymelici
1216 2432 1644 2505 ingrediantur,
1680 2449 1810 2487 sur-

128 2540 275 2598 gere
313 2539 423 2579 eos
454 2522 527 2577 de
555 2520 840 2587 convivio,
873 2525 931 2575 et
962 2520 1122 2576 abire
1152 2522 1382 2577 debere.

126 2635 269 2687 CAP.
312 2629 517 2684 XLIII.
551 2660 618 2668 —
644 2628 710 2683 Ut
758 2626 955 2682 clerici
987 2643 1087 2698 per
1122 2628 1351 2698 plateas,
1385 2629 1466 2683 vel
1514 2628 1811 2697 andronas,

554 2699 638 2753 vel
665 2700 945 2753 nundinas
972 2715 1082 2753 non
1114 2701 1415 2754 ambulent.

204 2788 457 2863 (Concil.
493 2788 750 2858 Carthag.
785 2804 861 2854 ιν,
896 2804 944 2842 c.
983 2789 1071 2855 47,
1127 2789 1232 2855 48;
1268 2790 1461 2843 Carth.
1497 2807 1581 2849 ιιι,
1615 2807 1663 2844 c.
1697 2792 1810 2861 27).

130 2877 353 2936 Clerici
393 2893 496 2949 per
525 2876 771 2949 plateas,
796 2875 1214 2947 velandronas,
1247 2884 1349 2932 aut
1380 2879 1672 2933 nundinas
1698 2896 1811 2935 non

132 2967 486 3035 ambulent,
520 2971 574 3021 et
606 2966 678 3021 ad
713 2966 927 3035 forum,
960 2965 1045 3020 vel
1080 2968 1354 3022 tabernas
1386 2985 1501 3022 non
1534 2970 1813 3024 accedant

131 3059 378 3129 absque
412 3058 571 3111 certa
600 3054 861 3126 corporis
890 3054 978 3109 vel
1010 3055 1185 3110 officii
1218 3056 1311 3112 sui
1334 3058 1700 3124 necessitate,
1726 3057 1813 3113 vel

131 3145 180 3201 si
215 3144 457 3200 fuerint
486 3142 950 3215 peregrinatione
981 3144 1311 3217 compulsi;
1363 3162 1467 3201 nec
1509 3147 1586 3201 ibi
1621 3163 1812 3205 come-

130 3235 274 3290 dere
307 3235 426 3289 aut
454 3231 652 3288 bibere
685 3237 1061 3304 praesumant.

129 3343 268 3395 CAP.
301 3338 513 3395 XLIV.
546 3369 616 3379 -—
646 3339 776 3393 Item
804 3336 1078 3394 clericum
1103 3342 1398 3396 scurrilem
1426 3344 1766 3413 puniendum
1793 3362 1811 3399 :
1844 3304 1887 3370 C

202 3429 467 3501 (Concil.
526 3426 875 3498 Carthagnv,
910 3445 959 3483 c.
1011 3429 1126 3499 60.)
1159 3428 1448 3485 Clericum
1484 3433 1814 3500 scurrilem,

129 3523 187 3573 et
218 3518 437 3574 verbis
489 3515 763 3588 turpibus
792 3516 1143 3587 jocularem,
1193 3518 1264 3574 ab
1298 3520 1489 3575 officio
1522 3521 1816 3577 retrahen-

131 3608 282 3663 dum
317 3623 672 3663 censemus.

130 3718 269 3771 CAP.
309 3717 495 3770 XLV.
529 3744 599 3754 —
629 3714 766 3769 Item
796 3713 1046 3841 clericdugt
1075 3714 1349 3771 adulator
1376 3721 1430 3772 el
1456 3718 1710 3790 proditor
1731 3719 1819 3775 de-

855 3802 955 3841 ara
1050 3803 1136 3841 ur.

892 3802 1136 3841 raaetur.

854 3803 1136 3856 graaetur.

204 3876 411 3949 (Ibid.,
452 3891 504 3930 c.
538 3874 658 3942 56.)
694 3874 951 3930 Clericus
978 3874 1069 3930 cui
1121 3875 1557 3935 adulationibus
1599 3884 1655 3935 et
1686 3896 1819 3952 pro-

132 3965 492 4022 ditionibus
520 3978 728 4019 vacare
758 3964 1237 4035 deprehenditur,
1257 3966 1610 4039 degradetur
1637 3969 1710 4025 ab
1743 3969 1824 4025 of-

130 4054 290 4111 ﬂcio.

128 4142 268 4201 CAP.
300 4142 517 4200 XLVI.
542 4172 612 4183 —
634 4142 880 4199 Clericus
901 4144 1046 4199 inter
1064 4143 1258 4215 epulas
1275 4152 1511 4201 cantans
1534 4147 1819 4204 similiter.

197 4234 404 4303 (lbid.,
441 4249 500 4289 c.
532 4232 652 4302 61.)
696 4230 953 4288 Clericus
1000 4232 1154 4289 inter
1182 4232 1385 4305 epulas
1416 4240 1685 4306 cantans,
1718 4254 1818 4293 su-

127 4324 425 4396 pradicta
461 4322 777 4378 sententia:
809 4322 1118 4379 severitate
1148 4326 1527 4381 coercendus.

126 4432 262 4487 CAP.
299 4430 546 4487 XLVII.
581 4460 649 4470 —
680 4429 887 4498 Quibus
937 4431 1174 4501 negotiis
1202 4447 1260 4487 se
1308 4434 1536 4489 miscere
1565 4435 1820 4491 debeant.

196 4521 526 4593 (Refertur
556 4523 840 4591 tanquam
876 4519 1183 4575 Melchiad.
1217 4521 1479 4577 distinct.
1514 4526 1603 4593 88,
1636 4542 1686 4580 c.
1720 4525 1821 4580 De-

126 4607 649 4679 crevit.)Decrevit
696 4607 927 4664 Nicaeus
974 4611 1237 4681 synodus
1280 4611 1510 4667 nullum
1542 4614 1820 4669 clericum

127 4705 229 4757 aut
248 4701 690 4773 possessiones
704 4699 1048 4765 conducere,
1065 4704 1167 4754 aut
1181 4700 1429 4771 negotiis
1447 4703 1826 4761 saecularibus
1859 4678 1901 4742 D

66 4842 77 4853 ,
129 4806 188 4845 se
220 4791 524 4854 miscere,
559 4788 674 4843 nisi
699 4789 843 4843 forte
866 4790 1178 4860 cpiscopus
1200 4790 1450 4845 civitatis
1471 4791 1822 4848 ecclesiasti-

129 4894 337 4934 carum
372 4893 594 4933 rerum
638 4874 1096 4932 sollicitudinem
1131 4876 1342 4932 habere
1373 4880 1690 4951 praecipiat,
1723 4886 1827 4935 aut

131 4967 521 5041 pupillorum
556 4970 617 5020 et
646 4964 1068 5036 orphanorum,
1103 4972 1205 5022 aut
1234 4967 1566 5023 viduarum.
1605 4968 1707 5024 Ubi
1756 4969 1823 5024 li-

131 5056 314 5129 quido
351 5059 558 5131 patet,
583 5053 724 5126 quia
746 5053 862 5110 alia
883 5060 1022 5110 sunt
1040 5057 1275 5127 negotia
1304 5058 1691 5126 saacularia,et
1711 5058 1828 5115 alia

130 5145 588 5202 ecclesiastica.

129 5252 259 5311 CAP.
296 5251 575 5310 XLVIII.
596 5250 766 5325 -—_7Ut
792 5252 991 5307 clerici
1018 5254 1264 5320 auguria
1293 5270 1406 5309 non
1438 5257 1695 5325 credant,
1730 5273 1827 5312 nec

628 5322 1007 5379 divinationes
1039 5329 1363 5396 acquirunt.

194 5412 439 5479 (Concil.
480 5412 655 5469 Tolet.
721 5428 799 5483 ιν,
861 5429 911 5467 c.
967 5414 1060 5485 29)
1111 5416 1170 5469 Si
1203 5416 1338 5486 quis
1381 5416 1694 5488 episcopus
1725 5421 1828 5475 aut

132 5506 467 5577 presbyter,
505 5501 637 5557 sive
671 5500 976 5571 diaconus,
999 5501 1086 5557 vel
1118 5503 1365 5574 quilibet
1389 5521 1459 5561 ex
1483 5506 1687 5562 ordine
1710 5508 1828 5564 cle-

200 5684 338 5760 (_25).
367 5682 608 5760 _Solvat
642 5682 799 5760 Quae
833 5689 1164 5760 sequuntur
1194 5700 1310 5741 non
1343 5688 1484 5743 sunt
1514 5701 1584 5744 ex
1614 5686 1820 5744 concil.

131 5751 314 5818 ωσι.
348 5754 716 5830 desumpta.

1904 666 2158 721 augures
2182 650 2268 704 vel
2288 649 2620 722 sortilegos,
2645 650 2730 705 vel
2755 668 2853 704 eos
2876 651 2975 721 qui
3004 655 3350 723 prolitentur
3371 658 3554 708 artem

1908 740 2217 809 magicam,
2240 743 2340 793 aut
2366 740 2597 810 aliquos
2614 757 2814 793 eorum
2832 740 3047 795 similia
3069 746 3563 810 exercentes,con-

1906 828 2159 883 soluisse
2182 828 2863 899 lneritdepreltensngab
2889 830 3105 884 honore
3128 831 3428 902 dignitatis
3445 850 3562 887 suze

1910 919 2233 988 depositus,
2259 919 2682 971 monasterium
2712 920 3011 989 ingressus
3038 937 3265 991 pmnam
3293 921 3559 993 excipiat,

1909 1007 2107 1077 ibique
2142 1016 2429 1077 perpetuae
2465 1009 2811 1077 paenitentia;
2834 1009 3091 1073 deditus,
3124 1009 3319 1065 scelus
3349 1010 3566 1065 admis-

1909 1112 2040 1149 sum
2076 1096 2364 1165 sacrilegii
2405 1095 2589 1148 Stilvnt
2612 1098 2745 1164 (2:3).
2774 1097 2916 1149 Item
2948 1114 2961 1150 :
2998 1098 3054 1151 Si
3089 1098 3219 1168 quis
3255 1105 3385 1169 post
3415 1099 3566 1154 hanc

1912 1184 2788 1254 cognitionem,ecclesiasticam
2812 1191 3195 1240 contemnens
3217 1188 3567 1256 doctrinam,

1912 1274 1983 1327 ad
2007 1290 2105 1327 eos
2131 1289 2276 1342 quos
2299 1272 2742 1344 prephetas,aut
2764 1272 3023 1344 angelos,
3043 1274 3128 1328 vel
3151 1274 3378 1346 aliquos
3394 1294 3567 1332 sanc-

1912 1367 2103 1417 torum
2123 1361 3046 1433 defunctorum,quosaequivocos
3066 1362 3211 1418 falso
3227 1370 3454 1433 vocant,
3474 1367 3570 1423 ab.

1915 1451 2071 1517 ierit,
2114 1467 2434 1522 eorumque
2461 1449 2653 1521 pravis
2675 1450 2957 1505 doctrinis
2980 1450 3297 1518 inhaaserit,
3322 1453 3568 1510 anathe-

1916 1558 2012 1596 ma
2034 1541 2144 1608 sit;
2169 1540 2465 1613 nullisque
2487 1539 2782 1611 mysteriis
2799 1540 3214 1597 ecclesiasticis
3236 1544 3570 1600 communi-

1917 1635 2028 1696 cet,
2055 1630 2239 1686 donec
2260 1630 2331 1685 ad
2365 1629 2656 1700 pontificis
2695 1629 2919 1684 venerit
2951 1631 3410 1688 satisfactionem
3434 1634 3569 1706 (26).

1916 1719 2062 1774 Nam
2086 1720 2210 1789 ipse
2240 1719 2592 1774 Dominusin
2617 1718 2925 1790 Evangelio
2948 1719 3138 1776 docet:
3167 1720 3406 1790 Surgent
3422 1724 3571 1778 enim

1911 1809 2317 1880 pseudochristi
2362 1816 2415 1863 et
2455 1808 2953 1879 pseudnpmphetaa,
2988 1815 3040 1863 et
3086 1808 3343 1865 seducent
3367 1813 3572 1868 multos

1837 1933 1887 1997 Β
1918 1898 2132 1969 (Matth.
2166 1914 2320 1963 xxw,
2351 1897 2463 1963 24).
2517 1897 2586 1952 Et
2635 1896 2851 1951 Paulus
2902 1897 3239 1968 apostolus:
3294 1903 3573 1957 Doctrinis

1918 1988 2097 2043 variis
2125 1991 2175 2041 et
2202 1988 2518 2058 peregri-nis
2540 1986 2709 2042 nolite
2728 1987 2923 2042 abduc:
2944 1988 3127 2059 (Hebr.
3149 2005 3274 2055 xm,
3294 1989 3369 2059 0).
3404 1989 3575 2045 Simi-

1919 2075 2051 2131 liter
2079 2074 2257 2131 etiam
2292 2075 2363 2129 de
2394 2073 2510 2129 illis
2542 2074 2641 2145 qui
2685 2076 2923 2131 arbores
2955 2075 3174 2143 colunt,
3208 2083 3311 2132 aut
3340 2078 3411 2133 ad
3446 2079 3572 2135 fon-

1919 2169 2008 2220 tes
2030 2163 2370 2234 hujusmodi
2406 2162 2675 2233 religiose
2705 2166 3012 2234 accedunt,
3046 2165 3369 2222 deliberare
3396 2183 3571 2223 cura-

1920 2252 2133 2307 vimus.
2166 2251 2414 2322 Insuper
2443 2250 2643 2305 uullus
2685 2251 2905 2307 talibus
2955 2253 3392 2312 communicare
3421 2273 3573 2328 pre—

1923 2344 2144 2396 sumat.

1929 2446 2327 2503 CAP.XLlX.—-
2351 2450 2419 2503 Ut
2435 2447 2842 2501 ctericiusuras
2866 2463 2974 2503 non
3005 2451 3410 2521 accipiantmec
3436 2449 3576 2509 laici

2620 2534 2852 2591 quoque.

1995 2623 2224 2694 (Concil.
2260 2623 2525 2695 Carthag.
2563 2641 2644 2694 III,
2672 2641 2721 2680 c.
2752 2625 2864 2696 16.)
2896 2626 3035 2680 Item
3086 2626 3327 2700 placuit,
3360 2636 3426 2686 ut
3455 2631 3572 2688 cle-

1928 2712 2085 2766 ricus
2102 2713 2149 2766 si
2171 2713 2627 2768 commodaverit
2646 2714 3286 2786 pecuniam,pecuniam
3303 2719 3570 2789 accipiat;

1924 2801 1971 2855 si
2007 2803 2565 2872 spcciem.camdem
2591 2802 2843 2873 speciem
2869 2808 3158 2875 quantum
3183 2806 3408 2863 dederit
3429 2809 3577 2863 acci-

1924 2889 2065 2961 piat.
2094 2890 2372 2945 Similiter
2392 2906 2625 2963 quoque
2645 2890 2775 2945 laici
2803 2893 2874 2946 ab
2901 2894 3096 2949 usuris
3119 2911 3181 2950 se
3204 2896 3569 2965 abstineant;

1925 2981 2079 3051 quod
2115 2979 2164 3034 si
2197 2998 2311 3035 non
2348 2982 2606 3046 fecerint,
2642 2983 3249 3039 excommuniceutur.

1925 3089 2052 3143 CAP.
2090 3093 2146 3142 L.
2173 3119 2235 3127 —
2264 3088 2325 3144 Ut
2353 3088 2546 3142 clerici
2574 3088 2740 3142 vilius
2769 3088 2986 3143 emendi
3013 3093 3064 3144 et
3091 3092 3286 3147 carius
3313 3092 3581 3150 vendendi

2461 3175 2616 3214 usum
2643 3176 2755 3239 non
2782 3160 3039 3217 habeant.

1999 3266 2229 3338 (Concil.
2291 3267 2581 3321 Tarracon.
2642 3281 2691 3321 c.
2751 3266 2829 3338 2.)
2905 3267 3067 3322 Sicut
3121 3285 3225 3340 per
3281 3286 3575 3329 canonum

1927 3361 2149 3410 statuta
2178 3356 2472 3410 firmatum
2519 3359 2626 3421 est,
2660 3356 3018 3427 quicumque
3049 3357 3105 3411 in
3139 3358 3290 3415 clero
3320 3377 3449 3417 esse
3481 3378 3582 3419 vo-

1929 3445 2120 3510 luerit,
2148 3444 2378 3499 cmendi
2412 3443 2608 3510 vilius,
2659 3444 2746 3499 vel
2796 3446 3080 3501 vendendi
3112 3447 3349 3504 cbarius
3378 3451 3577 3507 studio

1928 3551 2040 3589 non
2076 3539 2292 3587 utatur.
2326 3538 2487 3587 Certe
2519 3531 2567 3587 si
2594 3533 2841 3587 voluerit
2869 3550 3153 3606 exercere,
3187 3537 3527 3595 cohibeatur
3547 3558 3581 3597 a

1928 3623 2104 3678 clero.

1926 3731 2059 3784 CAP.
2093 3728 2176 3783 Ll.
2200 3759 2269 3767 —
2293 3729 2355 3785 Ut
2374 3727 2570 3783 clerici
2588 3729 2906 3784 sxculurem
2925 3730 3301 3799 defensionem
3318 3733 3581 3791 adversus

2120 3800 2517 3855 ecclesiastiam
2546 3799 2897 3870 disciplinam
2926 3819 3039 3857 non
3067 3805 3388 3875 requirant.

2001 3905 2228 3976 (Agath.
2289 3906 2491 3961 Concil.
2526 3923 2576 3961 c.
2607 3906 2687 3977 8.)
2721 3907 2880 3962 Idem
2924 3906 3165 3977 placuit,
3214 3913 3279 3964 ut
3329 3910 3579 3968 clericus

1930 3994 1980 4051 si
1998 3995 2198 4050 relicto
2216 3994 2407 4049 officio
2430 4011 2536 4049 suo
2563 4001 2800 4067 propter
2828 3996 3254 4053 districtionem
3286 3998 3357 4054 ad
3392 4017 3582 4057 saecu-

1930 4084 2113 4139 larem
2139 4084 2379 4138 fortasse
2402 4084 2800 4139 defensionem
2826 4085 3222 4157 transierit,:et
3240 4087 3290 4143 ei
3313 4089 3385 4143 ad
3408 4106 3584 4161 quem

1932 4178 2243 4229 recurrerit
2274 4172 2548 4227 solatium
2566 4172 2926 4231 defensionis
2947 4174 3322 4247 impenderit,
3345 4194 3479 4234 cum
3497 4196 3587 4237 eo-

1932 4263 2066 4319 dem
2099 4263 2167 4318 de
2191 4261 2456 4317 Ecclesiae
2487 4263 2902 4318 communione
2934 4263 3208 4336 pellatur.

1931 4374 2063 4426 CAP.
2118 4370 2231 4425 Lll.
2280 4402 2347 4411 --
2409 4370 2473 4427 Ut
2502 4370 2689 4425 clerici
2715 4371 3077 4494 ecclesiastico
3104 4371 3319 4440 judicio
3346 4376 3588 4430 contenti

2690 4457 2776 4494 sm
2811 4482 2824 4494 .

2690 4457 2824 4495 ειπι.

2006 4545 2560 4620 (Pseudo-Clemens
2577 4545 2749 4616 epist.
2776 4545 2800 4598 1
2828 4546 2897 4600 ad
2923 4546 3150 4618 Jacbb.)
3175 4548 3232 4605 Si
3259 4550 3360 4622 qui
3385 4567 3454 4607 ex
3477 4552 3589 4608 fra-

1933 4638 2123 4692 tribus
2158 4635 2383 4706 negotia
2419 4634 2639 4689 habent
2668 4634 2819 4690 inter
2840 4652 2921 4706 se,
2947 4638 3101 4708 apud
3136 4639 3465 4711 cognitores
3487 4658 3588 4697 saa-

1933 4725 2050 4781 culi
2084 4742 2198 4779 non
2224 4724 2581 4793 judicentur,
2606 4725 2707 4779 sed
2732 4727 2886 4796 apud
2911 4728 3281 4799 presbyteros
3316 4729 3586 4787 Ecclesia)

1935 4813 2220 4886 quidquid
2258 4813 2398 4869 illud
2430 4818 2538 4883 est,
2568 4814 2896 4870 dirimatur.

2096 4940 2233 4995 CAP.
2271 4938 2407 4993 LIII.
2445 4970 2509 4978 —
2544 4939 2605 4995 Ut
2634 4940 2829 4995 clerici
2862 4940 3073 5012 vigiliis
3101 4956 3212 4995 non
3239 4940 3441 4999 desint.

2008 5047 2237 5117 (Concil.
2274 5045 2536 5116 Cartliag.
2573 5062 2650 5111 1v,
2682 5062 2731 5100 c.
2789 5046 2899 5117 49.)
2945 5047 3203 5103 Clericus
3234 5048 3334 5121 qui
3366 5048 3592 5121 absque

1937 5135 2272 5208 corpusculi
2304 5137 2394 5192 sui
2420 5135 2819 5207 inaequalitate
2849 5135 3063 5209 vigiliis
3086 5138 3268 5205 deest,
3297 5137 3590 5204 stipendio

1937 5226 2221 5296 privetur.
3008 5236 3017 5259 '
3234 5230 3245 5241 ’

1935 5331 2070 5387 CAP.
2109 5330 2248 5386 LIV.
2304 5361 2372 5370 —-
2427 5330 2490 5385 Ul
2517 5330 2805 5401 presbyter
2851 5333 2909 5386 in
2961 5335 3174 5403 nuptiis
3223 5333 3436 5402 bigami
3479 5348 3591 5389 non

2612 5407 2901 5474 prandeat.

2010 5510 2240 5581 (Concil.
2296 5508 2550 5563 Νεοειεδ..
2601 5525 2650 5563 c.
2706 5511 2785 5581 7.)
2837 5511 3246 5583 Presbyterum
3279 5511 3339 5566 in
3370 5512 3595 5584 nuptiis

2009 5685 2478 5817 (ZQIBurchard.
2508 5686 2609 5743 lib.
2659 5706 2717 5772 ᾳ,
2749 5705 2799 5745 c.
2834 5691 2921 5745 48.
2953 5688 3096 5758 Yvo,
3129 5704 3254 5762 par.
3286 5705 3348 5760 ιι,
3380 5706 3433 5749 c.
3461 5690 3501 5749 5
3530 5694 3591 5771 et

2029 5778 2044 5817 ε
2124 5760 2217 5817 ide
2246 5758 2471 5817 Concil.
2497 5759 2734 5817 Laodio.
2765 5777 2818 5817 ο.
2841 5762 2932 5817 34.
2963 5761 3055 5817 35.

1935 5758 2044 5836 73’;
2073 5758 2217 5819 Vide
2246 5758 2471 5818 Concil.
2497 5759 2734 5821 Laodio.
2765 5777 2818 5823 ο.
2841 5762 2932 5838 34,
2963 5761 3055 5819 35.
