3946 6406
359 449 441 507 39

373 578 507 649 biga

371 642 757 735 tiabigamus
790 661 1006 730 egerat,
1032 654 1164 727 quis
1187 651 1296 707 erit
1319 648 1636 722 presbyter,
1662 642 1758 715 qui
1785 643 2020 712 propter

367 753 700 810 convivium
734 748 955 804 talibus
1006 742 1228 816 nuptiis
1261 736 1445 812 possit
1483 735 1738 807 przebere
1768 745 2016 784 consen-

368 841 544 900 sum?

369 950 504 1006 CAP.
538 945 648 1002 LV.
664 974 732 984 —
755 940 903 1010 Quod
923 955 994 994 ea:
1014 937 1227 992 collatis
1246 932 1496 988 convivia
1520 944 1634 983 non
1653 925 1994 982 celebrentur

444 1053 672 1126 (Concil.
710 1049 932 1105 Laodic.
965 1063 1013 1099 c.
1045 1046 1158 1108 55.)
1193 1039 1357 1104 Quod
1392 1054 1506 1126 non
1539 1035 1802 1104 oporteat
1832 1045 2017 1126 sacer-

367 1119 554 1211 dotes,
583 1146 684 1196 aut
713 1138 952 1193 clericos
995 1151 1062 1189 ex
1109 1129 1358 1195 collatis,
1409 1125 1495 1180 vel
1530 1119 2016 1179 commessalibus

369 1232 630 1289 convivia
659 1228 972 1284 celebrare.
1007 1223 1124 1277 Hoc
1155 1226 1349 1275 autem
1375 1232 1478 1271 nec
1500 1211 1665 1268 laicis
1690 1225 1862 1282 posse
1883 1223 2016 1262 con-

368 1337 596 1397 gruere.

364 1437 493 1486 CAP.
530 1426 665 1481 LVI.
697 1453 766 1464 --
797 1419 954 1490 Quod
984 1418 1059 1474 ad
1087 1431 1300 1490 agapen
1327 1412 1527 1490 vocati,
1559 1409 1806 1466 ciborum
1835 1407 2016 1476 partes

974 1505 1082 1544 non
1115 1487 1409 1557 acmpiant.

438 1586 782 1660 (Laodicens.
813 1598 862 1636 c.
885 1580 1002 1650 27.)
1024 1576 1186 1640 Quod
1219 1591 1334 1629 non
1360 1572 1624 1643 oporteat
1653 1582 1818 1660 sacro
1839 1563 2015 1618 mini-

369 1655 545 1736 sterio
577 1673 804 1730 deditos
831 1669 1073 1724 clericos
1103 1665 1174 1719 ad
1210 1677 1430 1735 agapen
1464 1662 1719 1717 vocatos,
1748 1655 2014 1709 ciborum

370 1771 566 1840 partes
596 1761 887 1834 accipere:
919 1759 1225 1830 prOpterea
1270 1750 1426 1824 quod
1459 1748 1594 1804 hinc
1620 1742 2014 1802 ecclesiastico

363 1855 554 1913 ordini
586 1854 690 1908 ﬁat
717 1847 959 1920 injuria.

363 1968 494 2020 CAP.
528 1961 692 2024 LVII,
718 1989 785 1998 -—
810 1953 960 2022 Quod
985 1952 1207 2007 clericos
1240 1961 1416 2012 orare,
1450 1951 1502 2001 et
1527 1945 1724 2024 legere,
1753 1957 1816 1995 ac
1838 1939 2016 1994 mani-
2044 1920 2092 1986 Β

679 2017 774 2084 bus
808 2017 1059 2081 laborare
1088 2024 1360 2077 instanter
1386 2017 1696 2072 conveniat.

435 2119 671 2196 (Cancil.
722 2116 982 2184 Carthag.
1017 2129 1091 2177 IV,
1123 2127 1174 2166 c.
1215 2109 1306 2172 50,
1338 2107 1429 2177 51,
1460 2105 1561 2196 5‘2,
1583 2103 1692 2169 53;
1726 2097 2014 2196 expcap..3

362 2186 608 2285 Capitul.
641 2204 946 2262 Theodulf.
985 2200 1210 2266 Aurel.)
1238 2197 1498 2285 Clericus
1514 2195 1731 2285 victum
1763 2192 1820 2245 et
1840 2186 2012 2285 vesti:

364 2273 628 2356 mentum
661 2293 772 2350 sibi
804 2290 1051 2347 artiﬁcio
1074 2287 1159 2342 vel
1186 2282 1566 2357 agricultura,
1595 2280 1816 2348 absque
1837 2273 2013 2329 officii

362 2389 646 2443 duntaxat
677 2382 766 2436 sui
801 2379 1150 2434 detrimento
1195 2377 1517 2445 praparet:
1552 2373 1609 2422 et
1641 2368 1690 2421 si
1723 2365 1955 2435 quando
1983 2379 2016 2415 a

356 2475 606 2532 lectione
625 2472 910 2532 cessatur,
929 2465 1101 2518 debet
1123 2476 1406 2516 manuum
1429 2456 1689 2528 operatio
1714 2449 2012 2520 subsequi,

361 2563 501 2636 quia
528 2558 794 2616 otiositas
817 2555 1056 2609 inimica
1086 2557 1176 2605 est
1200 2549 1495 2611 animanet
1520 2544 1801 2612 antiquus
1832 2539 2018 2593 hostis

367 2627 540 2725 quem
561 2667 594 2704 a
617 2647 859 2703 lectione
875 2644 995 2698 sive
1013 2641 1084 2694 ab
1107 2638 1368 2694 oratione
1391 2638 1691 2688 vacantem
1712 2627 2016 2725 invenerit,

368 2715 536 2797 facile
565 2737 637 2792 ad
670 2734 812 2789 vitia
840 2730 1010 2802 rapit.
1044 2729 1152 2782 Per
1181 2743 1350 2780 usum
1377 2737 1630 2792 namque
1648 2716 1913 2772 lectionis
1935 2715 2021 2768 di-

371 2827 566 2891 scetis,
603 2823 855 2895 qualiter
883 2826 940 2875 et
959 2835 1060 2872 vos
1083 2814 1314 2879 vivatis,
1349 2817 1406 2866 et
1437 2810 1583 2865 alios
1614 2805 1887 2862 doceatis.
1914 2807 2022 2856 Per

373 2933 548 2972 usum
572 2892 854 2969 orationis
887 2914 943 2962 et
963 2905 1148 2971 vobis,
1182 2908 1236 2958 et
1278 2901 1371 2957 his
1403 2901 1619 2970 quibus
1649 2897 1708 2950 in
1741 2892 2022 2950 charitate

369 3001 662 3075 conjuncti
713 2998 876 3064 estis,
931 2995 1207 3067 prodesse
1255 2987 1543 3044 valebitis.
1595 2990 1701 3039 Per
1739 2996 2020 3075 manuum

369 3067 792 3164 operationem,
819 3091 876 3141 et
898 3082 1158 3154 corporis
1175 3076 1651 3140 macerationem,
1669 3077 1725 3127 et
1743 3070 1896 3125 vitiis
1919 3067 2021 3123 ali-

373 3157 569 3236 menta
600 3175 908 3247 negabitis,
940 3178 997 3226 et
1016 3169 1224 3224 vestris
1248 3163 1696 3223 necessitatibus
1720 3157 2021 3215 subvenie-

374 3271 476 3338 tis,
509 3273 567 3323 et
589 3263 880 3321 habebitis
904 3261 1059 3334 quod
1089 3257 1492 3313 necessitatem
1519 3249 1873 3324 patientibus
1897 3263 2023 3318 por-

376 3357 602 3430 rigatis.

377 3422 509 3515 CAP,
546 3443 740 3500 LVIII.
774 3469 836 3482 -—-
872 3437 1206 3515 Quipsabni
1242 3436 1302 3489 in
1323 3433 1556 3515 ecclesia
1595 3435 1905 3491 cantentur,
1939 3422 2020 3478 vel

972 3511 1109 3564 libri
1141 3510 1425 3580 legantur.

440 3608 632 3680 (Mart.
691 3604 852 3660 Crac.
911 3600 1127 3655 Collect.
1190 3595 1382 3651 Orient
1426 3610 1574 3656 can.,
1607 3607 1657 3645 c.
1689 3589 1797 3680 67,
1829 3583 2015 3680 Cartli.

370 3672 458 3765 ni,
490 3712 541 3750 c.
575 3694 690 3759 47.)
722 3691 883 3755 Quod
908 3705 1022 3742 non
1058 3687 1360 3756 opporteat
1403 3680 1635 3751 plebeos
1667 3675 1924 3765 psalmos
1957 3672 2017 3765 in

374 3758 619 3840 ecclesia
663 3758 905 3841 cantari,
963 3791 1065 3830 nec
1124 3773 1302 3827 libros
1336 3773 1543 3841 praeter
1571 3780 1849 3820 canonem
1883 3758 2018 3830 legi,

373 3889 542 3928 sacra
571 3866 873 3924 volumina
905 3863 1044 3919 Novi
1070 3857 1449 3927 Testamenti,
1472 3856 1558 3912 vel
1592 3852 1833 3909 Veteris.
1867 3850 2022 3904 Licet

376 3962 553 4017 etiam
585 3958 697 4031 legi
729 3954 1032 4029 passiones
1081 3954 1426 4020 martyrum,
1460 3962 1592 4000 cum
1625 3938 2019 4000 anniversaria

373 4066 574 4106 eorum
607 4047 996 4104 celebrantur.

369 4158 505 4213 CAP.
533 4154 671 4209 LIX.
705 4185 769 4193 —
799 4153 858 4208 Ul
887 4151 1072 4206 oratio
1104 4149 1388 4204 Dominica
1411 4145 1654 4219 quotidie
1681 4142 2018 4214 proferatur.

440 4245 541 4315 (Ex
574 4260 622 4298 c.
659 4243 726 4296 10
755 4240 954 4296 concil.
994 4237 1162 4293 Tolet.
1198 4241 1299 4308 iv.)
1333 4237 1527 4291 Oratio
1559 4249 1687 4305 qua!
1724 4227 2023 4286 Dominica

371 4334 604 4402 dicitur,
630 4349 806 4403 quam
825 4328 1108 4384 Dominus
1131 4326 1363 4398 preprio
1379 4342 1475 4378 ore
1495 4319 1842 4391 composuit,
1863 4334 2024 4371 suos—

378 4439 493 4494 que
533 4419 857 4492 discipulos
886 4435 986 4489 per
1015 4433 1141 4472 eam
1193 4431 1359 4470 orare
1391 4412 1608 4476 docuit,
1644 4427 1760 4463 non
1793 4412 2022 4461 tantum

374 4493 582 4565 diebus
609 4508 952 4573 Dominicis,
989 4507 1086 4562 sed
1123 4503 1460 4577 quotidicin
1495 4498 1655 4555 omni
1693 4493 2024 4567 operatione

368 4598 814 4668 frequentanda,
849 4602 956 4649 est.
1004 4595 1340 4649 Consideret
1369 4598 1564 4647 tamen
1614 4585 2025 4657 unusquisque

1382 422 1718 486 ATTONlS
1763 415 2345 480 VERCELLENSIS
2391 414 2741 474 EPISCOPI
3709 407 3782 468 ιο

514 574 593 630 mi
628 573 911 644 prandere
942 583 1057 622 non
1089 561 1376 626 convenit,
1408 558 1547 630 quia
1576 570 1708 610 cum
1732 550 2012 624 paeniten-
2043 549 2097 616 Α
2129 547 2641 644 quiilhsecundum.
2660 543 2969 644 praedictas
2999 541 3230 614 regulas
3251 540 3596 642 apostolicis
3626 540 3781 600 sedis

2128 654 2234 692 nos
2261 636 2564 707 Scriptura
2611 633 2891 702 docuerit,
2925 637 2989 687 ut
3033 649 3274 704 prorsus
3306 648 3424 688 non
3468 630 3783 702 opinemur

2126 725 2503 792 catholicum,
2539 724 2692 796 quod
2726 722 2998 795 apparuit
3029 721 3277 794 praﬁxis
3308 719 3626 778 sententiis
3657 734 3781 777 esse

2126 813 2508 869 contrarium.

2233 903 2366 958 CAP.
2393 902 2533 957 LXI.
2558 932 2626 942 —-
2658 901 2756 958 Ubi
2792 909 2842 956 et
2873 901 3110 971 qualiter
3139 898 3342 958 scholae
3371 898 3710 956 habeantur.

2197 990 2528 1063 (Theodull.
2582 1006 2628 1045 c.
2681 990 2796 1060 20.)
2831 989 3154 1062 Presbyteri
3185 989 3362 1045 etiam
3395 1005 3500 1062 per
3524 987 3699 1044 villas
3727 992 3780 1046 et

2124 1081 2282 1136 vicos
2313 1079 2544 1135 scholas
2575 1079 2846 1147 habeant,
2879 1083 2936 1133 et
2961 1078 3010 1133 si
3036 1077 3316 1150 quislibet
3343 1077 3611 1134 fidelium
3640 1093 3779 1133 suos

2127 1170 2400 1242 parvulos
2430 1170 2499 1223 ad
2526 1168 2834 1224 discendus
2859 1167 3084 1222 litteras
3115 1167 3199 1222 eis
3230 1166 3603 1224 committere
3632 1165 3776 1237 vult,

2126 1275 2225 1314 eos
2257 1258 2556 1330 suscipere
2588 1261 2643 1312 et
2675 1258 2877 1313 docere
2901 1273 3016 1312 non
3048 1261 3319 1324 renuant,
3338 1255 3438 1318 sed
3460 1272 3596 1314 cum
3619 1272 3779 1310 sum-

2125 1364 2222 1402 ma
2253 1364 2351 1402 eos
2375 1347 2660 1421 charitate
2691 1347 2960 1402 doceant.
3004 1346 3110 1413 Qui
3141 1346 3328 1402 autem
3365 1344 3512 1402 docti
3539 1345 3778 1412 fuerint,

2123 1435 2412 1507 fulgebunt
2441 1435 2600 1505 quasi
2625 1434 2889 1505 splendor
2911 1432 3286 1503 ﬁrmamenti,
3319 1435 3371 1490 et
3397 1434 3498 1504 qui
3524 1432 3598 1489 ad
3608 1433 3780 1505 justi-

2125 1525 2270 1580 tiam
2288 1523 2592 1579 erundiunt
2607 1524 2839 1588 multos,
2859 1523 3164 1596 fulgebunt
3189 1523 3350 1594 quasi
3373 1522 3557 1582 stellae
3585 1525 3649 1578 in
3661 1538 3782 1595 per-

2120 1621 2317 1684 petuas
2334 1614 2669 1668 aeternitate:
2691 1613 2859 1682 (Dan.
2877 1627 2978 1679 xu,
2998 1611 3073 1683 3).
3092 1610 3236 1668 Cum
3259 1626 3396 1683 ergo
3423 1627 3522 1670 eos
3544 1611 3777 1680 docent,

2124 1700 2270 1757 nihil
2293 1701 2365 1754 ab
2388 1699 2472 1754 eis
2491 1699 2661 1771 pretii
2684 1716 2787 1771 pro
2818 1698 2924 1754 hac
2957 1715 3016 1754 re
3037 1698 3298 1772 exigant,
3321 1714 3427 1754 nec
3451 1697 3682 1770 aliquid
3707 1699 3777 1754 ab

2124 1789 2208 1844 eis
2240 1789 2548 1860 accipiant,
2583 1791 2818 1859 excepto
2865 1786 3021 1858 quod
3053 1786 3137 1842 eis
3168 1790 3440 1862 parentes
3470 1786 3780 1852 charitatil

2127 1877 2322 1932 studio
2354 1893 2462 1933 sua
2491 1875 2785 1932 voluntate
2818 1875 3159 1932 obtulerint.

2229 1987 2361 2038 CAP.
2395 1983 2556 2038 LXII.
2601 2012 2673 2025 —
2721 1982 2932 2051 Quibus
2963 1982 3174 2038 libertis
3202 1983 3668 2040 manumittatur.

2195 2072 2422 2144 (Concil.
2458 2072 2616 2127 Tolet.
2647 2087 2722 2136 IV,
2754 2088 2882 2142 cap.
2913 2071 3029 2141 72.)
3070 2070 3414 2142 Quicunque
3444 2069 3777 2128 libertatem

2123 2178 2158 2216 a
2187 2161 2442 2216 dominis
2464 2160 2590 2216 suis
2620 2159 2699 2215 ita
2727 2159 3076 2232 percipiunt,
3101 2168 3166 2215 ut
3195 2157 3425 2218 nullum
3459 2159 3704 2216 sibimet
3720 2159 3777 2214 in

2126 2251 2210 2305 eis
2241 2249 2591 2321 obsequium
2644 2255 2924 2320 patronus
2969 2252 3255 2316 retentet;
3291 2248 3356 2305 iti
3404 2248 3450 2304 si
3501 2248 3635 2305 sine
3667 2249 3778 2306 cri-

2127 2339 2281 2394 mine
2313 2343 2471 2409 sunt,
2506 2339 2574 2392 ad
2611 2338 2919 2396 clericatus
2950 2338 3212 2394 ordinem
3245 2336 3428 2394 libere
3449 2337 3778 2410 suscipian-

2125 2433 2254 2495 tur;
2275 2429 2410 2500 quia
2426 2428 2647 2482 directa
2661 2426 3123 2483 manumissione
3153 2425 3408 2482 absoluti
3433 2431 3776 2483 noscuntur.

2127 2517 2232 2579 Qui
2264 2533 2397 2571 vero
2431 2520 2650 2571 retento
2680 2515 2963 2586 obsequio
3001 2515 3352 2572 manumissi
3386 2519 3554 2580 sunt,
3587 2532 3778 2588 proeo

2129 2605 2282 2676 quod
2315 2605 2507 2659 adhuc
2539 2622 2571 2658 a
2621 2609 2866 2676 patrono
2913 2603 3178 2659 servituti
3215 2609 3492 2664 tenentur
3522 2604 3778 2670 obnoxii,

2130 2692 2468 2748 nullatenus
2501 2698 2639 2746 sunt
2659 2693 2731 2748 ad
2755 2692 3216 2748 ecclesiasticum
3248 2693 3516 2749 ordinem
3550 2710 3778 2764 promo-

2128 2782 2318 2846 vendi,
2353 2798 2423 2836 ne
2454 2782 2687 2851 quando
2719 2781 3009 2838 voluerint
3039 2797 3241 2838 eorum
3272 2781 3519 2848 domini,
3551 2782 3700 2838 ﬁant
3718 2799 3780 2838 ex

2131 2869 2357 2926 clericis
2389 2871 2558 2926 servi.

2131 2982 2264 3032 CAP.
2301 2977 2502 3032 LXIII.
2542 3007 2610 3017 ——
2671 2975 2874 3044 Quales
2923 2975 2992 3030 ad
3034 2977 3412 3032 ministerium
3453 2977 3651 3032 clerici
3675 2977 3776 3032 eli-

2843 3053 3066 3118 gautur.

2207 3137 2508 3208 (Clementi
2544 3137 2715 3207 epist.
2732 3136 2766 3191 2
2782 3137 3081 3207 ascripta.)
3105 3134 3273 3192 Tales
3296 3135 3368 3191 ad
3385 3135 3778 3193 ministerium

2135 3225 2324 3281 clerici
2358 3226 2667 3296 eligantur,
2695 3226 2789 3295 qui
2819 3226 2991 3296 digne
3023 3226 3252 3296 possint
3281 3225 3583 3281 Dominica
3599 3243 3783 3282 saera-

2137 3320 2333 3369 menta
2365 3319 2644 3368 tractare:
2682 3313 2893 3369 melius
2923 3318 3012 3369 est
3041 3315 3199 3370 enim
3231 3313 3461 3369 Domini
3496 3315 3780 3371 sacerdoti

2134 3420 2350 3473 paucos
2383 3401 2595 3456 habere
2644 3401 2966 3469 ministros,
3020 3402 3120 3471 qui
3171 3402 3401 3476 possint
3429 3403 3606 3475 digne
3629 3420 3783 3460 exer-

2131 3509 2256 3547 cere
2289 3507 2436 3562 opus
2459 3489 2580 3558 Dei,
2614 3507 2790 3562 quam
2827 3490 3042 3546 multos
3075 3489 3333 3560 inutiles,
3365 3489 3468 3562 qui
3488 3507 3647 3549 onus
3665 3507 3784 3564 gra-

2128 3597 2195 3635 ve
2227 3579 2544 3634 ordinatori
2580 3579 2896 3634 adducant.

2129 3686 2259 3742 CAP.
2299 3685 2486 3741 LXIV.
2507 3716 2572 3726 —
2598 3687 2670 3740 De
2698 3687 2904 3753 Ieiunia
2934 3684 3404 3758 quadragesimali
3431 3686 3779 3747 clericorum.

2201 3774 2557 3846 (Telesphor.
2610 3774 2888 3829 attributa
2916 3773 3105 3845 epist.)
3137 3773 3481 3846 Cognoscite
3507 3792 3542 3830 ο.
3588 3776 3776 3847 nobis,

2128 3868 2183 3920 et
2215 3864 2441 3919 cunctis
2471 3863 2761 3935 episcopis
2778 3863 2836 3918 in
2870 3863 2977 3919 hac
3000 3868 3203 3919 sancta
3223 3867 3278 3918 et
3297 3863 3622 3935 apostolica
3643 3867 3777 3922 sede

2131 3951 2496 4027 congregatis
2527 3957 2812 4007 statutum
2843 3968 2991 4018 esse,
3027 3956 3093 4007 ut
3120 3957 3345 4023 septem
3376 3951 3781 4011 hebdomadas

2131 4043 2334 4114 plenas
2357 4047 2489 4096 ante
2506 4045 2774 4095 sanctum
2803 4041 3023 4096 Pascha
3042 4057 3246 4096 omnes
3265 4039 3458 4095 clerici
3482 4041 3540 4096 in
3565 4047 3785 4099 sortem

2137 4131 2360 4186 Domini
2397 4130 2584 4185 vocati
2616 4147 2650 4184 a
2677 4146 2850 4185 carne
2873 4129 3161 4200 jejunent.
3181 4129 3326 4193 Quia
3345 4129 3502 4185 sicut
3531 4130 3789 4188 discreta
3815 4116 3818 4118 Ὺ

2131 4220 2298 4274 debet
2319 4236 2446 4275 esse
2465 4219 2581 4273 vita
2604 4218 2949 4274 clericorum
2966 4236 2999 4273 a
3015 4217 3300 4274 laicorum
3321 4222 3792 4290 conversatione,

2133 4311 2212 4362 ita
2242 4309 2369 4362 etin
2387 4307 2616 4377 jejunio
2641 4307 2810 4362 debet
2831 4307 2953 4362 ﬁeri
2974 4307 3390 4363 discretio.Has
3405 4324 3545 4379 ergo
3567 4317 3793 4382 septem

2135 4396 2536 4452 hebdomadas
2570 4413 2772 4450 omnes
2806 4395 2997 4452 clerici
3030 4414 3064 4451 a
3093 4413 3266 4452 carne
3295 4400 3352 4451 et
3383 4396 3612 4454 deliciis
3636 4399 3795 4470 jeju~

2137 4492 2315 4549 ment,
2343 4491 2399 4538 et
2431 4484 2685 4556 hymnis,
2718 4501 2784 4539 ac
2810 4485 3048 4556 vigiliis,
3082 4491 3258 4556 atque
3289 4487 3660 4544 orationibus
3687 4493 3798 4544 Do-

2139 4575 2298 4628 mino
2331 4573 2612 4628 inhaerere
2635 4574 2733 4628 diu
2769 4580 3061 4645 noctuque
3089 4575 3382 4630 studeant.

368 4685 789 4744 conscientiam
823 4700 1013 4746 suam,
1064 4683 1209 4752 quia
1258 4682 1306 4735 si
1357 4698 1425 4735 ex
1455 4696 1600 4751 puro
1632 4677 1806 4733 corde
1834 4669 2021 4728 omni-
2055 4651 2100 4716 D
2133 4680 2267 4736 CAP.
2303 4680 2464 4736 LXV.
2499 4712 2567 4721 ——
2602 4680 2751 4749 Quod
2780 4681 2927 4735 nulli
2952 4680 3296 4738 sacerdotum
3329 4682 3524 4738 licerat
3555 4699 3799 4742 canones

370 4777 481 4831 bus
515 4791 548 4828 a
580 4774 797 4844 quibus
826 4769 1002 4824 laesus
1037 4771 1228 4836 fuerit,
1263 4785 1377 4822 non
1403 4768 1711 4834 dimiserit,
1739 4765 1862 4820 haec
1893 4779 2022 4818 ora-

373 4864 453 4919 tio
486 4862 677 4934 magis
707 4861 778 4916 ad
803 4859 1192 4923 occasionem,
1217 4872 1406 4928 quam
1436 4857 1508 4910 ad
1539 4856 1766 4910 veniam
1789 4853 1871 4908 illi
1895 4869 2024 4908 esse

375 4953 624 5006 videtur.

2824 4768 3101 4808 zanorare.

2824 4770 2840 4806 ι
2884 4771 2916 4806 n
2957 4770 2986 4805 r
3089 4795 3101 4806 .

2206 4840 2818 4914 (Ccnlestinepiscopis
2837 4769 3156 4913 gert-)Cadlib.
3181 4842 3516 4898 constitutis
3536 4843 3801 4916 epist.3.)
3855 4831 3866 4840 ’

2137 4931 2289 4987 Nulli
2326 4935 2695 4986 sacerdotum
2719 4947 2856 4985 suos
2885 4929 3056 4986 liceat
3086 4947 3340 4986 canones
3371 4931 3666 5002 ignorare,
3693 4949 3803 4989 nec

2139 5021 2463 5092 quidquam
2499 5020 2684 5073 facere
2708 5020 2859 5091 quod
2883 5020 3319 5091 possitPatrum
3343 5020 3569 5093 regulis
3592 5021 3802 5078 obvia-

379 5042 514 5097 CAP.
551 5039 660 5095 LX.
705 5071 771 5080 —
805 5037 955 5109 Qoad
1001 5035 1388 5110 profundiores
1437 5035 1763 5104 quaestiones
1805 5034 2027 5104 penitus

951 5125 1066 5163 non
1104 5109 1456 5161 astruantur.

445 5198 818 5271 (leestinus
848 5197 868 5250 Ι
893 5197 963 5251 ad
999 5197 1179 5266 episc.
1214 5193 1430 5260 Galliae,
1454 5211 1504 5248 c.
1542 5194 1652 5264 13.)
1687 5191 2029 5247 Profundio-

374 5306 467 5344 res
509 5304 632 5341 vero
667 5286 1150 5355 difficilioresque
1184 5289 1377 5354 partes
1410 5283 1835 5337 incurrentium
1871 5298 2030 5352 quaa-

381 5379 666 5444 stionum,
691 5393 837 5445 quas
857 5374 1032 5429 latius
1063 5378 1490 5444 pertractarunt
1514 5373 1610 5443 qui
1635 5371 1923 5425 haereticis
1947 5388 2033 5424 re-

383 5465 680 5528 stiterunt,
717 5463 868 5518 sicut
898 5480 1013 5517 non
1062 5463 1349 5516 audemus
1377 5468 1768 5527 contemnere,
1798 5460 1876 5514 ita
1920 5477 2034 5514 non

383 5571 621 5609 necesse
673 5553 963 5606 habemus
1013 5557 1273 5605 astruere
1297 5567 1330 5603 ε·
1365 5551 1505 5620 quia
1535 5553 1605 5604 ad
1638 5549 2034 5605 confitendum

385 5642 636 5715 gratiam
669 5641 794 5704 Dei,
827 5643 996 5712 cujus
1027 5640 1184 5711 operi
1205 5656 1271 5694 ac
1294 5638 1615 5710 dignationl
1638 5637 1780 5694 nihil
1805 5639 2038 5710 penitus

387 5730 856 5797 subtrahendum
886 5733 996 5805 est,
1022 5728 1164 5786 satis
1213 5729 1481 5788 sufficere
1520 5729 1834 5801 credimus,
1868 5729 2038 5802 quid-

2140 5125 2233 5162 re:
2268 5124 2393 5177 quas
2426 5107 2580 5160 enim
2615 5125 2647 5161 a
2680 5108 2848 5162 nobis
2884 5125 2979 5162 rex
3011 5108 3185 5180 digne
3235 5109 3585 5175 servabitur,
3621 5109 3674 5165 si
3698 5111 3806 5166 de-

2142 5196 2445 5251 cretalium
2480 5212 2686 5250 norma
2716 5197 3170 5251 constitutorum
3204 5214 3306 5269 pro
3341 5197 3680 5269 aliquorum
3724 5199 3808 5254 li-

2143 5286 2292 5354 bitu,
2328 5283 2564 5338 licentia
2596 5284 2827 5356 populis
2859 5285 3168 5356 permissa,
3203 5286 3554 5358 frangatur?

2145 5395 2278 5447 CAP.
2313 5389 2504 5446 LXVI.
2536 5423 2604 5433 -——
2639 5393 2918 5466 Quomodo
2949 5394 3180 5448 adversa
3209 5409 3312 5463 pro
3343 5392 3554 5450 Christo
3579 5396 3813 5466 patien-

2479 5527 2486 5540 l
2647 5469 2729 5517 ter
2757 5463 2992 5519 tolerare
3022 5468 3292 5534 aporleal.

2219 5551 2504 5622 (Anacleti
2537 5568 2664 5622 qua:
2697 5552 2913 5606 dicitur
2941 5568 3028 5623 ep.
3070 5554 3146 5623 1.)
3177 5552 3369 5608 Nolite
3399 5552 3628 5618 mirari,
3663 5555 3814 5610 cha-

2149 5640 2388 5707 rissimi,
2423 5642 2521 5714 qui
2547 5641 2981 5714 persecutiones
3005 5641 3298 5713 patimini,
3323 5643 3492 5714 quasi
3515 5642 3688 5700 vobis
3710 5643 3823 5700 ali-

2149 5731 2292 5803 quid
2308 5730 2439 5786 novi
2461 5728 2889 5802 contingat,sed
2908 5729 3412 5796 communicantes
3433 5728 3655 5790 Christi
3677 5749 3826 5806 pan.-
