3946 6410
124 403 187 463 41
1564 415 1764 478 GAPl'.

1946 420 2092 480 IRE.
3462 442 3543 501 42

122 533 381 635 sionibus
413 536 685 635 gaudete,
711 538 861 635 utin
888 541 1245 635 revelatione
1269 541 1467 635 gloriae
1489 547 1619 617 ejus
1640 564 1779 619 gau-
1808 552 1862 616 Α
1893 550 2116 608 ditione
2148 553 2461 611 Salvatoris
2491 573 2625 614 cum
2646 560 2867 618 Judaeis
2898 566 3139 635 statuit;
3164 573 3325 625 sexta
3344 574 3541 628 autem

123 624 299 681 deatis
324 625 708 683 exsultantes.
733 628 791 686 Si
816 631 1246 702 exprobramini
1280 632 1336 688 in
1364 635 1600 691 nomine
1618 637 1775 692 Chri-

121 713 211 779 sti,
241 713 392 771 beati
424 714 609 771 eritis.
653 717 769 773 Nec
795 734 899 789 pro
925 719 1124 792 aliqua
1143 721 1435 793 cupidate,
1456 722 1546 779 vel
1579 726 1772 797 segni-

120 801 210 873 tie,
238 807 340 857 aut
369 809 552 876 metu,
586 804 709 861 haec
741 822 870 879 quae
891 809 1056 864 vobis
1089 810 1375 878 facienda,
1406 813 1493 868 vel
1525 814 1774 870 dicenda

122 892 611 959 suut,dimittatis.
636 894 753 951 Nec
775 913 809 951 a
838 897 1039 969 populi
1058 897 1474 972 increpatione,
1499 902 1547 958 si
1576 904 1770 960 devia-

117 980 269 1052 verit,
298 980 419 1039 ullo
452 984 627 1039 modo
659 986 923 1041 cessatis.
945 986 1126 1043 Nemo
1150 993 1346 1044 autem
1375 995 1634 1046 vestrum
1667 1009 1767 1064 pa-

119 1068 288 1126 tiatur
322 1071 491 1145 quasi
522 1071 840 1142 homicida,
872 1080 975 1131 aut
1015 1076 1126 1145 fur,
1162 1083 1261 1133 aut
1291 1078 1633 1148 maledicus,
1668 1085 1772 1136 aut

118 1158 433 1216 alienorum
467 1163 793 1234 appetitor:
828 1163 877 1219 si
908 1168 1104 1220 autem
1139 1171 1204 1221 ut
1232 1167 1621 1235 Christianus,
1653 1186 1768 1226 non

117 1248 416 1305 erubescat
444 1274 459 1318 ;
488 1250 770 1323 glorificet
816 1256 1010 1308 autem
1041 1253 1227 1310 Deum
1280 1257 1338 1311 in
1368 1257 1482 1313 isto
1510 1259 1769 1325 nomine,

117 1337 245 1409 quia
267 1338 558 1412 scriptum
580 1345 671 1396 est
696 1356 707 1394 :
732 1341 889 1397 Beati
911 1344 1008 1414 qui
1025 1346 1458 1415 persecutionem
1477 1349 1774 1419 patiuntur

112 1436 335 1499 propter
355 1429 658 1499 justitiam,
690 1433 953 1501 quoniam
980 1434 1229 1504 ipsorum
1255 1442 1335 1490 est
1353 1452 1586 1504 regnum
1614 1438 1771 1492 caelo-

112 1532 233 1572 rum
262 1523 279 1588 (
313 1518 501 1574 Matth.
533 1535 588 1588 ν,
650 1520 758 1587 16).
802 1524 1007 1577 Cavete
1063 1524 1201 1594 quia
1252 1530 1476 1596 propter
1492 1526 1771 1597 justitiam

113 1604 269 1661 dixit.
305 1607 456 1664 Nam
486 1607 586 1679 qui
610 1624 713 1681 pro
746 1608 942 1682 aliquo
991 1610 1238 1668 crimine
1280 1614 1524 1685 patitur,
1558 1617 1633 1671 ob
1661 1615 1771 1672 hoc

113 1710 222 1752 non
253 1696 368 1752 erit
395 1698 627 1755 beatus.

177 1804 314 1862 CAP.
349 1803 571 1861 LXVII.
608 1835 675 1847 --
706 1802 857 1873 Quod
884 1823 1012 1934 indm
1063 1809 1533 1866 exeommunieato
1560 1827 1672 1867 non
1700 1812 1778 1867 sit

795 1893 894 1933 ora
973 1896 1085 1934 um.

795 1893 1085 1935 oranaunu

1884 639 2155 698 Christus
2188 644 2498 703 cruciﬁxus
2529 653 2654 717 cst;
2690 650 2943 708 Sabbato
2973 655 3212 726 quidem
3234 656 3387 713 inter
3418 675 3541 715 me-

1886 732 2014 783 tum
2047 735 2104 785 et
2134 748 2299 803 Spem
2330 737 2579 806 apostoli
2629 739 2857 796 tristem
2907 743 3121 802 duxere
3166 745 3343 815 diem,
3376 748 3542 804 dubii

1884 816 2317 889 aliquantulum
2350 824 2421 879 de
2469 824 2929 886 Resurrectiouis
2977 832 3167 905 gloria
3194 850 3543 905 permanen-

1887 908 2010 996 tes.
2043 910 2150 974 Qui
2202 926 2336 983 ergo
2387 912 2516 969 istis
2569 916 2761 973 tribus
2810 918 3019 976 diebus
3066 921 3127 976 in
3158 922 3418 996 crapula,
3452 924 3541 981 vel

1883 995 2073 1066 epulis
2105 998 2329 1071 absque
2358 1018 2571 1072 magna
2619 1005 3040 1065 interveniente
3084 995 3414 1082 festivitate,
3445 1012 3538 1069 vel

1885 1085 2234 1144 necessitate
2264 1089 2461 1161 fuerit,
2508 1093 2741 1149 videtur
2784 1100 2888 1151 aut
2936 1113 3071 1153 cum
3121 1100 3391 1159 tradente
3419 1106 3543 1158 tra-

1882 1172 2038 1245 dere,
2066 1176 2153 1231 vel
2185 1194 2320 1235 cum
2351 1181 2833 1253 crucifigentibus
2873 1186 3230 1260 crucifigere,
3267 1193 3367 1246 aut
3397 1207 3541 1262 apo-

1885 1262 2173 1319 stolorum
2204 1265 2455 1337 injurias
2509 1270 2791 1328 deridere.
2845 1274 2992 1331 Nam
3043 1276 3143 1346 qui
3172 1276 3298 1332 vult
3326 1278 3397 1334 de
3428 1280 3540 1336 Do-

1884 1350 2029 1406 mini
2087 1369 2223 1409 cum
2282 1355 2427 1426 ipsis
2507 1360 2929 1417 resurrectione
2983 1364 3257 1434 gaudere,
3318 1366 3542 1423 tristari

1881 1441 2316 1509 quodammodo
2342 1460 2475 1500 cum
2506 1445 2654 1517 ipsis
2686 1447 2858 1504 debet
2889 1450 2959 1505 de
2994 1452 3286 1522 passione.

2061 1556 2197 1613 CAP.
2232 1558 2422 1615 LXXI.
2460 1591 2523 1605 --
2556 1562 2712 1630 Quod
2740 1562 2830 1618 die
2856 1564 3136 1623 Dominico
3161 1571 3362 1624 stantes

2592 1649 2828 1690 oremus.

1954 1716 2227 1786 (Nicaeum
2256 1721 2455 1775 consil.
2512 1738 2552 1788 ι,
2612 1739 2662 1777 c.
2714 1723 2832 1795 20.)
2888 1725 3175 1789 Quoniam
3226 1731 3367 1783 sunt
3404 1728 3543 1801 qui-

1883 1803 2020 1860 dam
2051 1805 2110 1860 in
2145 1805 2238 1861 die
2288 1807 2592 1866 Dominico
2625 1812 2694 1867 ad
2747 1813 3069 1870 orationem
3119 1830 3275 1889 genu
3305 1816 3541 1874 ﬂecten-

1800 1925 1850 1990 B
1882 1896 1993 1990 tes,
2027 1895 2085 1948 et
2113 1893 2173 1950 in
2205 1895 2413 1953 diebus
2441 1897 2830 1969 Pentecostes,
2852 1906 2919 1958 ut
2946 1903 3143 1960 omnia
3163 1904 3223 1961 iu
3248 1905 3541 1963 universis

178 1964 425 2036 (Canon.
457 1966 519 2020 11
556 1965 772 2039 apost.)
802 1966 862 2023 Si
908 1968 1041 2039 quis
1094 1985 1229 2063 cum
1266 1971 1773 2028 excommunicato
1800 1964 1850 1990 ³³
1882 1979 2031 2038 locis
2060 1989 2454 2042 consonanter
2482 1964 2887 2058 observentur,
2921 1991 3146 2063 placuit
3174 1998 3380 2050 sancto
3411 2010 3542 2051 oon-

114 2054 316 2110 saltem
349 2054 410 2113 in
443 2055 617 2111 domo
648 2056 829 2111 simul
877 2057 1149 2129 oraverit,
1199 2057 1310 2115 iste
1360 2060 1773 2118 communione

113 2142 391 2214 privetur.

175 2249 328 2322 CAP.
353 2249 593 2306 LXVIII.
626 2282 695 2292 —-
727 2251 881 2319 Quod
908 2251 1213 2308 oblationes
1237 2254 1699 2322 discordantium,

246 2321 334 2376 vel
371 2338 640 2395 pauperes
670 2326 1102 2394 apprimeutium
1130 2325 1449 2396 refutandae
1477 2327 1612 2382 sint.

172 2409 411 2481 (Concil.
462 2410 720 2481 Carthag.
773 2428 845 2480 IV,
899 2427 1027 2483 cap.
1076 2413 1147 2465 93
1176 2416 1236 2468 et
1278 2414 1396 2484 94.)
1439 2412 1775 2470 Oblationes

108 2498 582 2555 discordantium
631 2498 905 2569 fratrum,
936 2514 1127 2570 neque
1171 2498 1230 2553 in
1276 2501 1554 2571 sacrario,
1585 2516 1774 2572 neque

105 2587 158 2641 in
184 2585 614 2659 gazophylacio
646 2586 1023 2658 recipiantur.
1049 2589 1261 2643 Eorum
1288 2590 1465 2644 etiam
1493 2589 1593 2661 qui
1625 2606 1771 2661 pau-

107 2693 269 2749 peres
304 2674 675 2749 opprimunt,
706 2674 950 2731 donaria
977 2692 1011 2732 a
1031 2677 1435 2734 sacerdotibus
1466 2678 1773 2735 refutanda

108 2769 257 2821 sunt.

391 2852 526 2908 CAP.
563 2851 754 2908 LXIX.
789 2882 860 2892 --
894 2853 955 2909 Ut
994 2854 1230 2909 ebrietas
1257 2858 1481 2910 vetetur.

174 2942 411 3013 (Concil.
444 2940 733 3013 Agathens.
768 2956 818 2996 c.
852 2942 967 3013 41.)
995 2944 1143 2998 Ante
1182 2943 1384 2999 omnia
1411 2942 1641 3000 clericis
1668 2961 1769 3001 ve-

111 3036 257 3087 tetur
304 3030 586 3099 ebrietas,
649 3047 777 3102 quis
832 3029 1099 3087 omnium
1148 3032 1423 3088 vitiorum
1476 3034 1663 3089 fomes
1704 3050 1770 3089 ac

114 3121 300 3176 nutrix
329 3125 443 3178 est.
472 3122 700 3191 Itaque
748 3137 881 3176 eum
933 3137 1107 3192 quem
1157 3122 1386 3177 ebrium
1420 3122 1610 3179 fuisse
1632 3138 1770 3179 cou-

113 3211 336 3276 stiterit,
389 3214 460 3265 ut
506 3210 648 3265 ordo
701 3212 880 3281 patet,
931 3214 1033 3266 aut
1079 3210 1258 3266 trium
1310 3211 1540 3267 dierum
1581 3212 1769 3284 spatio

1882 2070 2036 2142 cilio,
2068 2077 2290 2130 stantes
2341 2075 2402 2131 in
2453 2075 2547 2132 his
2593 2077 2799 2136 diebus
2847 2080 3095 2137 Domino
3135 2086 3271 2138 vota
3317 2086 3540 2155 persol-

1881 2176 2033 2215 vere.

1884 2279 2017 2330 CAP.
2081 2277 2287 2331 LXXII.
2320 2308 2386 2356 _-_-
2424 2280 2493 2356 Ut,
2531 2280 2829 2356 sacerdotes
2886 2282 3214 2356 admoneant
3247 2285 3537 2356 populum,

2204 2348 2443 2418 qualiter
2466 2352 2622 2420 [estis
2661 2351 2850 2408 diebus
2877 2368 2934 2407 se
2961 2354 3216 2410 habeant.

1955 2452 2298 2509 Sacerdotes
2330 2455 2682 2511 admoneant
2708 2458 2992 2530 populum
3037 2462 3103 2515 ut
3130 2461 3190 2516 in
3220 2459 3428 2518 diebus
3456 2461 3536 2517 fe-

1883 2538 1990 2595 stis
2036 2557 2150 2595 non
2206 2545 2412 2597 vacent
2467 2543 2749 2600 conviviis
2806 2547 2979 2604 malis
3034 2550 3092 2603 et
3137 2548 3292 2619 joois
3347 2548 3536 2621 turpi-

1880 2628 2014 2696 bus,
2042 2629 2145 2684 sed
2177 2630 2563 2689 orationibus.

1952 2743 2088 2799 CAP.
2152 2743 2398 2802 LXXIII.
2463 2779 2528 2789 —
2585 2748 2791 2817 Quibus
2846 2751 3003 2821 festz's
3031 2751 3264 2823 populus
3320 2767 3470 2808 com-

2579 2823 2844 2877 municet.

1950 2903 2114 2972 (Cone
2141 2904 2342 2975 Agath.
2388 2923 2437 2961 c.
2492 2907 2605 2977 18.)
2666 2908 2983 2966 Saeculares
3038 2926 3174 2967 vero
3231 2910 3331 2983 qui
3360 2911 3536 2968 Nata-

1877 2990 1993 3047 lem
2026 2994 2277 3065 Domini,
2320 2994 2545 3052 Pascha
2591 3000 2649 3052 et
2694 2998 3072 3055 Pentecosten
3123 3017 3240 3055 non
3271 3016 3539 3055 commu-

1880 3080 2225 3153 nicaverint,
2260 3083 2531 3139 catholici
2562 3102 2677 3141 non
2725 3088 3058 3158 credantur,
3120 3104 3227 3145 nec
3256 3088 3409 3145 inter
3436 3104 3537 3145 ca-

1879 3169 2129 3227 tholicos
2158 3171 2507 3228 habeantur.

113 3316 142 3353 a
165 3300 295 3355 vino
316 3298 645 3356 statuimus
667 3299 1157 3370 submovendum,
1183 3304 1286 3356 aut
1310 3300 1594 3373 corporali
1624 3301 1764 3357 sub-
1795 3289 1841 3355 C
1914 3358 1931 3369 ,
1951 3289 2085 3341 οΑΡ·
2124 3286 2368 3346 LXXIV-
2397 3320 2465 3329 -·
2496 3288 2557 3344 δῖ
2583 3290 2920 3373 sacriﬁcium
2940 3308 3043 3363 Ρθν
3071 3292 3467 3364 negligentiam

114 3388 361 3446 deudum
395 3387 708 3462 supplicio.
763 3388 929 3455 Quod
976 3389 1027 3444 si
1082 3388 1192 3445 hoc
1240 3389 1300 3444 in
1332 3406 1508 3446 usum
1539 3406 1771 3446 assum-

116 3479 305 3547 pserit,
364 3476 899 3535 excommunicatio
956 3477 1318 3548 proteletur;
1375 3477 1423 3534 si
1481 3495 1617 3533 vero
1645 3494 1770 3534 oor-

118 3566 218 3640 rigi
249 3584 364 3624 non
398 3566 677 3640 potuerit,
726 3582 761 3621 a
808 3565 1155 3621 sacerdotali
1203 3566 1406 3622 ordine
1435 3566 1769 3639 repellatur.

116 3654 239 3711 CAP.
270 3656 428 3712 LXX.
464 3686 537 3697 -
568 3656 823 3724 Qualiter
868 3656 1106 3727 singulis
1149 3657 1309 3727 feriis
1354 3655 1632 3726 agendum
1675 3657 1769 3726 sit,

182 3744 406 3816 (Concil.
473 3744 841 3815 Carthag.1v,
892 3761 941 3799 c.
997 3745 1114 3815 74.)
1163 3744 1270 3808 Qui
1329 3745 1422 3799 die
1470 3744 1770 3801 Dominico

121 3833 369 3891 studiose
390 3834 651 3906 jejunat,
680 3849 797 3889 non
843 3833 1117 3888 credatur
1160 3832 1500 3889 catholicus.
1535 3834 1606 3888 Et
1634 3832 1769 3889 nul-

120 3920 229 3978 lum
258 3923 593 3997 negotium,
624 3921 976 3995 nullumque
1010 3939 1157 3994 opus
1205 3922 1415 3978 servile
1444 3923 1645 3979 eodem
1680 3923 1772 3978 die

122 4011 227 4068 fiat.
287 4013 508 4079 Quinta
564 4012 710 4067 feria
762 4010 1014 4083 quisque
1074 4027 1191 4067 non
1242 4015 1332 4067 est
1382 4012 1768 4083 jejunaudus,

122 4105 179 4155 ut
207 4101 357 4159 inter
376 4100 682 4174 jejunium
715 4100 1182 4156 Christianorum
1225 4104 1284 4155 et
1313 4098 1645 4173 gentilium,
1675 4117 1769 4157 ca-

121 4188 482 4257 tholicorum,
524 4194 702 4262 atque
750 4188 1158 4246 hereticorum
1204 4189 1480 4246 discretio
1529 4190 1606 4245 sit
1636 4190 1768 4261 (27).

121 4276 247 4334 Nam
278 4279 404 4337 dies
428 4277 801 4346 Dominicus,
825 4282 883 4334 et
901 4277 1110 4350 quinta
1139 4278 1284 4334 feria
1299 4279 1435 4351 jure
1457 4278 1771 4335 solemnio-

124 4382 200 4423 res
219 4385 334 4441 prae
354 4366 930 4435 caeterishabeutur;
951 4383 1018 4423 eo
1039 4368 1196 4438 quod
1219 4367 1321 4423 Die
1344 4368 1643 4424 Dominico
1661 4368 1770 4424 Do-

124 4457 302 4514 minus
325 4462 504 4516 Jesus
536 4456 1058 4525 Christus,devicto
1076 4457 1284 4513 mortis
1305 4456 1776 4529 equuleo,resur-

124 4547 254 4602 rexit
271 4565 304 4604 a
321 4547 612 4614 mortuis;
636 4546 756 4602 sive
779 4545 918 4619 quia
942 4562 1010 4601 eo
1036 4544 1132 4602 die
1152 4545 1341 4617 gratia
1368 4545 1624 4618 Spiritus
1644 4564 1777 4602 san-

127 4636 187 4689 cti
211 4643 338 4709 post
356 4636 771 4695 ascensionem
798 4636 869 4691 ad
897 4634 1095 4706 oculos,
1118 4634 1510 4691 inﬂammavit
1528 4636 1785 4708 discipu-
1812 4656 1860 4723 D

127 4721 219 4795 los,
233 4726 315 4783 eis
328 4727 575 4783 mittens
588 4723 836 4781 tradidit
851 4723 1275 4780 charismatum
1291 4723 1684 4789 dona.Quinta
1704 4726 1781 4781 fe-

132 4809 204 4865 ria
214 4817 401 4869 autem
425 4830 566 4870 cum
587 4812 808 4869 eisdem
826 4811 1132 4883 discipulis
1148 4810 1366 4867 ultima:
1385 4828 1558 4866 comae
1573 4816 1783 4885 myste-

132 4900 204 4955 ria
230 4902 563 4960 celebravit.
618 4901 734 4957 Nec
784 4900 973 4957 multo
1018 4904 1151 4973 post
1198 4901 1401 4956 eodem
1452 4900 1543 4956 die
1594 4900 1779 4956 revol-

132 4996 273 5048 vente
299 4992 416 5049 illis
446 4990 785 5048 viventibus
818 4991 887 5046 ad
912 4989 1087 5047 oculos
1119 4990 1388 5047 ascendit
1413 5008 1425 5058 ;
1452 4989 1578 5063 ipso
1601 4989 1777 5046 etiam

136 5075 209 5134 die
234 5079 493 5137 chrisma
541 5079 890 5149 coniicitur;
942 5080 1145 5135 eodem
1198 5095 1430 5152 quoque
1469 5080 1563 5134 die
1596 5078 1776 5151 pruni-

136 5170 295 5225 tentes
326 5168 807 5227 reconciliantur.
860 5170 1181 5241 (Innocent.
1233 5169 1278 5236 Ι,
1328 5168 1498 5241 epist.
1534 5170 1585 5237 1,
1618 5185 1668 5225 c.
1701 5168 1780 5240 4.)

138 5254 324 5317 Quarta
349 5278 510 5332 vero,
574 5263 740 5315 sexta
798 5262 855 5313 et
911 5258 1169 5331 septima
1210 5257 1353 5314 feria
1409 5275 1525 5331 pra:
1556 5257 1780 5314 casteria

134 5342 495 5415 jejunandum
527 5353 641 5419 est,
693 5348 834 5420 quia
890 5352 1099 5419 quarta
1127 5347 1274 5403 feria
1318 5347 1504 5404 Judas
1544 5348 1615 5403 de
1642 5364 1779 5419 pro-

197 5490 297 5564 (Ἦ)
320 5492 630 5559 Melcbiad,
656 5495 725 5547 ut
750 5491 936 5564 fertur
956 5491 1128 5564 epist.
1163 5491 1232 5545 ad
1253 5490 1510 5563 episcop.
1533 5491 1779 5563 Hispan.

145 5560 305 5645 reteri.
324 5566 406 5645 _¢_le
438 5580 706 5645 conse‘cr.
740 5563 881 5645 dist:
1034 5560 1341 5632 Ieiunium.
1404 5633 1414 5644 ι
1458 5560 1473 5563 ⁷
1565 5633 1575 5645 ,

200 5634 402 5708 (28)Ει
431 5637 670 5694 decreto
724 5635 879 5708 quod
924 5634 1010 5691 Pii
1053 5652 1241 5708 pupis
1257 5634 1496 5708 nomine
1527 5634 1779 5708 οίιιρυω-

146 5697 316 5779 fertur,
351 5697 845 5783 referturque'de
895 5697 1155 5764 consécr’.
1212 5706 1348 5765 dist.
1398 5707 1455 5774 2,
1497 5721 1547 5763 c.
1598 5704 1659 5761 Si
1683 5720 1783 5779 per

395 5839 659 5901 l’ATIiOL.
710 5833 1036 5901 CXXXIV.

2570 3362 2844 3417 ceciderit.

1956 3446 2015 3500 Si
2038 3446 2133 3502 cui
2165 3448 2519 3504 sacrificium
2543 3465 2645 3521 per
2665 3450 3085 3523 negligentiam
3107 3451 3380 3508 ceciderit
3400 3452 3534 3524 (28),

1882 3538 1986 3587 aut
2012 3533 2217 3605 lingua
2267 3534 2511 3607 lambat,
2571 3541 2637 3592 ut
2692 3538 2838 3593 nihil
2893 3538 3030 3595 inde
3088 3544 3384 3596 remeneat
3438 3544 3538 3596 aut

1881 3622 2091 3677 diebus
2144 3624 2537 3696 quadraginta
2580 3625 2828 3697 jejunet.
2879 3628 2938 3683 Si
2993 3632 3188 3684 autem
3222 3645 3325 3701 per
3354 3627 3540 3702 negli-

1882 3711 2140 3783 gentiam
2172 3711 2413 3769 alterius
2444 3712 2555 3770 hoo
2585 3715 2807 3772 factum
2861 3716 3053 3785 fuerit,
3105 3718 3387 3789 poeniteat
3414 3712 3542 3791 ipse

1880 3800 2049 3869 cujus
2081 3804 2170 3855 est
2226 3800 2599 3873 negligentia.
2651 3802 2838 3860 Locus
2897 3809 3093 3861 autem
3139 3806 3200 3861 in
3241 3823 3356 3877 quo
3387 3805 3534 3862 ceci-

1880 3888 2050 3956 derit,
2080 3893 2182 3945 aut
2212 3888 2345 3961 igne
2367 3894 2775 3964 succendatur,
2801 3898 2903 3949 aut
2926 3894 3161 3965 penitus
3181 3899 3535 3968 extergatur,

1880 3982 1937 4033 et
1966 3979 2122 4050 quod
2152 3983 2445 4035 extersum
2476 3980 2673 4047 fuerit,
2705 3982 3106 4039 combdratur.

1950 4094 2086 4150 CAP.
2120 4092 2337 4149 LXXV.
2372 4122 2441 4170 --_
2472 4094 2535 4150 Si
2591 4097 2823 4170 vomitus
2877 4098 3031 4169 infra
3061 4100 3168 4153 tres
3197 4096 3317 4153 dies
3341 4105 3463 4170 post

2162 4165 2601 4223 communionem
2629 4165 2968 4239 negligenter
2996 4170 3255 4225 evenerit.

1952 4251 2012 4308 Si
2064 4254 2198 4325 quis
2257 4259 2388 4327 post
2427 4258 2665 4327 accepta
2714 4262 3090 4314 sacrosancta
3145 4258 3420 4330 mysteria
3450 4258 3539 4315 in-

1882 4342 2118 4399 fratres
2162 4342 2287 4399 dies
2342 4343 2455 4416 (29)
2511 4344 2796 4401 vomitum
2854 4363 2958 4418 per
3016 4346 3426 4419 negligentiam
3459 4346 3543 4403 fe-

1882 4431 2045 4500 cerit,
2071 4431 2121 4486 si
2154 4434 2453 4505 presbyter
2511 4437 2620 4501 est,
2667 4433 3058 4505 quadraginta
3111 4433 3320 4490 diebus
3352 4434 3543 4506 paeni-

1884 4522 2002 4575 teat
2016 4521 2229 4588 ;caeteri
2246 4520 2569 4575 secundum
2585 4520 2888 4592 proprium
2902 4522 3167 4577 ordinem
3175 4522 3540 4594 judiceutur.

1888 4608 1960 4663 Et
1990 4608 2276 4680 quidquid
2310 4609 2592 4678 rejectum
2626 4608 2821 4674 fuerit,
2855 4609 3255 4667 comburatur.

1890 4723 2025 4779 CAP.
2061 4723 2291 4799 LXXVI.
2344 4723 2509 4799 —,Ut
2556 4726 2921 4796 energumeni
2963 4743 3074 4782 non
3115 4730 3546 4799 communicent,

2098 4803 2151 4849 et
2182 4795 2377 4850 balnea
2410 4796 2467 4849 in
2499 4795 2737 4851 sacratis
2765 4799 2925 4869 aquis
2953 4814 3064 4853 non
3090 4798 3333 4872 faciant.

1964 4898 2119 4955 Nulli
2186 4899 2357 4957 liccat
2416 4902 2711 4974 porrigere
2767 4919 3000 4975 corpus,
3058 4902 3146 4959 vel
3199 4902 3545 4975 sanguinem

1892 4988 2120 5045 Domini
2166 4992 2351 5046 nostri
2408 4991 2548 5047 Jesu
2607 4991 2820 5047 Christi
2879 4992 3312 5064 energumenis,
3361 4992 3547 5047 donec

1889 5078 1949 5134 in
1978 5079 2180 5135 eadem
2214 5079 2488 5152 passione
2520 5083 2679 5148 sunt,
2712 5079 2823 5135 nisi
2858 5079 3003 5135 forte
3041 5080 3359 5136 discrimen
3389 5095 3546 5136 mor-

1890 5168 1967 5224 tis
1999 5168 2400 5237 incurrerint;
2452 5183 2588 5223 nam
2633 5184 2767 5223 cum
2818 5167 3151 5224 criminosis
3179 5168 3322 5225 talla
3349 5184 3548 5225 sacra-

1891 5262 2089 5313 menta
2115 5263 2405 5320 vetentur,
2455 5261 2673 5327 quanto
2704 5256 2892 5328 magis
2938 5256 3057 5312 illis
3104 5274 3253 5328 quos
3283 5258 3408 5328 ipse
3438 5273 3545 5313 au-

1891 5350 2017 5402 ctor
2046 5346 2311 5402 criminis
2355 5343 2625 5399 invadit?
2657 5344 2714 5400 Si
2760 5351 2957 5401 autem
2990 5345 3188 5401 divina
3218 5346 3546 5402 misericor-

1889 5485 2539 5572 negligentiuml,.verbis
2570 5485 2873 5572 nonnullis
2898 5486 3266 5572 immutatis._
3318 5562 3330 5572 _
3387 5556 3400 5572 _
3493 5557 3506 5572 ο

1931 5556 2237 5688 ltzgltT‘Ires
2267 5559 2381 5615 dies
2403 5574 2422 5613 :
2454 5572 2528 5612 an
2591 5557 2795 5631 potius
2824 5562 2935 5615 tres
2990 5557 3173 5625 horas,
3206 5563 3273 5615 ut
3299 5556 3547 5618 Acherio

1890 5649 1928 5706 p
1954 5648 2083 5689 acui

3224 5828 3260 5885 2
