3946 6398
421 437 499 492 43
1441 420 1778 482 ATTONIS
1827 415 2412 477 VERCELLENSIS
2460 414 2815 475 EPISCOPI
3773 417 3835 475 44

418 564 514 619 dia
542 560 770 617 liberati
829 558 1065 625 fuerint,
1116 558 1289 628 longo
1345 560 1602 625 tempore
1661 552 1717 606 in
1764 548 2435 616 abstinen-Aofi‘ertur,
2480 546 2824 619 angelorum
2876 546 3207 618 frequentia
3263 547 3462 605 inesse
3524 564 3653 603 non
3683 548 3835 603 dubi-

416 654 500 707 tia
523 655 581 707 et
610 650 870 705 oratione
891 651 1275 719 permaneant
1301 644 1621 700 secundum
1651 640 1959 695 arbitrium
1983 656 2069 693 sa-

417 740 740 805 cerdotum,
777 743 836 793 et
864 737 947 792 sic
996 737 1235 790 demum
1287 732 1721 789 communicent
1771 730 1924 783 inter
1962 744 2069 782 ca:-

416 833 573 884 teros
603 825 986 881 Christianos.
1020 823 1183 888 Quod
1218 823 1265 877 si
1300 819 1574 892 baptizati
1622 818 1711 873 vel
1742 816 2069 888 consignati

420 933 536 972 non
579 915 812 980 fuerint,
870 914 1005 968 licet
1062 929 1160 967 eos
1218 911 1378 965 omni
1436 914 1698 980 tempore
1756 906 2069 977 baptizare,

419 1004 511 1060 vel
542 1002 907 1076 consignare.
963 1004 1024 1056 In
1055 1017 1207 1072 aqua
1258 1015 1395 1054 vero
1455 997 1819 1053 sanctificata
1873 993 2071 1048 nullus

423 1091 699 1147 balneum
731 1092 917 1146 facere
965 1089 1173 1144 audeat
1220 1104 1324 1159 pro
1372 1086 1569 1156 aliqua
1615 1083 1954 1138 inﬁrmitate
1982 1081 2071 1135 vel

425 1180 788 1246 necessitate,
823 1194 948 1249 quis
979 1177 1175 1249 spargi
1214 1174 1623 1231 tantummodo
1655 1188 1933 1227 concessa
1962 1174 2070 1225 est.

426 1267 844 1340 Hujuscemodi
875 1266 1031 1321 enim
1064 1265 1294 1320 lavacra
1349 1280 1456 1318 nec
1497 1263 1557 1317 in
1616 1261 1800 1317 sacris
1849 1258 2073 1314 inveni-

424 1371 580 1423 mus,
614 1371 720 1411 nec
750 1371 784 1411 a
820 1354 1093 1410 Patribus
1143 1357 1275 1409 acta
1330 1350 1683 1419 audivimus,
1743 1364 1849 1404 nec
1906 1347 2075 1403 nobis

426 1443 595 1499 utilia
621 1443 910 1500 videntur.

496 1553 634 1606 CAP.
669 1549 927 1605 LXXVII.
959 1579 1029 1589 --
1058 1547 1307 1618 Qualiter
1350 1546 1619 1618 mysteria
1663 1543 2007 1615 baptismatis

758 1622 843 1677 vel
870 1616 1185 1675 chrismatis
1222 1616 1571 1674 custodienda
1600 1618 1728 1670 sint.

496 1708 604 1774 Qui
635 1709 787 1766 sacri
816 1707 1191 1782 baptismatis
1218 1706 1584 1779 mysterium,
1603 1704 1692 1760 vel
1714 1705 1934 1758 donum
1959 1699 2084 1771 Spi-

423 1796 575 1853 ritus
604 1797 792 1853 sancti
825 1797 887 1851 in
919 1796 1234 1852 chrismate
1273 1792 1663 1865 susceperint,
1697 1794 1830 1846 ante
1861 1803 2082 1843 nonum

2176 641 2352 705 tatur,
2388 637 2780 707 periculosum
2806 640 2892 691 est
2913 635 3028 691 tale
3060 634 3283 707 aliquid
3306 635 3528 707 dicere,
3553 636 3653 693 vel
3685 653 3835 710 agere

2178 725 2330 794 quod
2364 724 2488 779 loco
2521 742 2634 779 non
2694 725 2998 780 convenit:
3052 724 3101 781 si
3162 725 3316 782 enim
3376 727 3684 784 Dominus
3725 727 3835 783 illos

2180 813 2251 867 de
2280 813 2498 883 templo
2533 812 2720 882 ejecit,
2782 814 2883 884 qui
2930 813 3200 870 victimas
3259 831 3392 887 qua:
3443 815 3564 871 sibi
3607 817 3837 872 offeren-

2179 905 2296 967 tur,
2329 902 2601 955 emebant
2642 901 2731 956 vel
2788 902 3138 973 vendebant,
3188 908 3412 976 quanto
3470 905 3676 978 magis
3727 905 3838 961 illos

2181 989 2365 1043 iratus
2418 989 2553 1043 inde
2603 990 2856 1059 abjiciet,
2910 992 3011 1062 qui
3063 993 3409 1062 mendaciis,
3465 994 3840 1067 vaniloquiis,

2182 1077 2421 1143 risibus,
2454 1082 2510 1132 et
2542 1078 2951 1148 hujuscemodi
3003 1079 3175 1153 nugis
3205 1080 3399 1138 locum
3432 1083 3640 1139 divino
3669 1084 3841 1139 cultui

2184 1165 2587 1236 mancipatum
2620 1168 2886 1222 fmdant?

2254 1254 2387 1308 CAP.
2449 1254 2693 1309 LXXXI.
2744 1257 3218 1381 —De;‘doctrina
3271 1261 3523 1316 virorum
3572 1266 3629 1317 et
3660 1278 3784 1316 mu-

2933 1344 3127 1381 terum.

2933 1344 3107 1384 terum
3116 1371 3127 1384 .

2258 1413 2486 1483 (Concil.
2523 1414 2888 1485 Carthag.1v,
2942 1433 2993 1472 c.
3025 1418 3134 1485 98;
3186 1418 3345 1488 Ibid.,
3397 1437 3449 1476 e.
3492 1420 3615 1490 99.)
3649 1422 3843 1478 Laicus

2189 1502 2579 1572 prmeentibus
2610 1502 2856 1574 clericis,
2891 1504 3005 1561 nisi
3042 1504 3191 1577 ipsis
3221 1508 3617 1578 probantibus
3647 1510 3843 1567 docere

2191 1605 2307 1643 non
2338 1590 2567 1645 audeat.
2602 1596 2668 1645 nt
2714 1591 2947 1658 mulier,
2990 1595 3261 1664 quamvis
3310 1597 3482 1653 docta
3524 1598 3589 1655 in
3622 1603 3841 1668 sancta,

2191 1677 2345 1732 viros
2375 1677 2433 1732 in
2466 1685 2751 1735 conventu
2782 1681 2988 1737 docere
3011 1698 3128 1738 non
3149 1684 3363 1740 audeat
3386 1685 3476 1741 vel
3505 1693 3842 1758 praeualet.

2264 1784 2399 1839 CAP.
2452 1785 2708 1843 LXXXII.
2765 1792 2999 1844 —Item
3056 1788 3125 1844 de
3182 1790 3522 1848 indumentis
3567 1809 3780 1850 eorum.

425 1884 583 1940 diem
615 1901 750 1940 cum
795 1884 1139 1939 mulieribus
1187 1883 1348 1939 nullo
1402 1882 1574 1938 modo
1635 1883 1879 1935 coeant:
1916 1875 2163 1955 simi-1,
2265 1873 2495 1941 (Concil.
2530 1874 2697 1945 Gang.
2752 1892 2878 1948 cap.
2936 1879 3041 1945 12;
3097 1878 3259 1948 Ibid.,
3318 1897 3368 1935 c.
3432 1881 3548 1953 13.)
3607 1882 3672 1939 Si
3722 1884 3844 1955 quis

425 1923 583 1940 ων...
615 1923 750 1940 nu...
795 1923 1139 1939 ...υιιυιιυυυ
1188 1923 1348 1939 ..υ-ιν
1402 1923 1574 1938 μενων
1636 1923 1879 1935 νυνυ--υ-
1916 1923 2049 1931 υ--η-
2267 1923 2495 1941 κ“*’·ν“·
2535 1923 2697 1945 νον-νει-
2756 1923 2878 1948 ν“”ι’“
2938 1923 3041 1945 --ν
3097 1923 3259 1948 ιη’-η
3319 1923 3368 1935 νο
3435 1923 3547 1953 ιω]
3609 1923 3672 1939 νε
3722 1923 3844 1955 ιιυυι

425 1972 561 2028 liter
591 1972 997 2043 hujuscemodi
1044 1970 1321 2027 mulieres
1355 1970 1515 2025 omni
1548 1969 1721 2024 modo
1772 1984 1807 2022 a
1850 1965 1992 2020 viris
2025 1980 2087 2019 se
2116 1923 2165 1989 Β
2196 1961 2453 2018 virorum
2489 1968 2723 2035 propter
2752 1965 3199 2034 continentiam,
3230 1985 3356 2041 qua:
3406 1965 3678 2042 putatur,
3710 1973 3846 2029 ami-

427 2060 786 2126 abstineant,
820 2076 924 2116 nec
972 2058 1090 2115 ullo
1137 2059 1299 2130 turpi
1356 2057 1516 2125 ludo,
1566 2057 1655 2112 vel
1705 2055 1935 2127 negotio
1968 2051 2087 2107 ullo

428 2149 603 2204 modo
632 2149 957 2216 misceant;
986 2165 1020 2203 a
1059 2148 1326 2203 carnium
1360 2163 1544 2202 usura
1595 2145 1693 2199 diu
1728 2144 2091 2237 abstineant,

428 2238 612 2292 donec
645 2237 957 2309 episcopus
1013 2236 1124 2291 loci
1175 2252 1280 2307 pro
1337 2234 1615 2307 qualitate
1668 2249 1949 2304 personae,
1996 2234 2086 2295 vei

426 2325 709 2396 temporis
755 2325 1106 2396 praeviderit.
1147 2325 1261 2379 Nec
1310 2325 1381 2378 de
1428 2340 1593 2379 sacro
1645 2325 1800 2377 fonte
1830 2320 2086 2391 aliquem

426 2412 640 2479 levare,
674 2417 776 2469 aut
806 2415 878 2468 ad
918 2413 1386 2484 consignandum
1442 2418 1575 2467 ante
1624 2412 1965 2482 episcopum
1998 2414 2086 2463 te-

429 2517 568 2557 nere
597 2501 810 2573 aliquis
841 2502 1093 2556 audeat:
1153 2516 1258 2555 nec
1315 2499 1562 2555 clericus
1620 2498 1807 2553 ullum
1852 2513 2086 2553 sacrum

430 2590 699 2646 ordinem
731 2605 1031 2646 assumere
1079 2595 1411 2660 praesumat,
1463 2587 1576 2642 nisi
1620 2587 1786 2658 prius
1841 2586 1960 2640 haec
1991 2602 2084 2640 ea-

432 2680 566 2734 dem
599 2678 876 2750 praadicta
931 2681 1299 2733 sacramenta
1356 2677 1416 2731 in
1479 2693 1540 2732 se
1597 2674 1989 2731 celebraverit.
2027 2675 2085 2729 Si

431 2766 566 2838 quis
596 2769 792 2823 autem
822 2766 884 2822 in
916 2766 1113 2837 aliquo
1166 2766 1637 2837 supradictorum
1686 2764 2088 2835 praevaricator

432 2854 737 2925 exstiterit,
760 2854 986 2926 judicio
1016 2854 1274 2927 episcopi
1305 2854 1600 2927 poeniteat.

506 2960 638 3016 CAP.
669 2960 953 3017 LXXVIII.
987 2993 1053 3002 ——
1088 2962 1151 3018 Ut
1195 2962 1501 3029 spectacula
1546 2960 1799 3015 ludorum
1827 2960 2015 3015 diebus

920 3035 1079 3104 [estis
1105 3049 1215 3089 non
1243 3034 1599 3088 celebrentur.

502 3122 711 3193 (Concil
766 3121 1033 3193 Africam.
1091 3122 1232 3193 61.)
1290 3122 1523 3176 Necnon
1578 3125 1635 3175 et
1677 3119 1821 3175 illud
1880 3123 2080 3191 peten-

433 3211 600 3281 dum,
633 3214 700 3265 ut
729 3209 1063 3282 spectacula
1089 3210 1477 3276 theatrorum,
1500 3214 1961 3279 caeterorumque
1991 3207 2080 3262 lu-

2198 2056 2294 2106 ctu
2325 2051 2463 2123 palii
2509 2053 2711 2121 utitur,
2772 2054 2941 2125 quasi
2998 2072 3101 2128 per
3150 2056 3258 2113 hoc
3316 2057 3532 2115 habere
3592 2062 3845 2133 sejusti-

2197 2138 2340 2194 tiam
2372 2141 2633 2209 credens,
2665 2145 2722 2198 et
2763 2143 3012 2214 despicit
3047 2160 3147 2201 eos
3204 2146 3304 2217 qui
3362 2163 3498 2203 cum
3529 2151 3845 2206 reverentia

2199 2228 2391 2297 birris,
2425 2234 2480 2283 et
2511 2230 2639 2284 aliis
2691 2233 3109 2288 communibus
3160 2234 3351 2289 solitis
3402 2241 3661 2293 utuntur
3689 2240 3852 2295 vesti-

2199 2316 2331 2383 bus,
2364 2318 2677 2374 anathema
2733 2321 2827 2375 sit.
2878 2322 3155 2377 Similiter
3184 2328 3241 2378 et
3290 2324 3504 2382 mulier
3546 2342 3681 2398 quas
3723 2344 3844 2400 pro-

2196 2410 2324 2477 pter
2351 2409 2792 2473 continentiam,
2846 2427 2974 2481 quaa
3023 2414 3281 2483 putatur,
3332 2412 3609 2471 habitum
3642 2421 3841 2486 mutat,

2197 2499 2254 2549 et
2283 2511 2386 2565 pro
2417 2496 2587 2551 solito
2619 2498 2893 2553 muliebri
2939 2499 3158 2555 amictu
3206 2500 3435 2558 virilem
3468 2504 3680 2573 sumit,
3712 2522 3842 2561 ana-

2195 2582 2395 2638 thema
2424 2584 2518 2639 sit.

2273 2673 2407 2727 CAP.
2470 2673 2760 2755 LXXXIII.
2787 2706 2879 2755 1—
2913 2677 3282 2755 Ut_natalilia_
3322 2695 3421 2735 seu
3476 2684 3688 2755 nuptiz
3731 2685 3785 2738 in

2639 2746 3077 2818 Quadragesima
3106 2766 3219 2804 non
3247 2752 3404 2820 ﬁant.

2266 2830 2474 2902 (Concil
2521 2837 2748 2890 Bracar.
2813 2851 2863 2891 c.
2919 2837 3032 2908 48.)
3089 2836 3252 2901 Quod
3307 2856 3423 2895 non
3482 2847 3754 2913 oporteat
3792 2844 3845 2899 in

2194 2919 2651 2993 Quadragesima
2688 2927 3012 2997 martyrum
3062 2926 3329 2983 natalitia
3374 2928 3722 3000 celebrare;
3755 2934 3846 2988 sed

2193 3025 2395 3065 eorum
2428 3010 2486 3065 in
2533 3011 2788 3067 Sabbato
2847 3017 2903 3067 et
2961 3014 3267 3073 Dominico
3326 3017 3422 3074 die
3467 3023 3706 3076 tantum
3738 3037 3849 3077 me-

2194 3098 2379 3153 moria
2409 3099 2552 3154 ﬁeri.
2604 3101 2829 3173 Nuptiae
2876 3118 3009 3158 vero
3058 3108 3163 3160 aut
3208 3104 3432 3163 natalia
3482 3108 3696 3165 iisdem
3725 3111 3843 3165 die-

2193 3186 2303 3241 bus
2336 3187 2495 3243 nullo
2528 3190 2700 3245 modo
2732 3190 3115 3248 celebrentur.

428 3298 639 3353 dorum
670 3298 740 3353 de
789 3298 1109 3364 Dominica,
1156 3298 1243 3354 vel
1292 3299 1514 3354 caeteris
1565 3298 1866 3368 religionis
1910 3296 2078 3350 Chri-
2109 3283 2151 3349 C
2261 3292 2393 3348 CAP.
2429 3295 2717 3350 LXXXIV.
2767 3327 2836 3337 —
2866 3298 2941 3352 De
2997 3299 3216 3368 Ieiunia
3269 3301 3782 3372 Quadragesimali.

431 3382 635 3439 etiame
667 3384 874 3440 diebus
922 3383 1378 3441 celeberriminis
1427 3389 1783 3441 amoveatur.
1833 3383 2083 3439 Maxime

429 3471 569 3543 quia
600 3473 786 3527 sancti
832 3473 1066 3528 Pascha:
1115 3478 1447 3529 octavarum
1478 3474 1572 3529 die
1620 3473 1817 3545 populi
1866 3474 1937 3528 ad
1970 3474 2079 3528 cir-

428 3574 583 3629 cum,
618 3560 807 3631 magis
846 3576 1024 3632 quam
1083 3562 1154 3616 ad
1210 3561 1516 3617 ecclesiam
1576 3561 1948 3626 conveniunt,
1981 3562 2080 3615 de-

430 3646 638 3702 berent
691 3648 996 3703 transferri
1044 3649 1315 3719 praefiniti
1364 3649 1627 3719 ipsorum
1673 3648 1798 3703 dies
1847 3650 2081 3719 quando

433 3734 750 3802 evenerint,
810 3752 915 3791 nec
971 3736 1141 3793 debet
1195 3736 1352 3792 ullus
1408 3736 1771 3793 Christianus
1828 3738 1955 3808 cogi
2008 3740 2080 3793 ad

434 3823 787 3895 spectacula.

507 3928 641 3986 CAP.
694 3929 929 3986 LXXIX.
962 3961 1033 3973 —
1084 3933 1147 3989 Ut
1190 3933 1375 3987 nullus
1420 3933 1688 3988 Kalendas
1724 3934 2008 3989 Januarii.

681 4002 879 4073 colere,
928 4011 1023 4059 aut
1048 4003 1235 4059 choros
1274 4005 1472 4060 ducere
1508 4008 1831 4075 praesumat.

504 4089 760 4162 (Zachar.
816 4090 879 4145 in
926 4093 1122 4147 concil.
1175 4095 1327 4150 Rom.
1386 4110 1437 4148 c.
1486 4095 1542 4161 9,
1597 4094 1961 4165 referturque
1987 4096 2078 4166 27,

432 4183 638 4250 quiest.
671 4180 726 4250 7,
758 4194 808 4235 c.
841 4179 904 4234 Si
954 4181 1119 4251 quis.)
1177 4180 1251 4235 Ut
1296 4181 1495 4237 nullus
1542 4182 1830 4238 Kalendas
1857 4183 2079 4238 Janua-

429 4267 500 4321 rii
530 4271 588 4323 et
625 4267 867 4323 brumas
915 4268 1031 4323 ritu
1082 4284 1443 4340 paganorum
1490 4271 1675 4325 colere
1723 4276 2073 4342 prmsumat:

427 4355 478 4412 si
510 4355 643 4428 quis
675 4355 965 4412 Kalendas
1016 4355 1282 4413 Januarii
1330 4363 1387 4413 et
1434 4358 1676 4413 brumas
1719 4359 1905 4414 colere
1935 4377 2077 4431 prte-

425 4446 765 4517 sumpserit,
798 4447 900 4501 aut
949 4460 1185 4501 mensas
1214 4462 1348 4501 cum
1396 4445 1768 4518 lampadibus
1800 4448 1859 4501 in
1890 4449 2078 4503 domi-

426 4532 538 4588 bus
570 4549 913 4605 praeparare,
961 4541 1062 4589 aut
1112 4552 1214 4607 per
1263 4535 1421 4592 vicos
1467 4540 1525 4590 et
1553 4535 1814 4607 planteas
1854 4539 2075 4593 cantio-

425 4636 532 4675 nes
562 4624 618 4675 et
647 4621 853 4676 choros
898 4624 1107 4677 ducere
1161 4626 1622 4697 praesumpserit,
1673 4627 1827 4698 quod
1864 4642 2080 4698 magna
2107 4646 2155 4710 D

425 4706 710 4779 iniquitas
739 4712 847 4779 est,
881 4725 1074 4765 coram
1106 4716 1220 4765 Deo
1252 4713 1563 4769 anathema
1593 4715 1686 4770 sit.

496 4812 634 4870 CAP.
693 4813 898 4869 LXXX.
951 4846 1017 4854 —
1052 4815 1117 4870 Ut
1174 4817 1322 4886 quod
1377 4817 1447 4871 ad
1490 4818 1770 4875 ecclesiam
1807 4838 2001 4877 conve-

1055 4888 1320 4942 niendum
1346 4889 1440 4943 sit.

492 4972 824 5043 (Theodulf.
858 4990 907 5029 c.
944 4976 1056 5043 10.)
1114 4975 1241 5030 Non
1287 4976 1511 5031 debetis
1561 4977 1633 5030 ad
1664 4978 1965 5034 ecclesiam
1996 4981 2069 5035 ob

421 5059 598 5115 aliam
630 5077 867 5117 causam
900 5064 1227 5134 convenire,
1252 5064 1362 5119 nisi
1387 5064 1457 5119 ad
1482 5063 1844 5120 laudandum
1868 5072 2067 5137 Deum,

421 5151 480 5201 et
506 5148 634 5217 ejus
665 5149 965 5205 servitium
1019 5152 1350 5207 faciendum
1378 5171 1390 5221 ;
1454 5152 1907 5224 disceptationes
1937 5173 2069 5212 vero

421 5239 480 5290 et
523 5236 839 5304 tumultus,
895 5244 954 5293 et
1008 5240 1361 5312 vaniloquia,
1413 5246 1470 5297 et
1525 5248 1740 5297 caterua
1773 5243 2052 5312 actiones,

423 5324 494 5378 ab
543 5324 745 5379 eodem
794 5326 920 5381 loco
971 5333 1172 5383 sancto
1221 5331 1452 5400 penitus
1502 5331 1875 5403 prohibenda:
1908 5337 2066 5389 sunt.

421 5410 531 5465 Ubi
563 5412 719 5467 enim
773 5414 873 5469 Dei
917 5431 1127 5471 nomen
1184 5417 1505 5485 invocatur,
1557 5419 1673 5474 Deo
1714 5421 2066 5477 sacriﬁcium

492 5533 700 5615 (3Q)_I_3t
727 5535 1178 5615 discretionesln
1225 5541 1397 5597 editis
1440 5542 1701 5599 conciliis
1748 5542 1981 5615 legitur,
2015 5554 2072 5603 et

418 5604 775 5662 districtionis
801 5612 1238 5668 commutatione.

490 5675 931 5756 ‘31)Abstinent.
958 5681 1062 5741 Hic
1108 5697 1313 5740 omnes
1365 5683 1532 5742 facile
1565 5684 1764 5745 vident
1793 5686 2062 5745 nonnihil
2154 5696 2165 5705 ‘

2263 3384 2500 3452 (Concil.
2532 3384 2724 3453 Agath.
2749 3400 2876 3455 cap.
2933 3387 3043 3457 12.)
3072 3387 3297 3444 Placuit
3324 3390 3503 3445 etiam
3536 3396 3604 3447 ut
3652 3409 3851 3449 omnes

2191 3470 2479 3541 Ecclesiae,
2513 3473 2770 3543 exceptis
2828 3472 3036 3530 diebus
3098 3477 3437 3544 Dominicis,
3494 3478 3559 3535 in
3592 3482 3850 3546 Quadra-

2191 3559 2436 3629 gesima,
2469 3559 2646 3614 etiam
2692 3560 2785 3616 die
2834 3562 3095 3631 Sabbati,
3147 3566 3497 3622 sacerdotali
3527 3569 3848 3626 ordinatio-

2193 3664 2283 3711 ne,
2336 3652 2393 3701 et
2438 3648 2788 3705 discretione
2836 3652 2948 3723 (30)
2997 3654 3554 3713 communicationis
3604 3659 3853 3716 debeant

2187 3737 2474 3807 jejunare.

2262 3825 2391 3879 CAP.
2428 3856 2494 3866 —
2527 3826 2787 3882 LXXXV.
2836 3833 2978 3885 Item
3006 3830 3072 3886 de
3108 3831 3486 3889 observatione
3514 3836 3782 3907 ejusdem.

2262 3912 2494 3982 (Concil.
2528 3916 2693 3970 Laod.
2753 3933 2878 3989 cap.
2930 3919 3045 3991 50.)
3102 3922 3266 3986 Quod
3325 3939 3442 3978 non
3490 3929 3767 3997 oporteat
3792 3926 3849 3981 in

2190 4002 2647 4075 Quadragesima
2676 4005 2736 4061 in
2791 4007 3001 4063 ultima
3049 4010 3395 4081 septimana,
3439 4012 3668 4083 quintae
3699 4015 3850 4071 feriae

2182 4092 2479 4162 jejunium
2518 4092 2758 4165 solvere,
2807 4099 3111 4169 totamque
3162 4098 3697 4172 Quadragesimam
3728 4104 3852 4160 sine

2188 4181 2557 4236 veneratione
2585 4184 2854 4255 transire,
2905 4187 3210 4259 magisque
3253 4190 3561 4247 conveniet
3611 4210 3851 4250 omnem

2190 4270 2708 4341 Quadragcsimam
2739 4273 3001 4330 districto
3032 4277 3295 4332 venerari
3315 4278 3570 4350 jejunio.

2459 4360 2591 4415 CAP.
2627 4360 2917 4417 LXXXVI.
2948 4394 3018 4405 —-
3049 4365 3186 4420 Item
3214 4366 3357 4422 unde
3384 4384 3580 4439 supra.

2260 4447 2441 4518 (Tolet.
2476 4464 2549 4517 IV,
2578 4464 2628 4503 c.
2662 4450 2740 4521 4.)
2790 4450 3039 4514 Quidam
3070 4453 3130 4508 in
3188 4454 3283 4511 die
3327 4456 3598 4527 ejusdem
3648 4457 3861 4516 Domi-

2187 4536 2327 4591 nicas
2362 4537 2653 4607 passionis
2685 4539 2756 4593 ad
2788 4539 2994 4596 horam
3017 4559 3232 4599 nonam
3256 4543 3558 4614 jejunium
3588 4547 3858 4617 solvunt,

2187 4624 2461 4680 conviviis
2490 4626 2785 4682 abstinent
2831 4628 2964 4699 (31).
3027 4631 3095 4686 Et
3141 4631 3284 4687 dum
3343 4631 3430 4688 sol
3479 4633 3611 4706 ipse
3644 4638 3861 4694 eodem

2188 4711 2279 4767 die
2311 4714 2566 4769 tenebris
2614 4714 2889 4786 palliatus
2933 4717 3133 4774 lumen
3187 4721 3552 4790 subduxerit,
3599 4723 3862 4799 ipsaque

2184 4800 2469 4858 elementa
2507 4806 2740 4859 turbata
2792 4808 3131 4863 maestitiam
3181 4810 3362 4865 totius
3407 4812 3619 4867 mundi
3652 4819 3863 4871 osten-

2184 4892 2396 4961 derint,
2428 4891 2511 4945 illi
2557 4893 2853 4964 jejunium
2901 4885 3047 4951 tanti
3098 4897 3212 4953 diei
3270 4898 3564 4970 polluunt,
3620 4903 3866 4975 epulis-

2180 4997 2289 5051 que
2321 4981 2664 5037 inserviunt.
2701 4984 2767 5037 Et
2799 4985 2938 5055 quia
2977 4989 3165 5042 totum
3210 4990 3484 5044 eumdem
3517 4989 3685 5047 diem
3721 4994 3862 5049 uni-

2179 5070 2421 5124 versalis
2452 5070 2707 5126 Ecclesia
2728 5079 2964 5144 propter
2992 5075 3327 5147 passionem
3348 5077 3584 5151 meini
3611 5080 3682 5137 in
3716 5099 3867 5139 mas-

2179 5173 2327 5227 rore,
2359 5163 2416 5212 et
2446 5160 2801 5216 abstinentia
2857 5165 3104 5235 peragit,
3156 5165 3491 5237 quicunque
3553 5168 3614 5223 in
3665 5187 3739 5226 eo
3767 5173 3866 5244 je-

2170 5245 2433 5315 junium,
2466 5252 2675 5317 praeter
2704 5250 2997 5321 parvulos,
3045 5270 3215 5310 senes
3245 5259 3302 5310 et
3331 5253 3681 5328 languidos,
3717 5266 3867 5316 ante

2178 5338 2441 5403 peractas
2471 5335 2846 5410 indulgentiae
2878 5357 3078 5410 preces
3124 5342 3452 5412 resolverit,
3495 5362 3530 5400 a
3580 5348 3871 5419 paschali

2176 5423 2389 5493 gaudio
2420 5424 2762 5496 depellatur,
2795 5445 2900 5483 nec
2943 5429 3000 5484 in
3034 5448 3099 5486 eo
3150 5436 3596 5491 sacramentum
3627 5453 3863 5511 corpo-

2175 5546 2377 5635 deesse
2402 5566 2415 5614 ;
2443 5549 2543 5635 sed
2575 5551 2805 5632 concilii
2859 5556 3150 5635 sententia
3184 5556 3341 5635 _adeo
3381 5559 3713 5635 perspicua
3744 5568 3869 5635 est,

2176 5621 2241 5672 ut
2268 5621 2327 5675 in
2358 5621 2547 5678 verbis
2578 5624 2878 5681 immorari
2907 5626 3304 5685 necessarium
3329 5621 3445 5686 non
3471 5621 3791 5697 videatur.
