3946 6412
127 431 189 514 i5
1549 463 2076 526 CAPITULABE.
3445 481 3523 539 46

127 589 212 655 ris,
241 591 296 643 et
325 587 636 659 sanguinis
669 589 903 646 Domini
935 593 1241 664 percipiat,
1276 595 1377 666 qui
1413 595 1570 651 diem
1615 613 1754 668 pas-
1783 608 1838 672 Α
1870 597 2324 668 oppresserit,ad
2359 615 2532 655 suum
2556 602 2862 674 presbyter
2877 607 3139 661 recurrat
3157 606 3518 680 episcopum,

123 677 284 733 sionis
313 676 501 748 ipsius
533 694 637 748 per
667 679 1088 737 abstinentiam
1119 699 1233 738 non
1266 685 1532 740 honorat.

151 783 268 838 CAP.
295 783 604 839 LXXXVII.
637 815 706 826 --
736 787 811 841 De
836 788 1059 859 jejunio
1092 790 1343 857 Quatuor
1374 791 1711 862 Temporum.

179 870 398 940 (Calixti
419 889 584 945 papa
604 889 731 945 quae
746 875 961 931 dicitur
980 877 1150 948 epist.
1179 871 1568 950 l.)Jejuniu'm
1594 883 1750 953 quod

116 967 191 1016 ter
215 960 271 1015 in
303 977 455 1016 anno
487 965 642 1034 apud
677 980 783 1020 nos
831 965 1123 1022 celebrare
1171 967 1483 1037 didicistis,
1543 986 1748 1027 conve-

116 1049 354 1105 nientius
386 1067 543 1106 nunc
576 1068 678 1123 per
702 1058 956 1124 quatuor
981 1059 1247 1126 tempora
1298 1057 1419 1112 fieri
1454 1057 1746 1125 dicimus;

115 1143 167 1193 ut
195 1139 348 1194 sicut
376 1155 567 1195 annus
597 1157 699 1211 per
728 1146 982 1213 quatuor
1002 1144 1252 1199 volvitur
1274 1149 1560 1217 tempora,
1585 1147 1669 1203 sic
1693 1153 1750 1203 et

112 1244 206 1283 nos
235 1231 587 1299 quaternum
611 1245 858 1302 agamus
880 1232 1140 1288 solemne
1161 1233 1459 1304 jejunium
1484 1251 1587 1306 per
1611 1252 1751 1307 qua-

109 1322 230 1372 tuor
255 1321 543 1389 tempora,
567 1319 738 1389 juxta
765 1321 1062 1392 prophetae
1088 1322 1374 1378 Zacharias
1399 1340 1624 1391 vocem,
1649 1326 1747 1396 qui

107 1404 178 1459 ait
204 1422 216 1459 :
249 1405 374 1460 Haec
402 1404 534 1460 dicit
563 1407 826 1463 Dominus
856 1411 1230 1465 exercituum:
1262 1411 1557 1482 Jejunium
1586 1429 1747 1484 quar-

107 1495 164 1559 ti,
193 1497 240 1548 et
259 1494 544 1565 jejunium
574 1497 775 1565 quinti,
809 1500 860 1552 et
892 1498 1169 1568 jejunium
1209 1501 1450 1570 septimi,
1502 1509 1552 1555 et
1589 1503 1745 1571 jeju-

101 1585 248 1637 nium
275 1582 476 1637 decimi
505 1585 611 1638 erit
639 1583 828 1650 domui
854 1586 1007 1641 Iudae
1024 1589 1084 1641 in
1109 1588 1372 1656 gaudium
1393 1591 1445 1643 et
1467 1589 1744 1660 laetitiam,

103 1676 146 1725 et
172 1672 544 1728 solemnitate:
575 1676 906 1744 praeturas:
943 1678 1232 1733 veritatem
1261 1682 1446 1733 tamen
1477 1686 1528 1733 et
1556 1695 1747 1750 pacem

100 1761 325 1831 diligite,
356 1761 491 1816 dicit
521 1763 783 1819 Dominus
813 1768 1157 1821 exercituum
1187 1767 1443 1836 (Zachar.
1469 1784 1590 1835 vm,
1632 1769 1740 1839 19).

102 1849 156 1904 In
185 1849 295 1906 hoc
325 1866 463 1922 ergo
494 1867 699 1908 omnes
730 1869 836 1909 nos
870 1854 1177 1910 unanimes
1208 1861 1436 1928 oportet
1485 1874 1634 1928 esse,
1680 1862 1747 1913 ut

100 1939 419 1994 secundum
442 1939 823 2010 apostolicam
845 1942 1174 1998 doctrinam
1201 1959 1214 1998 :
1240 1943 1480 2016 Idipsum
1492 1945 1744 2002 dicamus

97 2043 294 2094 omnes,
325 2036 378 2084 et
404 2043 515 2084 non
545 2031 654 2084 sint
685 2031 744 2084 in
767 2030 922 2086 nobis
951 2031 1256 2088 schismata
1287 2035 1336 2104 (Ι
1369 2034 1488 2090 Cor.
1544 2052 1586 2105 1,
1631 2036 1739 2106 10).

155 2135 288 2190 CAP.
350 2134 686 2191 LXXXVIII.
721 2167 792 2178 ο-
834 2139 1123 2199 Ieiunium
1159 2140 1582 2197 ecclesiasticum
1628 2159 1742 2197 non

703 2208 1125 2265 dissolvendum.

149 2295 352 2365 (Gang.
381 2299 575 2351 concit.
611 2314 660 2351 c.
699 2298 811 2365 19.)
844 2299 904 2353 Si
937 2299 1290 2370 quiseorum
1314 2301 1414 2371 qui
1438 2302 1746 2356 continen-

88 2383 170 2436 tiae
202 2383 473 2448 student,
504 2384 729 2456 absque
757 2387 1107 2441 necessitate
1137 2404 1414 2457 corporea
1444 2390 1662 2443 tradita
1683 2390 1742 2444 in

85 2471 722 2542 communejejunia,et
734 2473 806 2527 ab
821 2471 1081 2528 Ecclesia
1095 2475 1385 2530 custodita
1401 2477 1742 2547 superbien-

84 2561 147 2615 do
167 2559 728 2628 dissolvit,stimulo
747 2577 866 2617 sua:
881 2562 1252 2633 cogitationis
1273 2564 1742 2636 impulsus,ana-

85 2649 278 2704 thema
313 2649 416 2703 sit.

137 2737 275 2794 CAP.
310 2737 602 2792 LXXXIX.
639 2767 705 2778 —
741 2739 806 2793 Ut
829 2739 1228 2808 paenitentibus
1258 2740 1500 2808 inﬁrmis
1555 2743 1740 2797 oleum

428 2808 862 2876 sanctiﬁicatum
894 2826 1004 2864 non
1036 2810 1394 2882 infundatur.

140 2897 456 2966 (Innocent
488 2897 530 2965 Ι,
564 2897 735 2968 epist.
761 2897 832 2952 ad
855 2897 1196 2954 Decentium
1219 2916 1268 2955 c.
1292 2901 1371 2971 8.)
1395 2901 1734 2958 Paenitenti-

80 2985 179 3041 bus
211 2986 380 3042 istud
415 2985 647 3040 infundi
681 3002 795 3041 non
829 2991 1040 3058 potest,
1073 2989 1212 3060 quia
1227 3005 1415 3060 genus
1432 2996 1522 3045 est
1541 3007 1733 3046 sacra-

81 3076 273 3130 menti.
309 3079 466 3130 Nam
501 3075 717 3147 quibus
750 3075 978 3147 reliqua
1006 3081 1372 3133 sacramenta
1421 3084 1730 3151 negantur,

79 3165 368 3233 quomodo
406 3181 591 3218 unum
624 3181 814 3235 genus
843 3169 1087 3236 putatur
1117 3182 1287 3237 posse
1321 3167 1607 3223 concedi?

137 3253 269 3307 CAP.
305 3256 424 3307 XC.
459 3283 529 3293 ——-
561 3253 815 3320 Qualiter
870 3254 1182 3380 pretsbyteri
1227 3271 1354 3326 erga
1403 3258 1730 3327 pcenitentes

808 3341 951 3380 anan
983 3367 994 3379 .

808 3341 994 3392 agant.

136 3411 258 3468 Non
289 3413 476 3468 debet
507 3411 811 3484 presbyter
839 3412 1148 3485 injungere
1180 3414 1536 3485 poenitentia:
1573 3417 1732 3489 leges

77 3500 189 3556 sine
220 3500 430 3572 aliquo
465 3504 734 3573 respectu
770 3517 1053 3572 personas,
1086 3507 1190 3557 aut
1215 3519 1406 3559 causa:
1433 3521 1446 3571 ;
1471 3505 1570 3559 sed
1595 3509 1734 3561 tem-

75 3605 204 3658 pora
238 3589 605 3662 paenitentiae
637 3593 737 3645 aut
770 3590 1263 3646 reconciliationis
1288 3593 1547 3665 cpiocopi
1576 3593 1730 3649 arbi-

76 3677 171 3732 trio
201 3679 516 3735 concedat.
553 3679 642 3744 Et,
676 3683 740 3734 ut
767 3680 1068 3752 presbyter
1095 3679 1426 3736 inconsulto
1459 3681 1731 3755 episcopo

78 3781 177 3822 non
210 3767 566 3824 reconciliet
598 3766 1000 3839 pcenitentem,
1034 3767 1149 3823 nisi
1181 3769 1454 3842 episcopo
1488 3772 1732 3842 permit-

72 3859 242 3925 tente;
267 3858 371 3914 sed
396 3856 601 3928 potius
616 3857 936 3929 presbyteri
960 3857 1060 3928 qui
1084 3856 1144 3911 in
1167 3857 1440 3930 plebibus
1454 3860 1729 3915 ordinan-

74 3947 170 4016 tur,
193 3946 640 4018 providentiam
668 3961 944 4018 magnam
961 3945 1318 4015 babeant,ne
1342 3965 1543 4003 eorum
1566 3965 1730 4020 paro-

77 4033 253 4090 chiani
286 4035 348 4091 in
384 4034 728 4090 criminalia
753 4034 1012 4090 incidant
1028 4034 1254 4091 delicta.
1285 4035 1446 4100 Quod
1470 4038 1519 4093 si
1539 4053 1732 4093 evene-

74 4121 151 4191 rit,
182 4128 303 4180 tam
339 4126 416 4180 ab
453 4123 628 4196 ipsis,
652 4139 831 4195 quam
851 4125 922 4179 ab
947 4125 1224 4181 omnibus
1249 4125 1456 4182 vicinis
1479 4125 1730 4198 diligen—

77 4214 152 4264 ter
166 4212 431 4283 qualiter
453 4217 587 4268 acta
610 4216 770 4280 sunt,
814 4211 1137 4284 inquirant,
1181 4218 1237 4269 et
1273 4215 1508 4286 scriptis
1529 4219 1731 4270 notare

73 4315 169 4354 non
222 4303 537 4373 differant,
598 4318 816 4374 eosque
860 4303 1176 4358 admonere
1226 4304 1564 4376 frequenter
1605 4309 1729 4361 stu-

71 4387 248 4459 deant,
285 4397 354 4447 ut
406 4393 483 4448 ad
523 4390 690 4463 pacis
748 4396 807 4446 et
865 4391 1214 4462 paenitentis:
1266 4393 1729 4450 satisfactionem

73 4479 336 4537 citissime
366 4484 647 4550 currant,
706 4484 763 4536 et
815 4497 950 4536 cum
984 4481 1131 4552 ipsis
1185 4482 1412 4553 primus
1461 4483 1727 4553 ejusdem

72 4567 237 4634 plebis
269 4572 614 4643 presbyter,
649 4574 751 4625 aut
782 4570 880 4642 qui
917 4571 1121 4624 doctor
1181 4575 1313 4640 post
1355 4572 1549 4642 ipsum
1605 4572 1727 4627 fue-

75 4655 149 4721 rit,
178 4658 398 4730 veniat,
434 4659 725 4730 idemque
782 4659 940 4730 quod
1000 4659 1336 4731 scripserat,
1389 4677 1586 4715 secum
1643 4660 1725 4716 af-

75 4743 217 4802 ferat.
251 4711 424 4814 Quod
461 4749 515 4805 si
545 4711 726 4802 iidjem
762 4711 1339 4819 pienitentesrvenire
1370 4749 1728 4815 distulerint,
1761 4711 1808 4776 D

77 4832 177 4901 ipse
206 4837 265 4893 in
297 4838 501 4910 capite
529 4837 749 4908 jejunii
782 4838 852 4892 ad
878 4838 1128 4908 primam
1163 4837 1426 4907 ejusdem
1471 4837 1729 4909 episcopi

76 4924 248 4982 sedem
279 4944 416 4984 esse
453 4925 626 4982 nullo
649 4925 822 4981 modo
845 4943 977 4982 cum
1003 4926 1206 4981 eodem
1230 4925 1566 4982 dissimulet
1589 4927 1730 4980 scri-

77 5016 173 5076 pto,
207 5031 440 5088 suoque
476 5020 769 5086 suggerat
799 5014 1096 5086 episcopo,
1130 5018 1193 5069 ut
1224 5015 1380 5086 quod
1425 5013 1476 5070 ei
1525 5015 1732 5070 exinde

80 5105 368 5169 agendum
384 5105 490 5172 sit,
508 5103 869 5159 consideret.
893 5103 951 5158 Si
975 5107 1171 5158 autem
1191 5103 1362 5158 etiam
1386 5102 1732 5176 pmnitentes

81 5188 368 5261 adfuerint,
408 5193 610 5265 leges,
635 5208 763 5264 quae
796 5191 913 5246 illis
947 5192 1297 5263 paenitentia:
1331 5193 1734 5264 imponuntur,

83 5292 259 5336 rursus
290 5282 635 5347 describat,
670 5297 993 5351 curamque
1023 5286 1080 5335 et
1110 5279 1567 5336 sollicitudinem
1596 5298 1734 5352 ergo

84 5381 160 5421 eos
188 5373 517 5427 maximam
555 5373 746 5442 gerat,
781 5374 1063 5425 uteorum
1089 5370 1594 5425 conversationem
1618 5369 1733 5440 ple-

82 5455 292 5516 nissime
323 5475 701 5533 cognoscere
734 5459 940 5530 possit.
974 5459 1136 5524 Quod
1169 5456 1218 5512 si
1249 5457 1458 5512 obnixe
1477 5459 1733 5529 aliquem

83 5548 407 5611 penitentiaa
441 5548 672 5604 viderit
701 5547 1064 5613 incumbere,
1099 5547 1512 5602 autdebilitate
1545 5549 1737 5601 incur-

85 5641 220 5692 rente
249 5639 598 5712 periculum
625 5642 955 5710 speret,aut
973 5635 1353 5691 siinlirmilas
1375 5651 1734 5707 quemquam

1865 691 1930 740 ut
1958 685 2042 740 illi
2077 703 2178 756 per
2208 687 2403 758 ipsum
2436 690 2696 746 remedia
2715 695 3131 750 concedantur.
3161 695 3323 758 Quod
3349 696 3397 752 si
3425 697 3521 751 de-

1864 775 2466 842 t'uerit,cardinalibus
2489 778 2690 848 prima
2713 780 2869 836 sedis
2889 779 3127 838 interim
3143 789 3514 856 suggeratur.

1861 863 1946 916 Ad
1979 863 2134 917 diem
2167 879 2425 935 namque
2449 867 2960 937 reconciliationis,
2992 871 3052 925 id
3082 875 3172 926 est
3203 886 3378 929 catum
3414 875 3518 930 Do-

1861 951 2009 1006 mini
2039 953 2164 1023 ipse
2193 969 2428 1025 quoque
2457 971 2592 1010 cum
2619 957 2767 1028 ipsis
2788 959 3006 1028 pariter
3025 960 3231 1017 adesse
3258 962 3512 1034 festinet,

1861 1045 1925 1094 ut
1942 1057 2253 1097 rursursus
2267 1058 2394 1114 quas
2417 1042 2715 1114 illisjussa
2731 1046 3324 1120 fuerint,cognoscere
3341 1054 3399 1106 et
3420 1053 3516 1107 de-

1861 1129 2117 1185 scribere
2148 1131 2353 1201 possit.

1859 1237 1991 1291 CAP.
2025 1235 2162 1291 XCI.
2193 1267 2259 1278 --
2313 1237 2375 1294 Ut
2401 1241 2722 1309 pwnitentes
2751 1241 2992 1312 quotidie
3031 1259 3218 1314 genua
3263 1244 3506 1316 flectant.

1929 1340 2160 1409 (Concil.
2199 1342 2466 1416 Carthag.
2501 1361 2549 1398 c.
2579 1346 2660 1415 8.)
2694 1346 3045 1403 Poenitentes
3072 1349 3248 1405 etiam
3298 1351 3510 1409 diebus

1859 1430 2226 1486 remissionis
2258 1447 2452 1503 genua
2491 1432 2750 1488 flectant.

1964 1535 2099 1591 CAP.
2123 1536 2281 1591 XCII.
2300 1569 2366 1578 —
2395 1539 2457 1593 Ut
2484 1543 2726 1594 mortuos
2752 1541 3073 1610 paenitentes
3104 1544 3398 1614 sepeliant.

1927 1643 2110 1712 (Ibid,
2145 1661 2273 1716 cap.
2308 1644 2423 1715 83.)
2452 1648 2710 1702 Mortuos
2741 1647 3092 1718 pcenitentes
3122 1650 3370 1732 offerant
3414 1666 3507 1708 ec-

1856 1731 2068 1802 clesiae,
2104 1737 2161 1788 et
2190 1733 2496 1804 sepeliant.

1927 1839 2059 1894 CAP.
2093 1839 2280 1894 XCIII.
2317 1871 2382 1880 —
2414 1841 2748 1914 Paenitentes
2775 1843 3004 1914 negotiis
3050 1845 3410 1902 saecularibus
3451 1863 3509 1905 se

2513 1913 2845 1970 abstineant.

1774 1976 1822 2041 B
1925 2000 2120 2066 [Leon.
2142 1999 2217 2054 M.
2243 1999 2414 2072 epist.
2439 2001 2529 2068 91,
2554 2018 2603 2057 c.
2626 2001 2707 2073 9.)
2729 2001 2991 2067 Qualilas
3013 2002 3160 2060 lucri
3201 2005 3505 2077 negotian-

1854 2090 1972 2142 tem
2008 2093 2110 2142 aut
2141 2093 2398 2159 excusat,
2424 2094 2525 2145 aut
2539 2091 2753 2162 arguit,
2776 2092 2915 2163 quia
2936 2096 3024 2148 est
3048 2093 3327 2149 honestus
3349 2111 3503 2166 quaa-

1855 2180 2004 2244 stus,
2038 2180 2093 2232 et
2121 2178 2347 2249 turpis:
2379 2183 2789 2235 verumtamen
2822 2180 3124 2251 poenitenli
3168 2181 3373 2239 utilius
3417 2187 3508 2240 est

1855 2264 2165 2336 dispendia
2185 2267 2513 2336 pati,quam
2530 2267 2805 2336 periculis
2824 2268 3234 2338 negotiationis
3255 2271 3511 2326 obstrin-

1854 2352 1955 2423 gi;
1991 2353 2129 2422 quia
2168 2353 2405 2408 difﬁcile
2449 2359 2540 2408 est
2589 2355 2741 2408 inter
2783 2357 3030 2411 ementis
3079 2359 3504 2430 vendentisque

1854 2441 2272 2495 commercium
2307 2457 2420 2497 non
2450 2442 2797 2498 intervenire
2828 2453 3151 2514 peccatum.
3187 2444 3349 2502 Unde
3383 2463 3503 2504 mo-

1854 2544 2062 2583 nemus
2094 2529 2205 2598 (32)
2229 2545 2300 2583 ne
2323 2530 2609 2600 paenitens
2626 2529 2822 2602 aliquo
2841 2533 3096 2604 negotio,
3117 2549 3220 2589 seu
3243 2536 3500 2591 venatio-

1851 2633 1924 2671 ne
1956 2632 2018 2671 se
2041 2616 2389 2688 obstringat,
2416 2618 2516 2673 sed
2549 2618 2661 2674 sub
2692 2620 2959 2675 custodia
3012 2622 3352 2691 sacerdotis,
3399 2625 3502 2696 qui

1848 2703 1974 2760 loco
2007 2705 2304 2776 praefuerit
2352 2707 2620 2776 orationi,
2667 2711 2842 2779 atque
2881 2709 3127 2780 jejuniis
3174 2717 3355 2767 vacet.
3405 2712 3501 2767 Vi-

1847 2798 2004 2848 ctum
2029 2799 2228 2849 autem
2243 2811 2417 2849 suum
2434 2795 2482 2850 si
2497 2811 2715 2867 egenus
2737 2801 2846 2868 est,
2871 2797 2972 2852 tali
2989 2798 3233 2854 artilicio
3252 2805 3498 2871 quaret,

1847 2882 1938 2936 cui
1967 2881 2131 2936 nulla
2161 2881 2442 2938 inhaereat
2467 2883 2696 2938 macula
2727 2885 2967 2955 peccati,
3002 2891 3292 2956 quatenus
3316 2887 3396 2944 ita
3412 2894 3498 2945 te-

1845 2969 2124 3026 stimonio
2156 2972 2476 3027 sacerdotis
2499 2971 2782 3041 fultus,ad
2809 2973 3100 3045 pontificis
3113 2976 3204 3030 sui
3230 2977 3498 3033 securius

1843 3064 2107 3114 recurrat
2138 3061 2490 3115 sententiam
2523 3061 2813 3131 (ejusdem
2845 3063 3015 3133 epist.
3041 3079 3092 3117 c.
3129 3065 3235 3135 10).
3262 3064 3367 3119 Sed
3395 3081 3494 3120 ne-

1842 3165 1956 3219 que
1990 3153 2122 3220 post
2152 3147 2504 3220 pcsnitentiaa
2537 3150 2825 3204 actionem
2858 3155 3063 3223 pergat
3093 3153 3164 3207 ad
3216 3152 3494 3211 militiam

1840 3236 2202 3303 saecularem,
2235 3253 2368 3291 cum
2406 3235 2720 3307 Apostolus
2767 3237 2962 3294 dicat:
3015 3241 3184 3295 Nemo
3241 3242 3498 3299 militans

1761 3339 1804 3404 ρ
1843 3326 1969 3392 Deo,
2008 3325 2254 3396 implicat
2283 3341 2339 3381 se
2369 3327 2602 3394 negotiis
2630 3327 2988 3382 saecularibus
3018 3329 3088 3399 (II
3133 3331 3267 3400 Tim,
3321 3347 3381 3397 ιι,
3416 3332 3492 3402 4).

1840 3413 2206 3486 QuaprOpter
2259 3431 2374 3470 non
2432 3419 2522 3469 est
2569 3414 2719 3470 liber
2757 3433 2791 3470 a
2830 3414 3057 3488 laqueis
3109 3417 3344 3485 diaboli,
3393 3419 3494 3490 qui

1841 3518 1905 3557 se
1934 3503 2156 3557 militiae
2190 3504 2503 3558 mundanae
2535 3502 2782 3578 voluerit
2802 3504 3127 3576 implicare.
3154 3507 3301 3578 Ergo
3324 3506 3492 3562 illici-

1841 3596 2034 3646 torum
2065 3591 2294 3647 veniam
2329 3577 2745 3663 postulantem,
2778 3598 3004 3664 oportet
3035 3596 3209 3650 etiam
3232 3577 3266 3650 a
3287 3595 3492 3652 multis

1840 3680 2016 3736 licitis
2050 3679 2368 3747 abstinere,
2401 3682 2633 3736 dicente
2685 3681 3000 3753 Apostolo:
3050 3683 3250 3740 Omnia
3306 3685 3488 3753 licent,

1839 3771 1940 3825 sed
1967 3785 2078 3824 non
2105 3771 2294 3825 omnia
2325 3770 2626 3842 expediunt
2655 3771 2704 3842 (Ι
2745 3774 2870 3828 Cor.
2919 3789 2994 3839 v1,
3050 3774 3180 3842 12);
3231 3774 3387 3830 unde
3423 3773 3490 3850 ἐἰ

1841 3858 2131 3930 paenitens
2160 3857 2336 3913 habet
2362 3875 2623 3926 causam,
2649 3876 2828 3930 quam
2858 3860 3149 3932 negligere
3181 3861 3326 3918 forte
3371 3879 3488 3920 non

1841 3947 2068 4012 debeat,
2093 3946 2304 4002 melius
2333 3948 2550 4019 expetit
2566 3947 3028 4004 ecclesiasticum
3052 3965 3228 4020 quam
3259 3952 3490 4008 forense

1832 4035 2152 4107 judicium.

1840 4125 1974 4180 CAP.
2009 4123 2195 4179 XCIV.
2230 4153 2297 4164 -—
2331 4124 2578 4198 Qualiter
2603 4141 2834 4198 sponsus
2855 4135 2906 4182 et
2933 4143 3136 4198 sponsa
3163 4145 3196 4183 a
3214 4129 3492 4186 sacerdote

2458 4196 2875 4252 benedicuntur.

1913 4283 2124 4355 (Carth.
2158 4301 2232 4352 1v,
2266 4300 2316 4339 c.
2354 4286 2463 4356 13.)
2496 4285 2760 4356 Sponsus
2785 4290 2843 4342 et
2871 4303 3088 4358 sponsa
3143 4303 3277 4343 cum
3324 4288 3493 4344 bene-

1839 4371 2070 4428 dicendi
2102 4376 2241 4428 sunt
2273 4390 2306 4428 a
2335 4374 2654 4441 sacerdote,
2691 4393 2724 4430 a
2754 4374 3096 4446 parentibus
3119 4375 3266 4445 suis,
3289 4375 3376 4430 vel
3395 4391 3492 4447 pa-

1841 4461 2185 4533 ranymphis
2217 4462 2554 4518 offerantur.
2589 4463 2696 4527 Qui
2729 4479 2862 4517 cum
2896 4461 3361 4518 benedictionem
3393 4480 3488 4519 ac-

1840 4550 2116 4620 ceperint,
2149 4550 2351 4603 eadcm
2387 4554 2553 4605 nocte
2580 4567 2684 4620 pro
2718 4549 3038 4605 reverentia
3083 4550 3270 4622 ipsius
3315 4551 3490 4608 bene-

1839 4637 2114 4693 dictionis
2145 4636 2203 4692 in
2237 4637 2565 4709 virginitate
2598 4643 2998 4709 permaneant.

2021 4746 2154 4800 CAP.
2192 4743 2350 4798 XCV.
2386 4776 2452 4786 —
2482 4747 2622 4815 Qua:
2660 4749 2872 4818 nuptiae
2900 4746 3150 4804 vitanda'
3177 4748 3310 4802 sint.

1915 4834 2102 4904 (Cone.
2140 4834 2289 4889 Rom.
2329 4852 2364 4900 ι,
2400 4835 2509 4890 sub
2533 4835 2702 4907 Grcg.
2740 4837 2820 4902 II;
2857 4837 3006 4890 Rom.
3039 4836 3149 4890 sub
3186 4836 3406 4908 Eugcn.
3441 4834 3490 4888 ΙΙ

1843 4927 1899 4977 et
1934 4923 2122 4977 Leone
2157 4923 2278 4993 lII.)
2311 4921 2382 4978 Ut
2414 4923 2613 4980 nullus
2645 4929 2966 4996 pra-sumat
2995 4924 3111 4979 Deo
3143 4923 3394 4978 dicatam
3417 4923 3491 4978 fe-

1844 5011 2090 5079 minam,
2123 5016 2226 5068 aut
2259 5018 2639 5069 commatrem
2674 5030 2867 5080 suam,
2899 5011 2986 5068 vel
3021 5029 3351 5080 novercam,
3388 5029 3491 5068 seu

1844 5105 2114 5172 matrem,
2150 5107 2252 5157 aut
2276 5120 2558 5169 sororem,
2585 5106 2684 5156 aut
2705 5101 2884 5156 ﬁliam
2911 5099 3397 5172 spiritualom,vel
3421 5101 3492 5156 de

1843 5191 2081 5262 propria
2113 5192 2482 5264 cognatione,
2515 5189 2601 5244 vel
2626 5207 2799 5261 quam
2821 5195 3103 5261 cognatus
3126 5188 3351 5256 habuit,
3379 5187 3492 5244 sibi

1843 5279 1901 5334 in
1926 5280 2198 5351 conjugio
2214 5279 2584 5351 copulare.Et
2605 5278 2888 5349 virginem
2913 5283 3014 5333 aut
3036 5277 3269 5332 viduam
3291 5276 3492 5332 nullus

1844 5385 2047 5440 rapere
2081 5373 2415 5439 prmsumat,
2448 5372 2550 5421 aut
2583 5366 2761 5421 furari
2813 5366 2871 5420 in
2921 5382 3179 5434 uxorem,
3234 5364 3346 5419 nisi
3397 5365 3494 5420 de-

1845 5462 2187 5528 sponsatam
2221 5455 2490 5510 habuerit
2516 5472 2548 5510 a
2576 5453 2826 5526 propriis
2849 5454 3210 5525 parentibus,
3237 5452 3379 5507 vela
3402 5457 3494 5507 tu-

1845 5546 2073 5601 toribus
2105 5546 2251 5614 ejus,
2291 5543 2518 5599 etiamsi
2552 5543 2681 5615 ipsa
2701 5543 2966 5597 voluerit.
2991 5541 3046 5595 Si
3074 5539 3205 5611 quis
3228 5555 3378 5609 vero,
3402 5538 3491 5594 vel

1847 5634 1893 5689 si
1930 5650 2048 5705 qua
2078 5633 2137 5686 in
2172 5631 2367 5702 aliquo
2390 5632 2801 5701 przedictorum
2825 5630 3045 5686 nefario
3067 5627 3194 5699 conj
3206 5626 3338 5699 ugio
3361 5641 3494 5684 con-

138 5746 237 5824 (32)
271 5749 423 5810 Unde
461 5761 783 5806 monemus.
844 5745 975 5805 Ηωο
1029 5759 1218 5818 usque
1274 5743 1346 5802 ad
1407 5743 1513 5803 Sed
1566 5758 1742 5820 neque
1779 5741 1841 5800 in
1872 5740 2078 5801 Leonis
2107 5737 2369 5813 epistolis
2399 5755 2515 5796 non
2556 5737 2849 5813 leguntur,
