3946 6430
487 458 562 515 l7
1507 449 1841 510 ATTONIS
1888 446 2473 509 VERCELLENSIS
2523 444 2875 506 EPISGUPI
3826 446 3876 504 48

483 585 725 654 venerit,
756 584 902 642 etin
931 597 1002 640 eo
1043 582 1450 657 permanserit,
1483 581 1647 647 sciat,
1680 595 1743 636 se
1786 578 2131 635 auctoritate
2159 580 2214 646 Α
2242 578 2399 633 tione
2430 583 2539 633 Deo
2570 577 2853 642 conﬁteri,
2902 578 2959 631 et
3005 576 3074 630 dc
3116 576 3263 646 ipsis
3316 574 3492 632 malis
3544 576 3871 632 emendare:

482 674 765 731 canonica
784 672 1181 730 anethematis
1201 671 1431 728 vinculo
1451 686 1579 726 esse
1598 669 1969 724 innodatum.
1984 672 2127 723 Con-

484 763 948 819 sontientesvero
960 765 1136 834 atque
1146 759 1724 829 consiliantes,etiam
1737 756 2129 813 anathematis

478 849 716 907 vinculo
729 849 1122 923 implicentur.
1148 848 1208 905 Si
1223 852 1419 904 autem
1440 847 1503 915 ii,
1521 846 1623 918 qui
1648 846 1942 917 conjuncti
1968 850 2125 911 sunt,
2154 908 2157 915 Α

482 937 771 995 admoniti
784 936 1284 1007 deelinaverint,et
1297 937 1369 992 ab
1392 935 1674 991 alterutro
1697 935 1913 990 fuerint
1932 934 2125 1001 divisi,

481 1025 834 1099 paenitentia
858 1026 1303 1094 submittantur,
1336 1028 1404 1080 ut
1433 1024 1749 1096 episcopus
1779 1023 1890 1079 loci
1923 1023 2127 1094 praevi-

481 1114 650 1171 derit.
684 1113 966 1171 Similiter
992 1112 1077 1169 illi
1107 1114 1208 1186 qui
1239 1113 1301 1169 in
1332 1113 1441 1169 hoc
1462 1111 1751 1169 consiliati
1773 1111 2010 1181 fuerint,
2038 1110 2125 1166 vel

476 1202 736 1275 aliquam
764 1202 1078 1260 habuerint
1105 1202 1457 1275 portionem.
1491 1200 1845 1272 Quicunque
1873 1216 2009 1256 vero
2040 1216 2127 1255 sa-

475 1280 785 1347 cerdotum
809 1287 899 1347 vel
927 1288 1276 1345 clericorum
1304 1288 1367 1343 in
1393 1288 1616 1343 talibus
1641 1302 1952 1344 assensum
1984 1304 2128 1357 pra:-

475 1377 689 1447 buerit,
723 1381 827 1433 aut
853 1376 1371 1433 communicaverit
1398 1391 1600 1431 eorum
1633 1376 1949 1443 consortio,
1980 1392 2122 1431 con-

476 1466 810 1537 demnatus,
833 1464 1164 1534 sacerdotii,
1206 1465 1296 1520 vel
1315 1463 1624 1521 ministerii
1645 1464 1737 1520 sui
1764 1464 1983 1520 honore
2010 1464 2129 1553 pgi-

479 1557 667 1611 vetur.

473 1639 611 1699 Cap.
642 1636 828 1698 XCVI.
861 1671 930 1683 —
960 1642 1215 1716 Qualiter
1236 1643 1614 1715 unusquisque
1632 1641 1903 1698 docendus
1925 1642 2014 1697 sit.

548 1728 879 1802 (Theodulf.
910 1746 962 1788 ο.
993 1731 1109 1803 21.)
1138 1734 1281 1789 Cum
1312 1746 1448 1803 ergo
1480 1731 1751 1787 omnium
1782 1734 2122 1787 sanctarum

473 1818 913 1892 Scripturarum
925 1820 1153 1893 pagina
1162 1820 1865 1876 instrumentisbonorum
1878 1835 2119 1892 operum

479 1908 703 1964 referte
734 1907 872 1976 sint,
903 1913 961 1964 et
988 1925 1093 1981 per
1118 1912 1459 1964 sanctarum
1498 1909 1934 1982 Scripturarum
1966 1926 2119 1964 cam-

479 2010 586 2068 pos
614 1994 847 2068 possint
875 1994 1122 2052 inveniri
1145 2012 1310 2053 arma
1328 1996 1544 2068 quibus
1570 1996 1709 2052 vitia
1730 1997 2120 2068 compriman-

476 2088 658 2153 tur,et
675 2084 919 2142 virtutes
941 2086 1279 2142 nutriantur
1301 2104 1314 2154 ;
1337 2084 1547 2141 lincuit
1573 2086 1741 2141 nobis
1762 2086 1899 2141 huic
1922 2088 2120 2141 nostro

475 2171 791 2245 Capitularl
820 2172 1077 2231 inserere
1106 2174 1457 2230 sententiam
1480 2174 1790 2246 cujusdam
1825 2173 2012 2230 Patris
2034 2174 2116 2246 (S.

474 2260 770 2319 Benedict.
801 2261 1004 2335 Regul.
1036 2278 1165 2334 cap.
1199 2261 1254 2333 4)
1286 2263 1357 2318 de
1395 2261 1809 2319 instrumentis
1830 2263 2118 2318 bonorum

473 2360 739 2420 operum,
766 2348 829 2404 in
860 2364 979 2420 qua
1005 2365 1222 2422 magna
1272 2351 1557 2406 brevitate
1586 2351 1728 2422 quid
1759 2352 1854 2422 agi
1905 2350 2118 2422 quidve

468 2433 643 2492 vitari
673 2432 882 2492 debeat
900 2436 1249 2493 continetur.
1272 2440 1337 2492 In
1357 2436 1565 2509 primis
1586 2438 1903 2494 Dominum
1926 2438 2116 2493 Deum

467 2521 731 2597 diligere,
763 2538 833 2581 ex
861 2527 985 2582 toto
1014 2525 1208 2595 corde,
1259 2528 1382 2581 tota
1433 2526 1654 2597 anima,
1704 2529 1827 2581 tota
1876 2526 2115 2593 virtute,

471 2610 682 2670 deinde
711 2611 1045 2685 proximnm
1073 2616 1357 2685 tanquam
1405 2612 1686 2686 seipsum.
1731 2614 1952 2670 Deinde
2000 2630 2117 2669 non

473 2700 773 2759 occidere:
808 2716 925 2758 non
957 2701 1325 2759 adulterare:
1359 2718 1477 2758 non
1508 2702 1698 2758 facere
1748 2703 1968 2757 furtum
1999 2718 2115 2757 non

470 2789 884 2862 concupiscere
907 2807 923 2847 :
945 2804 1063 2847 non
1088 2790 1305 2847 falsum
1325 2790 1731 2847 testimonium
1754 2790 1946 2847 dicere
1970 2809 1982 2847 :
2008 2791 2113 2847 ho-

469 2890 680 2935 norare
707 2890 911 2935 omnes
941 2877 1248 2949 homines;
1281 2883 1339 2936 et
1366 2880 1523 2952 quod
1557 2879 1669 2935 sibi
1698 2880 1833 2951 quis
1851 2879 1975 2936 fieri
1997 2897 2112 2935 non

463 2966 608 3034 vult,
635 2965 801 3024 alteri
830 2983 947 3024 non
980 2966 1175 3024 faciat.
1205 2969 1507 3043 Abnegare
1540 2968 1925 3041 semetipsum
1975 2969 2108 3041 sibi,

463 3059 530 3111 ut
558 3053 855 3112 Christum
886 3059 1188 3129 sequatur,
1225 3072 1438 3130 corpus
1487 3056 1816 3130 castigare;
1868 3056 2108 3114 delicias

461 3159 579 3201 non
608 3143 903 3216 amplecti.
955 3145 1256 3216 Jejunium
1293 3160 1524 3216 amare;
1578 3150 1636 3201 et
1675 3162 1963 3219 pauperes
2014 3163 2106 3202 re-

460 3243 699 3288 creare:
732 3232 959 3289 nudum
989 3233 1200 3290 vestire
1229 3250 1243 3304 ;
1276 3234 1581 3291 infirmum
1637 3235 1893 3303 visitare,
1943 3251 2100 3291 mor-

455 3323 629 3377 tuum
647 3319 1211 3394 sepelire,dolentem
1242 3320 1551 3379 consolari.
1586 3326 1629 3377 Α
1651 3323 1848 3379 saeculi
1871 3324 2099 3380 actibus
2131 3312 2174 3380 C

464 3420 530 3466 se
555 3408 742 3465 facere
763 3406 1023 3465 alienum
1049 3427 1065 3480 ;
1098 3407 1245 3466 nihil
1276 3409 1460 3467 amori
1490 3410 1703 3467 Christi
1740 3428 2095 3484 praaponere.

454 3496 609 3554 Iram
642 3508 756 3554 non
787 3496 1084 3570 perﬁcere,
1116 3498 1432 3556 iracundiae
1473 3503 1706 3572 tempus
1752 3516 1867 3556 non
1917 3517 2097 3557 reser.

449 3600 607 3644 vare.
638 3585 848 3644 Delum
877 3586 938 3643 in
967 3587 1143 3644 corde
1197 3604 1316 3643 non
1362 3591 1580 3643 tenere.
1627 3588 1836 3644 Pacem
1886 3588 2095 3644 falsam

449 3686 568 3730 non
586 3675 726 3731 dare
746 3693 762 3745 ;
787 3675 1129 3732 charitatem
1150 3692 1266 3731 non
1283 3675 1709 3746 derelinquere.
1732 3676 1857 3732 Non
1869 3677 2093 3749 jurare,

449 3770 522 3818 ne
552 3761 699 3820 forte
730 3764 1006 3836 perjuret.
1035 3763 1354 3820 Veritatem
1384 3779 1453 3819 ex
1481 3765 1654 3819 corde
1706 3769 1763 3820 et
1812 3780 1909 3820 ore
1956 3781 2095 3837 pro-

446 3848 634 3908 ferre:
666 3850 890 3908 malum
919 3866 1025 3924 pro
1050 3849 1204 3908 malo
1225 3867 1342 3908 non
1373 3851 1613 3908 reddere
1637 3870 1650 3920 ;
1670 3851 1949 3924 injuriam
1974 3870 2092 3908 non

444 3936 652 4012 facere,
685 3941 787 3998 sed
817 3943 875 3998 et
900 3940 1118 3997 factam
1147 3940 1438 4013 patienter
1488 3940 1767 3997 sufferre:
1819 3942 2090 3999 inimicos

443 4026 721 4101 diligere;
750 4028 1170 4086 maledicentes
1199 4045 1315 4085 non
1348 4028 1715 4099 maledicere,
1749 4030 1850 4086 sed
1899 4030 2090 4103 magis

441 4114 819 4175 benedicere:
852 4116 1319 4190 persecutionem
1350 4134 1454 4190 pro
1494 4118 1730 4189 justitia
1772 4119 2084 4176 sustinere.

438 4203 567 4261 Non
594 4220 723 4262 esse
753 4205 1099 4278 superbum,
1132 4204 1249 4262 non
1281 4205 1665 4278 vinolentum,
1690 4224 1806 4262 non
1830 4206 2085 4263 multum

437 4294 700 4363 edacem,
731 4310 847 4351 non
881 4293 1344 4362 somnolentum,
1369 4310 1485 4351 non
1509 4295 1766 4368 pigrum,
1786 4312 1900 4351 non
1924 4313 2084 4352 mur-

436 4396 768 4453 murosum,
801 4399 918 4441 non
951 4383 1360 4440 detractorem.
1394 4383 1569 4456 Spem
1601 4400 1771 4440 suam
1789 4383 1905 4439 Deo
1932 4401 2085 4440 com-

434 4472 686 4543 mittere,
720 4472 941 4530 bonum
973 4472 1196 4546 aliquid
1227 4472 1286 4529 in
1320 4489 1384 4529 se
1413 4489 1549 4528 cum
1572 4472 1800 4542 viderit,
1833 4473 1947 4530 Deo
1979 4491 2080 4547 ap-

2239 667 2530 723 dcsideria
2567 666 2761 722 carnis
2810 682 2925 720 non
2980 666 3289 737 perﬁcere:
3338 665 3717 721 voluntatem
3764 683 3870 737 pro-

2238 757 2426 829 priam
2450 757 2612 811 odire
2630 776 2647 810 :
2672 754 2972 827 praeceptis
3002 755 3322 809 sacerdotis
3346 758 3404 809 et
3431 756 3809 826 praeceptoris
3830 755 3868 809 in

2238 845 2515 901 omnibus
2545 845 2800 909 obedire,
2834 843 3062 899 etiamsi
3095 844 3219 915 ipse
3249 842 3440 914 aliter,
3503 844 3668 916 quod
3720 843 3868 909 absit,

2238 938 2412 1004 agat;
2445 950 2735 989 memores
2764 932 2922 987 illius
2956 932 3241 987 Dominici
3273 932 3550 1004 praecepti
3580 951 3592 987 :
3640 936 3783 1005 Quae
3810 934 3871 987 di-

2234 1026 2363 1077 cunt
2392 1024 2560 1093 facite
2579 1039 2598 1083 ,·
2628 1038 2747 1094 quae
2776 1027 2958 1076 autem
2983 1023 3208 1091 faciunt
3237 1023 3418 1091 facere
3462 1022 3643 1076 nolite
3696 1020 3873 1094 (Matth.

2234 1128 2399 1178 xxxii,
2430 1112 2506 1182 3).
2541 1111 2666 1167 Non
2697 1110 2841 1165 velle
2874 1109 2986 1164 dici
3018 1114 3292 1165 sanctum
3313 1115 3644 1183 antequam
3674 1110 3770 1181 sit,
3798 1113 3873 1167 sed

2235 1200 2399 1271 prius
2430 1216 2577 1270 esse,
2615 1200 2767 1271 quod
2802 1198 2994 1254 verius
3025 1198 3292 1254 dicatur:
3326 1204 3623 1271 praecepta
3667 1200 3764 1255 Dei
3811 1200 3870 1254 fa-

2235 1291 2345 1342 ctis
2374 1288 2611 1359 quotide
2644 1288 2878 1343 studeat
2906 1287 3261 1358 adimplere;
3293 1286 3636 1344 castitatem
3669 1305 3869 1354 amare;

2237 1372 2467 1430 nullum
2498 1376 2680 1440 odire,
2712 1374 2901 1431 zelum
2933 1379 2988 1430 et
3018 1373 3301 1430 invidiam
3334 1391 3451 1430 non
3483 1376 3709 1432 habere
3733 1395 3745 1445 ;
3768 1394 3874 1431 can-

2231 1463 2551 1519 tentionem
2573 1482 2689 1519 non
2730 1463 3322 1532 amare;rclationem
3370 1465 3871 1537 fugerc;seniores

2233 1552 2544 1623 venerari,j
2558 1554 2791 1608 uniores
2809 1552 3084 1625 diligere;
3107 1553 3169 1609 in
3182 1553 3399 1610 Christi
3424 1571 3631 1611 amore
3657 1572 3762 1628 pro
3784 1556 3870 1610 ini-

2235 1642 2403 1696 micis
2418 1658 2581 1697 orare
2602 1660 2615 1709 ;
2641 1658 2775 1698 cum
2799 1642 3273 1698 discordantibus
3287 1647 3422 1698 ante
3445 1643 3593 1701 solis
3618 1661 3869 1701 occasum

2233 1729 2291 1784 in
2324 1746 2527 1800 pacem
2559 1730 2769 1801 redire,
2804 1734 2860 1787 et
2890 1731 2962 1786 de
2994 1730 3095 1786 Dei
3128 1731 3536 1789 misericordia
3586 1750 3870 1807 nunquam

2231 1818 2562 1890 desperare.

2301 1908 2444 1963 Eccc
2474 1908 2595 1963 haec
2625 1913 2765 1963 sunt
2796 1908 3191 1964 instrumenta
3217 1910 3362 1965 artis
3388 1908 3706 1981 spiritalis,
3766 1929 3870 1984 que

2232 2013 2366 2051 cum
2382 1997 2596 2052 fuerint
2609 2014 2641 2052 a
2654 1996 2821 2052 nobis
2836 1998 2936 2052 diu
2952 2002 3245 2069 noctuque
3261 1997 3699 2054 incessabiliter
3712 2000 3871 2056 adim-

2230 2086 2406 2158 pleta,
2435 2091 2490 2140 et
2520 2085 2578 2139 in
2612 2086 2703 2140 die
2726 2085 2937 2155 judicii
2970 2086 3399 2157 reconsignata,
3428 2086 3531 2143 illa
3551 2089 3866 2145 retribuen-

2228 2180 2325 2229 tur
2354 2174 2522 2228 nobis
2554 2191 2588 2228 a
2630 2176 2871 2229 Domino
2922 2175 3520 2246 recompensabiliter,
3577 2193 3711 2249 quas
3758 2179 3863 2250 ipse

2229 2262 2535 2333 promisit:
2572 2262 2719 2331 Quod
2750 2264 2935 2318 oculus
2964 2280 3074 2318 non
3104 2265 3260 2335 vidit,
3293 2280 3391 2319 nec
3438 2268 3597 2320 auris
3645 2268 3864 2337 audivit,

2226 2367 2323 2405 nec
2354 2354 2412 2406 in
2442 2368 2533 2407 cor
2562 2353 2799 2408 hominis
2828 2354 3071 2408 ascendit
3097 2369 3221 2424 qum
3251 2356 3607 2427 prmparavit
3637 2357 3777 2413 Deus
3797 2357 3866 2411 his

2226 2440 2322 2511 qui
2352 2441 2595 2510 diligunt
2626 2458 2753 2496 eum
2782 2442 2828 2511 (I
2858 2442 2976 2496 Cor.
3012 2459 3076 2513 ιι,
3119 2443 3196 2514 9).

2226 2573 2359 2628 CAP.
2392 2574 2601 2629 XCVII.
2628 2605 2696 2614 —
2723 2576 2783 2631 Ut
2809 2578 3110 2658 orationem
3129 2578 3472 2633 Dominicam
3492 2581 3542 2634 et
3559 2579 3864 2649 Symbolum

2756 2656 3069 2703 memoriter
3091 2656 3332 2705 teneant.

2296 2739 2620 2811 (Theodulf.
2653 2760 2703 2798 c.
2724 2744 2841 2816 2'2.)
2872 2746 3292 2801 Commonendi
3321 2749 3464 2802 sunt
3493 2763 3703 2804 omnes
3736 2749 3864 2804 fide-

2224 2828 2329 2896 les,
2362 2835 2429 2886 ut
2458 2831 2807 2902 generaliter
2835 2850 2869 2889 a
2900 2834 3143 2889 minimo
3186 2851 3375 2907 usque
3425 2836 3499 2891 ad
3545 2838 3863 2893 maximum

2222 2919 2544 2976 orationem
2578 2921 2960 2993 Dominicam,
2983 2927 3040 2978 et
3060 2924 3395 2995 symbolum
3424 2927 3766 2982 memoriter
3784 2931 3860 2983 te-

2220 3012 2435 3069 neant;
2464 3013 2522 3064 et
2551 3009 2862 3066 dicendum
2885 3011 2970 3066 eis
2999 3012 3151 3082 quod
3183 3011 3241 3066 in
3265 3012 3357 3067 his
3382 3014 3616 3069 duabus
3639 3020 3859 3071 senten-

2216 3096 2316 3152 tiis
2348 3114 2518 3153 omne
2551 3098 2685 3154 fidei
2716 3099 3054 3155 Christiana:
3077 3101 3527 3157 fundamentum
3552 3101 3857 3171 incumbit,

2215 3190 2272 3241 et
2300 3186 2413 3242 nisi
2446 3187 2540 3258 qui
2577 3186 2683 3243 has
2714 3188 2860 3243 duas
2878 3189 3197 3245 sententias
3221 3191 3561 3246 memoriter
3584 3193 3852 3259 tenuerit,

2213 3278 2271 3330 et
2297 3291 2366 3330 ex
2394 3280 2513 3331 toto
2545 3278 2717 3331 corde
2747 3278 3078 3346 crediderit,
3113 3283 3170 3334 et
3200 3279 3258 3333 in
3291 3280 3553 3335 oratione
3604 3282 3854 3354 saepissi-

2211 3378 2304 3418 me
2319 3363 2787 3435 frequentaverit,
2813 3364 3135 3421 catholicus
3156 3381 3285 3422 esse
3311 3383 3425 3421 non
3449 3367 3689 3439 poterit.
3714 3372 3854 3424 Con-

2208 3452 2486 3507 stitutum
2519 3464 2773 3524 namque
2803 3456 2910 3522 est,
2937 3457 3001 3508 ut
3021 3452 3219 3509 nullus
3242 3453 3621 3525 chrismetur,
3679 3472 3859 3530 neque

2207 3540 2554 3612 baptizetur,
2588 3558 2775 3612 neque
2805 3558 2839 3597 a
2868 3541 3100 3597 lavacro
3136 3542 3311 3598 fontis
3343 3542 3528 3599 alium
3551 3547 3856 3618 suscipiat,

2205 3645 2395 3700 neque
2426 3645 2621 3684 coram
2651 3630 2921 3701 episcopo
2945 3630 3017 3685 ad
3039 3631 3511 3687 conﬁrmandum
3535 3633 3859 3704 quemlibet

2206 3720 2420 3783 teneat,
2453 3716 2567 3772 nisi
2599 3718 2954 3790 symbolum,
3000 3723 3056 3774 et
3113 3720 3438 3776 orationem
3491 3721 3855 3778 Dominicam

2206 3804 2539 3861 memoriter
2555 3807 3092 3879 tenuerit,exceptis
3108 3808 3201 3863 his
3218 3825 3368 3881 quos
3390 3809 3462 3864 ad
3487 3809 3856 3883 loquendum

2201 3897 2341 3949 aetas
2373 3894 2615 3951 minime
2647 3896 2938 3968 perduxit.

2270 4010 2402 4066 CAP.
2451 4010 2692 4067 XCVIII.
2726 4043 2795 4053 —
2828 4014 2889 4068 Ut
2936 4011 3032 4067 hos
3078 4030 3312 4071 canones
3363 4015 3555 4071 nullus
3612 4020 3857 4090 refutare

2858 4094 3179 4155 prmsumat.

2267 4186 2556 4254 (Gelasius
2590 4189 2631 4255 Ι,
2663 4189 2833 4260 epist.
2865 4190 2947 4261 9.)
2984 4190 3248 4265 Cumque
3268 4192 3439 4249 nobis
3461 4198 3675 4252 contra
3697 4196 3858 4254 salu-

2194 4276 2410 4330 tarium
2464 4277 2843 4334 reverentiam
2899 4280 3238 4351 regularum
3283 4282 3603 4354 cupiamus
3626 4290 3857 4342 temere

2194 4363 2341 4418 nihil
2370 4363 2565 4431 licere,
2596 4369 2812 4421 etcum
2843 4368 3021 4425 Sedes
3066 4369 3387 4441 apostolica
3434 4374 3713 4444 superior
3763 4375 3859 4430 his

2192 4453 2488 4520 omnibus,
2522 4454 2749 4511 favente
2781 4457 3048 4526 Domino,
3082 4474 3210 4529 quae
3230 4460 3495 4531 paternis
3517 4464 3858 4520 canonibus

433 4559 627 4632 plicet,
659 4578 774 4617 non
797 4561 910 4637 sibi
939 4588 955 4630 ;
986 4543 1208 4619 malum
1237 4580 1372 4620 vero
1423 4580 1656 4637 semper
1683 4581 1717 4620 a
1747 4580 1809 4621 se
1861 4543 2078 4620 factum
2191 4547 2330 4641 εξξηί
2358 4543 2623 4641 Ρῗέθίῖἶίαλ
2652 4543 2768 4615 Pio:
2804 4545 3126 4641 deVQtoque
3154 4548 3391 4604 είυάθδί
3417 4553 3627 4641 Periere
3643 4570 3860 4626 ΡΓοΡο-

432 4631 606 4718 sciat,
634 4653 694 4704 et
721 4631 835 4705 sibi
866 4655 1121 4746 reputet.
1145 4652 1309 4707 Diem
1332 4631 1779 4746 judicii-timere
1803 4670 1816 4708 :
1861 4654 2076 4746 gehen-
2109 4681 2158 4746 Β
2186 4631 3857 4746 ﬂintloﬁitziiiﬂdjgg{lffff‘ﬁllfnlfl‘jﬁﬂiSi?Ponffﬁcum.

428 4752 568 4792 nam
596 4717 1013 4809 expavescer‘e;
1048 4738 1229 4793 vitam
1278 4717 1551 4797 demam
1592 4744 1752 4799 omni
1799 4717 2077 4816 οοῖιωρί,
2109 4717 2158 4746 υ
2186 4717 2275 4816 vel
2305 4720 2576 4777 ordinum
2602 4723 3093 4793 subsequentium
3116 4725 3267 4781 haue
3293 4726 3745 4787 observantiam
3770 4749 3860 4788 re-

427 4822 650 4881 soentia
671 4807 935 4898 spiritali
967 4826 1340 4894 desiderare;
1398 4833 1646 4885 mortem
1692 4837 1826 4888 ante
1875 4807 2075 4888 oculos
2185 4807 2393 4879 “tam:
2425 4827 2601 4880 quam
2636 4812 2787 4866 beati
2817 4812 2969 4868 Petri
3001 4816 3200 4870 sedem
3230 4820 3289 4870 et
3319 4817 3486 4888 εθιῖῑιί
3520 4819 3748 4887 Videat,
3796 4826 3859 4877 ει

430 4913 690 4987 quotidie
714 4919 1050 4988 suspectam
1081 4915 1297 4971 habere
1323 4932 1337 4984 ;
1373 4920 1539 4972 actus
1569 4919 1696 4973 vita,
1740 4936 1861 4975 sum
1912 4922 2074 4977 omni
2184 4898 2389 4954 docere
2420 4900 2524 4969 (Ex
2542 4898 2684 4955 Julii
2716 4901 2766 4970 1,
2792 4901 2960 4972 epist.
2998 4905 3047 4973 1,
3067 4920 3118 4958 c.
3147 4904 3283 4970 4,ea
3304 4906 3577 4963 Gelasius
3600 4916 3854 4966 mutua-

424 5001 572 5059 hora
598 5002 914 5060 custodire.
949 5003 1014 5059 In
1047 5002 1209 5059 omni
1239 5001 1369 5059 loco
1394 5004 1579 5060 Deum
1600 5008 1948 5078 prospicere.
1972 5011 2076 5065 Co-
2181 4988 2434 5078 915959:
2470 4988 2733 5078 ξθίῖείῖυθ
2763 4992 3111 5047 θοηνθάίθηε
3142 4992 3236 5062 δίεν
3271 4998 3336 5048 ut
3365 4998 3560 5052 “tum
3626 5015 3856 5072 corpus

428 5089 743 5162 είιειίοηθε
776 5091 963 5148 malas
1023 5092 1213 5148 cordis
1262 5093 1357 5149 sui
1402 5074 1774 5150 adveni'enteg
1818 5113 1952 5151 mox
2000 5099 2073 5153 ad
2180 5074 2450 5131 Ecclesiae
2480 5075 2539 5129 in
2572 5076 2722 5133 hanc
2753 5079 2989 5136 sibimet
3017 5082 3486 5140 observationem
3519 5091 3859 5145 concordet

427 5176 724 5235 Christum
743 5178 1001 5252 allidere,
1023 5185 1081 5236 et
1105 5180 1320 5237 seniori
1350 5180 1604 5254 spiritali
1629 5183 1971 5255 patefacere.
1993 5185 2070 5243 Os

2248 5180 2358 5220 iam
2390 5162 2765 5237 illlicvirgere
2778 5170 3227 5240 conspiciat,ubi
3246 5173 3536 5231 Dominus
3560 5177 3857 5235 Ecclesiae

423 5281 600 5324 suum
631 5284 667 5323 a
696 5267 849 5324 malo
868 5267 1012 5324 vela
1033 5285 1210 5340 pravo
1232 5252 1463 5342 eloquio
1484 5252 1796 5328 custodire.
1826 5272 1888 5328 In
1910 5276 2067 5331 omni
2178 5252 2358 5308 tom”
2380 5254 2577 5324 Ροευίί
2605 5257 2790 5327 P“irlci
2805 5263 3031 5328 Pamm-

422 5353 549 5411 loco
580 5361 762 5412 Deum
793 5356 1143 5429 prospicere.
1181 5358 1428 5417 Multum
1459 5359 1621 5434 loqui
1664 5378 1780 5417 non
1829 5379 2062 5433 amare;

422 5444 600 5501 verba
617 5458 769 5501 vana
798 5449 899 5500 aut
917 5445 1065 5501 risui
1084 5451 1222 5519 apta
1241 5463 1355 5504 non
1376 5447 1537 5521 loqui
1563 5475 1577 5519 ;
1602 5450 1789 5507 risum
1811 5451 2065 5508 multum

2248 5366 2379 5423 CAP.
2440 5368 2625 5425 XCIX.
2657 5402 2727 5412 —-
2759 5374 2819 5428 Ut
2857 5389 2979 5444 quae
3024 5379 3233 5431 statuta
3281 5385 3410 5433 sunt
3457 5380 3626 5437 nullo
3674 5384 3857 5440 modo

2814 5446 3198 5503 immutentur.

420 5534 525 5589 aut
543 5547 855 5589 excussum
870 5548 984 5589 non
1003 5550 1199 5591 amare
1224 5561 1239 5604 ;
1262 5535 1538 5595 lectiones
1563 5543 1797 5596 sanctas
1817 5539 2066 5597 libenter

420 5620 644 5690 audire,
678 5620 928 5677 orationi
979 5621 1314 5694 frequenter
1360 5624 1714 5683 incumbere.
1764 5626 1917 5684 Mala
1956 5646 2064 5685 sua

417 5707 713 5796 praeterita
730 5724 866 5770 cum
892 5708 1188 5791 lacrymls,
1213 5711 1303 5771 vel
1314 5714 1539 5789 gemitu
1560 5716 1821 5791 quotidie
1850 5717 1912 5775 in
1932 5734 2061 5775 ora-

2244 5544 2373 5601 Hmc
2400 5563 2532 5603 vero
2564 5552 2784 5606 statuta
2811 5550 2977 5608 nulla
3006 5554 3219 5609 debent
3252 5554 3641 5626 improbitate
3702 5579 3857 5620 con-

2169 5631 2329 5700 velli,
2356 5636 2518 5693 nulla
2546 5639 2799 5696 novitate
2831 5642 3069 5713 mutari,
3100 5643 3242 5715 quia
3272 5644 3388 5702 alia
3418 5648 3570 5706 ratio
3603 5658 3707 5711 est
3732 5670 3857 5711 sae-

2169 5721 2458 5783 cularium
2490 5727 2606 5785 alia
2632 5728 2984 5793 divinorum.
