3946 6418
361 458 442 526 55
1391 455 1733 519 ATTONIS
1777 449 2359 515 VERCELLENSIS
2403 447 2759 511 EPISCOPI
3716 447 3794 509 56

361 597 420 652 di
450 608 798 666 responsum
831 593 1065 663 propter
1110 590 1510 646 innocentium
1543 575 2004 659 simplicitatem,
2037 585 2091 650 Α
2121 583 2244 637 lum
2278 598 2481 637 eorum
2514 581 2807 637 sententia
2855 596 2970 636 non
3004 598 3039 636 a
3086 596 3193 636 suo
3217 579 3421 652 judice
3447 581 3616 638 dicta
3650 598 3791 638 con-

358 689 416 740 et
451 684 852 755 improborum
909 685 1325 751 argumentosa
1371 679 1850 733 machinamenta
1896 691 2010 729 non

357 773 648 828 modicam
682 773 1116 833 concesserunt,
1151 769 1425 823 Damnari
1449 768 1625 821 etiam
1659 783 1756 820 eos
1789 766 2011 834 absque

360 865 572 918 sanctae
606 862 878 915 Romanae
901 859 1066 913 Sedis
1083 858 1419 912 auctoritate
1445 855 1873 910 interdixerunt
1894 868 2013 906 om-

362 951 535 1017 nino;
570 948 837 1020 quamvis
868 947 1090 1013 audire,
1122 947 1207 1000 vel
1232 947 1520 1000 discutere
1549 941 2013 1014 instrepolitanis

363 1055 483 1094 una
504 1054 636 1093 cum
669 1053 957 1092 consensu
990 1035 1254 1090 omnium
1291 1031 1867 1104 comprovincialium
1899 1029 2018 1100 epi-

365 1143 676 1200 scoporum
710 1126 786 1181 sit
816 1124 1048 1179 licentia
1079 1123 1380 1178 attributa.

436 1217 544 1270 Sed
580 1232 651 1271 ne
677 1213 895 1286 aliquid
949 1213 1265 1267 enormiter
1314 1209 1474 1281 loqui
1525 1208 1846 1272 videamur,
1881 1222 2013 1260 san-

364 1308 589 1361 ctorum
620 1305 860 1359 Patrum
881 1300 1354 1356 institutionibus
1377 1315 1445 1353 ca
1466 1315 1590 1367 quae
1612 1298 1737 1366 jam
1761 1295 2016 1350 diximus

363 1393 602 1448 interim
634 1391 1020 1446 afﬁrmemus.
1073 1387 1494 1443 Sanctissimae
1541 1385 1756 1456 quippe
1798 1387 2018 1453 martyr

365 1481 686 1538 Alexander
717 1495 782 1533 ac
802 1480 1096 1533 Romanus
1129 1493 1280 1546 papa
1305 1474 1383 1528 ait
1404 1475 1582 1544 (epist.
1609 1475 1661 1541 1)
1688 1490 1700 1526 :
1735 1495 1762 1521 «
1787 1471 1844 1527 Si
1887 1472 2017 1542 quis

367 1586 505 1640 erga
571 1568 912 1640 episcopum
965 1565 1048 1620 vel
1100 1571 1320 1619 actores
1375 1563 1640 1617 Ecclesiae
1696 1560 2020 1632 quamlibet

369 1658 664 1729 querelam
699 1657 948 1727 justam,
983 1671 1044 1709 se
1075 1653 1288 1708 habere
1316 1651 1646 1716 crediderit,
1697 1667 1810 1704 non
1856 1650 2018 1719 prius

369 1746 648 1818 primates
679 1749 781 1800 aut
828 1743 972 1798 alios
1012 1742 1244 1812 judices
1296 1757 1472 1811 quam
1522 1740 1681 1810 ipsos
1724 1756 1758 1793 a
1805 1737 2019 1808 quibus

371 1851 434 1891 se
464 1835 667 1889 laesum
697 1832 1012 1900 existimat,
1047 1830 1352 1886 conveniat
1383 1827 1786 1894 familiariter;
1821 1831 1876 1881 et
1906 1842 2019 1880 non

368 1927 596 1979 tentum
632 1920 832 1987 semel,
868 1921 968 1976 sed
1001 1919 1345 1990 saepissime,
1381 1922 1444 1972 ut
1469 1918 1541 1971 ab
1573 1917 1660 1971 eis
1707 1919 1810 1970 aut
1854 1930 2020 1969 suam

363 2012 681 2084 justitiam,
743 2013 844 2064 aut
893 2009 1120 2079 justam
1180 2006 1428 2078 accipiat
1483 2005 1937 2060 excusationem.
1993 2024 2020 2050 »

368 2102 515 2156 Item
545 2098 856 2155 Anacletus
887 2099 1064 2169 (epist.
1088 2100 1122 2150 2
1147 2113 1159 2152 :
1183 2120 1209 2146 «
1241 2096 1296 2149 Si
1323 2095 1479 2150 enim
1512 2096 1635 2150 sine
1665 2094 1909 2148 crimine
1932 2109 2022 2146 sa-

366 2189 569 2245 cerdos
601 2187 734 2259 eligi
783 2187 1135 2258 praecipitur,
1186 2184 1525 2240 nullatenus
1575 2185 1646 2238 ab
1681 2181 2022 2237 hominibus

365 2277 710 2334 criminibus
741 2275 978 2330 irretitis
1026 2274 1290 2329 accusari
1341 2279 1441 2328 aut
1491 2271 1841 2327 caluminari
1893 2287 2020 2342 per-

367 2366 638 2430 mittitur,
661 2381 766 2418 nec
793 2364 864 2417 ab
896 2362 1029 2417 aliis
1058 2378 1235 2433 quam
1268 2363 1340 2416 ab
1367 2361 1459 2414 his
1491 2361 1587 2430 qui
1615 2361 1740 2415 sine
1776 2359 2021 2414 crimine

369 2457 526 2521 sunt,
577 2456 634 2506 et
685 2453 856 2520 juxta
931 2449 1300 2513 electionem,
1351 2449 1398 2502 si
1449 2449 1766 2502 necessitas
1826 2448 2018 2515 fuerit,

369 2545 471 2598 aut
505 2539 638 2611 ipsi
685 2539 926 2594 volendo
983 2537 1230 2592 Domino
1286 2537 1502 2590 servire
1560 2537 1859 2606 elegerint,
1923 2553 2020 2590 sa-

369 2630 748 2699 cerdotesque
781 2627 908 2681 sine
939 2626 1182 2681 crimine
1220 2625 1362 2690 ﬁeri,
1397 2629 1451 2678 et
1477 2625 1736 2679 ordinari
1774 2623 2019 2694 possint,

370 2722 426 2773 et
456 2717 601 2772 tales
628 2733 730 2787 per
759 2715 955 2771 omnia
986 2715 1222 2778 fuerint,
1275 2712 1480 2784 quales
1511 2713 1643 2783 eligi
1692 2714 2021 2767 sacerdotes

361 2806 668 2876 jubentur.
729 2825 758 2853 »
807 2802 1205 2873 Eutychianus
1264 2803 1440 2871 (epist.
1501 2805 1594 2869 2.):
1660 2822 1685 2849 ‹‹
1744 2801 2020 2870 Quisquis

367 2894 466 2949 ille
495 2898 585 2948 est
636 2892 734 2963 qui
793 2891 1014 2946 crimen
1073 2890 1346 2957 intendit,
1405 2890 1463 2944 in
1507 2891 1800 2960 judicium
1833 2890 2022 2943 veniat

368 2997 580 3038 nomen
616 2981 698 3036 rei
723 2979 962 3043 indicet,
997 2979 1297 3034 vinculum
1324 2979 1723 3050 inscrpitionis
1757 2979 2016 3049 arripiat,

369 3070 646 3126 custodias
668 3067 1140 3132 similitudinem,
1158 3067 1359 3123 habita
1379 3073 1573 3122 tamen
1594 3068 1897 3138 dignitatis
1911 3067 2022 3121 exi-

368 3157 1008 3229 stimatione,patiatur,
1031 3173 1100 3211 ne
1125 3157 1269 3211 forte
1296 3156 1520 3211 noverit
1540 3156 1648 3210 sibi
1674 3154 2018 3211 attributam

366 3247 660 3303 licentiam
679 3245 995 3301 mentiendi
1007 3261 1159 3311 ,cum
1177 3244 1602 3300 calumniantes
1616 3245 1685 3298 ad
1700 3244 2017 3298 vindictam

2122 671 2390 740 stringat.
2428 693 2454 719 ››
2491 671 2556 724 Et
2583 671 2771 726 idem:
2807 695 2833 720 ‹‹
2886 671 3202 726 Duodecim
3245 671 3482 741 judices
3534 671 3790 742 quilibet

2121 760 2430 831 episcopus
2463 765 2790 827 accusatus,
2827 761 2875 815 si
2900 776 3134 814 necesse
3155 760 3348 830 fuerit,
3368 760 3572 832 eligat,
3607 762 3788 832 aqui-

2120 851 2233 903 bus
2266 851 2391 919 ejus
2425 866 2602 903 causa
2626 851 2787 919 juste
2812 850 3145 918 judicetur;
3173 865 3275 903 nec
3308 851 3472 920 prius
3508 850 3792 906 audiatur

2123 943 2223 992 aut
2245 939 2785 992 excommunicetur
2804 938 2888 992 vel
2905 937 3224 1007 judicetur,
3251 954 3428 1009 quam
3452 939 3571 1010 ipsi
3603 957 3710 1011 per
3729 957 3791 996 se

2122 1027 2361 1097 eligant.
2401 1049 2427 1075 »
2463 1029 2528 1081 Et
2557 1027 2737 1082 Felix:
2775 1050 2802 1076 ‹‹
2834 1033 2909 1080 De
2930 1027 3182 1081 induciis
3203 1044 3334 1082 vero
3365 1028 3789 1099 episcoporum

2125 1133 2300 1186 super
2331 1116 2545 1186 quibus
2575 1117 2980 1181 consuluistis,
3013 1115 3279 1170 diversas
3317 1133 3350 1170 a
3379 1117 3662 1171 Patribus
3698 1133 3791 1172 re—

2125 1204 2292 1276 gulas
2324 1203 2654 1258 invenimus
2688 1205 3010 1272 institutas.
3044 1205 3291 1266 Quidam
3315 1205 3472 1259 enim
3499 1207 3572 1260 ad
3609 1205 3794 1277 repel-

2127 1294 2298 1348 lenda
2329 1294 2736 1364 imperitorum
2769 1293 3266 1363 machinamenta,
3297 1299 3354 1348 et
3387 1311 3528 1349 suas
3560 1311 3790 1366 praepa-

2129 1383 2341 1436 randas
2363 1382 2790 1452 responsiones,
2817 1388 2874 1436 et
2891 1387 3068 1436 testes
3091 1383 3548 1450 conﬁrmandos,
3565 1389 3627 1438 et
3650 1400 3790 1438 con.

2127 1469 2260 1524 silia
2289 1469 2717 1540 episcoporum,
2743 1476 2918 1542 atque
2950 1470 3272 1525 amicorum
3316 1473 3659 1542 quaerenda,
3693 1490 3791 1527 an-

2128 1575 2271 1611 num
2303 1563 2358 1611 et
2391 1575 2488 1612 sex
2522 1575 2752 1613 menses
2777 1559 3200 1613 mandaverunt
3224 1559 3462 1614 concedi
3493 1577 3506 1626 ;
3543 1561 3788 1631 quidam

2129 1651 2324 1701 autem
2357 1664 2574 1701 annum
2603 1648 2661 1701 in
2695 1664 2808 1717 quo
2859 1647 3096 1719 plurimi
3155 1649 3533 1703 concordant.
3594 1650 3788 1704 Minus

2127 1752 2260 1790 vero
2293 1752 2470 1806 quam
2515 1752 2613 1790 sex
2658 1753 2889 1791 menses
2939 1753 3053 1790 non
3103 1737 3307 1808 reperi.
3345 1760 3372 1785 ››
3425 1738 3660 1793 Rursus
3690 1739 3788 1794 Ze-

2131 1824 2414 1896 phyrinus
2448 1825 2665 1895 (ibz'd.):
2718 1848 2746 1874 ‹‹
2798 1826 3153 1881 Patriarcbze
3200 1842 3334 1881 vero
3360 1825 3447 1881 vel
3499 1827 3787 1897 primates

2131 1918 2470 1968 accusatum
2501 1915 2884 1968 discutientes
2932 1915 3296 1986 episc0pum,
3331 1931 3446 1971 non
3489 1921 3631 1972 ante
3659 1933 3787 1971 sen-

2133 2002 2376 2057 tentiam
2407 2004 2704 2074 proferant
2752 2003 3056 2068 ﬁnitivam,
3093 2020 3271 2074 quam
3303 2005 3631 2076 apostolica
3662 2005 3790 2060 fulti

2133 2091 2494 2161 auctoritate,
2531 2096 2630 2147 aut
2661 2108 2823 2146 reum
2848 2092 3109 2163 seipsum
3132 2093 3500 2161 conﬁteatur,
3527 2098 3633 2149 aut
3691 2111 3788 2166 per

2133 2179 2472 2234 innocentes
2519 2184 2577 2233 et
2626 2179 2971 2250 regulariter
3018 2180 3381 2236 examinatos
3409 2181 3790 2236 convincatur

2132 2272 2333 2333 testes,
2367 2267 2466 2337 qui
2498 2267 2707 2322 minori
2742 2286 2854 2322 non
2888 2268 3005 2323 sint
3035 2283 3275 2324 numero
3307 2269 3590 2340 quamilli
3621 2270 3790 2326 disci-

2132 2355 2254 2427 puli
2281 2357 2537 2424 l‘uerunt,
2562 2374 2709 2427 quos
2741 2357 3026 2412 Dominus
3045 2359 3454 2428 adjumentum
3488 2358 3785 2429 apostolo-

2131 2462 2261 2500 rum
2294 2445 2507 2515 eligere
2542 2447 2826 2516 praacepit.
2865 2468 2892 2494 »
2934 2447 2991 2499 ld
3027 2453 3135 2513 est,
3171 2447 3548 2518 septuaginta
3574 2447 3712 2502 duo.

2204 2534 2416 2588 Multos
2451 2535 2622 2588 etiam
2651 2540 2706 2588 et
2728 2534 2872 2588 alios
2899 2541 3111 2590 sanctae
3138 2535 3402 2590 Ecclesiae
3435 2536 3706 2591 doctores
3727 2537 3780 2590 in

2131 2621 2223 2676 his
2255 2623 2528 2677 omnibus
2573 2624 2875 2691 assentire,
2936 2639 3227 2680 canonum
3273 2623 3465 2678 edicta
3519 2630 3784 2695 patent-er

2132 2712 2448 2765 ostendunt
2467 2730 2478 2776 ;
2497 2713 2594 2765 sed
2622 2729 2776 2767 nunc
2801 2714 2952 2784 quod
2977 2713 3432 2784 absqueinjuria
3454 2719 3674 2770 saneta;
3691 2715 3781 2771 Dei

2132 2800 2394 2854 Ecclesiae
2427 2800 2614 2855 dicere
2634 2819 2746 2856 non
2782 2819 3122 2873 possumus,
3158 2803 3270 2857 heu
3298 2803 3393 2857 lin
3420 2808 3655 2858 tantum
3679 2804 3782 2860 hoc

2131 2889 2414 2955 aboletur,
2449 2897 2513 2943 ut
2546 2891 2601 2943 in
2637 2891 2902 2945 ordinata
2919 2891 3092 2946 etiam
3117 2892 3489 2947 accusatione
3510 2893 3784 2948 vixlocus

2131 2978 2650 3048 maneatlegitimzn
2676 2980 3052 3035 defensionis.
3093 2981 3208 3036 Nec
3228 2982 3784 3054 approbandajudi-

2131 3072 2264 3122 cant
2295 3084 2422 3137 quae
2455 3068 2655 3138 inique
2687 3069 2996 3137 objiciunt,
3021 3069 3121 3124 sed
3156 3072 3572 3126 tantummodo
3595 3071 3784 3126 vindi-

2130 3172 2259 3212 care
2290 3173 2549 3227 qumque:
2581 3156 2746 3211 illata
2777 3163 3064 3227 quaerunt.
3092 3159 3251 3224 Quod
3280 3158 3327 3213 si
3351 3159 3420 3213 de
3446 3159 3785 3215 defensione

2133 3245 2283 3315 apud
2316 3261 2414 3300 eos
2445 3245 2744 3315 quazritur,
2777 3246 2936 3299 omni
2971 3245 3236 3318 synodali
3270 3263 3520 3303 censura
3552 3253 3786 3320 postpo-

369 3340 573 3408 poscat
601 3333 927 3390 similitudo
950 3332 1241 3405 supplicii.
1265 3355 1293 3383 »
1314 3333 1539 3388 Rursus
1560 3335 1748 3388 isdem
1770 3334 2020 3387 Alexan-
2052 3316 2095 3382 C
2135 3333 2266 3399 sita,
2301 3333 2426 3387 suis
2473 3316 3213 3390 adinventionibusltalem
3272 3336 3396 3391 ﬁeri
3429 3316 3784 3408 dijudica-nt,

369 3426 473 3480 der
503 3425 680 3494 (epist.
715 3424 804 3494 1):
851 3443 878 3471 ‹‹
929 3421 1208 3476 Similiter
1256 3421 1304 3476 si
1355 3421 1699 3492 bujusmodi
1749 3421 2012 3493 personis

367 3514 636 3586 quaedam
669 3511 979 3584 sbripturaa
1004 3511 1297 3582 quomodo
1322 3513 1493 3566 modo
1518 3528 1618 3582 per
1635 3516 1879 3582 metum,
1913 3515 2016 3566 aut

365 3603 651 3668 fraudem,
705 3609 808 3656 aut
849 3618 952 3672 per
980 3600 1096 3655 vim
1125 3604 1358 3655 extortis
1383 3601 1623 3668 fuerint,
1654 3601 1741 3655 vel
1775 3605 1838 3654 ut
1868 3616 1929 3655 se
1953 3600 2015 3654 li-

364 3692 567 3746 berare
597 3695 860 3760 possent,
892 3705 1246 3758 quocunque
1290 3689 1362 3742 ab
1421 3687 1506 3743 eis
1536 3689 1894 3759 conscriptae,
1926 3689 2012 3743 vel

365 3777 646 3833 roborata;
662 3775 1228 3846 fuerintingenio,ad
1252 3775 1481 3830 nullum
1506 3776 1588 3830 eis
1612 3776 2014 3847 praejudicium

367 3871 470 3920 aut
498 3869 914 3920 nocumentum
942 3864 1242 3934 provenire
1266 3879 1592 3918 censemus.
1639 3887 1664 3913 υ
1723 3865 2015 3921 Fabianus

364 3956 544 4025 (epist.
575 3953 631 4024 2)
658 3970 670 4008 :
708 3974 735 4004 «
767 3954 880 4008 Nec
904 3951 1060 4006 ullus
1085 3969 1343 4023 unquam
1369 3959 1684 4024 praesumat
1713 3961 2016 4010 accusator

366 4041 541 4097 simul
573 4058 700 4098 esse
748 4045 805 4097 et
826 4041 1009 4111 judex
1060 4045 1116 4096 et
1167 4040 1354 4105 testis,
1406 4042 1685 4112 quoniam
1739 4043 1798 4098 in
1857 4043 2012 4098 omni

361 4131 585 4202 judicio
609 4135 860 4201 quatuor
876 4146 1156 4199 personas
1180 4147 1415 4186 necesse
1429 4136 1515 4186 est
1536 4148 1768 4203 semper
1789 4133 2012 4188 adesse:

367 4219 424 4274 id
460 4223 568 4284 est,
591 4219 828 4288 judices
859 4217 1091 4285 electos,
1140 4222 1196 4272 et
1225 4226 1619 4285 accusatores,
1651 4237 1717 4274 ac
1749 4221 2018 4275 defenso-

369 4324 482 4377 res,
517 4311 691 4378 atque
720 4310 917 4361 testes.
954 4330 982 4356 »
1014 4306 1172 4361 Felix
1202 4307 1416 4378 quippe
1443 4309 1523 4361 ait
1553 4310 1727 4378 (epist.
1766 4310 1852 4376 2):
1889 4332 1915 4357 ‹‹
1959 4309 2018 4363 Si

370 4396 504 4468 quis
527 4396 840 4468 episcopus
858 4395 930 4451 ab
953 4394 1072 4450 illis
1103 4396 1542 4452 accusatoribus
1574 4397 1674 4468 qui
1706 4396 2021 4469 recipiendi

371 4489 530 4552 sunt,
562 4485 735 4540 fuerit
756 4489 1090 4552 accusatus,
1117 4490 1431 4556 postquam
1464 4485 1584 4556 ipse
1612 4485 1683 4540 ab
1716 4487 1799 4541 eis
1831 4485 2018 4542 chari-

368 4573 550 4626 tative
580 4578 896 4628 conventus
923 4575 1115 4643 fuerit,
1137 4577 1201 4630 ut
1221 4575 1410 4646 ipsam
1444 4591 1680 4630 causam
1709 4577 2018 4630 emendare

2124 3438 2300 3492 quam
2333 3421 2590 3477 accusati
2626 3421 2868 3493 implere
2893 3423 3135 3478 minime
3157 3423 3411 3490 valeant,
3434 3425 3527 3480 vel
3559 3442 3690 3497 qua:
3725 3425 3787 3480 il-

2125 3511 2210 3566 los
2235 3511 2369 3581 jure
2400 3511 2573 3566 ofﬁcii
2605 3511 2843 3566 omnino
2873 3513 3215 3582 impediant,
3250 3520 3310 3567 ut
3342 3513 3401 3568 in
3452 3515 3784 3571 sacerdotes

2126 3598 2478 3654 Deiliberius
2503 3599 3019 3671 saeviant.Quippe,
3037 3617 3170 3656 cum
3192 3602 3518 3657 secundum
3543 3603 3782 3658 beatum

2124 3686 2369 3741 Paulum
2403 3687 2734 3758 apostolum
2765 3688 2875 3760 ipsi
2921 3689 3032 3743 sibi
3078 3689 3200 3744 sint
3227 3689 3317 3746 lex
3355 3692 3530 3762 (Rom.
3569 3709 3633 3757 ιι,
3671 3694 3781 3764 ili),

2127 3779 2513 3841 accusatores,
2563 3776 2795 3846 judices
2844 3781 2901 3830 et
2947 3781 3147 3845 testes,
3178 3795 3292 3833 non
3341 3780 3567 3835 ratione
3597 3781 3699 3836 sed
3730 3783 3784 3836 vi

2126 3864 2237 3936 ipsi
2265 3863 2488 3935 [simul]
2523 3865 2801 3919 existunt.
2824 3865 3492 3939 Satisfactionemigitur
3523 3871 3784 3925 accusati

2127 3953 2445 4009 sacerdotis
2478 3953 2612 4021 [sub
2639 3954 3022 4024 jurejurando
3056 3956 3299 4010 minime
3330 3957 3532 4011 dicunt
3561 3957 3781 4026 valere,

2128 4042 2238 4098 nisi
2267 4042 2464 4113 plures
2495 4042 2670 4096 etiam
2703 4043 3034 4099 sacerdotes
3068 4046 3292 4116 secum]
3323 4045 3639 4116 compellat
3678 4047 3787 4117 ju-

2128 4131 2491 4201 rare,iniquc
2523 4131 2628 4184 hoc
2656 4137 3024 4186 assumentes
3065 4132 3123 4187 in
3162 4134 3588 4203 testimonium,
3625 4137 3782 4206 quod

2130 4221 2352 4274 factum
2405 4235 2467 4273 se
2499 4218 2710 4289 legisse
2733 4220 2962 4289 jactant
3013 4221 3070 4275 in
3123 4221 3349 4277 actibus
3382 4223 3782 4279 Romanorum

2130 4308 2496 4379 pontiﬁcum.
2531 4307 2673 4361 Nam
2709 4310 2862 4380 quod
2919 4310 2990 4364 de
3022 4309 3272 4365 Damaso
3302 4315 3358 4364 et
3389 4311 3570 4378 Sixto,
3607 4317 3784 4384 atque

2128 4395 2475 4468 Symmacho
2503 4397 2936 4452 venerabilibus
2966 4398 3340 4469 pontiﬁcibus
3373 4401 3693 4467 invenitur,
3716 4419 3783 4457 eo

2130 4485 2285 4556 quod
2318 4485 2458 4538 dum
2483 4501 2516 4539 a
2537 4485 2891 4554 quibusdam
2912 4486 3202 4557 perversis
3225 4487 3295 4542 de
3317 4489 3670 4545 criminibus
3693 4507 3783 4546 ac-

2129 4577 2439 4628 cusarentu
2451 4591 2495 4639 r,
2515 4572 2770 4628 collectis
2793 4575 3198 4646 episcoporum
3224 4576 3486 4632 conciliis
3507 4579 3783 4649 synodica

372 4659 604 4727 debeat,
639 4665 694 4713 et
723 4676 849 4714 eam
883 4663 1165 4730 corrigere
1214 4664 1500 4721 noluerit:
1547 4681 1662 4719 non
1695 4664 1855 4732 olim,
1916 4665 2016 4720 sed
2050 4677 2096 4739 D
2130 4664 2359 4733 purgati
2391 4666 2550 4729 sunt,
2581 4661 2689 4716 hoc
2722 4679 2781 4716 se
2830 4662 2924 4717 bis
2971 4663 3161 4719 verbis
3191 4665 3426 4735 penitus
3458 4666 3783 4739 intelligere

368 4751 507 4803 tunc
538 4749 608 4803 ad
636 4764 900 4802 summos
933 4748 1214 4818 primates
1246 4767 1422 4804 causa
1444 4753 1570 4820 ejus
1601 4754 1878 4810 canonice
1909 4755 2014 4810 de-

370 4837 608 4904 feratur,
634 4837 733 4908 qui
758 4836 816 4890 in
847 4851 1104 4906 congruo
1126 4835 1250 4890 loco
1274 4837 1425 4891 infra
1446 4837 1634 4908 ipsam
1657 4842 2013 4910 provinciam

370 4929 631 4996 tempore
662 4941 940 4996 congruo,
964 4923 1018 4978 id
1055 4926 1144 4978 est
1163 4924 1512 4990 autumnali,
1534 4925 1623 4980 vel
1643 4929 1859 5000 aestivo,
1885 4948 2019 4986 con-

373 5013 570 5068 cilium
607 5013 950 5085 regulariter
979 5027 1297 5066 convocare
1349 5013 1667 5080 debebunt,
1725 5016 1806 5070 ita
1847 5023 1910 5072 ut
1947 5019 2020 5072 ab

372 5101 649 5157 omnibus
681 5101 946 5170 ejusdem
981 5099 1285 5170 provincias
1315 5101 1607 5172 episcopis
1640 5102 1780 5156 inibi
1814 5106 2019 5160 audia-

372 5194 488 5244 tur.
512 5190 634 5253 Quo
658 5187 783 5258 ipse
805 5192 862 5242 et
883 5187 1229 5258 regulariter
1246 5194 1613 5255 convocatus,
1636 5190 1684 5244 si
1703 5207 1838 5245 eum
1857 5193 2016 5248 inﬁr-

373 5276 570 5344 mitas,
606 5280 707 5330 aut
737 5275 851 5330 alia
899 5275 1092 5347 gravis
1139 5277 1455 5332 necessitas
1513 5295 1627 5332 non
1681 5279 2014 5350 detinuerit,

370 5365 575 5420 adesse
606 5363 870 5430 debebit;
905 5364 999 5432 qui
1023 5363 1176 5419 ultra
1207 5365 1512 5434 provincia-3
1544 5367 1828 5423 terminos
1853 5387 2020 5425 accu-

370 5453 539 5508 sandi
573 5457 707 5506 ante
738 5451 973 5506 licentia
1008 5468 1121 5506 non
1173 5458 1282 5518 est,
1315 5469 1490 5522 quam
1525 5455 1822 5511 audientia
1851 5475 2016 5529 roge-

367 5545 482 5596 tur.
522 5563 547 5590 »
585 5543 723 5594 Item
754 5540 933 5594 Gaius
964 5541 1138 5610 (epist.
1194 5542 1420 5609 unica):
1459 5565 1487 5590 ‹‹
1538 5544 1718 5598 Nemo
1752 5561 2014 5616 unquam

365 5630 703 5700 episcopum
729 5629 882 5698 apud
910 5629 1139 5697 judices
1158 5629 1576 5686 szecularesaut
1596 5632 1739 5687 alios
1767 5633 2013 5689 cluricos

369 5733 641 5773 accusare
673 5719 1006 5786 praesumat.
1044 5739 1069 5766 ››
1103 5717 1458 5790 Zcpliyrinus
1491 5722 1667 5788 (epist.
1698 5723 1780 5789 1):
1824 5742 1844 5768 α
1881 5722 2014 5778 Nul-

2129 4751 2403 4814 i'atentur,
2437 4752 2591 4822 quod
2625 4768 2828 4805 omnes
2880 4752 3135 4823 praedicti
3175 4754 3430 4825 episcopi
3465 4769 3603 4810 eum
3634 4757 3782 4828 ipsis

2129 4840 2529 4912 pontiﬁcibus,
2565 4856 2666 4910 pro
2699 4840 2879 4895 illatis
2905 4843 3210 4910 jurassent
3231 4842 3784 4917 criminibus,quasi

2130 4947 2244 4984 non
2277 4945 2374 4984 eos
2397 4927 2632 5000 propria
2649 4931 3058 4985 tantummodo
3080 4930 3406 4986 absolveret
3435 4934 3782 5003 satisfactio,

2131 5018 2244 5072 nisi
2276 5017 2386 5071 hoc
2437 5017 2615 5071 etiam
2669 5018 3073 5088 praedictorum
3125 5022 3484 5076 confratrum
3517 5022 3785 5078 ﬁrmaret

2121 5106 2360 5176 juratio.
2397 5105 2575 5161 Nobis
2609 5109 2803 5160 tamen
2855 5107 3008 5177 quod
3055 5107 3138 5162 sic
3188 5108 3640 5180 intelligendum
3681 5111 3782 5182 sit,

2128 5211 2325 5249 revera
2348 5210 2460 5248 non
2495 5197 2672 5264 patet.
2708 5194 2886 5249 Plane
2915 5196 3071 5249 enim
3095 5211 3128 5250 a
3159 5197 3454 5268 praedictis
3483 5199 3785 5271 episcopis

2129 5282 2433 5354 praedictos
2457 5283 2756 5350 pontiﬁces
2773 5288 3052 5354 purgatos
3069 5285 3415 5356 accipimus,
3435 5286 3484 5341 si
3509 5287 3783 5358 ipsorum

2127 5371 2521 5442 suggestione,
2538 5372 2772 5442 propria
2787 5375 3197 5428 tantummodo
3211 5375 3614 5432 satisfactione
3631 5377 3786 5448 ipsis

2126 5460 2300 5514 etiam
2334 5459 2680 5524 faventibus,
2732 5478 2830 5515 eos
2872 5461 3094 5516 alienos
3143 5479 3176 5516 a
3215 5463 3564 5520 criminibus
3595 5466 3784 5522 fuisse

2126 5548 2425 5601 ﬁrmatum
2457 5552 2564 5602 est.
2599 5549 2706 5603 Sed
2742 5548 2789 5602 si
2832 5566 2934 5618 pro
2970 5548 3221 5618 alicujus
3242 5552 3389 5620 justi
3438 5552 3784 5609 innocentia

2125 5636 2295 5690 alicui
2321 5636 2983 5705 placuitsacramcntum
3006 5639 3260 5709 prazbere
3281 5640 3580 5696 charitatis
3595 5659 3784 5700 causa

2125 5729 2188 5777 ut
2219 5741 2351 5780 eum
2377 5725 2465 5780 vel
2489 5726 2571 5780 sic
2594 5742 2628 5778 a
2651 5727 3139 5796 persequentibus
3160 5728 3452 5797 liberaret,
3479 5732 3782 5790 omnimo-
