3946 6408
142 457 206 518 τη
977 455 1082 518 DE
1127 455 1560 520 PRESSURIS
1605 455 2258 520 ECCLESIASTICIS.
2289 489 2370 505 --
2397 456 2600 520 PARS
2643 458 2693 520 Ι.
3473 455 3550 518 58

145 587 221 644 dis
243 585 474 660 (placet.
508 586 926 646 Verumtamen
951 588 1086 646 licet
1116 605 1520 662 perversorum
1543 591 1784 646 infesta-
1814 590 1870 657 Α
1901 591 2136 662 propria
2160 589 2348 646 solum
2378 607 2554 646 manu
2588 587 2848 663 praestito
2877 590 3244 646 sacramento
3274 586 3551 644 omnibus

143 677 282 733 tione
310 677 371 732 in
406 677 725 749 primitiva]
786 679 1047 735 Ecclesia
1104 679 1213 734 hoc
1271 680 1394 735 ﬁeri
1453 681 1778 752 potuisset;

143 766 378 839 (nullum
402 772 601 822 tamen
624 768 981 840 exemplum]
1004 769 1061 823 in
1088 775 1385 841 posterum
1409 769 1660 840 relinqui
1683 770 1781 823 de-

142 857 273 911 buit.
304 857 432 921 Quo
461 857 681 912 etenim
716 865 918 913 sancto
953 858 1221 926 concilio,
1255 858 1343 913 vel
1385 859 1554 929 cujus
1587 858 1783 913 catho-

139 945 224 1002 lici
243 949 296 1001 et
316 946 564 1016 apostoli
593 947 699 1001 viri
723 948 954 1003 decreto
995 948 1285 1003 sancitum
1326 949 1422 1014 sit,
1450 947 1782 1002 sacerdotes

139 1034 226 1089 Dei
247 1035 648 1091 acriminihus
675 1035 895 1092 absolvi
922 1054 1039 1091 non
1065 1054 1255 1108 posse,
1281 1038 1394 1091 nisi
1420 1037 1781 1092 confratrum

137 1122 544 1195 satisfactione,
571 1125 804 1196 penitus
827 1126 1190 1197 ignoramus.
1233 1127 1378 1182 Cum
1402 1125 1556 1180 enim
1582 1141 1781 1180 sacra-

137 1216 319 1267 menta
351 1214 632 1270 omnibus
681 1215 994 1270 interdicta
1043 1216 1164 1271 sint
1211 1215 1580 1282 Christianis,
1614 1213 1781 1269 valde

130 1301 514 1372 perniciosum
545 1309 633 1359 est
659 1306 992 1360 sacerdotes
1038 1305 1107 1359 ad
1141 1304 1262 1359 haec
1293 1305 1472 1359 etiam
1505 1303 1650 1360 alios
1681 1319 1781 1357 co-

130 1407 274 1462 gere,
306 1393 465 1447 unde
496 1397 617 1448 tam
649 1410 711 1449 se
737 1394 1053 1459 custodire,
1087 1411 1267 1466 quam
1299 1398 1355 1448 et
1387 1393 1529 1448 alios
1559 1393 1775 1447 debue-

129 1485 252 1536 rant
271 1498 537 1553 arguere.
562 1483 655 1538 Ait
680 1484 962 1538 Dominus
1003 1483 1062 1538 in
1087 1482 1394 1554 Evangelio
1417 1499 1428 1536 :
1455 1483 1562 1553 Ego
1591 1489 1781 1537 autem

125 1569 235 1624 dico
263 1571 435 1638 vobis,
477 1588 590 1626 non
647 1573 836 1640 iurare
891 1573 1117 1627 omnino
1175 1571 1382 1642 (Matth.
1446 1589 1503 1638 v,
1567 1571 1679 1640 3i).
1714 1572 1781 1625 Et

125 1658 376 1714 Jacobus
407 1660 710 1731 apostolus
763 1666 1198 1716 sacramentum
1249 1660 1562 1732 perhibens
1597 1659 1774 1714 dicit:

123 1749 254 1804 Ante
282 1751 492 1816 omnia,
522 1754 728 1821 fratres
761 1752 890 1817 mei,
938 1751 1112 1806 nolite
1155 1752 1357 1822 jurare
1403 1751 1545 1820 (Jac.
1576 1765 1631 1819 v,
1666 1749 1774 1820 12).

123 1838 187 1892 Et
209 1839 517 1894 Cornelius
565 1856 716 1911 papa
769 1840 850 1895 ait
897 1841 1073 1910 (epist.
1105 1843 1200 1908 2):
1255 1862 1283 1888 «
1327 1839 1776 1894 Sacramentum

1895 680 2195 736 satisfecit.
2231 680 2515 736 Similiter
2542 685 2598 736 et
2630 679 2982 736 venerabilis
3015 696 3167 752 papa
3199 678 3335 746 Leo,
3359 693 3493 732 cum
3517 691 3550 732 a

1891 770 2250 841 quibusdam
2283 769 2564 826 falsidicis
2598 772 2668 826 de
2699 769 2946 825 crimine
2975 769 3152 824 etiam
3186 767 3547 837 fatigaretur,

1891 876 1997 915 suo
2029 863 2261 914 tantum
2295 864 2580 932 purgatus
2613 865 2699 914 est
2738 870 3122 914 sacramento.
3156 859 3368 913 Beatus
3401 872 3550 927 quo-

1891 964 2003 1020 que
2028 949 2364 1020 Gregorius,
2381 948 2729 1005 universalis
2749 953 2950 1020 pastor
2967 948 3234 1004 Ecclesiae
3266 951 3324 1002 et
3352 947 3412 1002 in
3435 947 3553 1001 dis-

1891 1037 2181 1093 cutiendis
2209 1039 2576 1093 sacerdotum
2602 1037 2951 1093 criminibus
2975 1036 3394 1109 sagacissimus
3420 1052 3548 1108 per-

1891 1131 2200 1196 scrutator,
2227 1128 2683 1200 quibuscunque
2717 1131 3020 1182 accusatos
3051 1125 3399 1181 criminibus
3420 1129 3552 1197 post

1891 1220 2080 1270 actam
2114 1216 2578 1272 satisfactionem
2608 1217 2770 1271 omni
2822 1216 3040 1271 honore
3070 1215 3373 1270 habendos
3405 1231 3547 1270 con-

1889 1304 2252 1360 stantissime
2284 1305 2657 1376 praedicabat.
2703 1306 2866 1368 Quod
2899 1305 3074 1359 etiam
3124 1305 3195 1359 de
3243 1305 3430 1360 Leone
3459 1318 3552 1358 ve-

1889 1392 2136 1448 nerabili
2195 1393 2490 1466 episcopo,
2553 1398 2608 1448 et
2665 1398 2873 1448 Menna
2929 1410 3155 1448 necnon
3205 1397 3261 1447 ct
3290 1391 3546 1447 Maximo

1889 1480 2228 1537 Salonitano
2268 1483 2540 1554 episcopo
2573 1481 2776 1538 multis
2826 1481 3176 1537 criminibus
3220 1483 3376 1553 apud
3410 1497 3546 1536 eum

1888 1575 2181 1641 accusato,
2215 1573 2557 1644 ceterisque
2590 1571 2994 1643 compluribus
3024 1569 3450 1636 sacerdotibus,
3485 1571 3545 1624 in

1887 1660 2120 1732 paginis
2151 1661 2244 1716 sui
2277 1661 2508 1732 registri
2539 1660 2907 1716 lucidissime
2962 1659 3390 1731 conspeximus.
3439 1658 3550 1713 Ve-

1886 1754 2222 1806 rumtamen
2249 1750 2298 1805 si
2323 1749 2700 1806 sacerdotalis
2725 1753 2917 1805 status
2932 1749 3101 1819 juxta
3122 1763 3433 1821 pravorum
3460 1764 3553 1802 ex-

1888 1838 2224 1908 quireretur
2252 1840 2365 1910 (35)
2397 1840 2777 1905 voluntatem,
2825 1842 2926 1894 aut
2955 1837 3067 1910 vix,
3100 1842 3202 1893 aut
3230 1837 3428 1893 nullus
3461 1837 3550 1892 in-

119 1926 404 1983 hactenus
433 1946 468 1984 a
497 1928 751 1985 summis
773 1929 1178 1984 sacerdotibus
1199 1928 1372 1999 exigi,
1398 1927 1511 1982 nisi
1534 1944 1638 1999 pro
1662 1927 1775 1982 ﬁde
1811 1963 1858 2026 B
1888 1928 2184 1984 veniretur
2216 1929 2508 1984 sacerdos.

121 2021 272 2072 recta
299 2018 546 2074 minime
577 2021 980 2090 cognovimus,
1016 2035 1122 2074 nec
1172 2022 1381 2090 sponte
1424 2034 1524 2073 eos
1546 2018 1782 2088 jurasse

113 2107 461 2176 reperimus.
489 2130 516 2158 »
541 2109 652 2164 Sed
678 2113 736 2164 et
761 2108 895 2179 quis
919 2109 1161 2164 adverso
1181 2106 1465 2179 principe,
1477 2106 1780 2177 judicibus

115 2211 351 2266 quoque
385 2196 635 2265 infestis,
678 2201 860 2253 testes
912 2213 1112 2252 secum
1163 2197 1488 2250 conducere
1529 2193 1681 2249 valet
1708 2194 1778 2248 ad

111 2300 355 2339 causam
379 2285 408 2338 ?
432 2285 709 2357 Nunquid
731 2285 952 2357 Joseph
999 2284 1306 2340 mentienti
1329 2284 1582 2338 domina:
1605 2286 1783 2338 testes

109 2389 413 2444 apponere
451 2375 661 2446 potuit,
698 2390 770 2428 ne
801 2374 1053 2429 carceris
1086 2375 1334 2428 sentiret
1370 2371 1650 2439 injuriam
1680 2373 1702 2424 Ρ
1730 2373 1786 2424 et

110 2465 306 2516 tamen
335 2464 546 2532 justus
577 2462 856 2516 inventus
889 2465 995 2515 est.
1051 2461 1276 2514 Carceri
1329 2459 1564 2530 quidem
1597 2457 1787 2529 potuit

106 2549 469 2620 mancipari,
492 2550 592 2604 sed
613 2554 808 2603 tamen
827 2548 1061 2603 crimini
1080 2547 1242 2603 nullo
1263 2548 1434 2602 modo
1453 2546 1781 2617 subjugari.

107 2637 525 2693 Valueruntne
573 2637 896 2692 Nabuthaao
946 2641 1124 2691 testes
1173 2652 1531 2700 succurrere,
1567 2652 1699 2690 cum
1734 2634 1784 2689 ei

106 2725 287 2797 regali
315 2725 568 2781 avaritia
591 2725 788 2781 dolose
811 2725 1104 2795 abjectum
1139 2725 1235 2793 sit,
1264 2725 1419 2796 quod
1446 2723 1782 2779 maledixis-

104 2819 187 2869 set
223 2819 342 2870 Deo
378 2819 441 2869 et
484 2814 654 2885 regi?
695 2815 779 2868 An
830 2815 1034 2869 beatus
1087 2831 1238 2885 papa
1289 2814 1568 2869 Silverius
1601 2818 1784 2868 testes

103 2905 440 2958 conducere
465 2908 711 2973 poterat,
736 2903 836 2974 qui
862 2902 1196 2974 principum
1235 2903 1503 2971 factione,
1533 2919 1598 2956 eo
1628 2903 1781 2973 quod

104 2992 285 3047 nollet
308 3008 523 3047 eorum
553 2991 747 3064 pravis
769 2993 1003 3047 obedire
1035 2992 1359 3057 mandatis,
1390 2991 1533 3046 false
1555 2992 1625 3046 de
1649 3009 1782 3062 pro-

103 3080 324 3135 ditione
347 3095 601 3134 suorum
625 3079 980 3145 concivium,
1004 3078 1246 3150 insuper
1267 3083 1321 3133 et
1341 3079 1604 3150 ipsorum
1626 3079 1783 3150 prin-

103 3168 295 3238 cipum
318 3173 644 3224 accusatus
669 3167 1035 3233 infidelitate,
1062 3184 1196 3223 mox
1219 3167 1408 3223 exsilii
1433 3184 1605 3238 pcena
1623 3168 1782 3222 dam-

101 3262 271 3313 natus
295 3261 412 3324 est,
469 3257 571 3312 sed
623 3256 843 3328 inique.
877 3254 1079 3311 Exsilii
1111 3256 1350 3327 quidem
1384 3272 1616 3327 pcnnam
1643 3256 1773 3310 ideo

1960 2017 2197 2073 Addunt
2219 2018 2483 2090 insuper,
2509 2017 2788 2090 quoniam
2817 2017 2866 2072 si
2909 2015 3123 2089 aliquis
3159 2015 3416 2073 militum
3452 2033 3551 2072 sa-

1891 2107 2152 2163 cerdotes
2172 2107 2274 2163 Dei
2297 2107 2356 2162 in
2378 2105 2624 2162 crimine
2663 2106 3002 2178 pulsaverit,
3026 2122 3129 2178 per
3163 2121 3418 2179 pugnam
3441 2105 3553 2161 hoc

1893 2194 2178 2266 singulari
2198 2194 2516 2250 certamine
2533 2211 2660 2250 esse
2680 2195 3100 2250 dicernendum
3121 2195 3254 2264 (35),
3274 2195 3375 2250 sed
3395 2193 3550 2248 istud

1884 2283 2180 2353 judicium
2233 2283 2626 2352 quorumdam
2683 2282 2966 2336 laicorum
3020 2281 3392 2336 solummodo
3442 2285 3550 2349 est,

1894 2371 2050 2441 quod
2072 2386 2176 2424 nec
2196 2369 2344 2442 ipsis
2364 2370 2540 2425 etiam
2566 2371 2806 2425 omnino
2827 2369 3206 2440 approbatur.
3226 2368 3373 2424 Nam
3398 2386 3550 2441 saepe

1893 2459 2238 2514 innocentes
2282 2458 2442 2526 victi,
2489 2463 2763 2514 nocentes
2800 2475 2933 2513 vero
2954 2457 3200 2514 victores
3237 2457 3296 2513 in
3320 2458 3419 2514 tali
3446 2459 3551 2530 ju-

1894 2546 2043 2602 dicio
2075 2563 2203 2602 esse
2233 2547 2524 2601 videntur.
2563 2547 2708 2601 Dicit
2755 2547 2911 2602 enim
2957 2547 3165 2601 beatus
3197 2547 3548 2618 Gregorius:

1894 2635 2034 2700 Quis
2051 2635 2339 2707 intelligat
2351 2652 2476 2706 quae
2491 2652 2619 2691 esse
2633 2635 3145 2691 ratiosecretorum
3161 2638 3373 2707 potest,
3395 2637 3548 2707 quod

1895 2741 2044 2796 saepe
2067 2723 2368 2794 virjustus
2394 2742 2426 2780 a
2459 2725 2684 2796 judicio
2720 2742 2833 2780 non
2863 2724 3053 2780 solum
3075 2723 3424 2792 vindicatus,
3449 2725 3549 2782 sed

1894 2812 2069 2868 etiam
2103 2813 2349 2886 punitus
2381 2815 2613 2881 redeat;
2648 2818 2704 2869 et
2749 2813 2990 2885 iniquus
3021 2815 3149 2884 ejus
3181 2814 3550 2870 adversarius

1893 2919 2006 2957 non
2041 2901 2234 2956 solum
2267 2919 2380 2956 non
2412 2903 2676 2973 punitur,
2711 2903 2809 2958 sed
2844 2903 3016 2958 etiam
3040 2903 3222 2958 victor
3248 2903 3546 2958 abscedat.

1891 2992 1961 3046 Et
1993 2990 2279 3045 Dominus
2307 2991 2368 3045 in
2400 2991 2730 3063 Evangelio.
2766 2991 3005 3047 Diabolo
3029 2991 3139 3046 sibi
3165 2991 3456 3054 suadenti,
3484 2997 3549 3047 ut

1890 3078 1988 3134 Dei
2014 3077 2225 3134 Filium
2251 3096 2312 3134 se
2335 3096 2462 3134 esse
2485 3080 2554 3134 de
2576 3079 2778 3151 templi
2814 3079 3228 3151 praecipitando
3250 3079 3431 3151 pinna
3453 3097 3546 3134 os-

1889 3168 2173 3236 tenderet,
2207 3167 2322 3222 ait:
2359 3168 2642 3241 Scriptum
2691 3173 2804 3223 est:
2838 3169 2956 3224 Non
2994 3169 3226 3223 tentabis
3256 3167 3548 3224 Dominum

1888 3259 2060 3312 Deum
2075 3261 2231 3312 tnum
2249 3257 2470 3328 (Matth.
2494 3275 2570 3328 1v,
2587 3259 2664 3326 ϐ).
2688 3259 2749 3313 In
2774 3274 2890 3330 qua
2909 3262 3031 3313 tam
3056 3257 3342 3328 exemplo,
3368 3273 3543 3329 quam

102 3346 301 3410 subiit,
327 3345 796 3417 quiaajustitias
825 3361 888 3401 se
910 3345 1063 3400 linea
1110 3363 1228 3400 non
1278 3345 1530 3400 retorsit.
1555 3348 1772 3400 Tamen
1803 3329 1846 3398 Ο
1884 3346 2076 3401 verbis
2107 3346 2324 3415 docuit,
2357 3363 2428 3402 ne
2450 3345 2699 3417 alicujus
2731 3329 2971 3418 periculi
3001 3345 3345 3402 discrimina
3376 3345 3547 3401 nobis

100 3433 144 3486 si
175 3435 272 3491 cui
289 3434 406 3491 hoc
431 3435 706 3506 ignotum
731 3434 928 3503 fuerit,
967 3433 1159 3505 ipsius
1199 3438 1365 3488 actus
1391 3433 1559 3488 lectio
1584 3433 1776 3504 pleni-

99 3527 182 3577 ter
211 3524 486 3579 indicare
515 3522 755 3578 valebit.

167 3611 336 3667 Multi
372 3614 564 3668 etiam
598 3610 695 3666 alii
727 3611 917 3666 sancti
948 3614 1151 3665 Patres
1189 3615 1309 3665 tam
1342 3609 1567 3665 Veteris
1600 3627 1776 3681 quam

98 3699 231 3755 Novi
266 3699 651 3757 Testamenti
697 3699 952 3755 falsitate
994 3700 1278 3767 damnati,
1333 3701 1404 3754 ab
1438 3699 1778 3755 infidelibus

99 3789 326 3846 diversa
357 3789 745 3862 pertulerunt
795 3794 1109 3858 tormenta,
1163 3790 1379 3859 quibus
1430 3804 1536 3843 nec
1570 3793 1775 3855 testes,

96 3893 194 3931 nec
224 3879 587 3934 defensores
617 3877 947 3944 adfuerant,
984 3878 1084 3948 qui
1135 3875 1253 3932 illis
1305 3876 1542 3948 aliquod
1575 3878 1777 3931 defen-

94 3965 259 4021 dendi
310 3972 610 4040 prastare
656 3966 1002 4022 viderentur
1056 3965 1428 4036 suffragium.
1492 3966 1602 4020 Sed
1637 3966 1776 4036 quid

95 4053 259 4124 plura
276 4058 305 4110 ‘t
325 4056 448 4128 Ipsi
477 4071 741 4126 namque
760 4055 948 4111 sancti
966 4054 1213 4126 apostoli
1236 4055 1582 4109 imminente
1599 4071 1776 4126 praes-

94 4159 244 4212 sura,
271 4145 487 4202 relicto
523 4144 777 4200 Domino
823 4145 1120 4216 fugerunt.
1147 4143 1425 4214 Nunquid
1451 4144 1578 4199 ideo
1602 4160 1776 4199 excu-

93 4235 310 4290 sandus
339 4239 436 4291 est
458 4234 719 4301 Pilatus,
745 4233 832 4288 vel
856 4233 1111 4305 populus
1149 4233 1516 4300 Judasorum,
1546 4233 1685 4304 quia
1709 4250 1776 4288 eo

93 4328 366 4380 accusata
389 4328 590 4380 testes
613 4340 647 4378 a
673 4323 889 4394 quibus
930 4321 1332 4378 absolveretur
1352 4321 1551 4377 omnio
1574 4321 1774 4378 defue-

92 4419 237 4482 rant,
269 4416 376 4469 sed
410 4417 768 4479 accusatus,
804 4412 906 4468 sed
930 4411 1259 4483 judicatus,
1293 4412 1394 4466 sed
1423 4411 1778 4467 condemna-

90 4503 198 4572 tus,
225 4503 436 4573 justus
469 4508 533 4560 et
563 4502 694 4558 sine
735 4499 869 4558 dolo
920 4501 1193 4555 inventus
1245 4501 1379 4556 est?
1427 4499 1777 4572 Plerumque

88 4590 234 4647 enim
269 4594 630 4650 secundum
661 4592 902 4647 beatum
953 4589 1303 4661 Gregorium
1346 4588 1467 4660 (lib.
1501 4607 1634 4644 xxxx
1665 4591 1774 4646 Μο-

1888 3434 2178 3506 eligamus
2206 3461 2218 3501 ;
2256 3436 2529 3506 quamvis
2565 3437 2638 3491 ab
2668 3436 2931 3506 ejusdem
2975 3436 3198 3492 Satanae
3224 3435 3360 3491 filiis
3391 3435 3546 3492 mul-

1887 3528 2014 3577 tum
2029 3523 2205 3578 etiam
2230 3522 2430 3578 afflicti
2443 3565 2458 3589 ,
2479 3524 2589 3579 hoc
2603 3540 2771 3596 agere
2793 3523 3084 3596 hodieque
3100 3523 3545 3596 compellamur,

1888 3627 1954 3666 eo
1972 3612 2123 3684 quod
2144 3627 2211 3667 ea
2229 3628 2355 3682 qua:
2380 3611 2634 3667 dicimus
2649 3629 2709 3668 se
2733 3612 2976 3668 minime
2994 3613 3226 3668 credere
3239 3611 3406 3668 aliter
3423 3629 3551 3684 pos-

1888 3718 1950 3756 se
1980 3705 2283 3756 testentur.
2320 3700 2520 3756 Simile
2549 3719 2682 3758 vero
2715 3718 2783 3757 ea
2827 3701 2887 3756 in
2939 3718 3110 3758 cruce
3141 3702 3330 3774 posito
3360 3702 3547 3758 Judaai

1887 3789 2196 3845 dicebant:
2232 3789 2290 3844 Si
2311 3792 2491 3845 Filius
2509 3793 2606 3846 Dei
2634 3799 2733 3856 est,
2776 3790 3065 3846 descendat
3090 3807 3241 3847 nunc
3272 3791 3337 3845 de
3363 3808 3545 3859 cruce,

1891 3888 1941 3933 (ἰ
1967 3879 2239 3934 credimus
2279 3883 2350 3934 ei.
2405 3880 2656 3948 Conﬁdit
2702 3882 2764 3934 in
2810 3881 2935 3949 Deo,
2970 3881 3165 3936 tiberet
3196 3897 3319 3936 eum
3347 3883 3400 3936 si
3425 3883 3547 3936 vult

1888 3969 2096 4038 (Matth.
2129 3985 2302 4038 xxvu,
2336 3969 2446 4040 41).
2483 3969 2645 4032 Quod
2684 3968 2970 4025 Dominus
2993 3970 3265 4040 quamvis
3291 3986 3406 4024 non
3431 3969 3548 4024 im-

1888 4055 2146 4128 pleverit,
2181 4073 2486 4127 nunquam
2509 4061 2705 4113 tamen
2733 4056 2914 4114 Filius
2937 4057 3036 4113 Dei
3053 4073 3181 4113 esse
3203 4057 3406 4115 desiit:
3431 4074 3545 4113 non

1886 4145 2044 4200 enim
2066 4145 2349 4201 Dominus
2382 4145 2580 4201 omnia
2610 4163 2717 4202 suo
2753 4146 3255 4218 praesentijudicio
3269 4145 3544 4214 declarat,

1887 4234 1985 4289 sed
2011 4238 2308 4306 exspectat
2332 4235 2507 4290 etiam
2530 4234 2786 4306 plurima
2807 4235 2865 4290 in
2889 4236 3175 4307 futurum,
3203 4235 3300 4291 ubi
3324 4234 3546 4290 illumi-

1886 4323 2051 4379 nabit
2063 4324 2407 4379 abscondita
2419 4324 3291 4393 tenebrarum,etmanifestabit
3303 4322 3550 4379 consilia

1887 4413 2173 4470 cordium.
2189 4413 2428 4470 Occulto
2448 4430 2706 4484 namque
2720 4413 2821 4469 Dei
2835 4414 3063 4484 judicio
3078 4413 3332 4467 Jacobus
3351 4412 3422 4466 ab
3437 4411 3543 4466 He-

1887 4503 2025 4557 rode
2083 4502 2564 4573 comprehensus,
2629 4501 2784 4555 illico
2841 4500 3168 4565 occiditur;
3228 4504 3285 4555 et
3341 4499 3545 4556 Petrus

1886 4594 2019 4662 post
2052 4590 2278 4644 Pascha
2305 4590 2745 4660 producendus,
2795 4594 2851 4644 et
2902 4587 2962 4644 in
3023 4605 3252 4644 carcere
3281 4593 3546 4645 servatus

88 4682 205 4749 ret,
238 4698 370 4754 cap.
403 4685 530 4754 23),
556 4680 746 4752 quieti
770 4684 948 4752 atque
1002 4678 1322 4733 indiscussi
1365 4677 1775 4750 relinquimur,
1812 4695 1858 4759 Ι)
1890 4677 2236 4733 mirabiliter
2266 4677 2487 4733 interea
2543 4677 2844 4748 liberatur,
2899 4695 3031 4735 cum
3088 4695 3268 4734 unam
3300 4683 3546 4751 uterque

88 4769 128 4821 si
147 4770 386 4828 obviare
410 4769 627 4844 pravis
666 4786 772 4841 pro
789 4769 1046 4840 justitia
1070 4784 1187 4823 non
1211 4783 1511 4822 curamus.
1535 4770 1697 4833 Quod
1731 4778 1782 4832 si

90 4855 316 4916 illorum
354 4861 734 4931 redarguere
764 4857 1089 4930 nequitiam
1123 4855 1496 4927 coeperimus,
1525 4855 1680 4912 illico
1703 4859 1775 4914 ab

86 4945 216 5015 ipsis
248 4949 718 5023 persequimur,
746 4951 804 5002 et
831 4946 1010 5002 etiam
1043 4945 1428 5015 infamamur,
1461 4948 1529 5000 ut
1558 4944 1645 4999 vel
1679 4945 1766 5001 sic

87 5034 252 5094 vitam
276 5037 675 5112 reprobando
696 5035 975 5104 doctoris,
997 5033 1227 5091 valeant
1251 5049 1619 5106 compescere
1647 5050 1766 5089 ser-

87 5140 305 5183 monem
340 5125 774 5199 correptionis.
1738 5114 1742 5117 ’

144 5217 271 5288 Sed,
307 5223 378 5274 ut
409 5218 489 5274 ad
526 5217 771 5286 incepta
801 5214 1134 5280 redeamus,
1163 5211 1394 5267 nullum
1423 5216 1762 5268 sanctorum

88 5301 308 5363 Patrum
341 5310 479 5380 [pro
515 5321 587 5361 se
621 5304 693 5358 ad
741 5309 1176 5359 sacramentum
1231 5301 1378 5357 alios
1410 5303 1764 5373 protraxisse

85 5397 156 5451 vel
209 5399 510 5456 invitasse
587 5395 914 5468 aliquando
970 5393 1250 5466 legimus.
1295 5393 1447 5448 Nam
1482 5394 1760 5463 domnus]

89 5500 221 5558 papa
260 5489 555 5561 Pelagius
611 5484 884 5556 quamvis
933 5499 1048 5538 non
1082 5481 1276 5537 solum
1309 5480 1524 5548 invide,
1556 5497 1754 5536 verum

89 5578 136 5626 et
168 5579 502 5651 suspiciose
571 5574 954 5646 [quihusdam
1016 5570 1414 5627 eminentibus
1471 5571 1758 5626 causisin

93 5665 760 5740 mortejpraadecessoris
772 5663 862 5719 sui
877 5661 1348 5719 seimmiscuisse
1361 5666 1757 5728 accusaretur,

145 5757 247 5828 (3i)
279 5758 727 5830 Exquireretur.
760 5754 953 5809 Codex
987 5753 1159 5809 Resb.
1194 5755 1600 5821 exsequeretur.

1895 4768 2222 4822 doctrinam
2254 4767 2458 4822 eadem
2491 4767 2839 4835 constantia,
2891 4769 3001 4824 sub
3048 4784 3164 4823 uno
3198 4767 3458 4839 principe
3489 4772 3546 4823 et

1886 4861 2149 4928 tempore
2175 4856 2607 4927 evangelizasse
2635 4862 2972 4913 noscantur.
2997 4856 3281 4912 Similiter
3301 4859 3357 4912 et
3375 4855 3544 4912 Urias

1885 4945 2075 5000 Semei
2109 4945 2266 5000 ﬁlius
2323 4945 2518 5013 cadit;
2579 4945 2876 5018 simulque
2921 4946 3210 5002 Jeremias
3266 4944 3327 4999 in
3374 4947 3542 5000 Jeru-

1879 5034 2061 5090 salem
2095 5034 2474 5108 prophetans,
2503 5039 2638 5107 post
2670 5036 2867 5106 fugam
2911 5052 2979 5090 ex
3026 5034 3268 5107 Egypto
3299 5033 3543 5106 insuper

1877 5127 2165 5180 retractus
2199 5123 2589 5190 interficitur;
2623 5128 2679 5179 ct
2705 5124 2997 5179 Jeremias
3029 5123 3173 5178 inibi
3205 5122 3382 5178 etiam
3415 5139 3540 5195 per-

1877 5213 2095 5268 sistens
2118 5217 2516 5269 conservatur.
2537 5213 2749 5268 Beatus
2768 5229 3005 5286 quoque
3027 5211 3382 5268 Laurentius
3403 5212 3539 5285 igne

1874 5308 2139 5372 exustus,
2172 5301 2402 5356 Christo
2426 5301 2680 5356 reddidit
2704 5301 2977 5374 spiritum
3000 5319 3013 5369 ;
3040 5317 3173 5356 cum
3201 5300 3537 5356 noverimus

1873 5391 2050 5446 etiam
2083 5391 2379 5457 mulieres,
2412 5393 2468 5445 et
2498 5389 2774 5462 parvulos
2807 5390 2994 5462 ipsius
3040 5389 3448 5460 confessionis,
3480 5394 3538 5446 et

1871 5480 2006 5536 ﬁdei
2032 5479 2216 5535 multo
2241 5479 2447 5548 majori
2471 5478 2592 5551 igni
2616 5477 2936 5547 immissos,
2964 5495 3077 5534 non
3099 5482 3332 5533 tantum
3351 5479 3423 5533 ab
3441 5478 3532 5533 in-

1870 5571 2075 5626 cendio
2098 5570 2310 5623 illwsos
2329 5568 2742 5638 permansisse,
2763 5570 2860 5622 sed
2884 5568 3058 5623 etiam
3079 5567 3326 5620 ﬂammze
3352 5567 3533 5638 impe-

1867 5665 1992 5716 tum
2009 5658 2240 5730 penitus
2253 5655 3180 5713 exstinxisse.Praecursoretcnim
3193 5653 3425 5710 Domini
3439 5655 3534 5710 Jo-

1939 5751 2049 5820 (35)
2083 5748 2531 5804 Discernendum.
2564 5747 2724 5804 Idem
2757 5748 2955 5815 codex,
2987 5741 3415 5802 discutiendum.
