3946 6430
310 440 390 503 59
1333 446 1669 512 ATTONIS
1712 448 2298 515 VEBCELLENSIS
2341 454 2700 520 EPISGOPI
3645 456 3727 519 60

312 591 497 632 annes
510 576 984 649 Baptista,misso
997 579 1532 652 spiculatore,illico
1546 581 1866 641 decollatus
1879 586 1968 640 est
1994 585 2052 652 Α
2079 589 2338 658 tempore
2368 594 2722 661 properaret.
2754 590 2913 655 Quos
2941 585 3099 644 enim
3127 585 3252 644 vult
3276 586 3585 660 Dominus,
3613 587 3724 644 mi-

314 664 778 736 cumlegerimus
791 669 860 724 de
873 668 1170 742 aliquibus
1181 676 1413 727 sanctos
1426 672 1967 743 percuterevolenti-

314 753 448 820 bus,
468 755 620 826 quod
636 772 838 812 eorum
857 757 1096 815 brachia
1109 761 1250 816 adeo
1268 760 1648 832 obriguerint,
1672 765 1737 816 ut
1752 761 1864 816 nisi
1880 761 1965 833 ip-

316 841 399 898 sis
422 845 1196 914 sanctisintcrvenientibus,
1214 849 1373 904 eailli
1391 849 1726 906 nullatenus
1741 865 1968 906 movere

317 930 474 986 ultra
491 932 795 990 valuerint.
813 936 974 991 Sicut
987 937 1112 992 etin
1132 937 1507 1010 Dialogorum
1521 939 1688 994 libris
1702 940 1781 1011 (S.
1798 940 1962 1010 Greg.

318 1019 464 1075 Dial.
502 1019 603 1077 lib.
629 1041 710 1094 Ill,
734 1041 784 1078 c.
809 1025 901 1095 57)
928 1026 1275 1097 reperimus,
1300 1027 1370 1082 de
1398 1029 1653 1100 quodam
1677 1026 1966 1093 sanctulo,

320 1108 420 1178 qui
442 1125 574 1164 cum
589 1111 1020 1183 aLongobardis
1034 1115 1390 1171 occidendus
1404 1120 1717 1184 teneretur,
1732 1116 1968 1170 tandem

319 1197 389 1250 ad
419 1197 824 1255 decollandum
851 1202 1062 1258 ductus
1101 1208 1207 1258 est.
1235 1208 1304 1258 Et
1341 1203 1476 1276 quia
1506 1205 1669 1276 prius
1700 1221 1833 1259 eum
1867 1203 1969 1257 ha-

319 1283 535 1339 bebant
567 1287 966 1356 notissimum,
1003 1293 1267 1363 undique
1313 1298 1704 1349 convenerant
1729 1294 1799 1348 ad
1837 1309 1970 1362 spe-

319 1374 598 1428 ctandum
615 1381 860 1431 mortem
881 1379 1562 1448 ejus.Gircumsteterunt
1577 1381 1770 1454 itaque
1798 1381 1974 1450 acies,

319 1459 410 1516 vir
430 1464 624 1516 autem
663 1465 892 1519 Domini
933 1467 1224 1524 deductus
1250 1469 1307 1524 in
1343 1470 1534 1526 medio
1564 1475 1672 1538 est,
1703 1474 1879 1542 atque
1910 1485 1977 1524 ex

322 1549 601 1605 omnibus
634 1550 884 1610 fortibus
917 1555 1136 1612 electus
1165 1561 1256 1614 est
1284 1575 1458 1626 unus,
1493 1560 1563 1614 de
1593 1577 1708 1632 quo
1730 1559 1976 1613 dubium

324 1653 437 1691 non
472 1643 646 1710 esset,
678 1643 832 1712 quod
863 1661 978 1698 uno
1024 1645 1141 1701 ictu
1191 1653 1365 1719 caput
1409 1649 1538 1719 ejus
1587 1647 1979 1713 abscinderet.

322 1726 704 1786 Venerandus
729 1731 910 1802 igitur
930 1734 1020 1790 vir
1041 1735 1194 1790 inter
1227 1741 1484 1792 armatos
1513 1737 1746 1799 ductus,
1771 1735 1840 1790 ad
1875 1751 1982 1790 sua

328 1831 494 1871 arma
523 1817 719 1873 statim
756 1822 1072 1877 concurrit.
1104 1823 1247 1879 Nam
1300 1825 1467 1896 petiit
1509 1829 1574 1880 ut
1604 1824 1714 1880 sibi
1748 1825 1985 1879 daretur

327 1905 632 1976 paululum
665 1909 871 1964 orandi
903 1909 1157 1968 licentia.
1184 1913 1286 1968 Cui
1310 1913 1451 1968 dum
1475 1929 1818 1970 concessum
1844 1911 1983 1966 fuis-

327 1998 436 2066 set,
471 1996 528 2050 in
559 2001 715 2053 terra
743 2015 806 2054 se
837 2000 1060 2069 stravit,
1094 2005 1152 2056 et
1181 2002 1385 2058 oravit.
1433 2003 1540 2068 Qui
1581 2003 1721 2058 dum
1756 1999 1978 2056 diutius

327 2088 538 2150 oraret,
561 2084 716 2140 hunc
731 2085 1069 2144 interfector
1082 2089 1237 2146 calce
1254 2090 1529 2162 pulsavit,
1546 2091 1776 2145 dicens:
1798 2090 1981 2160 Surge

327 2176 383 2226 et
413 2188 564 2245 genu
608 2174 752 2230 ﬂexo
784 2176 960 2232 tende
1013 2178 1320 2233 cervicem.
1354 2179 1615 2234 Surrexit
1671 2183 1864 2233 autem
1895 2177 1984 2232 vir

327 2261 450 2326 Dei,
493 2266 550 2316 et
595 2279 745 2334 genu
797 2265 942 2320 ﬂexo
997 2266 1280 2322 cervicem
1337 2268 1629 2334 tetendit;
1684 2267 1784 2322 sed
1819 2269 1982 2321 tenso

329 2347 477 2405 collo
508 2350 777 2406 eductam
809 2356 1012 2408 contra
1034 2370 1095 2409 se
1115 2355 1360 2426 spadam
1385 2355 1642 2426 intuens,
1665 2355 1774 2410 hoc
1797 2370 1982 2409 unum

332 2436 517 2492 fertur
547 2438 779 2509 publice
832 2441 1090 2498 dixisse:
1145 2444 1354 2499 Sancte
1399 2444 1658 2499 Joannes
1704 2443 1982 2515 Baptista,

333 2525 565 2598 suscipe
596 2526 780 2582 illam.
813 2529 976 2584 Tunc
1039 2529 1260 2587 electus
1317 2533 1573 2587 carnifex
1616 2532 1986 2604 evaginatum

330 2613 595 2686 gladium
629 2619 856 2683 tenens,
889 2618 1100 2674 adnisu
1146 2619 1301 2690 forti,
1354 2621 1413 2676 in
1467 2620 1647 2676 altum
1679 2619 1986 2676 brachium

329 2718 722 2776 percussurus
757 2705 981 2775 levavit,
1013 2708 1115 2762 sed
1151 2707 1441 2780 deponere
1481 2708 1644 2765 nullo
1677 2710 1850 2764 modo
1881 2725 1987 2780 po-

328 2790 443 2846 tuit
465 2807 479 2848 :
499 2809 636 2847 nam
661 2799 897 2864 repente
917 2795 1182 2867 diriguit,
1202 2801 1257 2852 et
1277 2802 1466 2853 erecto
1487 2797 1546 2852 in
1567 2797 1777 2852 coelum
1795 2794 1989 2868 gladio

330 2880 638 2935 brachium
663 2881 980 2938 inﬂexibile
1007 2886 1310 2941 remansit.
1343 2887 1510 2942 Tunc
1541 2885 1734 2940 omnis
1768 2885 1992 2955 Longo-

330 2968 649 3046 bardorum
681 2970 855 3026 turba
885 2988 1011 3042 ques
1063 2975 1135 3028 ad
1166 2973 1310 3028 illud
1345 2973 1552 3028 mortis
1587 2972 1991 3045 spectaculum

333 3057 554 3126 aderat,
587 3057 645 3112 in
679 3057 872 3114 laudis
911 3077 1186 3131 pavorem
1236 3079 1516 3118 conversa
1565 3060 1771 3116 mirari
1799 3060 1993 3132 coepit,

331 3144 638 3216 virumque
665 3147 762 3203 Dei
794 3163 926 3204 cum
979 3148 1188 3206 timore
1235 3151 1521 3219 venerari,
1566 3149 1706 3222 quia
1735 3149 1994 3220 profecto

2075 676 2341 732 rabiliter
2361 678 2433 733 ab
2455 678 2785 734 imminenti
2804 677 2976 750 eripit
2997 677 3570 750 periculo,quosdam
3591 695 3724 735 vero

2075 765 2172 820 hic
2203 766 2380 821 etiam
2403 767 2742 824 innocentes
2775 767 2892 840 pati
2951 765 3258 839 permittit,
3319 767 3420 837 qui
3479 767 3552 821 ab
3596 767 3724 838 ipso

2077 871 2306 926 quoque
2330 855 2512 912 multo
2545 857 2783 928 dignius
2813 857 2874 911 in
2905 856 3100 911 futuro
3133 860 3506 910 coronantur.
3564 855 3729 912 Unde

2078 960 2184 998 nec
2215 943 2298 998 illi
2322 946 2643 1000 sanctiores
2675 945 3064 1012 habendi,nec
3089 945 3185 999 isti
3229 944 3533 999 inferiores
3596 943 3727 999 nul-

2077 1031 2310 1088 latenus
2332 1050 2365 1088 a
2393 1034 2560 1088 nobis
2580 1039 2720 1090 sunt
2731 1034 3177 1104 judicandi.Sed
3196 1038 3253 1088 et
3273 1031 3384 1088 hoc
3404 1033 3729 1088 cavendum

2080 1125 2261 1187 est,ut
2291 1139 2395 1177 nec
2424 1123 2566 1193 justi
2599 1123 2753 1178 mala
2776 1122 3065 1194 patientes
3092 1138 3154 1176 se
3177 1121 3345 1193 quasi
3365 1120 3500 1176 victi
3526 1121 3627 1176 des
3640 1135 3732 1192 pe-

2083 1205 2232 1269 rent,
2263 1218 2367 1256 nec
2399 1201 2716 1257 inferentes
2747 1202 3055 1274 supplicia,
3088 1201 3258 1272 quasi
3279 1199 3733 1257 devictoriasibi

2084 1275 2697 1346 assumant'ﬁduciam
2726 1309 2738 1346 :
2764 1291 2846 1345 ait
2874 1290 3031 1345 enim
3059 1289 3340 1345 Dominus
3379 1289 3451 1343 ad
3483 1289 3617 1359 Job,
3660 1289 3734 1343 de

2085 1377 2289 1449 iniqua
2329 1379 2645 1435 Leviathan
2672 1378 2918 1450 loquens
2941 1377 3202 1451 potentia
3225 1395 3238 1445 ;
3264 1378 3436 1433 Dolus
3467 1379 3528 1432 in
3553 1393 3736 1433 manu

2086 1468 2202 1538 ejus
2227 1468 2504 1536 dirigetur
2532 1468 2662 1538 (Job
2692 1485 2815 1534 vm,
2845 1469 2957 1536 25).
2991 1467 3153 1532 Quod
3175 1482 3469 1538 exponens
3498 1467 3734 1531 {beatus

2089 1556 2400 1628 Gregorius
2432 1557 2548 1612 ait:
2583 1557 2761 1612 Dolus
2785 1557 3002 1628 quippe
3033 1556 3092 1610 in
3125 1572 3304 1611 manu
3335 1560 3444 1621 est,
3481 1555 3642 1610 fraus
3675 1555 3734 1609 in

2089 1643 2467 1716 virtute,quia
2497 1661 2668 1700 omne
2700 1646 2855 1716 quod
2876 1643 3450 1717 nequitervolet,boc
3480 1644 3554 1698 ad
3585 1648 3730 1697 tem-

2093 1749 2203 1804 pus
2233 1734 2467 1805 exsequi
2500 1733 2673 1789 etiam
2707 1734 2930 1789 fortiter
2960 1736 3170 1804 potest.
3195 1731 3373 1788 Dolus
3417 1748 3549 1786 vero
3606 1732 3738 1801 ejus

2092 1821 2264 1895 dirigi
2284 1822 2658 1892 dicitur,quia
2683 1823 2905 1879 fraudis
2919 1823 3047 1893 ejus
3069 1820 3292 1876 malitia
3309 1819 3471 1876 nulla
3491 1818 3742 1874 difficul-

2092 1915 2210 1966 tate
2241 1911 2614 1982 przepeditur.
2639 1911 2756 1967 Hoc
2786 1913 2944 1967 enim
2975 1909 3295 1966 Leviathan
3326 1909 3457 1975 iste,
3480 1908 3571 1964 vel
3600 1925 3744 1963 vasa

2086 2000 2214 2071 ejus
2235 2000 2446 2055 habere
2467 2001 2668 2056 crebro
2691 2001 2992 2072 proprium
3015 1998 3389 2071 solent,quod
3421 1998 3494 2054 ad
3519 1995 3741 2067 iniqui-

2088 2089 2226 2144 tatis
2257 2106 2374 2143 suee
2397 2089 2725 2159 cumulum,
2753 2105 2823 2144 ea
2851 2105 2978 2160 qua
3009 2087 3276 2160 nequiter
3306 2090 3608 2158 appetunt,
3639 2102 3745 2140 ex-

2092 2176 2250 2248 plere
2280 2177 2530 2247 nequius
2547 2182 2816 2249 possunt.

2163 2267 2333 2338 Ergo,
2369 2267 2575 2322 fratres
2608 2265 2972 2336 cbarissimi,
3030 2265 3210 2321 nolite
3232 2265 3504 2337 judicare
3535 2280 3754 2320 secun-

2099 2355 2241 2408 dum
2275 2354 2505 2422 faciem,
2540 2355 2640 2410 sed
2666 2355 2900 2425 justum
2934 2354 3230 2426 judicium
3253 2355 3538 2426 judicate,
3561 2353 3762 2409 consi-

2096 2441 2368 2497 derantes
2400 2442 2555 2514 quod
2589 2441 2899 2512 perversis,
2933 2441 3050 2496 imo
3082 2446 3139 2496 et
3159 2439 3551 2512 iniquissimis
3591 2439 3760 2510 judi-

2097 2530 2261 2585 cibus
2293 2529 2628 2600 evangelica
2649 2529 2927 2600 loquatur
2953 2530 3397 2600 sententia,quaa
3421 2529 3535 2584 ait:
3573 2529 3764 2596 Quare

2096 2623 2150 2674 et
2178 2635 2268 2674 vos
2309 2618 2776 2686 transgredimini
2802 2617 3123 2673 mandatum
3156 2617 3252 2671 Dei
3297 2620 3524 2686 propter
3575 2615 3762 2670 tradi-

2100 2709 2305 2762 tionem
2337 2713 2572 2760 vestram
2603 2705 2888 2776 (Matt.xv,
2921 2705 2974 2774 3)
3006 2708 3030 2756 .9
3060 2703 3346 2759 Dominus
3377 2702 3533 2757 enim
3566 2704 3716 2759 dicit
3747 2728 3762 2770 ;

2102 2795 2162 2850 Si
2185 2797 2308 2868 quis
2339 2798 2388 2848 te
2412 2795 2743 2864 percusserit
2776 2795 2840 2848 in
2871 2792 3097 2847 dextera
3124 2791 3360 2846 maxilla
3387 2795 3511 2857 tua,
3567 2794 3767 2862 prxbe

2101 2885 2157 2939 ei
2183 2891 2236 2938 et
2265 2884 2582 2952 alteram,et
2611 2884 2708 2953 qui
2731 2891 2908 2937 tecum
2930 2881 3166 2936 voluerit
3186 2879 3406 2952 judicio
3436 2879 3769 2936 contendere

2104 2975 2153 3026 et
2183 2973 2429 3026 tunicam
2459 2979 2609 3026 tuam
2639 2970 3076 3038 tollere,remitte
3102 2971 3155 3025 ei
3183 2978 3236 3024 et
3260 2969 3770 3040 pallium(Matth.v

2103 3059 2196 3132 39)
2224 3077 2244 3122 ,·
2273 3065 2331 3114 et
2361 3078 2378 3114 :
2396 3059 2458 3115 Si
2468 3063 2687 3132 patrem
2697 3060 2844 3130 ﬁlias
2864 3058 3169 3114 Beelzebub
3199 3061 3769 3127 vocaverunt,quanto

2102 3150 2280 3217 magis
2307 3153 2361 3203 et
2385 3149 2706 3204 domesticos
2735 3149 2851 3219 ejus
2869 3147 2897 3200 ?
2917 3148 2987 3202 Et
3017 3147 3074 3201 in
3121 3145 3394 3217 passione
3423 3163 3442 3199 :
3502 3145 3654 3212 Quod
3713 3146 3771 3200 si

334 3231 627 3290 claruerat
651 3237 824 3306 cujus
857 3238 1190 3293 sanctitatis
1219 3243 1392 3306 esset,
1436 3239 1535 3309 qui
1567 3237 1858 3292 carniﬁcis
1901 3244 1994 3296 sui
2045 3307 2054 3309 Α
2105 3240 2166 3292 in
2197 3237 2364 3292 viridi
2394 3237 2544 3306 ligno
2573 3238 2686 3292 haec
2703 3235 3042 3309 fecerunt,in
3065 3235 3222 3290 arido
3239 3234 3372 3306 quid
3388 3233 3570 3302 ﬁet?et
3595 3232 3768 3288 alibi:

333 3322 642 3379 brachium
656 3321 715 3379 in
732 3341 862 3381 aere
878 3325 1136 3395 ligasset.
1157 3327 1357 3397 Itaque
1371 3307 1705 3398 postulatus
1720 3329 1786 3380 ut
1799 3340 1998 3396 surge-
2027 3307 2071 3376 C
2107 3327 2172 3381 In
2177 3326 2452 3396 patientia
2469 3327 2645 3380 vestra
2655 3307 2997 3396 possidebitis
3009 3326 3224 3378 animas
3235 3330 3442 3377 vestras
3464 3324 3480 3394 (
3490 3323 3614 3376 Luc.
3641 3339 3768 3389 xxI,

337 3414 446 3477 ret,
473 3412 758 3467 surrexit:
785 3413 1119 3485 postulatus
1142 3431 1280 3487 ergo
1303 3414 1689 3470 utbrachium
1711 3412 2004 3469 suicarni'

338 3500 466 3555 ficis
487 3505 744 3570 sanaret,
767 3503 999 3576 negavit
1021 3504 1256 3559 dicens:
1283 3503 1400 3577 Ego
1424 3521 1528 3576 pro
1555 3519 1620 3560 eo
1645 3502 1807 3559 nullo
1831 3503 2002 3558 modo

339 3590 537 3658 orabo,
561 3590 674 3646 nisi
689 3595 863 3647 antea
878 3591 1227 3664 mihijuram
1238 3598 1438 3649 cntum
1455 3593 1699 3663 dederit,
1716 3592 1854 3664 quia
1868 3608 2002 3648 cum

341 3694 520 3733 manu
547 3679 664 3733 ista
705 3679 1101 3735 Christianum
1124 3681 1430 3736 hominem
1470 3697 1584 3736 non
1613 3680 1860 3735 occidat.
1892 3680 2004 3735 Sed

343 3765 686 3837 Longobard
699 3783 767 3820 us
790 3766 944 3821 idem
969 3767 1090 3838 qui,
1122 3772 1187 3823 ut
1216 3768 1299 3824 ita
1318 3769 1533 3839 dicam,
1557 3768 1860 3824 brachium
1875 3785 2006 3824 con-

344 3859 438 3909 tra
460 3858 640 3908 Deum
664 3854 954 3910 tendendo
977 3855 1331 3928 perdiderat,
1379 3874 1552 3929 poena
1601 3874 1712 3912 sua
1743 3857 2008 3930 exigente

346 3941 689 4015 compulsus
711 3943 1019 4014 estjurare
1040 3959 1102 4000 se
1125 3945 1524 4002 Christianum
1543 3946 1843 4002 hominem
1859 3963 2005 4001 nun-

347 4048 525 4104 quam
549 4049 656 4087 sua
679 4048 857 4088 manu
885 4032 1166 4090 occidere.
1191 4033 1357 4089 Nunc
1381 4033 1470 4089 vir
1488 4035 1588 4091 Dei
1613 4035 1758 4090 dixit
1782 4035 1831 4090 ei
1859 4051 1870 4089 ε
1902 4035 2006 4090 De-

349 4137 500 4194 pone
527 4137 768 4176 manum
792 4121 1068 4177 deorsum
1096 4139 1110 4178 :
1132 4122 1230 4195 qui
1265 4123 1470 4178 statim
1495 4123 1807 4196 deposuit;
1832 4128 2007 4195 atque

351 4208 510 4265 illico
533 4209 835 4280 adjunxit:
882 4210 1132 4267 Remitte
1152 4213 1520 4283 evaginatum
1545 4212 1807 4284 gladium
1826 4211 1886 4267 in
1907 4229 2006 4267 va-

353 4300 579 4372 ginam,
612 4303 670 4355 et
698 4299 901 4356 statim
934 4299 1183 4356 remisit.
1216 4300 1480 4372 Miroque
1511 4301 1682 4358 modo
1704 4303 1790 4357 sic
1811 4305 2008 4356 actum

353 4392 462 4459 est,
496 4391 562 4443 ut
589 4392 647 4443 et
677 4387 801 4459 ipsc
848 4387 1056 4444 beatus
1112 4406 1147 4444 a
1209 4405 1548 4461 percussore
1602 4393 1778 4462 caput
1806 4388 2011 4444 incun-

352 4481 577 4533 ctanter
606 4476 920 4548 amitteret,
949 4481 1006 4532 et
1035 4477 1145 4533 iste
1175 4480 1302 4548 ejus
1333 4477 1598 4534 invocato
1628 4477 1867 4532 nomine
1891 4493 2008 4532 non

353 4571 584 4622 tantum
619 4582 794 4621 suum
827 4571 1101 4636 servaret,
1135 4567 1237 4623 sed
1287 4568 1467 4624 etiam
1516 4567 1686 4623 ferire
1714 4565 2005 4623 volentem

354 4655 498 4711 adeo
528 4654 588 4708 in
621 4654 903 4708 membris
934 4655 1280 4711 debilitaret.

428 4743 511 4799 Ibi
537 4741 713 4798 etiam
736 4742 923 4812 (Ibid.,
959 4759 1006 4797 c.
1042 4745 1128 4815 18)
1160 4749 1218 4798 et
1246 4744 1462 4816 legitur
1500 4747 1570 4801 de
1593 4746 1810 4816 juvene
1838 4745 2016 4801 Bene-

357 4833 511 4890 dicto
538 4831 971 4903 nomine,cujus
1001 4831 1274 4887 cellulam
1305 4849 1440 4887 cum
1465 4833 1636 4888 Gothi
1658 4833 1816 4890 nullo
1840 4834 2012 4890 modo

355 4923 667 4979 incendere
697 4921 1046 4994 potuissent,
1088 4920 1226 4976 inde
1273 4936 1406 4976 eum
1457 4921 1845 4988 extrahentes,
1880 4939 2008 4978 suc-

2115 3414 2297 3485 19).Et
2326 3413 2408 3467 illi
2438 3413 2657 3468 dicunt:
2684 3413 2744 3468 Si
2778 3411 2998 3484 aliquid
3022 3411 3300 3467 adversus
3313 3411 3650 3467 sacerdotes
3665 3409 3774 3466 Dei

2113 3503 2287 3558 fuerit
2306 3502 2827 3574 prolatum,pugna
2838 3517 2967 3556 esse
2984 3499 3529 3556 vincendum.Unde
3544 3503 3602 3554 et
3622 3516 3772 3571 pra:-

2112 3592 2279 3646 dictaa
2310 3591 2610 3646 sententiis
2633 3606 2767 3646 mox
2793 3590 3064 3645 subditur
3089 3588 3582 3662 :Hypocritae,bene
3602 3588 3776 3644 devo—

2115 3680 2199 3735 bis
2227 3680 2575 3752 praphetavit
2595 3680 2766 3735 Isaias
2787 3679 3246 3750 dicens:Populus
3267 3678 3362 3734 hic
3374 3677 3535 3733 tabiis
3560 3693 3652 3732 me
3668 3677 3773 3734 ho-

2111 3777 2294 3835 norat,
2325 3784 2419 3823 cor
2445 3773 2633 3824 autem
2663 3784 2857 3823 eorum
2887 3769 3043 3838 longe
3077 3775 3154 3824 est
3181 3785 3217 3822 a
3243 3783 3331 3824 me
3360 3785 3378 3821 :
3420 3769 3542 3822 sine
3599 3781 3780 3821 causa

2114 3866 2301 3914 autem
2325 3858 2513 3913 colunt
2539 3873 2643 3924 me,
2667 3856 2914 3912 docentes
2943 3855 3222 3913 doctrinas
3249 3863 3300 3911 et
3343 3854 3614 3910 mandata
3673 3855 3776 3910 ho-

2117 3950 2329 4002 minum
2360 3946 2568 4017 (Matth.
2603 3963 2697 4012 xv,
2725 3946 2800 4016 7).
2839 3944 2984 4000 Hinc
3016 3944 3199 4000 Isaias
3231 3961 3249 3997 :
3288 3944 3378 4000 Vae
3407 3944 3502 4015 qui
3530 3941 3781 3998 condunt

2119 4036 2262 4106 leges
2293 4038 2534 4106 iniquas,
2567 4039 2621 4089 et
2650 4034 2941 4090 scribentes
2971 4034 3305 4106 injustitiam
3324 4034 3684 4103 scripserunt,
3712 4035 3783 4086 ut

2115 4125 2489 4198 opprimodent
2508 4123 2565 4178 in
2589 4123 2801 4194 judicio
2817 4126 3165 4194 pauperes,et
3186 4122 3298 4177 vim
3325 4124 3570 4192 facerent
3591 4135 3784 4176 causa;

2116 4214 2414 4269 humilium
2443 4214 2580 4284 (Isa.
2612 4230 2666 4278 Χ,
2702 4213 2775 4283 1).
2810 4215 2879 4266 Et
2909 4211 3159 4268 fortasse
3189 4209 3480 4266 audierint
3519 4208 3784 4265 Paulum

2117 4300 2448 4374 apostolum
2476 4301 2763 4356 dicentem
2794 4317 2805 4356 :
2833 4300 3072 4371 Accipite
3105 4316 3194 4355 vos
3253 4305 3602 4353 armaturam
3654 4297 3784 4365 Dei,

2115 4401 2179 4448 ut
2209 4391 2430 4463 possitis
2458 4390 2707 4445 resistere
2736 4391 2797 4444 in
2827 4390 2915 4444 die
2938 4389 3086 4444 malo
3114 4387 3332 4460 (Ephes.
3364 4403 3444 4451 v1,
3469 4387 3578 4455 13).
3599 4385 3778 4449 Quod

2119 4481 2167 4536 si
2197 4479 2286 4536 vel
2307 4478 2628 4545 audierint,
2661 4479 2888 4534 utinam
2915 4476 3332 4550 intelligant,et
3361 4491 3489 4547 quas
3519 4489 3790 4544 sequun-

2118 4574 2250 4626 tur:
2279 4569 2494 4625 Induite
2522 4569 2749 4622 loricam
2769 4568 3023 4635 iustitiae,
3045 4569 3325 4622 sumentes
3371 4568 3590 4620 scutum
3621 4562 3786 4633 ﬁdei,

2026 4672 2073 4736 D
2106 4668 2156 4720 et
2179 4659 2393 4731 galeam
2421 4657 2615 4711 salutis
2646 4657 2924 4721 assumite,
2957 4659 3009 4709 et
3032 4655 3283 4726 gladium
3329 4654 3592 4726 spiritus,
3624 4652 3794 4722 quod

2124 4753 2200 4809 est
2227 4748 2452 4804 verbum
2477 4747 2576 4800 Dei
2621 4745 2843 4816 (Ephes.
2900 4760 2980 4812 vr,
3034 4744 3141 4814 15).
3181 4743 3344 4807 Quod
3394 4744 3452 4796 et
3501 4739 3794 4796 Salomon

2124 4853 2357 4914 quoque
2387 4836 2458 4891 de
2483 4833 2665 4905 justis
2695 4831 2965 4902 loquens,
3001 4831 3083 4886 ait
3111 4848 3123 4885 :
3151 4833 3388 4887 Induent
3409 4845 3510 4901 pro
3557 4833 3798 4884 thorace

2105 4929 2420 5003 justitiam,
2445 4930 2498 4978 et
2518 4927 2798 4976 assument
2839 4935 2942 4990 pro
2997 4921 3158 4990 galea
3189 4919 3486 4991 judicium
3541 4922 3799 4986 certum,

359 5028 532 5067 censo
562 5010 624 5065 in
643 5009 871 5066 clibano
891 5009 1230 5065 clauserunt
1254 5027 1267 5076 ;
1291 5009 1383 5064 die
1403 5023 1537 5063 vero
1560 5007 1743 5064 altera
1758 5009 2008 5066 illaesum
2116 5018 2340 5074 sument
2365 5016 2581 5068 scutum
2613 5009 3043 5080 inexpugnabile
3072 5010 3356 5080 aequitatis
3382 5008 3495 5080 (ap.
3545 5023 3602 5075 v,
3667 5006 3794 5078 19).

361 5115 498 5154 eum
521 5099 888 5168 invenerunt,
915 5099 1015 5153 sed
1056 5114 1161 5153 nee
1180 5097 1530 5152 vestimenta
1549 5097 1677 5168 ejus
1694 5097 1814 5153 ullo
1838 5099 2009 5154 modo

363 5190 504 5242 sunt
532 5189 756 5241 exusta.
802 5185 968 5241 Unde
999 5186 1081 5241 ait
1128 5185 1332 5241 beatus
1377 5184 1693 5257 Gregorius
1718 5186 1777 5240 in
1809 5186 2011 5241 eodem

363 5274 739 5346 Dialogorum
771 5273 921 5330 libro
946 5292 959 5330 :
994 5273 1200 5329 Petrus
1228 5273 1287 5329 in
1312 5275 1459 5329 mari
1483 5274 1732 5347 pedibus
1752 5274 2016 5331 ambula-

363 5363 467 5432 vit,
490 5362 708 5418 Paulus
729 5361 1103 5434 naufragium
1125 5361 1384 5434 pertulit,
1409 5367 1466 5418 et
1484 5363 1543 5418 in
1562 5380 1678 5419 uno
1697 5364 2018 5436 eodemque

365 5451 652 5507 elemento
685 5451 785 5506 ubi
816 5449 1033 5506 Paulus
1065 5467 1198 5506 cum
1231 5452 1365 5506 navi
1397 5451 1478 5508 ire
1527 5469 1640 5507 non
1693 5453 1905 5525 potuit,
1937 5453 2019 5507 ibi

367 5541 572 5596 Petrus
605 5540 853 5612 pedibus
886 5540 996 5595 iter
1025 5539 1180 5595 fecit.
1213 5540 1358 5596 Cum
1385 5541 1591 5597 Petrus
1634 5543 1824 5598 adhuc
1855 5542 2023 5596 dubi-

369 5634 519 5686 taret
549 5630 608 5684 in
640 5629 772 5697 fide,
804 5628 1019 5684 Paulus
1062 5645 1196 5684 vero
1235 5629 1348 5685 ﬁde
1387 5635 1445 5685 et
1491 5647 1663 5702 opere
1687 5633 1812 5702 jam
1844 5631 2026 5702 perfe-

369 5723 518 5788 ctus,
553 5718 1029 5775 constantissime
1059 5735 1163 5790 pro
1211 5719 1440 5776 Christo
1476 5721 1544 5776 ad
1579 5720 1924 5794 martyrium
1960 5737 2026 5775 eo

2120 5100 2473 5176 Hujusmcdi
2503 5096 2684 5154 armis
2713 5097 2812 5153 isti
2861 5098 3048 5154 nostri
3104 5095 3476 5170 antesignani
3531 5111 3642 5150 nos
3691 5095 3804 5150 in-

2123 5195 2361 5251 struunt
2386 5187 2685 5244 dimicare.
2707 5185 2851 5242 Nam
2877 5185 3260 5242 saecularibus
3291 5184 3473 5240 armis
3493 5199 3800 5256 pugnare,

2124 5284 2252 5356 ipse
2272 5277 2491 5335 Paulus
2516 5291 2622 5330 nos
2645 5275 2916 5348 prohibet
2958 5275 3200 5332 dicens:
3250 5279 3374 5332 Non
3429 5273 3805 5344 vosmetipsos

2125 5365 2838 5443 defendentes,charissimi,
2893 5364 2986 5421 sed
3033 5365 3162 5421 date
3217 5365 3396 5419 locum
3451 5364 3577 5418 irae.
3635 5360 3807 5415 Scri-

2125 5469 2283 5532 ptum
2310 5461 2386 5512 est
2417 5457 2600 5510 enim:
2633 5453 2770 5508 Mihi
2798 5453 3101 5509 vindictam
3141 5469 3246 5526 ego
3283 5452 3608 5519 retrivuam,
3641 5448 3810 5506 dixit

2131 5547 2402 5603 Dominus
2433 5544 2607 5615 (Rom.
2639 5559 2740 5605 xu,
2776 5542 2886 5611 12).
2921 5542 3228 5611 EtPetrus
3259 5538 3560 5612 apostolus
3586 5538 3811 5595 :Estote

2133 5653 2244 5693 non
2269 5634 2552 5691 reddentes
2579 5632 2790 5686 malum
2815 5647 2920 5702 pro
2950 5631 3117 5700 malo,
3149 5631 3231 5685 vel
3279 5628 3633 5684 maledictum
3689 5644 3808 5698 pro

2139 5724 2451 5796 maledicto,
2482 5721 2575 5779 sed
2604 5737 2633 5778 e
2661 5721 2937 5777 contrario
2967 5721 3335 5778 benedicentes
3359 5737 3377 5787 ;
3409 5719 3542 5790 quia
3578 5717 3644 5773 in
3696 5716 3814 5774 hoc
