3946 6408
175 446 241 509 61
1006 440 1110 504 DE
1152 437 1588 503 PRESSUMS
1635 430 2283 498 ECCLESIASTIGIS.
2317 459 2397 474 ——
2439 425 2643 490 PARS
2687 423 2740 485 Ῑ.

3503 407 3585 471 62

175 580 340 640 vocati
368 579 518 648 estis,
553 585 614 634 ut
645 575 1073 634 benedictionem
1094 574 1436 632 hereditatis
1493 570 1820 642 possideatis
1847 568 1905 636 Α
1934 582 2093 622 mam
2126 579 2294 621 suam
2327 560 2492 634 ponit
2520 575 2626 631 pro
2656 554 2884 613 ovibus.
2906 551 3174 608 Rursus:
3215 542 3585 602 Mercenarius

179 673 220 746 (1
240 676 384 729 Petr.
420 686 506 736 ιιι,
540 670 619 740 9).

241 761 364 816 Haec
392 763 593 814 tamen
627 757 828 812 omnia
857 761 913 812 et
945 755 1061 811 alia
1090 759 1429 811 sanctarum
1487 753 1816 824 Scriptura-

179 867 296 906 rum
327 849 686 904 documenta
700 845 939 917 maligni
964 849 1022 900 et
1040 844 1292 916 improbi
1312 841 1818 916 parvipendentes,

176 940 240 996 ad
278 953 538 1010 pugnam
573 936 904 991 sacerdotes
933 933 1260 1006 impingere
1288 929 1818 1004 querunt,nullam

175 1025 424 1100 amplius
455 1024 841 1080 reverentiam
873 1023 1018 1096 ipsis
1050 1024 1448 1092 observantes,
1499 1020 1614 1075 nisi
1663 1019 1818 1090 quod

175 1135 280 1174 non
303 1116 560 1188 propriis
583 1114 878 1181 manibus,
903 1114 1002 1169 sed
1028 1129 1131 1185 per
1151 1110 1614 1167 submissasillis
1637 1109 1694 1164 in
1718 1108 1820 1164 tali

173 1205 510 1264 discrimine
532 1203 805 1275 judicent
828 1203 938 1274 (36)
963 1201 1276 1257 dimicare:
1299 1204 1356 1255 et
1384 1200 1603 1270 quibus
1633 1197 1824 1271 prohi-

173 1296 353 1352 bitum
380 1297 470 1350 est
488 1297 855 1348 armatorum
878 1290 1197 1358 cuneis,vel
1215 1290 1392 1346 etiam
1417 1288 1669 1361 publicis
1690 1303 1819 1359 spe-

170 1383 413 1440 ctaculis
444 1383 750 1447 interesse,
773 1381 847 1436 ad
869 1397 1130 1453 pugnam
1153 1380 1494 1452 producere,
1511 1377 1621 1432 heu
1649 1377 1662 1431 l
1693 1392 1825 1431 nos-

171 1478 288 1531 tros
319 1469 735 1544 compellimur
763 1470 1030 1536 vicarios,
1065 1473 1128 1524 ut
1157 1468 1244 1524 vel
1274 1469 1520 1524 istorum
1555 1467 1708 1522 caede
1740 1465 1822 1520 vi-

171 1563 266 1631 cti,
299 1561 392 1618 vel
422 1560 658 1616 illorum
693 1560 857 1632 quasi
892 1558 1143 1614 absoluti
1175 1574 1304 1614 esse
1343 1557 1684 1623 videamur;
1719 1571 1824 1609 nec

167 1651 406 1726 purgari
423 1649 854 1715 acrimine,nisi
871 1652 1202 1721 perpetrato
1221 1647 1467 1702 crimine
1497 1645 1821 1701 valeamus.

167 1742 309 1797 Cum
338 1740 500 1796 enim
523 1742 880 1811 praeceptum
903 1738 982 1793 sit
1002 1737 1181 1794 David
1215 1753 1330 1792 non
1363 1736 1652 1791 aedificare
1685 1733 1825 1789 visi-

166 1829 282 1886 bile
309 1828 624 1900 templum,
648 1827 788 1900 quia
817 1827 1181 1900 sanguinum
1205 1825 1293 1881 vir
1322 1824 1459 1881 belli
1492 1821 1827 1896 frequentia

1926 659 2084 727 cuius
2113 671 2224 711 non
2253 660 2380 708 sunt
2409 666 2532 706 oves
2553 645 2808 720 propria,
2831 641 2976 698 videt
3023 641 3215 710 lupum
3251 635 3580 697 venientem,

1926 753 1977 804 et
1997 719 2234 803 dimittit
2255 759 2375 800 oves
2397 746 2448 799 et
2467 719 2609 814 fugit
2629 735 2812 807 (Ibid,
2840 733 2950 804 12.)
2996 729 3055 786 Si
3100 727 3186 784 illi
3238 719 3582 814 mercenarii

1929 837 2208 892 dicuntur
2238 833 2338 906 qui
2369 810 2601 888 tantum
2647 825 2991 896 relinquunt
3039 834 3194 884 oves,
3228 818 3284 870 et
3316 810 3573 885 fugiunt,

1930 925 2087 999 quali
2137 898 2453 980 censentur
2479 914 2762 975 vocabulo
2795 912 2893 984 qui
2925 925 3024 966 eas
3049 905 3224 964 morti
3255 898 3574 974 objiciunt?

1931 1020 2034 1072 aut
2063 1012 2354 1092 quomodo
2385 1012 2588 1066 contra
2611 1022 2709 1061 eos
2731 1002 2914 1059 armis
2935 997 3218 1054 dimicare
3239 1004 3581 1067 possumus,

1932 1089 2081 1178 quos
2103 1102 2340 1160 omnino
2364 1098 2630 1170 diligere,
2655 1098 2711 1151 et
2740 1108 2845 1164 pro
2871 1089 3090 1161 quibus
3119 1085 3300 1141 etiam
3324 1095 3490 1136 orare
3509 1077 3582 1133 ab

1931 1195 2060 1267 ipso
2094 1191 2337 1248 Domino
2360 1167 2673 1260 iubemur?
2705 1181 2798 1238 Ait
2826 1178 2982 1236 enim
3009 1171 3373 1231 Dominusin
3395 1167 3584 1222 Evan-

1933 1256 2119 1357 gelio:
2155 1256 2378 1350 Diligite
2407 1278 2664 1331 inimicos
2721 1275 2963 1326 vestros:
3026 1263 3323 1334 benefacite
3369 1258 3456 1314 his
3487 1256 3584 1328 qui

1931 1356 2163 1429 oderunt
2195 1385 2285 1425 vos
2314 1365 2521 1439 (Matth.
2545 1380 2600 1431 v,
2635 1363 2750 1426 44.)
2771 1361 2878 1414 Et:
2916 1356 3085 1412 Orate
3125 1367 3224 1423 pro
3246 1362 3585 1421 persequen-

1933 1463 2078 1518 tibus
2108 1467 2161 1514 et
2187 1433 2656 1514 calumniantibus
2684 1464 2774 1505 vos
2835 1447 2985 1519 (Luc.
3047 1457 3212 1505 XXIII,
3270 1437 3386 1508 34.)
3419 1433 3585 1498 Quod

1935 1551 2111 1607 etiam
2138 1549 2196 1603 in
2220 1562 2390 1602 cruce
2412 1539 2783 1615 positusipse
2818 1531 3075 1598 edocuit,
3119 1529 3354 1584 dicens:
3388 1526 3581 1590 Pater,

1927 1657 2002 1717 ne
2032 1646 2239 1694 statuas
2263 1635 2381 1690 illis
2412 1634 2512 1688 hoc
2566 1618 2843 1703 peceatum
2893 1623 3032 1695 (Act.
3089 1635 3190 1688 v11,
3224 1616 3337 1687 59.)
3373 1616 3496 1679 Quo
3527 1615 3585 1664 et

1937 1726 2202 1799 exemplo
2230 1726 2470 1780 beatum
2501 1719 2759 1784 levitam,
2791 1719 2850 1770 et
2878 1711 3362 1786 protomartyrem
3407 1717 3586 1758 suum

1937 1790 2301 1890 Stephanum
2335 1812 2479 1868 adeo
2537 1808 2854 1864 informare
2911 1801 3191 1873 dignatus
3229 1798 3338 1863 est,
3371 1795 3437 1847 ut
3463 1790 3590 1862 ipse

165 1919 280 1990 (37)
311 1879 506 1986 esset;
535 1879 832 1989 qubinodo
885 1879 1142 1989 pgterint
1197 1879 1530 1972 sacerdotes
1579 1879 1824 1983 bellum,
1861 1939 1910 2004 Β
1938 1879 2173 1980 quoque
2198 1901 2424 1960 noverit
2445 1900 2570 1956 suis
2602 1913 2706 1969 pro
2737 1887 3208 2004 interfectoribgs
3229 1897 3486 2004 εἶπαι-θ.
3519 1879 3593 1934 Et

1627 2002 1634 2004 .
1941 1998 1951 2004 .
2055 2000 2061 2004 .
2159 1995 2197 2004 ,ι
2284 1991 2296 2004 .
2539 1991 2549 2004 .
2597 1986 2611 2004 1
2644 1984 3108 2004 ,n_jn-_.-_-...
3179 1990 3274 2004 mn
3315 1972 3589 2004 inﬂamato-

171 2011 272 2063 aut
301 2022 565 2080 pugnam
599 2023 707 2062 sua
736 2006 912 2061 etiam
945 2022 1050 2078 pro
1071 2005 1307 2076 justitia
1334 2003 1502 2069 inire,
1538 2002 1640 2075 qui
1678 2006 1825 2056 tem-

167 2094 333 2168 plum
359 2095 577 2151 debent
599 2094 971 2164 aadiﬁcare,id
995 2099 1085 2149 est
1104 2092 1422 2150 Ecclesiam
1451 2091 1551 2147 Dei
1573 2092 1780 2146 docere
1800 2091 1828 2145 ‘t

163 2184 258 2239 Ait
285 2185 504 2240 beatus
534 2183 751 2240 Paulus
779 2183 1134 2255 Apostolus:
1198 2182 1477 2253 Templum
1531 2181 1679 2235 enim
1728 2180 1831 2234 Dei

161 2279 263 2342 est,
299 2271 446 2342 quod
475 2273 601 2327 estis
630 2288 720 2327 vos
751 2271 797 2339 (1
824 2270 946 2326 Cor.
980 2287 1066 2339 ιιι,
1101 2271 1209 2337 17).
1236 2269 1307 2323 Et
1337 2267 1476 2324 alibi
1502 2285 1514 2322 :
1555 2269 1649 2324 Vos
1675 2268 1832 2322 enim

161 2362 294 2416 estis
329 2359 605 2431 templum
636 2360 732 2415 Dei
768 2360 901 2425 vivi,
959 2361 1101 2413 sicut
1156 2357 1290 2412 dicit
1347 2357 1508 2420 Deus,
1567 2356 1833 2425 quoniam

158 2449 500 2504 inhabitabo
532 2450 591 2501 in
623 2448 740 2501 illis
770 2454 822 2501 et
852 2445 1208 2500 inambulabo
1235 2446 1382 2498 inter
1410 2459 1525 2509 eos,
1553 2451 1602 2498 et
1633 2458 1724 2498 ero
1755 2443 1832 2496 il-

154 2538 348 2593 lorum
382 2537 545 2601 Deus,
578 2539 633 2589 et
664 2536 773 2605 ipsi
797 2537 956 2588 erunt
984 2532 1128 2588 mihi
1143 2533 1377 2603 populus
1399 2532 1471 2601 (II
1493 2530 1613 2584 Cor.
1634 2530 1832 2599 v1,16.)

149 2628 541 2696 Quapropter
571 2623 652 2678 ait
683 2623 890 2678 beatus
919 2620 1266 2676 Ambrosius
1296 2619 1424 2687 (lib.
1456 2637 1472 2673 ι
1505 2619 1569 2674 de
1601 2619 1781 2690 Ofﬁc.)
1815 2635 1828 2672 :

153 2737 180 2763 ι(
199 2713 575 2769 Bellicarum
600 2727 795 2766 rerum
819 2709 1081 2766 studium
1099 2713 1342 2764 anostro
1356 2708 1681 2778 ofﬁciojam
1697 2707 1834 2763 alie-

158 2819 309 2858 num
340 2801 602 2865 videtur,
636 2799 778 2872 quia
807 2799 1016 2853 animae
1047 2797 1235 2870 magis
1266 2813 1442 2868 quam
1463 2796 1722 2869 corporis
1753 2797 1834 2851 of-

157 2892 298 2948 ﬁcio
331 2889 750 2956 intendimus;
787 2904 892 2943 nec
925 2888 995 2943 ad
1030 2903 1195 2942 arma
1217 2887 1344 2958 jam
1377 2890 1578 2942 noster
1607 2889 1833 2957 spectat

162 2996 338 3036 usus.
378 2979 530 3035 Nam
563 2994 710 3033 usus
741 2977 856 3032 cito
886 2975 1133 3032 inﬂectit
1162 2980 1456 3030 naturam.
1494 2997 1521 3024 »
1557 2975 1626 3029 Et
1659 2973 1832 3046 paulo

154 3073 337 3140 post:
383 3090 415 3118 «
463 3065 766 3122 Fortitudo
810 3064 966 3120 enim
989 3062 1835 3135 sinejustitiainiquitatisma-

154 3157 310 3214 teria
327 3160 449 3212 est.
473 3155 654 3211 David
676 3170 911 3227 quoque
932 3153 1317 3208 confirmatus
1356 3153 1415 3207 in
1451 3168 1651 3224 regno,
1683 3169 1834 3206 nun-

155 3263 344 3318 quam
373 3244 499 3301 nisi
532 3243 801 3300 consulto
831 3242 1078 3298 Domino
1108 3241 1328 3296 bellum
1379 3241 1628 3296 adorsus
1657 3245 1767 3296 est.
1804 3263 1831 3289 »

155 3335 224 3390 Et
246 3335 397 3390 alibi
423 3350 438 3389 :
463 3357 492 3384 «
516 3333 764 3388 Videtur
784 3331 951 3399 mihi,
977 3331 1132 3402 quod
1152 3331 1242 3385 vir
1261 3329 1597 3385 Chistianus
1630 3331 1831 3401 justus

155 3427 213 3479 et
236 3423 518 3496 sapiens,
552 3436 812 3493 quaerere
845 3419 960 3475 sibi
1015 3419 1196 3474 vitam
1258 3417 1450 3474 aliena
1507 3423 1694 3474 morte
1722 3435 1837 3474 non

155 3511 398 3582 debeat,
435 3513 646 3582 utpote
677 3507 779 3580 qui
809 3507 1044 3563 etiamsi
1085 3507 1143 3561 in
1201 3505 1490 3562 latronem
1540 3511 1838 3562 armatum

157 3600 415 3668 incidat,
454 3598 763 3654 ferientem
794 3597 1031 3652 referire
1058 3612 1175 3650 non
1207 3595 1414 3668 possit,
1450 3611 1522 3650 ne
1578 3595 1719 3650 dum
1752 3612 1840 3650 sa-

158 3688 351 3745 lutem
389 3686 685 3754 defendit,
719 3686 994 3758 pietatem
1025 3684 1404 3740 contaminet.
1439 3706 1468 3734 »
1500 3684 1582 3740 De
1633 3701 1748 3756 quo
1779 3684 1839 3738 in

153 3777 634 3852 Evangeliorum
660 3775 827 3831 libris
849 3778 1050 3847 aperta
1071 3777 1132 3829 et
1147 3774 1384 3829 evidens
1397 3773 1692 3830 sententia
1720 3777 1837 3829 est:

157 3867 413 3924 Reconde
445 3865 707 3936 gladium
738 3873 895 3920 tuum
924 3867 985 3918 in
1017 3865 1195 3919 locum
1224 3879 1390 3918 suum
1415 3880 1434 3916 .°
1478 3865 1664 3918 omnis
1692 3863 1842 3918 enim

152 3959 253 4028 qui
280 3956 487 4026 gladio
523 3955 874 4025 percusserit,
907 3952 1097 4021 gladio
1127 3951 1361 4023 ferietur
1405 3951 1636 4020 (Matth.
1686 3967 1841 4022 xxnv,

151 4047 270 4116 52.)
302 4045 457 4109 Quis
494 4043 651 4098 latro
681 4040 1104 4108 detestabilior,
1138 4056 1317 4111 quam
1363 4043 1701 4111 persecutor
1741 4038 1842 4111 qui

150 4138 424 4205 venerat,
454 4137 534 4188 ut
563 4131 863 4188 Christum
887 4129 1178 4185 occideret
1199 4129 1226 4183 ?
1248 4129 1359 4185 Sed
1380 4127 1569 4185 noluit
1589 4145 1651 4184 se
1673 4128 1841 4183 Chri-

152 4227 283 4279 stus
309 4223 780 4294 persecutorum
803 4218 1035 4274 defendi
1058 4217 1430 4284 vulnere,nec
1454 4233 1630 4272 suum
1656 4233 1844 4288 usque

152 4311 223 4367 ad
258 4307 677 4368 homicidium
711 4306 985 4380 quamvis
1017 4305 1298 4378 religione
1325 4305 1627 4378 pervenire
1651 4304 1846 4361 taliter

152 4400 470 4457 consensit
494 4394 864 4470 apostolum;
884 4394 1041 4450 unde
1057 4397 1115 4450 et
1135 4410 1310 4465 quem
1333 4393 1432 4450 ille
1449 4399 1842 4466 percusserat,

154 4504 291 4546 mox
322 4489 463 4562 ipse
500 4501 716 4543 sanare
747 4483 1024 4556 dignatus
1057 4487 1165 4538 est.
1195 4481 1370 4538 Nulla
1397 4498 1534 4555 ergo
1555 4499 1659 4555 pro
1674 4483 1846 4539 inno-

1938 1972 2146 2054 beatus
2159 1991 2379 2050 Paulus
2390 1986 2692 2062 apostolus
2710 1984 2780 2040 ad
2795 1984 3109 2039 Romanos:
3129 1972 3442 2062 Benedicite
3459 1984 3589 2062 per-

1936 2083 2284 2157 sequentibus
2294 2055 2975 2145 vos,oenedicite,etnolite
2988 2060 3413 2122 maledicere.Et
3425 2055 3586 2114 alibi:

1939 2175 2001 2230 Si
2018 2172 2278 2230 esurierit
2299 2167 2560 2224 inimicus
2591 2161 2870 2231 tuus,ciba
2897 2156 3136 2221 illum,si
3162 2152 3298 2222 sitit,
3313 2155 3500 2221 potum
3520 2144 3595 2198 da

1940 2263 2032 2317 illi
2052 2264 2232 2330 (Rom.
2253 2253 2631 2324 xu,22).1tem
2653 2246 2997 2304 Ambrosius
3012 2241 3136 2310 (lib.
3163 2257 3182 2294 1
3203 2233 3550 2330 0fﬁc.,_c.118)
3576 2248 3590 2284 :

1943 2372 1970 2399 ‹‹
1996 2323 2370 2420 Si‘perfectus
2386 2323 2808 2408 sim,benedico
2853 2331 3321 2390 maledicentem,
3355 2323 3513 2378 sicut
3539 2323 3597 2375 et

1942 2411 2325 2494 benedicebat
2354 2430 2592 2494 Paulus,
2616 2426 2716 2499 qui
2755 2424 2870 2480 ait:
2912 2419 3295 2477 Maledicimur
3335 2415 3388 2468 et
3433 2411 3593 2465 bene-

1941 2528 2199 2592 dicimus,
2219 2521 2652 2596 persecutionem
2683 2515 2932 2586 patimur
2955 2518 3007 2566 et
3022 2507 3360 2564 sustinemus
3389 2502 3437 2570 (I
3469 2499 3589 2556 Cor.

1941 2633 2016 2680 1v,
2052 2615 2161 2684 12).
2197 2594 2228 2662 ἦ
2258 2613 2479 2668 Tamen
2511 2612 2568 2664 et
2615 2608 2886 2661 sanctum
2918 2597 3097 2656 David
3131 2596 3190 2650 in
3222 2594 3332 2648 hoc
3359 2601 3593 2663 quoque

1941 2719 2152 2777 genere
2181 2700 2416 2757 virtutis
2446 2698 2734 2768 imparem
2767 2691 2947 2747 Paulo
2973 2703 3088 2743 non
3122 2683 3305 2740 fuisse
3354 2679 3592 2735 edocere

1942 2807 2301 2866 possumus;
2335 2787 2434 2861 qui
2467 2787 2657 2859 primo
2688 2781 2953 2855 quidem,
2975 2792 3111 2832 eum
3136 2768 3511 2829 malediceret
3540 2762 3592 2820 ei

1942 2854 2100 2938 illius
2132 2854 2434 2946 Semei,-et
2462 2854 2720 2931 crimina
2760 2868 3059 2940 objiceret,
3093 2861 3342 2924 tacebat,
3375 2859 3432 2912 et
3472 2854 3590 2909 hu-

1944 2971 2211 3027 miliabat
2241 2985 2324 3033 se,
2356 2970 2413 3022 et
2441 2964 2654 3021 silebat
2684 2979 2716 3016 a
2748 2958 2920 3015 bonis
2942 2954 3088 3020 suis,
3111 2951 3223 3006 hoc
3252 2952 3342 3004 est
3369 2946 3592 3033 bonum

1943 3075 2184 3132 operum
2219 3053 2619 3113 conscientia:
2658 3048 2870 3105 deinde
2898 3040 3279 3114 exspectabat
3323 3028 3595 3090 maledici

1945 3146 2224 3219 sibi,quia
2253 3143 2560 3200 maledicto
2592 3139 2692 3194 illo
2712 3136 2971 3192 divinam
3002 3127 3344 3201 acquirebat
3372 3117 3596 3178 miseri-

1946 3208 2226 3293 cordiam.
2267 3234 2375 3300 Qui
2407 3232 2585 3288 etiam
2615 3232 2672 3284 et
2700 3227 2760 3281 in
2792 3221 3038 3296 psalmis
3069 3219 3186 3275 ait:
3211 3216 3403 3272 Averte
3444 3208 3599 3264 mala

1864 3297 1907 3364 Ο
1943 3327 2194 3383 inimicis
2223 3297 2381 3386 meis,
2415 3325 2467 3376 et
2506 3321 2563 3374 in
2590 3317 2820 3374 veritate
2852 3321 2945 3369 tua
2973 3307 3224 3381 disperde
3262 3304 3386 3359 illos
3418 3297 3593 3372 (Psal.

1948 3434 2069 3484 Lm,
2096 3415 2178 3486 7.)
2208 3411 2356 3476 Quid
2389 3425 2524 3482 ergo
2555 3409 2811 3479 praestat,
2846 3403 2894 3458 si
2937 3397 3264 3457 secundum
3313 3405 3598 3465 quorum-

1949 3506 2084 3560 dam
2107 3501 2402 3574 judicium
2444 3478 2656 3568 corpus
2686 3495 2797 3551 hoc
2824 3489 3176 3546 moriturum
3208 3481 3362 3538 male
3393 3481 3464 3535 de
3501 3478 3597 3533 in-

1949 3589 2130 3646 famia
2157 3587 2243 3644 vel
2275 3565 2566 3658 supplicio
2614 3581 2954 3642 liberemus,
2986 3574 3245 3632 animam
3293 3573 3488 3625 autem
3539 3565 3599 3620 in

1949 3683 2296 3754 perpetuum
2331 3656 2683 3731 damnemur
2706 3688 2720 3738 ;
2744 3669 2972 3725 dicente
2994 3662 3243 3721 Domino
3268 3676 3282 3715 :
3309 3656 3450 3728 Quid
3468 3671 3596 3729 pro—

1949 3769 2066 3825 dest
2095 3767 2311 3824 homini
2337 3766 2388 3820 si
2411 3765 2732 3819 universum
2759 3756 3034 3814 mundum
3091 3753 3352 3820 lucretur,
3395 3747 3603 3803 anima

1948 3875 2073 3916 vero
2101 3872 2222 3913 sua:
2240 3847 2632 3911 detrimentum
2655 3848 2949 3922 patiatur?
2976 3842 3188 3913 (Matth.
3218 3857 3336 3905 XVI,
3359 3837 3471 3907 16.)
3489 3834 3598 3890 Sed

1951 3949 2050 4005 illa
2070 3946 2273 4002 infelix
2302 3944 2502 4000 anima
2529 3941 2640 3996 hoc
2672 3939 2743 3994 ad
2767 3933 3192 4008 perﬁciendum
3211 3928 3325 4000 (38)
3347 3925 3598 3990 obediet,

1951 4039 2022 4094 de
2055 4054 2172 4109 qua
2201 4034 2486 4106 scriptum
2509 4035 2632 4086 est:
2669 4027 2915 4084 Privavit
2942 4039 3065 4080 eam
3093 4022 3237 4076 Deus
3301 4015 3602 4090 sapientia,

1949 4143 2049 4184 nec
2072 4107 2225 4182 dedit
2254 4124 2344 4179 illi
2375 4119 2810 4192 intelligentiam
2839 4113 2976 4186 (Job.
3011 4127 3204 4178 xxxxx,
3235 4107 3318 4176 7.)

2023 4215 2204 4271 Nobis
2235 4229 2369 4268 vero
2399 4210 2664 4266 divinum
2688 4205 2912 4279 jugiter
2963 4198 3236 4258 convenit
3290 4193 3608 4267 implorare

1953 4303 2327 4372 auxilium,et
2345 4295 2700 4356 omnimodis
2727 4294 3083 4366 satagere,ut
3104 4285 3372 4359 quia(38)
3385 4284 3610 4354 absque

1954 4396 2189 4466 peccato
2221 4406 2349 4447 esse
2379 4405 2496 4444 non
2527 4399 2869 4459 possumus,
2893 4379 3032 4436 vela
3063 4374 3410 4431 criminibus
3432 4368 3606 4428 alieni

1955 4481 2203 4538 existere
2231 4455 2552 4540 valeamus,
2577 4473 2718 4544 quia
2738 4467 3065 4526 secundum
3087 4465 3326 4519 beatum
3358 4455 3607 4514 Paulum

154 4579 354 4634 centia
387 4573 794 4633 saecularibus
818 4571 1001 4628 armis
1029 4587 1317 4643 pugnare,
1343 4576 1446 4627 aut
1465 4570 1612 4628 alios
1643 4572 1713 4627 ad
1736 4571 1846 4627 hoc
1956 4567 2287 4642 apostolum
2321 4565 2447 4620 sine
2477 4559 2722 4617 crimine
2751 4556 3083 4613 sacerdotes
3112 4567 3242 4608 esse
3272 4547 3504 4605 debent.
3538 4546 3610 4601 Et

154 4683 256 4739 pro
280 4667 470 4724 nobis
497 4662 858 4736 compellere
881 4659 1170 4718 convenit.
1192 4659 1340 4715 Nam
1384 4661 1433 4715 si
1485 4660 1763 4716 facientes
1793 4665 1852 4717 et
1881 4663 1928 4728 D
1960 4657 2230 4730 quamvis
2249 4665 2657 4728 perversorum
2676 4644 3029 4704 oraomnino
3043 4642 3347 4699 obstruere
3359 4651 3611 4709 nequea-

154 4755 623 4813 consentientes
656 4749 784 4823 pari
838 4766 1010 4822 poena
1072 4747 1578 4820 constringuntur,
1629 4753 1848 4820 quanto
1959 4764 2116 4817 mus,
2151 4746 2222 4800 de
2252 4759 2400 4816 pura
2428 4737 2619 4797 securi
2640 4734 3018 4800 conscientia,
3071 4728 3318 4787 interius
3367 4723 3610 4782 ﬁducia-

154 4845 348 4919 magis
371 4845 450 4902 ad
481 4817 756 4916 pugnam
780 4817 1223 4912 persuadentes,
1247 4817 1535 4893 vel-etiam
1566 4817 1712 4893 alios
1744 4854 1847 4909 pro
1956 4835 2089 4891 liter
2119 4833 2503 4906 gaudeamus.
2526 4829 2675 4884 Nam
2708 4824 2846 4897 quid
2875 4822 3093 4878 mirum
3115 4819 3163 4875 si
3187 4817 3457 4874 homines
3477 4830 3611 4886 per-

1960 4923 2089 4991 diti,
2113 4927 2170 4978 et
2199 4919 2463 4978 subversi
2494 4918 2782 4974 bonorum
2813 4913 2994 4968 vitam
3024 4910 3313 4964 infamare
3343 4920 3457 4960 non
3489 4918 3614 4958 me-

1960 5015 2138 5069 tuunt
2157 5011 2184 5067 ?
2202 5010 2297 5066 Ait
2324 5007 2481 5065 enim
2507 5007 2718 5062 beatus
2749 4999 3102 5073 Gregorius:
3128 4995 3313 5052 Habet
3345 4992 3456 5048 hoc
3478 5006 3612 5064 pro-

1962 5101 2157 5174 prium
2184 5099 2414 5170 antiqui
2436 5095 2622 5152 hostis
2645 5090 2886 5156 invidia,
2910 5093 2976 5143 ut
3005 5102 3156 5158 quos
3193 5083 3255 5139 in
3299 5093 3614 5154 pravorum

1962 5168 2200 5247 actuum
2226 5168 2675 5260 perpetratione,
2707 5180 2824 5236 Deo
2856 5177 2968 5234 sibi
2999 5175 3327 5243 resistente,
3350 5168 3617 5241 decipere

1962 5297 2080 5336 non
2111 5256 2283 5348 valet,
2321 5256 2627 5347 opiniones
2653 5283 2857 5326 eorum
2889 5265 3036 5322 falsa
3065 5264 3137 5320 ad
3160 5276 3417 5334 praesens
3439 5256 3618 5314 simu-

1962 5365 2460 5434 lando,dilaceret.
2489 5360 2602 5416 Sed
2632 5357 2866 5414 illorum
2891 5353 3195 5410 malitiosis
3225 5347 3616 5406 detractiones

1963 5455 2234 5531 quamvis
2264 5451 2519 5508 multum
2549 5446 2835 5520 impedire
2880 5444 3209 5507 videantur,
3267 5454 3386 5494 non
3443 5433 3615 5492 nobis

155 4949 215 4990 se
245 4935 677 5007 opponentes,
694 4927 1303 5001 pugnasimplicantur
1331 4926 1588 4998 periculo
1607 4924 1635 4980 ’ἒ
1657 4925 1852 4981 Insen-

159 5025 273 5080 sati
314 5029 376 5082 et
407 5019 662 5097 perfidi,
696 5023 852 5076 certe
883 5018 932 5074 si
965 5017 1136 5074 nobis
1153 5015 1335 5072 armis
1365 5021 1587 5072 certare
1616 5031 1850 5087 compe-

154 5117 324 5179 teret,
361 5110 635 5168 liberius
664 5124 774 5181 pro
797 5106 1082 5163 fratribus
1105 5105 1530 5178 bellare,quam
1555 5121 1658 5178 pro
1681 5105 1852 5161 nobis

165 5201 312 5259 alios
345 5201 630 5273 objicere
656 5196 1067 5263 crederemus;
1098 5211 1260 5263 nam,
1317 5195 1399 5251 ait
1445 5193 1733 5251 Dominus
1791 5193 1853 5249 in

155 5289 479 5365 Evangelio
506 5305 524 5347 :
565 5289 760 5342 Bonus
784 5292 974 5357 pastor
985 5285 1146 5356 ponit
1165 5284 1416 5341 animam
1445 5300 1608 5340 suam
1622 5299 1725 5355 pro
1747 5283 1856 5339 ovi-

158 5377 250 5436 bus
283 5381 410 5437 suis
451 5379 652 5450 (Joan.
686 5391 747 5444 κ,
778 5375 891 5442 11.)
923 5372 1050 5432 Non
1081 5373 1237 5430 enim
1270 5372 1372 5439 ait,
1413 5372 1608 5430 bonus
1655 5375 1856 5444 pastor

157 5483 290 5527 oves
324 5469 449 5526 sibi
476 5463 846 5523 commissas
871 5479 976 5536 pro
999 5463 1199 5519 anima
1220 5478 1328 5518 sua
1372 5462 1560 5534 ponit,
1593 5461 1692 5518 sed
1727 5461 1852 5516 ani-

1960 5581 2283 5655 frequentis.

2181 5634 2602 5724 Perﬁciendum.
2632 5642 2822 5724 codex
2854 5639 3027 5724 Rcsb.
3058 5634 3478 5724 proﬁciendum.

2057 5705 2147 5797 39)
2185 5705 2248 5780 Ut
2277 5705 2531 5792 quia.Sic
2561 5716 2838 5774 laudatus
2868 5705 3084 5770 codex‘:
3111 5705 3341 5777 editi,ut
3362 5707 3458 5779 qui
3468 5705 3608 5774 jam.

227 5593 339 5667 (36)
365 5592 678 5667 ludicant.
715 5588 810 5646 Sic
844 5586 1214 5644 restituimus
1244 5604 1276 5643 e
1312 5587 1509 5644 codice
1538 5586 1716 5644 Resb.
1746 5603 1760 5654 ;
1794 5585 1853 5640 in

161 5665 353 5736 editis,
390 5665 691 5722 indicant.

232 5728 350 5811 (37)
382 5733 760 5808 Frequentia.
814 5731 901 5789 Ita
948 5731 1225 5789 laudatus
1269 5730 1449 5788 codex
1480 5730 1655 5788 Resb.
1690 5728 1853 5800 editi,
