3946 6416
312 443 394 509 63

1334 450 1674 517 ATTONIS
1715 448 2300 516 VERGELLENSIS
2343 447 2701 513 EPISGOPI

3642 448 3723 511 64

312 576 511 637 tamen
542 577 710 640 aliter
754 584 1117 649 excusandas
1173 603 1303 645 esse
1357 586 1796 663 perpendimus,
1840 587 1954 646 nisi
1983 589 2041 652 Α
2070 585 2128 641 id
2160 585 2316 659 quod
2346 587 2519 658 turpe
2543 586 2654 652 est,
2687 598 2803 639 non
2834 580 3023 655 possit
3050 597 3181 639 esse
3210 579 3573 656 utile,neque
3590 599 3722 640 rur-

315 672 815 742 quemadmodum
860 681 1199 734 sanctorum
1247 679 1483 735 Patrum
1545 678 1956 736 suluberrimis

323 758 799 820 institutionibus
829 766 1234 834 admonemur,
1259 769 1397 840 quia
1428 770 1713 842 scriptum
1736 775 1826 826 est
1854 788 1866 827 :
1890 771 1966 828 Ne

317 850 748 923 transgredioris
777 855 930 927 ﬁnes,
964 874 1096 929 quos
1123 869 1425 929 posuerunt
1450 870 1637 932 patres
1663 864 1746 919 tui
1772 866 1960 929 (Prov.

312 953 454 1004 xxn,
484 941 600 1012 28.)
632 943 690 998 Si
724 944 856 1016 quis
887 949 1080 1002 tamen
1112 948 1388 1004 canonico
1418 950 1480 1005 in
1509 951 1605 1007 his
1655 955 1962 1008 contentus

313 1025 428 1099 (40)
461 1045 592 1084 esse
624 1030 872 1087 noluerit
890 1033 1137 1104 judicio,
1160 1037 1260 1091 sed
1290 1054 1398 1093 sua
1429 1039 1838 1095 adinventione
1869 1057 1963 1095 sa-

315 1117 576 1173 cerdotes
608 1118 707 1173 Dei
751 1137 1129 1193 praegravare,
1186 1114 1417 1193 vexare,
1470 1127 1559 1182 vel
1617 1128 1959 1200 exspoliare,

312 1203 556 1277 insuper
583 1208 756 1263 etiam
790 1210 928 1281 etsi
958 1213 1219 1270 occidere
1251 1217 1709 1288 praasumpserit,
1736 1221 1965 1290 oportet

312 1309 418 1348 nos
451 1299 789 1353 sanctorum
822 1315 1132 1357 censuram
1192 1306 1475 1359 servando
1535 1306 1750 1378 puniri,
1784 1323 1960 1378 quam

311 1380 441 1453 ejus
471 1400 658 1454 pravae
690 1387 1029 1444 satisfacere
1082 1390 1394 1463 voluntati,
1443 1394 1712 1464 quamvis
1768 1401 1826 1450 et
1854 1396 1963 1451 hoc

314 1486 485 1544 agere
515 1473 910 1545 perniciosum
942 1478 1038 1545 sit,
1071 1484 1128 1534 et
1157 1479 1292 1537 talis
1320 1499 1509 1554 pccna,
1543 1483 1627 1538 vel
1679 1500 1839 1540 mors
1870 1502 1961 1540 sa-

312 1560 391 1616 tis
424 1578 636 1633 aspera
665 1564 952 1621 videatur.
988 1569 1123 1635 Quae
1155 1570 1310 1625 enim
1367 1587 1528 1628 mors
1557 1572 1617 1628 in
1656 1573 1787 1642 [hoc
1818 1591 1962 1645 pra:-

315 1648 465 1705 senti
496 1652 708 1707 saeculo
739 1654 1031 1711 crudelior
1060 1674 1189 1713 esse
1215 1660 1447 1731 poterit,
1468 1677 1643 1733 quam
1670 1678 1803 1716 cum
1828 1678 1961 1733 pas-

2073 694 2177 733 sus
2208 676 2266 731 id
2295 676 2446 746 quod
2479 674 2791 731 honestum
2823 677 2931 743 est,
2964 671 3193 741 inutile,
3237 671 3378 743 quia
3421 672 3728 745 complexa

2072 766 2366 822 honestati
2398 769 2487 820 est
2516 779 2749 836 semper
2778 762 3023 829 utilitas,
3056 766 3114 817 et
3144 762 3383 817 utilitati
3418 762 3721 819 honestae.

2075 857 2186 912 Sed
2218 856 2319 927 qui
2352 857 2690 911 sanctorum
2742 853 2982 908 Patrum
3041 851 3475 924 parvipendunt
3514 852 3726 919 edicta,

2074 960 2355 1017 magnum
2371 960 2488 999 non
2508 948 2597 999 est
2609 942 2657 998 si
2673 946 2873 997 nostra
2883 942 3061 997 etiam
3077 941 3432 1011 redarguant
3443 944 3499 995 et
3511 957 3690 1013 opera
3710 958 3723 996 :

2074 1050 2283 1105 nempe
2316 1033 2414 1106 qui
2448 1031 2685 1088 illorum
2716 1047 2833 1087 non
2866 1034 3139 1086 metuunt
3174 1034 3393 1085 statuta
3413 1034 3724 1099 temerare,

2074 1139 2179 1178 nec
2202 1127 2416 1178 nostra:
2445 1124 2718 1177 metuunt
2742 1120 2872 1175 vitae
2903 1120 3226 1185 detrahere,
3249 1135 3449 1174 verum
3475 1119 3653 1175 etiam
3672 1124 3730 1175 et

2067 1212 2357 1284 judicium
2374 1208 3038 1283 przegravareﬂuamvis
3055 1209 3317 1280 igiturab
3330 1208 3729 1264 ecclesiastica

2074 1302 2415 1357 recedamus
2448 1315 2717 1365 censura,
2751 1298 3108 1369 quibusdam
3159 1314 3226 1352 ex
3273 1297 3420 1369 ipsis
3461 1298 3728 1366 [faventi-

2074 1391 2206 1457 bus,
2240 1389 2476 1445 illorum
2510 1389 2684 1443 etiam
2708 1388 2954 1458 judicio,
2979 1387 3375 1442 satisfaciendi
3407 1386 3601 1442 locum
3633 1402 3727 1443 re-

2078 1479 2262 1551 perire
2289 1478 2445 1550 apud
2479 1476 2788 1533 saeculares
2817 1477 2878 1531 in
2908 1476 3253 1547 hujusmodi
3294 1476 3720 1548 potuissemus,

2075 1568 2517 1624 incommodum
2549 1566 2926 1629 arbitramur,
2962 1581 3035 1619 ne
3065 1565 3199 1620 aliis
3225 1564 3334 1620 hoc
3366 1565 3599 1634 assequi
3625 1582 3722 1619 vo-

2071 1656 2350 1721 lentibus,
2374 1656 2462 1710 vel
2486 1654 2688 1725 etiam]
2712 1653 3129 1720 valentibus,in
3154 1653 3485 1724 exemplum
3513 1654 3727 1724 produ-

314 1740 472 1796 tores
500 1739 770 1797 Ecclesiae
802 1743 873 1799 ab
905 1744 1111 1802 ovibus
1141 1753 1525 1820 separantur;
1570 1754 1648 1817 et,
1679 1754 1780 1805 aut
1838 1766 1961 1806 car-
2074 1749 2303 1802 ceretur
2331 1744 2467 1816 (41),
2496 1748 2553 1799 et
2614 1744 2897 1798 fratribus
2954 1742 3208 1799 eveniret
3238 1742 3297 1797 in
3352 1741 3724 1810 scandalum,

314 1825 453 1897 ceri]
483 1827 888 1900 includuntur,
917 1834 1009 1889 vel
1038 1835 1239 1891 exsilio
1272 1835 1589 1908 pelluntur,
1621 1839 1963 1910 [eorumque
2074 1834 2230 1907 quod
2263 1850 2297 1889 a
2320 1832 2488 1888 nobis
2522 1832 2934 1904 quoquomodo
2981 1829 3192 1886 fuisset
3239 1833 3553 1886 extortum.
3596 1831 3724 1886 Non

312 1930 557 1988 corpora
574 1920 836 1990 penuriis
858 1925 1441 1991 atteruntur,mentes
1466 1932 1661 1983 autem
1694 1934 1957 1996 mmrore]
1991 1956 2039 2021 Β
2074 1922 2231 1980 enim
2259 1925 2349 1977 est
2378 1921 2610 1993 sapiens
2632 1921 2731 1992 qui
2764 1924 2951 1975 nocet.
2974 1919 3144 1974 Aliud
3169 1923 3258 1975 est
3279 1935 3413 1974 vero
3452 1935 3721 1974 commu-

313 2004 705 2063 afﬁciuntur?
734 2008 815 2065 De
862 2027 923 2067 se
982 2012 1302 2086 suspirant,
1357 2014 1427 2070 de
1480 2015 1591 2072 sibi
1624 2016 1958 2073 commissis
1991 2004 2039 2021 ”
2070 2013 2221 2067 niter
2247 2009 2637 2084 sapere,aliud
2659 2014 2749 2065 est
2780 2024 2985 2081 sapere
3015 2009 3284 2081 perfecte.
3309 2008 3417 2075 Qui
3457 2025 3728 2063 commu~

313 2092 556 2165 ejulant,
593 2098 901 2168 praesentia
932 2100 1237 2170 patiuntur
1265 2103 1574 2176 supplicia,
1597 2106 1959 2177 futuraquea
2069 2099 2224 2155 niter
2255 2100 2430 2171 sapit,
2463 2116 2565 2170 pro
2597 2097 3022 2169 temporalibus
3039 2098 3212 2170 sapit,
3242 2098 3341 2168 qui
3364 2100 3559 2152 autem
3583 2114 3725 2168 per-

313 2180 687 2241 carnificibus
717 2188 1162 2257 promittuntur,
1192 2196 1473 2263 expavent
1502 2193 1958 2264 majora,conso-

313 2269 525 2326 latores
557 2273 629 2327 ab
685 2273 832 2345 ipsis
887 2276 1194 2344 tolluntur,
1229 2281 1664 2351 exprobrantes,
1696 2281 1784 2337 vel
1838 2285 1957 2337 ter—

313 2361 511 2414 rentes
546 2361 771 2433 jugiter
826 2364 1163 2422 assistunt?
1216 2368 1419 2424 Nonne
1472 2369 1658 2425 levius
1717 2370 1959 2442 prmcisa

313 2445 532 2502 cervice
553 2451 966 2507 occumberent
983 2454 1013 2507 ’ἶ
1036 2457 1150 2509 Aut
1170 2456 1417 2511 fortasse
1438 2457 1547 2513 hoc
1565 2462 1803 2530 agentes
1828 2458 1957 2514 ideo

313 2531 621 2590 homicidae
672 2554 787 2593 non
831 2544 991 2607 sunt,
1051 2544 1188 2614 quia
1234 2542 1335 2598 isti
1393 2545 1615 2615 absque
1672 2547 1959 2617 sanguine

314 2626 614 2679 necantur.
650 2625 815 2683 Certe
844 2627 1121 2685 Julianus
1152 2631 1282 2687 ideo
1314 2632 1605 2689 crudelior
1633 2650 1749 2705 prae
1789 2639 1959 2689 caete-

314 2708 397 2765 ris
426 2712 692 2783 tyrannis
724 2714 917 2773 dictus
946 2722 1055 2783 est,
1090 2719 1229 2790 quia
1255 2724 1541 2794 martyres
1571 2720 1787 2777 Christi
1833 2739 1961 2777 san-

315 2799 556 2870 guinem
589 2801 831 2859 fundere
862 2821 977 2861 non
1009 2806 1261 2875 sinebat,
1291 2810 1391 2864 sed
1442 2810 1691 2866 diversis
1735 2809 1959 2883 suppli-

315 2883 422 2940 ciis
451 2890 755 2959 torquens,
801 2896 934 2965 post
979 2891 1215 2966 longam
1270 2896 1725 2953 macerationem
1780 2897 1959 2953 vitam

316 2973 484 3030 finire
518 2978 779 3050 cogebat.
814 2979 959 3037 Hinc
991 2982 1173 3039 Isaias
1204 2984 1320 3040 ait:
1357 2985 1526 3042 Omne
1552 2994 1715 3057 caput
1738 2986 1959 3056 langui-

317 3061 467 3135 dum,
500 3073 553 3121 et
581 3083 739 3122 omne
768 3086 861 3125 cor
883 3087 1131 3142 maerens,
1165 3090 1199 3128 a
1228 3075 1422 3145 planta
1456 3073 1612 3147 pedis
1665 3090 1836 3146 usque
1892 3075 1962 3131 ad

316 3153 581 3208 verticem
610 3170 722 3211 non
745 3165 825 3213 est
853 3158 911 3212 in
936 3175 996 3214 eo
1025 3162 1237 3216 sanitas
1269 3161 1423 3234 (Isai.
1457 3178 1495 3231 ι,
1527 3161 1605 3232 3.)

386 3239 803 3300 Verumtamen
824 3244 961 3303 licet
980 3247 1103 3302 hanc
1132 3249 1454 3305 durissima
1474 3265 1600 3305 esse
1629 3250 1958 3320 videantur,

318 3327 579 3384 divinam
612 3333 713 3386 sed
747 3332 902 3389 enim
950 3335 1277 3392 habeamus
1316 3337 1795 3405 consolationem,
1830 3318 1958 3409 quae
1989 3318 2032 3385 (ἶ

316 3416 433 3474 ait:
464 3419 642 3476 Nolite
668 3422 863 3478 timere
891 3440 986 3480 eos
1013 3428 1111 3496 qui
1138 3425 1387 3482 occidunt
1440 3443 1655 3499 corpus,
1705 3427 1961 3482 animam

314 3514 502 3562 autem
531 3525 636 3564 non
664 3516 891 3581 possunt
921 3514 1167 3569 occidere
1189 3531 1212 3576 ,ο
1240 3515 1334 3571 sed
1358 3517 1538 3587 potius
1592 3531 1717 3571 eum
1752 3516 1957 3586 timete,

314 3598 412 3665 qui
436 3604 609 3666 potest
632 3600 881 3655 animam
910 3605 961 3656 et
1017 3618 1209 3674 corpus
1259 3603 1483 3674 perdere
1541 3606 1600 3658 in
1655 3604 1960 3674 gehennam

315 3682 526 3752 (Matth.
549 3702 603 3750 χ,
638 3686 754 3756 28.)
782 3687 929 3743 Nam
960 3690 1285 3745 secundum
1316 3691 1552 3746 beatum
1586 3691 1958 3747 Ambrosium

315 3769 378 3839 (l.
413 3784 477 3825 III
502 3770 681 3843 0fﬁc.,
707 3789 755 3828 c.
778 3774 833 3842 9)
866 3780 1105 3832 sanctus
1118 3775 1478 3834 Nabuthaeus
1498 3778 1557 3833 in
1581 3795 1647 3834 eo
1669 3780 1959 3851 perfectus

317 3858 558 3930 exstitit,
591 3860 731 3931 quia
759 3864 1046 3936 sanguine
1067 3864 1300 3938 proprio
1322 3866 1659 3923 defenderat
1669 3867 1809 3938 jura
1832 3883 1959 3922 ma-

307 3947 531 4018 jorum,
572 3953 628 4004 et
657 3949 981 4008 honestatis
1041 3953 1528 4027 contemplatione
1572 3959 1822 4012 mortem
1870 3956 1958 4010 in-

317 4050 549 4093 currere
578 4055 695 4093 non
727 4039 1081 4098 formidavit.
1116 4040 1261 4097 Cum
1317 4043 1474 4099 enim
1530 4045 1601 4100 ab
1631 4060 1698 4100 eo
1729 4043 1958 4100 vineam

316 4140 418 4179 rex
438 4132 705 4197 posceret
728 4130 1038 4200 pecuniam
1070 4148 1132 4187 se
1161 4132 1438 4188 daturum
1471 4132 1773 4205 pollicens,
1792 4133 1957 4189 inde-

317 4228 519 4269 corum
553 4216 807 4287 pretium
840 4233 944 4289 pro
994 4223 1235 4291 paterna
1283 4222 1573 4277 recusavit
1602 4221 1958 4288 haereditate,

318 4301 643 4375 maluitque
675 4310 863 4361 morte
894 4305 1188 4364 declinare
1252 4308 1595 4382 hujusmodi
1638 4310 1963 4382 turpitudi-

316 4405 450 4447 nem
475 4410 494 4446 :
523 4392 642 4450 Non
670 4395 829 4467 mihi,
861 4395 1076 4468 inquit,
1109 4399 1209 4469 ﬁat
1236 4414 1271 4453 a
1300 4400 1430 4469 Deo,
1460 4402 1523 4454 ut
1552 4398 1682 4455 dem
1711 4400 1814 4454 tibi
1850 4398 1962 4455 hm-

315 4478 604 4537 reditatem
626 4489 857 4556 patrum
883 4502 1131 4543 meorum
1189 4488 1300 4557 (III
1355 4490 1485 4560 Reg.
1544 4504 1659 4555 xxr,
1715 4488 1809 4561 3):
1854 4486 1964 4543 hoc

315 4572 405 4624 est
432 4574 666 4625 tantum
697 4573 843 4627 mihi
875 4574 1255 4646 opprobrium
1287 4593 1404 4633 non
1425 4578 1550 4643 fiat,
1571 4593 1688 4632 non
1720 4576 1964 4648 permit-

2070 2189 2218 2244 fecte
2264 2189 2439 2261 sapit,
2467 2204 2583 2243 non
2616 2187 2823 2259 quaerit
2850 2191 3082 2242 tantum
3116 2187 3269 2257 quod
3298 2186 3409 2241 sibi
3441 2184 3582 2240 utile
3607 2190 3720 2252 est,

2070 2278 2171 2332 sed
2204 2279 2357 2349 quod
2393 2277 2689 2335 omnibus.
2714 2276 2810 2330 Ait
2842 2276 3081 2347 quidem
3112 2275 3317 2331 beatus
3361 2274 3722 2346 Gregorius:

2071 2369 2233 2438 Saepe
2256 2367 2326 2421 ab
2351 2365 2695 2421 hominibus
2716 2365 2895 2419 timor
2917 2362 3126 2419 debilis
3167 2368 3339 2419 cauta
3359 2362 3723 2434 dispensatio

2066 2459 2327 2521 vocatur,
2351 2459 2408 2509 et
2438 2453 2606 2527 quasi
2636 2454 2956 2525 prudenter
2986 2453 3271 2524 impetum
3296 2468 3358 2506 se
3388 2450 3725 2506 declinasse

2070 2546 2504 2608 asserunt,cum
2537 2541 2826 2611 fugientes
2842 2542 2953 2611 (42)
2972 2540 3217 2610 turpiter
3236 2540 3294 2593 in
3316 2542 3482 2609 terga
3504 2538 3727 2593 feriun-

2068 2634 2184 2686 tur.
2218 2629 2654 2701 Congruentius
2686 2643 2821 2700 ergo
2862 2625 3136 2699 eligimus
3181 2630 3442 2681 nostram
3491 2631 3727 2697 portare

2069 2717 2369 2789 injuriam,
2404 2732 2583 2787 quam
2615 2714 2747 2770 aliis
2777 2715 2990 2770 inferre
3015 2713 3396 2781 calumniam,
3418 2717 3475 2767 et
3497 2715 3569 2768 ab
3594 2713 3729 2770 aliis

2071 2806 2292 2878 injuste
2314 2804 2644 2877 pati,quam
2667 2821 2701 2859 a
2717 2802 2887 2859 nobis
2904 2802 3126 2873 injuste
3147 2802 3398 2857 defendi:
3418 2817 3533 2857 non
3560 2803 3728 2857 enim

2070 2897 2130 2951 in
2162 2898 2513 2966 perpetuum
2544 2893 2918 2961 damnamur,
2952 2906 3084 2945 cum
3115 2890 3335 2961 injuste
3355 2890 3727 2960 judicamur,

2071 2984 2299 3040 dicente
2321 2981 2671 3038 Psalmista:
2704 2983 2817 3036 Nec
2866 2979 3155 3035 damnabit
3210 2995 3334 3035 eum
3358 2995 3484 3035 cum
3513 2980 3728 3050 judica-

2073 3073 2220 3129 bitur
2248 3072 2344 3126 illi
2369 3070 2546 3138 (Psal.
2568 3086 2735 3136 xxxv,
2767 3068 2882 3140 33.)

2142 3159 2310 3216 Multi
2342 3158 2595 3229 denique
2617 3158 2989 3214 sacerdotum
3012 3156 3242 3228 culpam
3265 3155 3386 3212 zelo
3408 3155 3510 3212 Dei
3525 3173 3727 3228 perse-

2071 3251 2171 3322 qui
2204 3267 2265 3305 se
2290 3249 2659 3321 proﬁtentur,
2693 3247 2795 3302 sed
2828 3246 2970 3301 dum
3002 3245 3317 3300 indiscrete
3362 3243 3473 3299 hoc
3513 3250 3726 3317 agunt.

2071 3336 2359 3409 sacrilegii
2383 3336 2611 3391 facinus
2631 3334 3027 3401 incnrrunt,et
3048 3334 3189 3389 dum
3209 3333 3534 3405 praecipites
3548 3333 3729 3405 quasi

2069 3428 2139 3485 ad
2172 3425 2608 3481 emendandum
2637 3431 2841 3491 ruunt,
2863 3422 2973 3495 ipsi
2996 3438 3228 3495 quoque
3244 3421 3514 3477 deterius
3535 3422 3727 3478 multo

2069 3515 2257 3588 magis
2287 3514 2542 3569 cadunt:
2575 3512 2732 3567 unde
2754 3516 2813 3567 et
2839 3510 2899 3565 in
2933 3510 3082 3566 libro
3111 3514 3333 3581 Regum
3358 3510 3429 3565 de
3458 3526 3593 3566 arca
3617 3512 3728 3567 Do-

2069 3605 2216 3660 mini
2246 3602 2479 3674 legitur,
2512 3601 2652 3672 quia
2677 3603 2966 3671 postquam
2994 3601 3266 3654 renerunt
3296 3599 3366 3653 ad
3395 3616 3587 3654 arcam
3617 3601 3730 3655 Na-

2066 3694 2217 3759 chor,
2241 3690 2495 3747 extendit
2512 3705 2743 3744 manum
2764 3691 2879 3747 0m
2899 3687 2969 3743 ad
2988 3705 3175 3743 arcam
3211 3689 3451 3756 Domini,
3474 3692 3528 3743 et
3547 3690 3731 3744 tenuit

2067 3798 2210 3850 eam,
2236 3779 2503 3851 quoniam
2554 3776 2931 3833 ealcitrabant
2977 3777 3150 3843 boves,
3196 3782 3253 3832 et
3303 3776 3729 3834 declinaverunt

2066 3887 2189 3927 eam
2211 3876 2299 3931 :et
2326 3869 2506 3924 iratus
2534 3867 2924 3940 indignatione
2954 3866 3217 3921 Dominus
3239 3868 3429 3921 contra
3461 3867 3651 3937 02am,
3674 3871 3729 3923 et

2062 3959 2331 4031 percussit
2355 3972 2480 4011 eum
2506 3971 2672 4028 super
2695 3956 3098 4016 temeritatem;
3119 3956 3217 4025 qui
3247 3960 3499 4010 mortuus
3530 3959 3613 4010 est
3642 3957 3732 4013 ibi

2052 4054 2235 4123 juxta
2254 4062 2443 4102 arcam
2470 4045 2691 4100 Domini
2731 4044 2809 4115 (II
2841 4043 2968 4116 Reg.
3020 4059 3097 4113 vx,
3121 4043 3201 4114 6.)
3231 4043 3380 4107 Quid
3432 4042 3589 4099 enim
3621 4061 3733 4117 per

2071 4151 2270 4193 arcam
2293 4132 2504 4190 melius
2525 4148 2702 4203 quam
2721 4130 3729 4203 sanctaEcclesiadesignatur?Quid

2070 4241 2175 4297 per
2199 4223 2398 4288 boves,
2433 4236 2611 4291 quam
2644 4219 2997 4275 dissidentes
3024 4218 3401 4274 sacerdotes?
3432 4218 3582 4284 Quid
3621 4238 3733 4293 per

2072 4308 2394 4379 Ozam,nisi
2426 4307 2679 4380 aliquem
2709 4306 3088 4363 temerarium
3117 4306 3507 4379 intelligimus
3525 4306 3554 4361 ?
3582 4307 3730 4365 Saul

2074 4399 2251 4456 etiam
2283 4397 2356 4453 ab
2385 4396 2514 4469 ipso
2540 4395 2786 4451 Domino
2809 4394 2871 4450 in
2894 4410 3073 4467 regno
3093 4393 3336 4462 electus,
3358 4394 3499 4466 quia
3527 4411 3729 4452 sacer-

2071 4486 2225 4544 dotis
2261 4500 2547 4557 uaurpare
2572 4500 2752 4539 ausus
2777 4486 2866 4539 est
2883 4481 3299 4550 ministerium,
3322 4481 3530 4538 merito
3548 4498 3731 4555 apro-

2072 4576 2247 4648 pheta
2277 4572 2537 4629 audivit:
2567 4573 2743 4628 Stulte
2765 4573 2945 4643 egisti,
2975 4587 3077 4626 nec
3119 4571 3407 4626 custodisti
3451 4571 3730 4628 mandata

317 4659 405 4711 tat
434 4656 591 4748 Deus
621 4662 852 4715 tantum
883 4664 1210 4748 extorqueri
1240 4665 1549 4738 ﬂagitium.
1580 4664 1707 4720 Non
1760 4664 1964 4735 utique
1993 4683 2041 4748 D
2077 4664 2299 4720 Domini
2327 4664 2425 4717 Dei
2447 4662 2551 4731 tui,
2584 4675 2710 4731 quae
2733 4662 3005 4731 praecepit
3032 4660 3155 4715 tibi.
3190 4661 3319 4727 Qum
3345 4661 3397 4714 si
3420 4675 3533 4715 non
3559 4662 3735 4731 fecis-

315 4761 420 4817 pro
451 4745 672 4802 vitibus
702 4748 810 4803 hoc
840 4747 1008 4804 dicit:
1043 4767 1233 4822 neque
1262 4753 1419 4808 enim
1468 4754 1540 4808 de
1568 4753 1787 4809 vitibus
1819 4770 1961 4809 cura

313 4837 402 4889 est
432 4832 569 4901 Deo,
604 4851 793 4908 neque
823 4836 1151 4908 deiterreno
1182 4839 1392 4911 spatio,
1427 4840 1527 4895 sed
1589 4842 1661 4896 de
1710 4842 1846 4912 jure
1874 4840 1960 4895 lo-

313 4921 517 4993 quitur
545 4920 1011 4981 Patrum.Potuit
1042 4926 1248 4998 utique
1278 4930 1335 4982 et
1364 4926 1607 4982 alteram
1636 4928 1865 4984 vineam
1888 4929 1961 4983 de

308 5010 499 5067 vineis
528 5012 684 5084 regis
717 5014 1092 5087 accipereget
1122 5014 1352 5071 amicus
1399 5015 1554 5087 regis
1594 5030 1724 5071 esse
1752 5016 1812 5070 in
1844 5032 1960 5087 quo

313 5110 430 5156 non
454 5100 766 5157 mediocris
797 5103 993 5158 saeculi
1020 5104 1200 5173 hujus
1217 5102 1444 5159 utilitas
1468 5103 1744 5159 aastimari
1775 5103 1921 5159 solet
1940 5122 1959 5160 ε

314 5190 413 5247 sed
440 5188 597 5261 quod
616 5194 787 5262 turpe
810 5196 937 5246 erat
950 5192 1238 5263 judicavit
1258 5209 1371 5247 non
1420 5191 1605 5247 videri
1643 5192 1805 5261 utile,
1842 5208 1962 5249 ma-

312 5278 540 5351 Iuitque
569 5279 896 5350 periculum
928 5294 1062 5335 cum
1086 5279 1390 5337 honestate
1412 5273 1816 5353 subire,quam
1840 5282 1959 5337 uti-

315 5368 688 5427 litatemcum
719 5368 1591 5442 opprobrio.Animadvertimus
1620 5370 1805 5443 igitur
1822 5372 1963 5442 quia

384 5515 497 5585 (40)
530 5513 800 5569 Canonico
855 5554 870 5567 .
916 5553 980 5585 .7.
1018 5519 1340 5585 Amntentus.
1400 5513 1494 5569 Sic
1546 5514 1725 5569 codex
1781 5513 1957 5570 Resb.

314 5582 659 5642 emendare:
696 5585 856 5657 prior
893 5582 1091 5654 editio,
1144 5586 1402 5639 canonire
1436 5628 1448 5640 .
1485 5627 1498 5640 .
1533 5631 1550 5656 ,
1601 5591 1955 5656 contemptus,

313 5675 442 5803 90:1:
446 5661 1045 5801 il)plt;oduceretur.Sic
1074 5742 1142 5782 ex
1162 5725 1340 5783 codex
1362 5726 1533 5785 Resb.
1556 5727 1719 5799 prior
1759 5727 1957 5796 editio,

2080 4769 2184 4820 ses,
2210 4752 2334 4823 jam
2365 4766 2513 4805 nunc
2538 4757 2909 4820 praeparasset
2964 4749 3228 4804 Dominus
3283 4764 3523 4817 regnum
3568 4754 3734 4806 tuum

2071 4857 2236 4914 super
2266 4839 2436 4896 Israel
2461 4840 2525 4894 in
2554 4839 2968 4908 sempiternum,
2993 4837 3086 4892 sed
3111 4852 3460 4909 nequaquam
3494 4854 3735 4909 regnum

2068 4937 2231 4986 tuum
2258 4926 2418 4984 ultra
2449 4933 2756 4996 consurget.
2788 4926 3057 4993 Quaesivit
3089 4926 3356 4981 Dominus
3391 4926 3502 4980 sibi
3538 4928 3733 4983 virum

2054 5023 2235 5092 juxta
2260 5032 2355 5073 eor
2382 5031 2566 5083 suum,
2585 5018 2637 5069 et
2660 5014 2928 5085 praecepit
2947 5016 3002 5069 ei
3050 5016 3336 5081 Dominus,
3356 5019 3424 5070 ut
3451 5023 3591 5071 esset
3611 5016 3737 5072 duo:

2070 5122 2232 5182 super
2259 5105 2569 5178 populum
2596 5118 2785 5171 suum,
2815 5118 2882 5159 eo
2927 5102 3066 5174 quod
3109 5119 3222 5159 non
3268 5106 3569 5159 servaveris
3605 5121 3737 5177 quae

2068 5194 2337 5269 praecepit
2360 5193 2627 5249 Dominus
2648 5192 2697 5263 (I
2712 5192 2836 5264 Reg.
2860 5209 2985 5263 xm,
3009 5191 3123 5265 13.)
3142 5191 3311 5248 Ozias
3348 5208 3585 5265 quoque
3602 5210 3733 5266 rex,

2074 5300 2211 5341 cum
2243 5298 2348 5354 per
2377 5280 2600 5352 aliquot
2629 5297 2814 5336 annos
2843 5280 2993 5337 Deos
3020 5281 3269 5350 favente,
3290 5281 3386 5336 cui
3417 5280 3621 5338 devote
3649 5284 3737 5340 fa-

2073 5370 2289 5429 mulari
2317 5370 2645 5438 videbatur,
2667 5370 2913 5427 feliciter
2936 5373 3237 5442 regnasset
3263 5369 3325 5425 in
3355 5370 3594 5443 populo,
3629 5389 3733 5429 ne-

2065 5518 2408 5587 procuretur.
2443 5511 2650 5587 Statim
2683 5511 2784 5587 ubi
2813 5527 2883 5587 ex
2913 5512 3116 5587 eodem
3179 5512 3377 5569 codice
3416 5512 3511 5569 edi
3541 5530 3725 5570 cura-

2067 5583 2260 5642 vimus
2290 5589 2591 5653 oratorium,
2629 5583 2905 5638 Acherius
2935 5583 3215 5651 ediderat,
3249 5592 3522 5641 exortum.

2141 5657 2420 5732 (42)“Cum
2446 5658 2746 5727 fugientes.
2782 5656 2867 5732 Ita
2896 5654 3088 5732 legere
3129 5655 3391 5732 placuit;
3438 5672 3581 5712 nam
3621 5674 3727 5714 an-

2070 5727 2163 5785 tea
2191 5727 2413 5786 editum
2440 5733 2582 5798 erat,
2610 5730 2882 5785 asserunt.
2917 5727 3323 5800 confugientes.
