3946 6402
154 419 221 478 65
979 420 1079 480 DE
1121 419 1562 483 PRESSURIS
1610 420 2270 482 ECGLESIASTICIS.
2321 453 2398 466 --
2443 423 2642 483 PARS
2689 423 2736 482 Ι.

3491 428 3570 489 66

154 551 318 608 fanda
347 550 586 605 tandem
620 533 1076 622 praesumptione
1106 553 1501 608 sacerdotium
1563 553 1803 624 insuper
1829 557 1884 622 Α
1916 558 2299 620 monstratur,
2333 555 2404 610 de
2436 571 2550 625 qua
2581 555 2867 626 scriptum
2898 561 3018 611 est:
3045 556 3126 612 Sit
3154 559 3315 614 homo
3339 560 3573 616 veloxad

155 646 344 697 contra
367 640 469 710 jus
501 640 754 712 arripere
781 640 984 696 voluit.
1045 641 1152 696 Pro
1213 659 1330 713 qua
1383 642 1560 698 etiam
1598 642 1802 697 illicita

154 729 468 786 temeritate
487 728 649 800 lepra
673 746 1264 803 percussus,regnum
1289 748 1403 802 quo
1431 731 1692 803 legitime
1717 731 1800 786 uti

155 824 388 892 poterat,
419 822 478 872 et
509 817 758 874 salutem
791 819 1011 874 amisit.
1045 824 1154 874 Per
1196 821 1351 876 viam
1411 838 1548 893 ergo
1579 821 1799 892 regiam

155 924 628 978 unumquemque
674 908 977 964 ambulare
1032 915 1277 981 oportet,
1341 911 1512 966 sicut.
1594 953 1607 965 .
1689 952 1702 966 .
1787 951 1798 965 .

152 997 497 1053 viaDomini
528 1001 618 1052 est
649 1001 705 1053 et
735 1003 910 1065 recta,
945 1015 1038 1054 ne.
1119 1041 1132 1053 .
1215 1040 1227 1056 .
1312 1042 1324 1054 .
1407 1040 1420 1054 .
1501 1041 1512 1053 .
1597 1039 1610 1054 .
1691 1042 1704 1054 .
1785 1040 1799 1054 .

155 1219 165 1232 .
241 1219 253 1230 .
340 1218 352 1231 .
435 1217 448 1230 .
533 1217 545 1231 .
627 1218 638 1230 .
721 1218 734 1229 .
787 1176 1084 1232 dexteram
1144 1176 1477 1248 declinavit,
1536 1178 1634 1248 qui
1671 1176 1804 1248 plus

152 1281 320 1336 quam
352 1281 504 1336 opus
533 1268 625 1320 est
650 1265 881 1336 agit,ad
905 1265 1230 1320 sinistram.
1314 1307 1327 1320 .
1408 1308 1422 1322 .
1505 1309 1517 1321 .
1598 1309 1610 1320 .
1693 1308 1705 1320 .
1787 1306 1800 1320 .

155 1396 165 1409 .
241 1397 254 1409 .
337 1395 349 1408 .
435 1395 447 1409 .
533 1397 546 1409 .
629 1395 640 1408 .
725 1396 736 1407 .
820 1397 832 1408 .
915 1355 1422 1410 .Psalmistaait:
1487 1356 1800 1418 Dedueme,

154 1443 404 1510 Domine,
432 1444 493 1497 in
526 1444 614 1496 via
637 1447 741 1498 tua
762 1443 934 1514 (Psal.
969 1459 1138 1510 xxxv,
1173 1444 1282 1514 11).
1327 1444 1541 1498 Beatus
1572 1460 1804 1515 quoque

151 1531 362 1588 Paulus
395 1530 697 1604 apostolus
729 1530 846 1599 ait;
885 1532 1258 1604 Unusquisque
1287 1533 1347 1586 in
1404 1533 1704 1596 vocatione,
1746 1533 1810 1586 in

153 1639 255 1694 qua
283 1624 506 1678 vocatus
531 1628 630 1687 est,
662 1623 720 1676 in
753 1637 817 1676 ea
842 1625 1164 1692 permaneat
1196 1623 1244 1693 (I
1272 1622 1392 1676 Cor.
1438 1639 1512 1690 1v,
1571 1623 1702 1688 20):
1735 1635 1807 1676 ne

152 1712 290 1766 dum
321 1710 508 1766 ambit
537 1709 940 1781 illicita,juste
969 1711 1176 1782 perdat
1207 1711 1518 1783 acquisita,
1577 1715 1636 1765 et
1665 1710 1806 1765 dum

153 1798 341 1855 aliena
371 1798 702 1855 ministeria
721 1815 1007 1870 usurpare
1024 1801 1262 1871 gaudet,
1271 1801 1407 1871 jure
1423 1800 1484 1855 in
1511 1799 1624 1856 sibi
1645 1799 1806 1855 debi-

151 1887 221 1942 tis
254 1892 504 1960 torpeat.
539 1886 704 1943 Unde
732 1888 959 1944 evenire
991 1889 1160 1956 solet,
1223 1893 1289 1944 ut
1345 1889 1673 1957 saeculares,
1708 1887 1807 1960 qui

149 1975 604 2033 ecclesiasticam
638 1983 1006 2048 praesumunt
1036 1977 1311 2034 invadere
1331 1977 1804 2050 dispositionem,

151 2083 249 2121 nec
274 2065 542 2122 Ecclesiae
560 2066 930 2121 orationibus
944 2070 1279 2122 mereantur
1290 2067 1591 2138 acquirere
1605 2081 1807 2139 pacem

151 2171 251 2209 nec
284 2153 411 2210 suis
441 2153 672 2210 valeant
706 2154 886 2210 armis
917 2155 1161 2226 adipisci
1192 2155 1519 2211 victoriam.

216 2245 332 2298 Sed
367 2243 507 2300 dicit
538 2243 793 2315 aliquis;
829 2244 1118 2316 numquid
1145 2245 1348 2300 omnia
1378 2243 1535 2300 mala
1565 2261 1691 2314 quae
1724 2246 1810 2298 fe-

149 2332 338 2388 cerint
396 2333 752 2402 sacerdotes,
815 2333 1105 2403 portanda
1162 2333 1346 2388 sunt?
1405 2334 1629 2398 Quibus
1675 2348 1812 2386 con-

145 2425 432 2493 gruenter
465 2422 872 2492 respondetur,
902 2421 1058 2491 quod
1117 2438 1150 2474 a
1205 2421 1476 2492 pluribus
1527 2420 1815 2492 portanda

144 2516 356 2580 sunt,a
376 2510 736 2580 quibusdam
756 2525 892 2564 vero
915 2509 1237 2564 secundum
1259 2510 1537 2564 creditam
1562 2509 1674 2564 sibi
1700 2509 1816 2564 dis-

143 2599 567 2672 pensationem
608 2615 742 2653 cum
775 2597 1032 2653 maxima
1063 2598 1289 2654 cautela
1320 2603 1459 2653 sunt
1489 2599 1810 2670 arguenda.

140 2687 566 2743 Temereenim
591 2687 661 2741 ab
687 2686 1028 2742 hominibus
1054 2704 1169 2742 non
1185 2686 1814 2753 suntillidiscutiendi,

146 2776 247 2848 qui
280 2778 342 2845 [a
374 2775 513 2844 Deo]
547 2778 896 2846 potestatem
925 2780 1274 2847 acceperunt
1297 2775 1474 2831 etiam
1502 2776 1572 2830 de
1594 2773 1817 2846 angelis

140 2863 479 2935 judicandi.
513 2867 661 2918 Nam
698 2869 764 2918 ut
793 2863 874 2918 ait
905 2865 1112 2919 beatus
1144 2864 1504 2936 Augustinus
1535 2864 1637 2935 (lib
1686 2882 1724 2919 II
1755 2864 1821 2920 de

152 2954 422 3008 Sermone
450 2953 674 3009 Domini
724 2970 788 3010 in
839 2958 1038 3024 monte,
1097 2971 1147 3008 c.
1211 2953 1364 3023 18.):
1405 2973 1432 3005 κ
1472 2953 1821 3024 Plerumque

151 3041 300 3098 nihil
326 3047 502 3098 nocet
522 3042 573 3097 ei
597 3043 668 3098 de
690 3059 804 3114 quo
827 3047 1045 3098 temere
1061 3043 1389 3113 judicatur,
1413 3043 1466 3098 ei
1499 3047 1695 3098 autem
1719 3043 1818 3114 qui

153 3137 376 3187 temere
399 3132 652 3202 judicat,
687 3131 818 3202 ipsa
845 3132 1148 3188 temeritas
1205 3139 1295 3187 est
1351 3148 1588 3188 necesse
1619 3136 1684 3187 ut
1715 3149 1816 3186 no-

155 3226 298 3276 ceat.
334 3243 363 3270 »
403 3221 474 3274 Et
503 3221 681 3274 item:
714 3243 741 3269 ‹‹
775 3221 882 3285 Qui
916 3221 1073 3275 enim
1108 3225 1295 3287 nocet,
1359 3221 1441 3276 ait
1487 3220 1822 3292 Apostolus,

1839 1933 1886 1997 B

1911 644 2273 714 audiendum,
2306 646 2356 697 et
2405 644 2600 700 tardus
2645 645 2716 699 ad
2744 646 2924 700 iram:
2987 649 3072 700 ira
3101 650 3251 702 enim
3289 649 3573 719 justitiam

1911 733 2010 787 Dei
2037 749 2147 788 non
2177 741 2437 804 operatur
2456 737 2601 800 (Jac.
2629 751 2666 798 1,
2701 734 2787 799 19,
2819 735 2933 805 20).
2967 733 3113 791 Hinc
3173 754 3379 793 rursus
3426 738 3572 794 scri-

1913 826 2082 892 ptum
2105 827 2194 876 est
2217 837 2229 878 :
2249 823 2381 890 Quis
2403 830 2568 892 potest
2585 822 2836 878 habitare
2857 840 2983 878 eum
3006 824 3246 894 homine,
3279 828 3372 881 cui
3400 829 3571 899 spiri-

1914 918 1999 965 tus
2021 911 2205 980 facilis
2235 919 2312 965 est
2341 911 2414 965 ad
2444 910 2795 966 irascendum
2815 913 3040 980 ?(Prov.
3101 931 3260 979 xvm,
3312 915 3422 985 14.)
3455 916 3572 971 Hoc

1916 999 2127 1054 iterum
2151 999 2366 1054 dicitur
2387 1016 2400 1053 :
2425 1001 2550 1054 Noli
2569 1016 2680 1055 esse
2708 1016 2834 1055 cum
2887 1001 3106 1059 homine
3149 1005 3412 1059 iracundo
3433 1024 3454 1060 .·
3484 1021 3577 1060 ne-

1916 1103 2021 1158 que
2046 1086 2288 1142 ambules
2314 1104 2443 1144 cum
2473 1089 2696 1143 homine
2714 1089 2947 1158 furioso,
2980 1107 3050 1145 ne
3076 1093 3218 1162 forte
3255 1093 3433 1149 discas
3489 1111 3571 1149 se-

1913 1179 2081 1232 mitas
2091 1179 2232 1244 eius,
2245 1182 2296 1232 et
2313 1193 2502 1232 sumas
2521 1178 2842 1234 scandalum
2855 1181 3064 1237 ani-inae
3086 1185 3191 1236 tum
3215 1183 3400 1252 (Prov.
3433 1200 3572 1254 xxu,

1915 1265 2029 1336 24),
2062 1269 2273 1320 Contra
2305 1265 2456 1320 hanc
2488 1267 2546 1320 in
2578 1266 2751 1321 laude
2785 1268 3074 1338 patientiae
3106 1270 3393 1341 scripturn
3444 1276 3570 1327 est:

1916 1355 2114 1409 Melior
2149 1357 2228 1408 est
2260 1355 2343 1408 vir
2369 1356 2468 1425 qui
2499 1357 2668 1408 vincit
2698 1357 2862 1422 iram,
2897 1373 3061 1426 quam
3088 1361 3188 1428 qui
3205 1363 3352 1429 capit
3382 1363 3575 1416 civita-

1915 1445 2025 1498 tem
2051 1460 2312 1512 magnam
2341 1444 2531 1515 (Prov.
2561 1461 2678 1513 xvr,
2710 1445 2822 1513 33(.
2857 1445 3003 1499 Hinc
3044 1447 3227 1502 David
3259 1465 3571 1519 personam

1919 1532 1978 1586 in
2006 1547 2068 1588 se
2100 1532 2470 1589 inﬁrmorum
2503 1549 2834 1599 assumens,
2867 1534 2988 1590 ait:
3025 1535 3288 1590 Turbatus
3351 1541 3430 1592 est
3452 1553 3575 1610 pra?

1919 1623 2009 1676 ira
2038 1622 2226 1678 oculus
2255 1638 2430 1677 meus.
2460 1623 2651 1693 Atque
2682 1637 2750 1677 ex
2781 1622 2911 1694 ipsa
2937 1623 3268 1680 turbatione
3307 1626 3449 1698 quid
3483 1643 3572 1684 se-

1919 1716 2136 1782 quatur
2164 1711 2466 1782 adjunxit:
2525 1713 2834 1766 lnveteravi
2889 1714 3034 1768 inter
3079 1729 3266 1769 omnes
3319 1717 3574 1772 inimicos

1918 1816 2062 1856 meos
2091 1801 2266 1868 (Psal.
2297 1817 2376 1870 v1,
2408 1801 2488 1868 8).
2514 1800 2590 1854 Ex
2612 1800 2699 1855 ira
2718 1800 2934 1873 quippe
2957 1818 3091 1858 cum
3109 1804 3380 1860 turbatus
3398 1804 3575 1860 fuerit

1920 1889 2127 1945 oculus
2149 1889 2362 1955 cordis,
2383 1889 2536 1944 inter
2564 1889 2825 1945 inimicos
2856 1895 3089 1946 nostros
3120 1892 3191 1946 ad
3224 1897 3573 1948 vetustatem

1921 1979 2278 2046 reducimur,
2313 1979 2452 2050 quia
2483 1977 2635 2032 inter
2664 1978 2955 2050 malignos
2977 1980 3223 2050 spiritus
3256 1982 3328 2036 ad
3362 1982 3574 2037 vetusti

1917 2067 2177 2122 hominis
2199 2066 2650 2122 similitudinem
2674 2084 3032 2123 revocamur.
3057 2070 3201 2124 Cum
3223 2068 3406 2142 igitur
3427 2070 3574 2127 iram

1920 2173 2048 2228 qua:
2082 2170 2180 2210 cor
2210 2159 2525 2227 permovet,
2550 2172 2718 2211 sacra
2738 2155 2970 2227 eloquia
2992 2161 3077 2212 tot
3097 2158 3454 2214 testimoniis
3477 2159 3577 2214 de-

1920 2245 2671 2314 testentur,perpendamus
2694 2261 2813 2315 qua
2833 2244 3155 2300 intentione
3170 2247 3452 2302 debemus
3465 2247 3577 2304 hoc

1922 2331 2130 2386 vitium
2164 2331 2384 2401 fugere,
2419 2331 2574 2401 quod
2606 2336 2718 2386 Deo
2741 2331 2944 2402 judice
2974 2333 3033 2386 in
3057 2333 3394 2390 testimonio
3417 2335 3576 2392 illius

1927 2420 2099 2476 toties
2159 2421 2525 2491 reprobatur.
2585 2421 2727 2475 Item
2787 2421 2859 2475 ad
2915 2421 3335 2478 Godescalcum
3369 2425 3578 2482 ducem

1925 2509 2293 2580 Campagnim
2324 2494 2504 2577 (Idem
2536 2509 2600 2563 R.
2633 2509 2802 2580 Greg.
2841 2509 2878 2563 l.
2911 2526 3035 2575 vm,
3068 2514 3222 2581 egist.
3251 2514 3336 2584 1‘3)
3364 2530 3376 2568 :
3415 2534 3442 2566 α
3475 2515 3579 2572 Illa

1927 2598 2374 2670 praepositorum
2398 2596 2730 2652 sollicitudo
2763 2597 2944 2664 utilis,
2977 2598 3079 2654 illa
3108 2605 3198 2655 est
3219 2601 3580 2659 cautelalau-

1928 2685 2162 2752 dabilis,
2199 2685 2254 2739 in
2289 2701 2404 2756 qua
2430 2689 2618 2740 totum
2652 2686 2798 2741 ratio
2831 2687 2970 2759 agit,
3005 2693 3064 2743 et
3093 2689 3257 2744 furor
3296 2691 3407 2745 sibi
3430 2691 3578 2748 nihil

1925 2775 2202 2830 vindicat.
2229 2774 2653 2847 Restringenda
2675 2792 2810 2848 ergo
2832 2775 2943 2832 sub
2959 2778 3181 2834 ratione
3193 2783 3450 2850 potestas
3468 2787 3577 2853 est,

1928 2868 1985 2919 et
2009 2880 2114 2918 nec
2145 2863 2469 2935 quidquam
2502 2865 2814 2936 agendum,
2833 2865 3180 2937 priusquam
3201 2868 3491 2924 concitata
3507 2872 3579 2926 ad

1929 2951 2418 3026 tranquillitatem
2437 2969 2602 3008 mens
2616 2954 2830 3008 redeat.
2846 2954 2992 3010 Nam
3007 2958 3419 3014 commotionis
3441 2965 3584 3015 tem-

1930 3058 2069 3114 pore
2091 3043 2325 3112 justum
2358 3045 2528 3113 putat
2557 3041 2644 3096 ira
2674 3058 2846 3098 omne
2877 3044 3032 3113 quod
3066 3044 3286 3114 fecerit,
3320 3048 3418 3102 sed
3445 3053 3500 3103 et
3532 3048 3582 3104 si

1931 3147 2170 3186 oramus
2203 3135 2266 3185 ut
2297 3129 2355 3184 in
2387 3129 2474 3184 ira
2504 3147 2537 3184 a
2557 3129 2804 3185 Domino
2828 3148 2939 3186 non
2969 3133 3584 3208 corrripiamur,expe-

1935 3218 2019 3274 dit
2041 3221 2104 3272 ut
2125 3217 2271 3272 alios
2290 3233 2423 3271 cum
2447 3217 2532 3272 ira
2555 3216 3035 3287 nonjudicemus.
3052 3219 3348 3291 Scriptum
3369 3223 3586 3295 quippe

155 3309 364 3381 recipit
398 3309 455 3364 id
490 3310 644 3381 quod
680 3309 856 3364 novit.
895 3332 924 3357 »
958 3310 1024 3364 Et
1053 3309 1339 3365 Dominus
1370 3309 1430 3364 in
1463 3309 1772 3382 Evangelio
1803 3326 1814 3363 :
1852 3296 1896 3362 C
1933 3313 2057 3363 est:
2093 3308 2402 3362 Memorare
2459 3307 2718 3361 timorem
2775 3307 3015 3376 Domini,
3070 3312 3121 3363 et
3177 3325 3287 3364 non
3318 3313 3586 3367 irascaris

155 3400 213 3453 In
235 3415 342 3470 quo
373 3398 590 3469 judicio
624 3398 1030 3470 judicaveritis,
1056 3399 1486 3468 judicabimini:
1520 3408 1572 3454 et
1625 3401 1683 3452 in
1713 3415 1822 3469 qua

155 3504 420 3542 mensura
440 3489 622 3542 mensi
630 3489 1194 3557 fueritis,remelzetur
1213 3488 1389 3557 vobis(
1399 3488 1592 3542 Matth.
1617 3504 1717 3551 v11,
1742 3488 1820 3552 2).

160 3575 399 3648 Oportet
424 3592 564 3648 ergo
585 3593 683 3631 eos
708 3577 925 3648 quibus
940 3576 1085 3632 alios
1109 3577 1411 3647 judicandi
1437 3577 1719 3632 attributa
1735 3579 1825 3631 est

162 3671 442 3737 potestas,
478 3673 599 3721 tam
631 3665 894 3722 modeste
926 3666 1034 3720 hoc
1066 3683 1255 3738 agere,
1282 3670 1346 3721 ut
1376 3667 1718 3721 redeuntem
1751 3665 1823 3720 ad

160 3771 218 3811 se
250 3755 535 3812 talionem
569 3755 812 3810 minime
842 3755 1306 3827 perhorrescant.
1367 3756 1618 3811 Caveant
1647 3754 1823 3810 etiam

162 3859 229 3900 ne
250 3845 387 3901 odio
413 3849 520 3900 aut
541 3844 889 3912 invidia,seu
923 3861 1026 3915 pro
1049 3843 1248 3916 aliqua
1279 3845 1594 3900 inimicitia
1620 3850 1824 3900 contra

160 3934 458 4004 proximos
484 3933 803 4006 plusquam
825 3950 1080 4005 praesens
1094 3932 1354 4005 postulet
1366 3933 1826 4000 actio,invehan-

162 4029 268 4078 tur.
304 4024 760 4082 Prmvidendum
793 4039 1026 4093 quoque
1059 4039 1130 4078 ne
1162 4023 1491 4089 fraudibus,
1532 4023 1622 4078 vel
1656 4039 1826 4077 man-

163 4111 311 4168 datis
342 4112 757 4169 accusantium
787 4111 906 4166 ullo
931 4113 1102 4167 modo
1132 4112 1601 4182 decipiantur,ne
1623 4110 1826 4166 adula-

161 4201 257 4267 tio,
290 4218 395 4257 seu
429 4201 749 4258 oblectatio
780 4200 974 4256 locum
1004 4200 1327 4270 obtineant,
1344 4215 1416 4255 ne
1443 4216 1828 4272 personarum

163 4288 300 4346 inibi
334 4291 414 4346 sit
445 4289 732 4362 acceptio,
759 4294 860 4345 aut
886 4288 1214 4358 afﬁnitatis,
1249 4294 1352 4345 aut
1382 4288 1633 4359 alicujus
1655 4288 1834 4344 clien-

164 4378 285 4434 telae
309 4383 643 4452 respectus,
677 4394 818 4433 neve
839 4378 1222 4433 exardescant
1252 4377 1311 4432 in
1343 4378 1448 4448 ira,
1484 4394 1609 4450 quin
1629 4376 1831 4449 procul

165 4469 444 4538 ajudicio
477 4468 724 4525 omnino
755 4468 928 4523 debet
957 4466 1186 4537 expelli.
1221 4466 1315 4521 Ait
1345 4468 1502 4522 enim
1548 4467 1834 4523 Dominus

168 4558 221 4612 in
255 4558 571 4630 Evangelio
615 4558 802 4612 Omnis
861 4559 958 4628 qui
1011 4558 1280 4610 irascitur
1330 4557 1503 4626 fratri
1557 4573 1673 4622 suo,
1707 4573 1835 4612 reus

1932 3399 2189 3470 proximo
2220 3396 2421 3466 (Eceli.
2453 3411 2653 3462 xxvm,
2681 3397 2752 3459 8).
2785 3415 2811 3446 ι
2851 3397 2919 3451 Et
2967 3397 3173 3453 beatus
3218 3401 3587 3472 Augustinus

1935 3486 2054 3540 ait:
2082 3485 2189 3548 Qui
2213 3483 2518 3538 irascendo
2543 3499 2603 3538 se
2630 3483 2948 3538 terribilem
2969 3486 3224 3541 ostendit
3252 3488 3437 3555 fratri,
3472 3493 3587 3544 ter-

1937 3589 2127 3628 rorem
2150 3571 2560 3642 divinijudicii
2592 3571 2926 3626 sustinebit.
2951 3573 3062 3628 Sed
3087 3572 3195 3628 hoc
3216 3591 3331 3631 non
3357 3581 3588 3634 tantum

1937 3680 1971 3718 a
2001 3661 2352 3717 Christianis
2383 3665 2437 3715 et
2466 3659 2790 3727 catholicis,
2823 3677 3024 3717 verum
3055 3661 3232 3718 etiam
3281 3681 3316 3719 a
3345 3666 3590 3737 paganis

1937 3755 2311 3810 observatum
2345 3753 2403 3807 in
2437 3750 2640 3806 multis
2674 3751 3024 3823 invenimus,
3083 3751 3308 3809 scilicet
3363 3760 3430 3810 ut
3460 3755 3592 3812 irati

1939 3844 2236 3899 neminem
2267 3841 2582 3905 discutere,
2623 3844 2725 3895 aut
2753 3841 2962 3912 punire
3021 3849 3463 3912 praesumerent.
3497 3843 3596 3901 Ait

1939 3932 2098 3988 enim
2127 3929 2515 3986 Terentianus
2548 3927 2865 4000 philophus
2897 3929 2969 3984 ad
3008 3929 3270 3986 villicum
3302 3949 3476 3988 suum
3504 3950 3517 3989 :
3551 3934 3594 3988 Ο

1939 4026 1995 4076 te
2026 4018 2339 4086 infelicem,
2374 4033 2549 4088 quem
2581 4017 2948 4087 afﬂ‘ictarem,
2984 4017 3096 4074 nisi
3157 4018 3340 4075 iratus
3380 4037 3594 4077 essem.

2012 4113 2296 4164 Praeterea
2326 4105 2481 4180 quod
2506 4107 2727 4163 incerta
2775 4107 3041 4178 judicare
3099 4125 3216 4164 non
3257 4109 3597 4181 debeamus,

1941 4198 2213 4271 plurimis
2243 4197 2551 4254 sententiis
2610 4197 2942 4252 edocemur.
3002 4195 3166 4253 Unde
3222 4198 3600 4256 beatissimus

1943 4287 2305 4361 papaJulius
2332 4288 2412 4343 ait
2435 4290 2520 4360 (In
2533 4289 2697 4357 epist.
2720 4290 2893 4342 contr.
2921 4286 3128 4343 Orient.
3189 4304 3287 4358 pro
3310 4287 3598 4356 Athanas.,

1944 4394 1992 4433 c.
2027 4379 2154 4447 19):
2185 4399 2212 4428 α
2243 4378 2472 4433 Incerta
2500 4393 2764 4449 unquam
2824 4374 3024 4430 nullus
3067 4376 3411 4446 pontiﬁcum
3437 4376 3602 4445 judi-

1945 4483 2077 4522 care
2103 4471 2424 4538 przesumat
2449 4483 2463 4532 ;
2489 4465 2627 4537 quia
2650 4463 2919 4534 quamvis
2941 4479 3078 4517 vera
3097 4462 3236 4530 sint,
3263 4479 3377 4518 non
3401 4467 3600 4520 tamen

1946 4555 2237 4612 credenda
2257 4559 2416 4619 sunt,
2443 4553 2554 4608 nisi
2578 4569 2702 4623 quae
2730 4550 3058 4606 manifestis
3081 4551 3315 4608 incidiis
3335 4569 3604 4627 compro-

169 4649 266 4702 erit
287 4649 510 4719 judicio
547 4646 758 4718 (Matth.
793 4650 964 4714 v,22).
996 4646 1064 4700 Et
1090 4646 1295 4700 beatus
1325 4647 1578 4701 Jacobus
1599 4651 1836 4719 aposto-
1874 4667 1918 4731 θ
1950 4646 2184 4713 bantur,
2217 4643 2330 4697 nisi
2365 4659 2492 4714 qua:
2515 4641 2840 4731 manifesto
2891 4640 3122 4731 judicio
3154 4641 3600 4712 convincuntur,

170 4735 294 4792 lus:
325 4740 423 4794 Ira
444 4741 603 4794 enim
635 4737 743 4792 viri
770 4736 1150 4804 iustitiamDei
1182 4751 1290 4790 non
1338 4738 1599 4806 operatur
1626 4737 1765 4807 (Jac.
1796 4753 1835 4803 ι,

171 4828 274 4895 20).
309 4828 380 4882 Et
415 4829 601 4884 item:
636 4827 803 4881 Homo
834 4827 1047 4880 homini
1095 4827 1275 4880 servat
1333 4827 1504 4890 iram,
1562 4829 1612 4880 et
1661 4842 1696 4880 a
1736 4826 1837 4880 Deo

175 4920 359 4986 quaerit
387 4917 670 4974 medelam
700 4917 888 4986 (Eccli.
921 4932 1116 4985 xxvui,
1151 4917 1226 4985 3).
1289 4914 1566 4970 Salomon
1617 4913 1837 4986 quippe

175 5005 249 5058 ait
275 5024 288 5061 :
312 5007 401 5060 Ira
425 5009 489 5061 in
505 5008 642 5061 sinu
663 5006 820 5060 stulti
841 5007 1129 5075 requiescit
1155 5005 1342 5074 (Eceli.
1388 5021 1489 5072 v11,
1527 5003 1636 5074 10).
1674 5002 1836 5057 Unde

178 5099 228 5148 et
256 5096 465 5152 beatus
499 5095 822 5167 Gregorius
855 5095 926 5149 ad
964 5094 1270 5150 Leontium
1293 5093 1667 5149 exconsulem
1701 5093 1839 5148 scri-

181 5185 314 5239 bens
345 5185 430 5241 ait
462 5185 589 5255 (lib.
627 5201 751 5251 VIII,
783 5184 943 5256 epist.
974 5184 1066 5255 51)
1093 5202 1105 5240 :
1149 5203 1168 5232 ι
1196 5184 1432 5248 Quoties
1459 5182 1545 5238 ira
1571 5181 1837 5238 animum

181 5272 414 5342 invadit,
453 5278 720 5332 mentem
752 5275 982 5345 edoma,
1014 5273 1182 5330 vince
1211 5272 1667 5344 teipsum,dilfer
1689 5278 1840 5326 tem-

182 5376 280 5430 pus
301 5364 544 5420 t'uroris.
572 5363 723 5419 Cum
747 5361 1066 5434 tranquilla
1088 5379 1254 5418 mens
1277 5361 1634 5433 t'uerit,quod
1655 5361 1843 5433 placet

176 5450 386 5519 judica.
423 5477 451 5503 ››
487 5455 560 5509 Et
593 5452 771 5525 paulo
796 5458 959 5524 post;
988 5476 1017 5503 «
1041 5452 1284 5516 Quando
1317 5451 1474 5506 enim
1509 5451 1569 5507 in
1599 5468 1842 5507 exsecu-

185 5540 328 5597 tione
340 5543 598 5614 justitiaa
624 5542 853 5614 placata
876 5547 1070 5598 mente
1092 5540 1422 5612 irascimur,
1475 5541 1843 5596 iracundiam

187 5632 237 5683 et
267 5649 373 5688 non
409 5631 747 5706 sequimur,
780 5638 836 5687 et
866 5632 1233 5688 exhibemus.
1261 5653 1288 5679 »
1317 5631 1405 5686 [ra
1434 5630 1590 5686 enim
1613 5630 1846 5702 quceju-

189 5718 397 5778 stitiam
412 5722 975 5796 perturbat,quanta
989 5720 1453 5781 consideratione
1465 5720 1844 5793 cavendaest,

1952 4733 2064 4790 nisi
2098 4749 2224 4802 quae
2249 4730 2563 4802 judiciario
2595 4729 2797 4785 ordine
2817 4729 3215 4802 publicentur.
3247 4751 3274 4781 ο

2023 4824 2169 4878 Deus
2193 4837 2426 4894 quoque
2458 4820 2850 4892 omnipotens,
2887 4825 2953 4875 ut
2979 4837 3086 4876 nos
3117 4838 3151 4876 a
3182 4820 3603 4892 pracipitantis

1947 4911 2249 4968 sententia:
2281 4911 2603 4984 prolatione
2646 4915 3060 4982 compesceret,
3095 4910 3188 4964 cui
3220 4911 3420 4965 omnia
3451 4911 3609 4965 nuda

1947 5006 2004 5058 et
2035 5006 2236 5066 aperta
2264 5006 2405 5056 sunt
2435 4999 2622 5055 oculis
2653 5001 2801 5070 ejus,
2866 4998 3022 5052 mala
3080 5002 3274 5054 tamen
3335 4999 3605 5054 Sodomae

1949 5090 2137 5146 noluit
2169 5088 2911 5162 prmeipitanterjudicare.
2947 5086 3054 5150 Qui
3090 5086 3205 5142 ait:
3251 5087 3606 5158 Descendam,

1949 5188 2000 5236 et
2027 5180 2223 5236 videbo
2247 5188 2433 5234 utrum
2492 5178 2786 5232 clamorem
2833 5178 2929 5246 qui
2992 5178 3136 5231 veni:
3191 5176 3259 5232 ad
3305 5194 3393 5233 me
3451 5193 3612 5250 opere

1953 5270 2588 5341 compleverintzaunon
2619 5269 2694 5320 est
2725 5265 2826 5331 ita,
2843 5267 2902 5318 ut
2920 5267 3093 5321 sciam
3115 5265 3267 5336 (Gen.
3302 5283 3463 5330 xvm,
3494 5267 3607 5336 27).

1953 5359 2337 5431 Omnipotens
2356 5357 2552 5427 itaque
2575 5355 2861 5410 Dominus
2885 5356 3084 5411 omnia
3101 5356 3314 5424 sciens,
3349 5373 3454 5412 cur
3476 5360 3611 5412 ante

1953 5448 2358 5520 probationem
2382 5443 2848 5518 quasidubitat.
2929 5485 2943 5498 .
3026 5485 3038 5499 .
3120 5487 3133 5499 .
3215 5486 3227 5499 .
3309 5486 3324 5501 .
3405 5487 3420 5500 .
3499 5484 3514 5500 .
3591 5483 3610 5504 .

1958 5579 1970 5594 .
2057 5579 2069 5592 .
2153 5580 2164 5592 .
2243 5575 2259 5591 .
2342 5578 2352 5590 .
2439 5575 2450 5588 .
2531 5577 2543 5590 .
2627 5576 2640 5590 .
2723 5576 2735 5588 .
2819 5549 3045 5604 .quam
3077 5533 3343 5606 probare.
3380 5533 3523 5588 Hinc
3554 5536 3611 5588 et

1956 5629 2163 5683 beatus
2193 5623 2508 5697 Apostolus
2539 5623 2609 5679 ad
2641 5621 3012 5678 Timotheum
3038 5640 3050 5678 :
3084 5622 3354 5677 Adversus
3386 5621 3610 5692 presby-

1956 5725 2135 5776 terum
2162 5716 2559 5773 aeeusationem
2581 5729 2651 5770 ne
2681 5713 2937 5788 recipias.
2994 5711 3066 5770 Et
3092 5711 3268 5788 paulo
3298 5714 3464 5784 post:
3493 5709 3609 5800 De-
