3946 6436
367 436 444 506 6'7

1386 437 1726 499 A’I‘TONIS
1769 435 2356 497 VEBCELLENSIS
2400 435 2755 496 EPISCOPI
3699 441 3774 501 68

366 578 674 646 linquentes
702 581 885 628 autem
940 587 1132 627 coram
1184 570 1438 626 omnibus
1490 583 1667 640 argue
1725 571 1781 622 ut
1823 569 2011 622 caeteri
2043 571 2097 635 Α
2126 567 2404 622 adversus
2427 566 2828 622 auctoritatem
2856 565 3074 638 proprii
3117 565 3390 638 episcopi
3437 572 3650 625 contra
3671 569 3773 640 jus

368 669 574 720 metum
601 663 836 719 habeant
895 663 938 732 (ι
1000 661 1132 716 Tim.
1191 677 1246 726 ν,
1303 659 1409 726 19).
1466 657 1590 711 Non
1638 656 1794 711 enim
1849 655 2013 711 facile

364 753 520 808 credi
551 753 723 808 debet
750 752 823 806 de
851 750 1143 822 episcopo,
1201 747 1288 802 vel
1345 746 1701 817 presbytero,
1759 761 2008 816 quorum

361 843 503 898 ordo
535 840 725 898 adhuc
754 839 975 894 divisus
1007 854 1121 892 non
1153 840 1296 900 erat,
1329 833 1595 905 quamvis
1653 833 1739 888 eis
1788 833 2007 888 crimen

361 929 694 1001 objiciatur,
726 928 840 982 nisi
873 927 1182 998 probetur;
1217 923 1354 994 quia
1383 923 1745 977 sacerdotem
1785 920 2006 976 nemini

360 1015 809 1081 damnarelicet,
829 1015 942 1069 nisi
966 1018 1066 1069 aut
1080 1016 1288 1084 sponte
1313 1012 1669 1074 confessum,
1694 1014 1795 1065 aut
1816 1008 2004 1080 legiti-

359 1105 472 1160 mis
498 1105 745 1160 testibus
764 1101 1039 1157 canonice
1057 1099 1520 1171 comprobatum.
1544 1099 1764 1153 Tamen
1792 1097 1839 1151 si
1861 1096 2002 1168 legi-

354 1193 497 1248 time
519 1192 829 1263 probatum
845 1189 930 1245 vel
946 1188 1326 1244 manifestum
1346 1188 1522 1242 fuerit
1539 1187 1690 1256 quod
1705 1186 2001 1255 objectum

352 1284 460 1346 est,
494 1278 726 1351 publice
755 1283 845 1334 est
889 1277 1247 1349 arguendus,
1312 1281 1376 1330 ut
1431 1274 1620 1330 caeteri
1650 1278 1996 1329 terreantur.

352 1369 494 1425 Cum
519 1368 676 1423 enim
697 1367 895 1422 vident
919 1369 1151 1421 tantum
1174 1364 1364 1419 virum
1387 1363 1599 1419 erroris
1631 1379 1809 1418 causa
1821 1362 1996 1417 corri-

353 1457 432 1529 pi,
467 1472 703 1512 necesse
734 1459 826 1510 est
857 1459 919 1510 ut
953 1453 1159 1525 reliqui
1191 1453 1303 1508 sibi
1335 1457 1592 1508 caveant.
1643 1451 1791 1506 Illud
1823 1452 1997 1506 etiam

350 1547 523 1618 plane
546 1544 966 1600 attendendum
991 1548 1078 1598 est
1099 1543 1254 1615 quod
1280 1542 1561 1596 Dominus
1581 1541 1732 1596 aitin
1747 1541 1998 1612 Evange-

346 1634 426 1690 lio
455 1651 468 1689 :
495 1635 670 1689 Nolite
709 1641 838 1688 ante
865 1637 1076 1703 tempus
1097 1632 1376 1701 judicare,
1412 1630 1588 1702 quoad
1618 1647 1786 1701 usque
1810 1632 1998 1685 veniat

345 1725 634 1788 Dominus,
665 1724 763 1796 qui
788 1729 839 1776 et
868 1721 1221 1776 illuminabit
1260 1719 1589 1776 abscondita
1641 1722 1998 1775 tenebrarum

346 1816 401 1868 et
417 1811 797 1883 manifestabit
823 1811 1054 1865 consilia
1076 1809 1325 1864 cordium
1379 1809 1425 1879 (I
1457 1810 1576 1865 Cor.
1639 1825 1712 1878 ιν,
1745 1808 1819 1878 5).
1869 1808 1993 1863 Non

346 1902 504 1957 enim
538 1904 729 1972 potest
759 1899 1018 1954 humano
1049 1898 1424 1954 condemnari
1482 1897 1766 1965 examine,
1819 1913 1992 1968 quem

343 1990 501 2046 Deus
533 2005 640 2045 suo
703 1988 1016 2044 reservavit
1057 1987 1304 2058 judicio.
1361 1985 1783 2042 Constantinus
1813 1987 1989 2041 etiam

343 2078 762 2135 sanctissimus
791 2077 1133 2148 imperator,
1193 2093 1327 2131 cum
1386 2075 1446 2129 in
1505 2075 1738 2130 Nicaana
1769 2075 1989 2146 synodo

342 2167 643 2240 querelam
676 2166 1068 2237 quorumdam
1102 2165 1510 2236 episcoporum
1534 2180 1729 2218 coram
1753 2180 1814 2218 se
1841 2163 1992 2219 dela-

341 2262 465 2312 tam
494 2255 876 2327 conspiceret,
911 2255 1028 2308 ait:
1063 2254 1178 2308 Vos
1210 2271 1243 2307 a
1271 2253 1504 2307 nemine
1539 2252 1791 2321 judicari
1826 2258 1986 2323 pote-

340 2345 469 2414 stis,
520 2345 660 2416 quia
689 2343 872 2398 solius
899 2341 1001 2397 Dei
1023 2341 1248 2412 judicio
1278 2341 1674 2396 reservamini.
1709 2341 1797 2394 Dii
1829 2341 1984 2395 enim

336 2432 524 2488 vocati
547 2432 713 2497 estis,
736 2430 950 2485 idcirco
972 2447 1084 2484 non
1107 2429 1349 2500 potestis
1372 2429 1442 2484 ab
1466 2429 1984 2499 bominibusjudi-

337 2522 478 2577 cari.
504 2521 668 2586 Quod
691 2525 748 2575 et
770 2517 1052 2573 Dominus
1075 2518 1134 2571 in
1157 2517 1351 2573 Exodo
1383 2517 1695 2571 ostendens
1727 2518 1808 2571 ait
1835 2534 1846 2571 :
1874 2519 1986 2572 Diis

329 2627 400 2666 ne
429 2609 712 2677 detrahas,
771 2613 825 2662 et
881 2608 1130 2677 principi
1176 2606 1375 2677 populi
1432 2604 1514 2659 tui
1570 2622 1639 2660 ne
1686 2606 1987 2661 maledicas

331 2698 523 2769 (Exod.
555 2714 695 2767 xxu,
727 2697 840 2766 28).
891 2695 960 2749 Et
989 2696 1194 2750 beatus
1226 2692 1540 2765 Gregorius
1571 2692 1983 2763 imperatorem

332 2786 687 2842 Mauricium
714 2785 774 2839 in
806 2785 916 2839 hoc
948 2781 1198 2838 laudans
1253 2781 1336 2837 ait
1393 2781 1491 2848 (lib
1549 2797 1611 2848 ιι,
1661 2784 1816 2853 epist.
1849 2783 1979 2853 56):

331 2876 529 2942 «Quia
549 2872 911 2930 serenissimi
935 2871 1155 2927 domini
1182 2869 1551 2942 imperatoris
1578 2871 1840 2925 animum
1865 2889 1980 2926 non

332 2965 694 3036 ignoramus,
734 2962 889 3033 quod
917 2978 980 3016 se
1013 2961 1071 3014 in
1104 2960 1299 3015 causis
1330 2959 1702 3014 sacerdotum
1738 2960 1980 3016 miscere

332 3069 446 3109 non
479 3051 683 3121 soleat,
716 3065 786 3106 ne
818 3049 1035 3106 nostris
1067 3049 1125 3103 in
1159 3048 1357 3118 aliquo
1390 3048 1642 3119 peccatis
1687 3053 1976 3120 gravetur.

330 3141 474 3197 Item
506 3141 578 3196 ad
603 3141 892 3196 Joannem
913 3139 1275 3193 defensorem
1304 3153 1317 3191 :
1345 3137 1424 3191 De
1453 3153 1701 3208 persona
1732 3139 1973 3210 presby-

327 3230 437 3285 teri
470 3229 577 3283 hoc
608 3227 1025 3284 attendendum
1058 3230 1166 3296 est,
1229 3227 1366 3297 quia
1421 3225 1470 3280 si
1525 3243 1703 3296 quam
1735 3243 1974 3281 causam

325 3317 552 3387 habuit,
586 3334 702 3373 non
733 3317 805 3372 ab
836 3316 950 3371 alio
979 3315 1184 3382 teneri,
1247 3315 1347 3370 sed
1409 3314 1749 3385 episcopum
1784 3315 1972 3385 ipsius
2003 3303 2045 3368 C

327 3407 474 3461 adiri
495 3405 716 3461 debuit.
747 3428 775 3455 »
802 3404 1183 3460 Beatissimus
1205 3403 1375 3459 etiam
1394 3403 1682 3476 Sylvester
1701 3419 1972 3459 summus

319 3495 580 3567 pontifex
610 3496 691 3565 (in
721 3494 968 3566 Epilog.,
1000 3498 1056 3547 et
1083 3508 1211 3564 cap.
1241 3493 1274 3546 3
1305 3508 1451 3548 conc.
1511 3492 1708 3562 Itom.),
1756 3496 1812 3546 et
1841 3491 1969 3547 uni-

316 3583 559 3640 versalis
585 3584 889 3655 apostolus
919 3581 1160 3638 collecta
1189 3581 1408 3653 synodo
1439 3581 1497 3634 in
1528 3586 1732 3635 sancta
1767 3586 1825 3636 et
1876 3597 1968 3636 ve-

315 3671 562 3727 nerabili
594 3671 857 3726 Romana
885 3669 1145 3724 Ecclesia
1174 3685 1277 3740 per
1305 3667 1504 3722 omnia
1548 3666 1868 3734 interdixit,
1904 3672 1969 3722 ut

313 3758 514 3814 nullus
542 3759 728 3814 laicus
761 3759 982 3812 crimen
1015 3756 1224 3812 clerico
1255 3755 1468 3810 audeat
1524 3755 1758 3822 inferre,
1818 3760 1874 3810 et
1905 3759 1969 3810 ut

310 3849 617 3920 presbyter
645 3863 759 3903 non
793 3847 1077 3902 adversus
1109 3845 1473 3916 episcopum,
1538 3861 1641 3900 nec
1684 3845 1966 3899 diaconus

309 3937 589 3992 adversus
618 3938 1049 4008 presbyterum,
1081 3951 1197 3990 non
1229 3933 1626 3989 subdiaconus
1685 3933 1963 3989 adversus

308 4024 762 4097 diaconum,non
779 4023 1082 4096 acolythus
1096 4024 1376 4078 adversus
1389 4023 1960 4087 subdiaconum,non

306 4113 595 4168 exorcista
625 4115 905 4170 adversus
935 4111 1292 4184 acolythum,
1323 4129 1439 4166 non
1469 4111 1652 4167 lector
1681 4112 1960 4168 adversus

304 4201 673 4267 exorcistam,
709 4219 824 4257 non
857 4201 1132 4256 ostiarius
1190 4202 1469 4256 adversus
1524 4201 1819 4266 lectorem,
1863 4201 1961 4255 det

302 4291 732 4346 accusationem
757 4289 1112 4360 aliquam.Et
1134 4305 1250 4344 non
1273 4290 1585 4344 damnetur
1607 4288 1958 4360 praesul,nisi

300 4378 360 4433 in
394 4379 772 4452 septuaginta
803 4377 1054 4444 duobus,
1107 4394 1296 4449 neque
1353 4376 1568 4449 praesul
1623 4393 1894 4432 summus
1924 4393 1959 4431 a

299 4468 952 4539 quoquamjudicetur:
979 4467 1261 4539 quoniam
1287 4466 1572 4538 scriptum
1595 4469 1687 4522 est
1710 4467 1855 4521 :Non
1883 4474 1959 4521 est

298 4557 605 4625 discipulus
633 4572 803 4627 supra
830 4558 1161 4626 magistrum
1219 4555 1430 4626 (Matth.
1494 4573 1549 4625 x,
1595 4555 1704 4625 24).
1741 4556 1954 4610 Beatus

299 4643 1066 4732 quoquePaulusapostolus
1079 4647 1159 4698 ait
1170 4645 1240 4698 ad
1254 4644 1626 4699 Timotheum
1645 4644 1949 4699 :Seniorem
1977 4667 2024 4732 D

295 4747 366 4786 ne
395 4734 789 4803 increpaveris,
840 4731 931 4785 sed
963 4731 1178 4786 obsecra
1207 4735 1266 4785 ut
1292 4741 1498 4802 partem
1532 4733 1577 4803 (ι
1612 4734 1746 4788 Tim.
1777 4749 1832 4801 v,
1867 4733 1941 4804 l).

297 4819 443 4892 Ergo
475 4837 590 4876 non
622 4825 712 4876 est
742 4819 958 4874 mirum
991 4819 1167 4890 [quod
1227 4819 1298 4874 de
1354 4820 1642 4890 episc0pis
1671 4821 1944 4892 superius

298 4907 519 4963 dictum
537 4914 628 4964 est
656 4911 727 4964 ad
752 4925 1002 4979 quorum
1028 4906 1415 4978 cognitionem
1433 4907 1658 4976 judicia
1679 4909 1943 4963 omnium

296 4997 628 5067 specialiter
648 4999 942 5068 pertinent
962 4994 1328 5066 clericorum]
1355 5013 1368 5061 ;
1401 5011 1534 5049 cum
1557 4996 1732 5050 etiam
1757 4999 1944 5063 [caete-

295 5101 392 5140 ros
419 5085 674 5155 Domini]
706 5086 1057 5151 sacerdotes,
1091 5083 1294 5139 levitas
1325 5089 1381 5138 et
1435 5084 1844 5152 subdiacones,
1878 5103 1943 5141 ac

295 5173 598 5244 sequentis
627 5174 850 5228 ordinis
882 5190 1070 5244 usque
1101 5174 1173 5227 ad
1205 5171 1395 5228 ultimi
1454 5173 1671 5242 gradus
1703 5172 1943 5230 clericos

296 5260 653 5316 omnimodis
683 5260 918 5316 exclusa
939 5261 1016 5316 sit
1045 5260 1208 5316 laicis
1238 5259 1477 5319 licentia.
1503 5263 1814 5316 accusandi
1853 5263 1941 5318 vel

287 5348 619 5419 judicandi,
640 5353 874 5420 excepto
901 5349 949 5404 si
981 5349 1194 5420 aliquis
1225 5366 1447 5418 eorum,
1472 5351 1626 5422 quod
1654 5351 1824 5421 absit,
1848 5357 1941 5407 tu-

291 5453 454 5492 more
472 5438 762 5508 superbiae
786 5436 1451 5505 elatus,ecclesiasticam
1474 5439 1748 5494 deserens
1773 5441 1942 5495 disci-

292 5523 542 5599 plinam,
574 5526 645 5580 ad
674 5525 1013 5582 saecularem
1043 5543 1106 5582 se
1131 5526 1444 5584 contulerit
1473 5534 1843 5601 potestatem,
1877 5535 1942 5585 ut

2023 1941 2072 2005 B

2126 656 2237 726 (43)
2260 656 2624 711 defendatur.
2649 657 2813 710 Tunc
2833 654 3146 726 episcopali
3174 656 3638 728 suggestione,fsi
3672 676 3769 716 ne-

2119 758 2281 799 cesse
2303 744 2494 809 fuerit,
2519 743 2798 815 principis
2821 745 2905 798 vel
2919 744 3140 814 judicis
3173 744 3386 802 auxilio
3409 747 3614 802 tandiu
3632 749 3768 806 talis

2118 833 2560 904 persequendus
2589 832 2719 901 erit,
2755 832 2936 888 donec
2967 832 3379 890 ecclesiasticis
3411 838 3498 890 vel
3544 835 3767 894 invitus

2117 921 2307 976 discat
2337 921 2554 993 regulis
2585 921 2837 976 obedire.

2184 1010 2597 1065 Accusationes
2630 1014 2824 1064 autem
2847 1027 3048 1065 eorum
3081 1026 3196 1066 non
3231 1009 3396 1066 aliter
3442 1011 3762 1084 inquirere,

2111 1097 2200 1152 vel
2209 1098 2476 1168 judicare
2498 1098 2662 1154 laicis
2683 1099 3155 1170 przesumendum
3183 1099 3414 1162 est,nisi
3441 1101 3513 1156 ab
3534 1105 3761 1174 episco-

2110 1187 2202 1257 pis
2221 1186 2560 1255 invitantur,
2586 1188 2658 1242 ad
2689 1205 2939 1259 quorum
2963 1188 3084 1243 haec
3107 1188 3440 1259 parochiam
3465 1191 3760 1262 pertinere

2107 1275 2399 1331 videntur.
2435 1277 2534 1331 Ait
2562 1276 2718 1331 enim
2749 1277 2955 1332 beatus
2985 1277 3202 1350 Paulus
3225 1277 3527 1348 apostolus
3555 1295 3568 1334 :
3602 1282 3670 1335 Et
3698 1291 3761 1337 tu

2111 1365 2230 1433 quis
2259 1381 2336 1432 es,
2387 1367 2484 1436 qui
2532 1366 2759 1436 judicas
2806 1365 3054 1420 alienum
3095 1366 3354 1420 servum?
3411 1383 3508 1423 suo
3528 1369 3760 1426 Domino

2105 1456 2211 1507 stat
2234 1456 2328 1508 aut
2357 1455 2500 1509 cadit
2527 1455 2700 1525 (Rom.
2725 1472 2839 1523 xw,
2873 1455 2948 1525 4).
2982 1454 3289 1509 Saecularis
3320 1460 3516 1511 tamen
3549 1473 3578 1512 e
3612 1475 3755 1515 con-

2105 1543 2195 1595 tra
2225 1546 2503 1612 potestas,
2538 1543 2691 1614 quod
2721 1541 3116 1610 lamentabile,
3178 1543 3544 1601 multimodis
3573 1547 3757 1604 eccle-

2107 1629 2403 1685 siasticam
2419 1630 2714 1686 interdum
2733 1631 3471 1703 supprimitauctoritatem
3488 1637 3754 1708 :etcujus

2106 1718 2389 1774 subsidiis
2407 1720 2686 1775 debuerat
2714 1719 2947 1788 elevari,
2982 1721 3110 1791 eius
3131 1720 3277 1776 solet
3298 1723 3755 1783 adversitatibus

2106 1807 2306 1880 afﬂigi:
2343 1810 2410 1862 Et
2440 1809 2594 1863 sicut
2625 1809 2683 1862 in
2711 1808 2990 1864 electione
3039 1809 3357 1880 prmsulum
3416 1829 3524 1868 sua
3557 1813 3756 1885 potius

2101 1899 2257 1964 vota,
2289 1913 2467 1968 quam
2499 1902 2835 1953 sanctorum
2869 1897 3102 1953 Patrum
3134 1898 3405 1956 instituta
3452 1901 3754 1975 principes

2102 1984 2335 2040 firmare
2355 1987 2822 2053 contendunt,ita
2847 1985 2970 2041 etin
2987 1988 3751 2063 audiendo,veljudicando,

2101 2089 2204 2128 seu
2218 2075 2394 2129 etiam
2418 2075 2701 2145 ejiciendo
2722 2081 2843 2129 tam
2865 2074 3022 2146 ipsos
3036 2092 3214 2146 quam
3237 2075 3354 2132 illis
3377 2079 3754 2152 commissos,

2100 2164 2419 2233 contrajus
2445 2179 2736 2218 canonum
2755 2181 2872 2218 suae
2888 2181 2990 2235 per
3006 2164 3202 2219 omnia
3223 2171 3492 2236 quaerunt
3508 2167 3752 2222 satisfa-

2100 2267 2226 2306 cere
2250 2251 2559 2308 voluntati.
2595 2254 2664 2307 Et
2694 2254 3019 2307 secundum
3053 2255 3753 2325 pcrversorumjudicum

2099 2341 2448 2396 sententiam
2471 2357 2573 2396 nec
2604 2340 2776 2413 culpa
2806 2341 3050 2396 retrahit
3109 2341 3364 2413 aliquem
3425 2361 3459 2398 a
3488 2343 3757 2400 culmine

2097 2429 2532 2500 regiminis,nec
2555 2429 2812 2502 regimen
2829 2429 3016 2485 ullum
3035 2435 3272 2486 excusat
3289 2431 3361 2487 ab
3375 2432 3757 2488 accusatione

2097 2516 2348 2589 alicujus
2380 2518 2664 2573 criminis.
2699 2519 2860 2582 Quod
2893 2517 3134 2574 viriliter
3190 2520 3398 2575 beatus
3435 2519 3756 2577 Anacletus

2096 2622 2248 2676 papa
2278 2607 2681 2662 contradicens
2712 2606 2792 2660 ait
2820 2623 2830 2661 :
2870 2607 3220 2662 Electionem
3252 2624 3627 2664 summorum
3660 2625 3756 2665 sa-

2096 2693 2396 2749 cerdotum
2430 2694 2541 2749 sibi
2578 2695 2856 2748 Dominus
2877 2695 3210 2760 reservavit,
3242 2693 3375 2749 licet
3403 2695 3754 2753 electionem

2095 2799 2298 2837 eorum
2331 2782 2499 2837 bonis
2532 2782 2935 2837 sacerdotibus
2966 2787 3023 2836 et
3078 2782 3484 2853 spiritualibus
3515 2785 3756 2857 populis

2093 2869 2501 2925 concessisset.
2529 2869 2634 2925 Cui
2665 2887 2801 2940 ergo
2830 2870 3044 2925 similis
3101 2888 3229 2926 esse
3286 2872 3600 2941 videbitur,
3647 2874 3756 2945 qui

2093 2959 2248 3030 quod
2276 2959 2429 3014 Deus
2461 2959 2571 3013 sibi
2606 2965 2835 3013 tantum
2869 2959 3040 3013 modo
3073 2959 3404 3028 reservavit,
3442 2962 3753 3033 subripere

2091 3049 2414 3118 praesumit.
2448 3049 2648 3102 Restat
2678 3049 2882 3118 utique
2943 3051 3009 3102 ut
3066 3047 3171 3115 illi,
3225 3048 3326 3120 qui
3381 3049 3496 3104 ait:
3531 3056 3753 3110 Ponam

2086 3137 2262 3192 sedem
2294 3153 2472 3192 meam
2501 3137 2571 3191 ad
2603 3137 2943 3207 Aquilonem,
2969 3141 3020 3192 et
3077 3154 3168 3192 ero
3225 3139 3432 3194 similis
3463 3140 3749 3198 Altissimo

2088 3230 2226 3295 (Isa.
2266 3243 2380 3294 xw,
2412 3226 2519 3297 24).

2209 3333 2448 3404 Explicit
2473 3349 2610 3403 pars
2637 3335 2823 3403 prima
2851 3332 2915 3387 de
2928 3333 3171 3404 judiciis
3209 3336 3609 3406 episcoporum.

2473 3500 2736 3556 INCIPIT
2766 3501 2948 3555 PARS
2987 3501 3336 3558 SECUNDA.

2449 3617 2519 3670 De
2549 3618 2994 3672 ordinationibus
3018 3618 3354 3673 eorumdem.

2149 3756 2294 3812 Illud
2328 3756 2497 3828 plane
2527 3756 2789 3830 diligenti
2821 3758 3220 3815 observatione
3258 3760 3582 3815 cavendum
3617 3767 3733 3833 est,

2076 3850 2140 3901 ut
2170 3847 2326 3917 quod
2357 3852 2509 3902 Deus
2539 3847 2709 3902 bonis
2742 3847 3169 3915 sacerdotibus,
3229 3853 3286 3903 et
3315 3847 3732 3920 spiritualibus

2074 3934 2308 4007 populis
2339 3933 2856 4003 concessit,nullus
2887 3937 2957 3990 ad
2993 3937 3294 4007 proprium
3319 3937 3531 3993 audeat
3553 3940 3734 4010 privi-

2071 4023 2289 4096 legium
2322 4029 2672 4094 retorquere.
2705 4025 2850 4080 Cum
2883 4025 3039 4078 enim
3074 4024 3390 4096 episcopali
3439 4025 3730 4086 electione

2068 4113 2381 4184 generalis,
2413 4117 2469 4167 et
2489 4129 2604 4168 non
2637 4111 2909 4183 specialis
2940 4114 3248 4184 quaerenda
3281 4114 3357 4168 sit
3387 4114 3633 4183 utilitas,
3668 4122 3729 4174 et

2068 4201 2475 4258 ecclesiasticae
2508 4200 2594 4256 aei
2626 4201 3016 4272 inquirendus
3049 4203 3126 4257 sit
3173 4203 3568 4275 dispensator,
3602 4223 3724 4262 non

2067 4289 2319 4363 publice,
2349 4289 2437 4344 vel
2465 4290 2688 4361 private
2744 4289 2958 4360 aliquis
3017 4297 3395 4362 procurator:
3443 4293 3577 4364 quis
3609 4311 3724 4350 un-

2067 4396 2243 4450 quam
2269 4379 2525 4450 aliquem
2552 4378 2704 4433 adid
2732 4378 3005 4433 idoneum
3039 4380 3290 4451 reperire
3338 4381 3572 4452 poterit,
3607 4382 3728 4441 nisi

2065 4468 2191 4540 ipse
2222 4468 2321 4539 qui
2355 4466 2714 4523 occultorum
2747 4470 2836 4522 est
2871 4467 3234 4539 cognitor?.
3322 4511 3334 4524 .
3417 4513 3429 4524 .
3511 4513 3526 4527 .
3608 4515 3621 4527 .
3706 4515 3720 4529 .

2068 4560 3725 4619 ......'.......custodiam?

2063 4645 2170 4711 Qui
2194 4646 2400 4700 merito
2423 4645 2532 4700 hoc
2564 4645 2741 4700 etiam
2774 4645 2947 4700 bonis
2994 4646 3418 4712 sacerdotibus,
3451 4652 3509 4703 et
3537 4650 3719 4721 spiri-

2056 4733 2315 4789 tualibus
2339 4749 2686 4805 cognoscere
2709 4750 2860 4804 saepe
2881 4734 3147 4790 concedit
3170 4735 3571 4808 populis,quia
3588 4738 3722 4810 ipse

2056 4839 2289 4894 quoque
2319 4821 2456 4877 alibi
2491 4821 2876 4892 promiserat:
2915 4823 3014 4877 Ubi
3058 4826 3275 4892 fuerint
3311 4829 3627 4896 congregati
3657 4830 3720 4884 in

2055 4914 2278 4967 nomine
2291 4927 2408 4966 meo
2429 4911 2534 4964 duo
2556 4911 2639 4964 vel
2660 4913 2786 4977 tres,
2815 4913 2873 4964 in
2890 4911 3062 4966 medio
3109 4929 3296 4968 eorum
3337 4929 3463 4969 sum
3485 4917 3714 4982 (Matth.

2053 5017 2212 5070 xvm,
2245 5000 2355 5070 20).
2391 5000 2457 5053 Et
2487 4999 2544 5051 in
2578 4997 2820 5068 psalmis
2841 5015 2853 5053 :
2874 5000 3136 5056 Dominus
3165 5007 3311 5057 stetit
3338 5005 3398 5057 in
3426 5021 3718 5076 synagoga

2057 5089 2302 5155 deorum,
2328 5091 2389 5142 in
2416 5087 2596 5140 medio
2617 5096 2798 5141 autem
2821 5105 2908 5142 eos
2923 5089 3187 5155 diiudicat
3203 5091 3378 5161 (Psal.
3403 5109 3592 5160 LXXXI,
3636 5097 3715 5167 1).

2055 5177 2227 5232 Plane
2249 5193 2384 5247 ergo
2403 5176 2528 5246 ipse
2545 5175 2683 5230 facit
2705 5177 2858 5247 quod
2884 5177 2994 5248 ipsi
3024 5178 3375 5252 faciunt,qui
3393 5181 3452 5236 in
3467 5183 3716 5241 nomine

2052 5267 2181 5335 ejus
2194 5265 2789 5336 congregantur,quia
2801 5281 2997 5321 revera
3012 5272 3170 5338 patet
3183 5284 3214 5339 q
3226 5269 3336 5324 uod
3353 5269 3462 5340 ipsi
3479 5271 3718 5343 absque

2051 5372 2118 5411 eo
2141 5371 2269 5410 esse
2298 5353 2378 5408 ibi
2412 5371 2525 5408 non
2557 5353 2804 5425 possint.
2841 5354 2968 5425 Ipse
2995 5355 3231 5426 quidem
3257 5362 3346 5412 est
3366 5359 3621 5431 qui,tam
3645 5363 3714 5418 in

2051 5443 2244 5498 Veteri
2273 5459 2451 5513 quam
2474 5442 2531 5496 in
2557 5442 2711 5498 Novo
2734 5443 3466 5514 Testamento,sacerdotes
3491 5465 3596 5519 per
3614 5467 3718 5506 se-

2051 5532 2370 5602 metipsum
2393 5531 2605 5601 eligere
2618 5531 2893 5602 dignatus
2910 5537 3016 5586 est.
3031 5532 3125 5588 Ait
3137 5534 3293 5589 enim
3308 5534 3368 5590 in
3381 5535 3575 5592 Veteri
3588 5538 3715 5596 Τθ-

365 5701 481 5788 (43)
517 5701 722 5763 Contra
736 5704 853 5777 jus.
887 5703 1120 5782 Optima
1145 5703 1316 5765 lectio
1364 5707 1582 5768 codicis
1639 5710 1812 5768 Resb.
1848 5714 1908 5771 at
1945 5711 2114 5772 lectio
2144 5710 2355 5786 prioris
2389 5710 2681 5783 editionis,
2710 5711 3042 5781 contrarius,
3074 5712 3351 5786 pessima.
