3946 6450
151 430 216 488 69
966 423 1068 484 DE
1111 423 1549 486 PRESSUBIS
1593 417 2242 488 ECCLESIASTICIS.
2289 454 2365 469 --
2403 423 2608 485 PARS
2654 424 2732 484 II.
3487 430 3566 490 70

152 560 427 616 stamento
451 557 522 613 de
545 556 777 626 Levitis,
805 556 1038 612 Scilicet
1069 556 1203 612 Levi
1244 557 1401 626 ﬁliis,
1435 559 1512 613 de
1537 574 1791 630 quorum
1820 560 1875 626 Α
1904 557 2030 629 ipse
2064 558 2316 612 minetur
2345 556 2404 611 in
2438 555 2745 628 Evangelio
2779 572 2792 611 :
2826 557 2943 613 Non
2963 561 3190 628 potestis
3217 574 3428 615 servire
3455 562 3564 617 Deo

149 647 548 705 tantummodo
579 646 762 718 stirpe
793 647 1125 702 sacerdotes
1157 644 1237 700 illi
1273 646 1334 702 in
1366 647 1544 703 Israel
1577 647 1797 703 consti-
1908 655 1962 702 et
1986 660 2320 702 mammona
2348 646 2499 716 (Luc.
2528 662 2642 712 xv1,
2674 646 2786 718 23).
2823 647 2890 702 Et
2920 647 3133 702 iterum
3170 665 3183 704 :
3219 649 3458 705 Facilius
3487 653 3565 706 est

152 743 303 793 tuere
333 741 474 790 tunc
518 733 740 806 placuit
793 752 805 790 :
866 736 994 791 Ecce
1023 735 1166 803 eligo
1197 735 1388 790 levitas
1436 735 1500 791 de
1529 735 1708 790 medio
1735 737 1799 805 ﬁ-
1909 737 2180 792 camelum
2207 752 2308 806 per
2333 737 2582 806 foramen
2600 751 2732 790 acus
2760 743 2993 802 intrare,
3023 753 3191 808 quam
3222 737 3445 795 divitem
3476 741 3570 794 in-

153 829 347 883 liorum
403 825 576 880 Israel
630 839 728 896 pro
783 826 942 881 omni
995 825 1366 896 primogenito
1424 825 1564 897 quod
1624 825 1802 897 aperit
1913 833 2061 881 trare
2090 827 2149 880 in
2182 841 2413 896 regnum
2453 826 2550 880 Dei
2577 825 2779 896 (Matth.
2833 843 2950 894 xix,
2991 827 3103 898 24).
3159 828 3225 882 Et
3255 845 3463 884 rursus
3495 829 3566 884 ad

151 916 362 972 vulvam
391 931 425 968 a
455 913 592 984 ﬁliis
622 913 1237 984 Israel,redemptiones
1279 929 1470 968 eorum
1495 917 1659 969 erunt
1686 915 1802 983 isti,
1915 915 2155 971 divitem
2190 932 2202 970 :
2237 912 2437 983 Stulte,
2487 915 2588 968 hac
2626 923 2779 969 nocte
2818 923 3062 986 repetent
3107 918 3356 972 animam
3395 927 3568 985 tuam,

153 1013 198 1062 et
221 1011 385 1061 erunt
413 1001 558 1057 mihi
588 1003 834 1063 Levita};
864 1001 1006 1057 mihi
1033 1003 1183 1057 enim
1200 1002 1551 1072 sanetiﬁcavi
1595 1005 1804 1074 primo-
1914 1008 1965 1059 et
1995 1021 2057 1059 ea
2077 1019 2203 1076 quae
2226 1006 2464 1076 parasti,
2523 1005 2680 1075 cujus
2709 1004 2928 1059 erunt?
2985 1006 3137 1077 (Luc.
3179 1024 3279 1062 x11.
3328 1009 3444 1081 20.)
3503 1009 3573 1063 Et

154 1095 400 1165 genitum
440 1094 501 1147 in
551 1094 700 1147 terra
757 1092 985 1163 zEgypti
1041 1092 1222 1163 (Num.
1282 1108 1370 1163 111,
1426 1092 1539 1163 21).
1586 1091 1693 1148 Ubi
1727 1091 1810 1147 ait
1919 1086 2058 1148 alibi
2092 1109 2105 1149 :
2138 1094 2326 1149 Nolite
2356 1093 2730 1149 lhesaurizare
2753 1093 2902 1149 vobis
2931 1093 3216 1150 thesauros
3268 1113 3434 1169 super
3460 1101 3570 1153 ter-

153 1185 392 1240 sanctus
431 1179 784 1236 Ambrosius
824 1196 837 1234 :
883 1201 912 1229 «
950 1179 1076 1235 Non
1100 1180 1394 1236 mediocre
1419 1180 1678 1236 ofﬁcium
1719 1184 1809 1235 est
1916 1199 2061 1249 ram,
2090 1182 2188 1237 ubi
2213 1198 2398 1251 cerugo
2428 1186 2480 1238 ct
2511 1183 2664 1237 tinea
2691 1181 3009 1250 demolitur,
3041 1192 3092 1239 et
3125 1185 3220 1240 ubi
3242 1187 3399 1257 fures
3444 1187 3570 1258 effs-

152 1270 498 1328 Levitarum.
549 1267 938 1341 Cognovimus
970 1268 1320 1341 enim,quia
1374 1269 1526 1325 inter
1575 1273 1810 1325 caeteros
1918 1271 2078 1326 diunt
2123 1280 2175 1326 et
2222 1274 2520 1342 furantur.
2578 1273 2967 1328 Thesaurizate
3013 1281 3203 1328 autem
3251 1275 3405 1331 vobis
3452 1276 3571 1332 the-

155 1360 355 1417 Levita
391 1362 829 1430 computantur,
850 1358 952 1414 sed
985 1358 1264 1414 omnibus
1295 1357 1811 1430 praeferuntur,qui
1918 1376 2111 1417 sauros
2143 1361 2204 1415 in
2232 1360 2404 1426 caelis,
2431 1359 2528 1414 ubi
2562 1375 2737 1430 neque
2763 1375 2975 1429 caerugo,
3026 1378 3127 1417 nec
3169 1365 3322 1419 tinea
3379 1365 3570 1420 demo-

155 1450 451 1521 eliguntur
478 1464 548 1504 ex
567 1446 928 1517 hominibus,
957 1450 1014 1502 et
1035 1446 1572 1510 sanctificantur,ut
1600 1447 1814 1519 primo-
1924 1450 2080 1520 titur,
2112 1453 2166 1504 et
2222 1449 2322 1504 ubi
2365 1450 2516 1520 fures
2560 1464 2673 1503 non
2729 1449 2996 1521 effodiunt
3022 1465 3117 1505 nec
3150 1453 3440 1522 furantur.
3478 1453 3580 1510 Ubi

154 1538 350 1611 genita
381 1537 682 1592 fructuum
705 1539 882 1607 atque
913 1535 1339 1607 primitiaeque
1360 1535 1610 1592 Domino
1631 1537 1813 1608 depu-
1922 1543 1998 1594 est
2041 1538 2335 1593 thesaurus
2385 1539 2534 1608 tuus,
2601 1538 2681 1592 ibi
2731 1543 2812 1593 est
2873 1554 2966 1593 cor
3023 1543 3180 1595 tuum
3235 1541 3441 1612 (Matth.
3500 1559 3579 1610 v1,

152 1631 374 1693 tantur,
407 1627 468 1681 in
499 1624 716 1696 quibus
747 1627 836 1680 est
863 1628 1130 1680 votorum
1153 1624 1367 1681 solutio
1399 1628 1456 1680 et
1485 1625 1813 1698 redemptio
1927 1628 2035 1698 19).
2093 1627 2189 1682 Ait
2247 1626 2402 1682 enim
2460 1627 2668 1682 beatus
2703 1627 3050 1684 Ambrosius
3111 1646 3124 1684 :
3184 1629 3426 1686 Nullum
3475 1632 3578 1687 ad-

151 1720 548 1790 peccatorum.
585 1735 613 1763 ››
649 1713 808 1770 Unde
839 1717 897 1768 et
925 1713 1200 1769 subditur
1232 1730 1244 1769 :
1277 1715 1403 1770 Non
1431 1715 1689 1787 accipies,
1724 1713 1815 1770 in-
1929 1715 2282 1772 miniculum
2342 1719 2625 1788 praestant
2684 1716 2896 1771 divitiae
2955 1718 3026 1772 ad
3085 1717 3263 1774 vitam
3325 1720 3578 1777 beatam.

153 1804 304 1876 quit,
340 1819 430 1860 eos
460 1804 608 1859 inter
634 1803 778 1873 ﬁlios
799 1803 988 1872 Israel,
1016 1805 1066 1858 et
1089 1805 1386 1860 constitues
1410 1804 1627 1860 Levitas
1651 1819 1819 1876 super
1927 1805 2092 1871 Quod
2125 1804 2422 1860 evidenter
2441 1804 2728 1860 Dominus
2754 1809 3044 1861 monstrat
3072 1805 3130 1861 in
3154 1807 3265 1862 Eva
3277 1807 3466 1881 ngelio
3498 1810 3583 1865 di-

154 1893 582 1949 tabernaculum
633 1891 952 1959 testimonii,
1002 1901 1054 1948 et
1100 1908 1264 1965 super
1295 1894 1490 1948 omnia
1533 1909 1668 1949 vasa
1695 1896 1820 1964 ejus
1849 1940 1896 2005 Β
1929 1908 2068 1949 cens
2099 1912 2118 1948 :
2149 1895 2312 1948 Beati
2335 1909 2626 1965 pauperes,
2659 1893 2919 1964 quoniam
2950 1897 3191 1950 vestrum
3238 1901 3317 1952 est
3348 1913 3582 1966 regnum

161 1989 354 2005 _-A_..-
413 1985 455 2005 ,Δ
491 1997 649 2005 -..μρμ
681 1996 1008 2005 Α-.......-.-..ιι
1039 1985 1164 2005 --.--Δ
1199 1984 1252 2005 ι..
1291 1984 1406 2005 1----
1469 1984 1574 2005 l_-_’
1625 1983 1819 2005 1-1!-..1
1938 1983 2031 2005 “-1
2092 1985 2237 2005 n--.-
2285 1983 2374 2005 --.ἑ
2404 1999 2552 2005 μ---,-
2587 1985 2828 2005 ----_.’-...1
2868 1987 2906 2005 ,Δ
2961 1984 3151 2005 -11..--“1
3217 1987 3316 2005 __,!,
3372 2003 3408 2005 _,
3431 1992 3482 2005 ι..
3535 2004 3551 2005 η

152 1989 373 2050 astare,
405 1985 456 2038 et
484 1997 649 2052 super
675 1996 1008 2052 quaecunque
1032 1985 1165 2036 sunt
1195 1984 1258 2036 in
1288 1984 1428 2054 ipso.
1462 1984 1574 2054 Ipsi
1623 1983 1819 2038 tollant
1850 1983 1896 2005 ”
1933 1983 2049 2038 Dei.
2084 1985 2240 2038 Beati
2277 1983 2374 2054 qui
2401 1999 2552 2037 nunc
2578 1985 2829 2038 esuriant
2857 1987 2907 2039 et
2952 1984 3170 2053 sitiunt,
3203 1987 3333 2058 quia
3359 1992 3583 2044 satura-

152 2071 589 2128 tabernaculum
613 2073 664 2126 et
693 2071 882 2126 omnia
910 2086 1040 2125 vasa
1053 2071 1252 2141 ejus,et
1280 2073 1391 2142 ipsi
1417 2072 1736 2127 ministrent
1754 2087 1824 2128 ex
1934 2073 2156 2127 buntur.
2190 2072 2351 2127 Beati
2379 2073 2476 2142 qui
2503 2088 2652 2126 nunc
2680 2072 2847 2142 ﬂetis,
2878 2075 3010 2144 quia
3039 2073 3287 2131 ridebitis
3317 2077 3468 2147 (Luc.
3501 2094 3580 2145 νι,

150 2176 236 2231 eo,
273 2164 331 2215 et
366 2161 425 2214 in
446 2161 688 2216 circuitu
710 2160 1057 2214 tabernaculi
1085 2167 1263 2214 castra
1284 2161 1398 2232 ipsi
1410 2162 1824 2227 constituant,et
1904 2161 2044 2232 .20).
2077 2160 2145 2214 Et
2173 2161 2244 2214 ad
2280 2160 2487 2216 divites
2515 2176 2526 2214 :
2566 2161 2651 2216 Vae
2696 2161 2844 2215 vobis
2902 2161 3186 2231 divitibus,
3249 2166 3347 2236 qui
3374 2165 3585 2222 habetis

149 2249 528 2321 promovendo
573 2249 992 2305 tabernaculum
1031 2250 1144 2319 ipsi
1187 2253 1480 2304 statuant:
1511 2251 1826 2320 alienigena
1929 2249 2352 2304 consolationem
2400 2257 2662 2303 vestram.
2723 2250 2805 2303 Va:
2837 2251 2983 2302 vobis
3012 2252 3111 2322 qui
3147 2254 3388 2307 saturati
3434 2255 3580 2323 estis,

146 2341 477 2411 quicunque
506 2339 808 2408 accesserit,
840 2341 1014 2392 morte
1061 2340 1330 2392 morietur
1387 2337 1572 2407 (Num.
1621 2354 1660 2404 1,
1710 2338 1821 2405 49).
1935 2339 2068 2408 quia
2097 2338 2396 2402 esurietis;
2433 2343 2486 2392 et
2544 2338 2662 2392 illis
2719 2340 2817 2408 qui
2870 2340 3074 2411 rident,
3131 2343 3266 2412 quia
3323 2343 3587 2413 lugebant

146 2427 453 2483 Similiter
473 2430 530 2482 et
555 2427 625 2480 ad
651 2425 1124 2496 apostolos,quos
1146 2442 1344 2481 revera
1375 2426 1824 2481 fundamentum
1936 2426 2238 2498 (Ibid.,24).
2278 2427 2347 2480 Et
2369 2425 2588 2481 Paulus
2619 2426 2920 2497 apostolus
2952 2444 2965 2482 :
3005 2430 3299 2500 Cupiditas
3329 2432 3492 2489 radix
3510 2437 3588 2489 est

137 2515 458 2582 Ecclesiae,
491 2519 549 2570 et
593 2512 890 2585 primitias
937 2513 1254 2584 praesulum
1302 2530 1432 2569 esse
1479 2518 1730 2579 constat,
1763 2513 1824 2568 in
1935 2514 2187 2567 omnium
2213 2513 2488 2568 malorum
2535 2513 2582 2583 (Ι
2633 2513 2764 2568 lim.
2807 2530 2882 2568 v1.
2927 2515 3036 2586 10).
3072 2517 3142 2572 Et
3168 2517 3427 2576 Jacobus
3459 2521 3584 2578 ait:

133 2602 482 2676 Evangelio
534 2602 615 2657 ait
663 2618 676 2656 :
734 2604 827 2657 Vos
873 2601 939 2656 de
986 2601 1195 2658 mundo
1244 2618 1355 2658 non
1402 2605 1548 2669 estis,
1599 2602 1693 2658 sed
1729 2617 1824 2673 ego
1935 2603 2173 2655 Exortus
2200 2607 2277 2654 est
2306 2599 2394 2655 sol
2421 2615 2548 2654 cum
2577 2600 2799 2671 ardore,
2826 2609 2880 2656 et
2908 2606 3143 2675 arefecit
3170 2607 3382 2675 fenum,
3413 2612 3466 2664 et
3489 2611 3589 2680 ﬂos

126 2696 298 2767 elegi
326 2707 432 2749 vos
461 2691 527 2747 de
557 2689 760 2746 mundo
789 2692 970 2748 (Joan.
1020 2708 1112 2759 xv,
1163 2691 1270 2762 19).
1323 2691 1486 2756 Quod
1518 2691 1675 2747 enim
1706 2690 1823 2746 illis
1932 2689 2054 2759 ejus
2085 2688 2324 2751 decidit;
2355 2697 2406 2744 et
2435 2688 2594 2744 decor
2621 2689 2812 2745 vultus
2840 2692 2958 2759 eius
2987 2692 3223 2765 deperiit
3251 2696 3328 2752 ita
3357 2701 3412 2751 et
3439 2697 3588 2754 dives

129 2784 313 2851 ait,et
351 2781 472 2836 hoc
503 2779 945 2836 successoribus
966 2795 1172 2835 eorum
1197 2779 1414 2836 dixisse
1440 2779 1822 2836 manifestum
1905 2780 1994 2832 .in
2024 2779 2314 2834 itineribus
2343 2779 2458 2833 suis
2486 2781 2774 2834 marcescit
2821 2779 2968 2851 (Jac.
3005 2799 3045 2853 1,
3081 2784 3190 2851 11).
3227 2788 3292 2839 Et
3323 2785 3536 2842 iterum
3571 2806 3585 2844 :

129 2872 332 2930 est.Et
368 2868 599 2925 Paulus
630 2867 930 2941 apostolus
956 2886 969 2924 :
1000 2868 1186 2924 Omnis
1211 2870 1466 2940 pontifex
1483 2885 1554 2925 ea:
1574 2869 1820 2925 homini-
1934 2867 2124 2922 Nonne
2149 2867 2291 2922 Deus
2318 2867 2481 2938 elegit
2504 2884 2772 2939 pauperes
2817 2870 2878 2923 in
2906 2871 3005 2926 hoc
3030 2873 3254 2940 mundo,
3287 2874 3482 2931 divites
3529 2878 3591 2932 in

132 2964 234 3018 bus
269 2965 623 3030 assumptus,
654 2973 755 3030 pro
801 2958 1118 3013 hominibus
1147 2960 1503 3014 constituitur
1551 2959 1733 3032 (Hebr.
1766 2975 1818 3014 v.
1931 2955 2058 3027 ﬁde,
2089 2960 2140 3012 et
2168 2955 2409 3011 hieredes
2438 2959 2597 3028 regni
2625 2958 2768 3028 quod
2787 2961 3102 3030 repromisit
3121 2961 3474 3032 diligentibus
3491 2966 3590 3020 se?

136 3053 208 3119 1).
248 3050 338 3105 Ex
372 3063 502 3120 qua
532 3063 593 3102 re
619 3051 880 3119 apparet;
916 3048 1054 3118 quia
1075 3046 1335 3120 episcopi
1365 3048 1540 3120 digne
1570 3047 1730 3120 eligi,
1765 3052 1824 3104 et
1933 3045 2072 3116 (Jac.
2107 3062 2168 3099 11.
2199 3046 2277 3117 5.)
2309 3044 2379 3099 Et
2407 3045 2580 3117 paulo
2611 3051 2746 3118 post
2794 3064 2808 3102 :
2859 3049 3054 3102 Nonne
3103 3050 3302 3106 divites
3333 3068 3436 3124 per
3491 3070 3590 3126 po-

125 3140 299 3208 juste
327 3134 624 3208 judicari,
659 3134 772 3190 nisi
805 3153 839 3191 a
872 3137 984 3191 Deo
1034 3135 1375 3192 nullatenus
1402 3141 1673 3209 possunt.
1709 3138 1824 3193 Hoc
1933 3136 2162 3190 tentiam
2240 3135 2562 3204 opprimunt
2612 3150 2704 3189 vos
2733 3137 2759 3187 .9
2811 3134 2979 3204 Idid.,
3041 3136 3183 3193 Item
3241 3141 3590 3199 Ambrosius

133 3243 278 3284 vero
308 3225 660 3282 notandum
691 3224 946 3296 est,quia
977 3241 1113 3280 cum
1146 3226 1218 3280 ab
1241 3225 1387 3297 ipsis
1412 3225 1629 3298 quibus
1662 3225 1734 3281 ab
1757 3241 1823 3281 eo
1934 3223 2016 3278 ait
2048 3240 2061 3277 :
2092 3221 2355 3278 Joacbim
2389 3223 2489 3294 qui
2513 3239 2722 3278 aurum
2751 3224 2809 3279 in
2841 3224 3144 3282 obsidione
3175 3229 3464 3299 servabat,
3486 3247 3592 3288 nec

132 3330 516 3372 concessum
545 3317 657 3383 est,
689 3312 950 3385 legitime
973 3313 1342 3381 ordinantur,
1369 3313 1457 3370 vel
1482 3314 1827 3386 judicantur
1857 3303 1899 3369 C
1937 3310 2318 3382 dispensabat
2346 3311 2635 3367 alimonia}
2665 3315 3092 3386 comparandas,
3115 3321 3174 3373 et
3204 3335 3417 3376 aurum
3447 3321 3595 3377 vidit

134 3407 212 3461 ab
245 3405 393 3478 ipso
429 3401 643 3476 procul
675 3401 876 3468 dubio,
910 3401 1063 3457 sicut
1083 3403 1210 3473 jam
1251 3419 1432 3475 supra
1462 3404 1686 3458 dictum
1717 3409 1827 3470 est,
1937 3400 2132 3471 diripi,
2157 3403 2214 3456 et
2234 3416 2296 3456 se
2323 3400 2381 3454 in
2413 3401 2809 3472 captivitatem
2841 3403 3070 3460 deduci.
3107 3409 3174 3462 Et
3203 3408 3376 3479 paulo
3407 3415 3542 3482 post
3575 3429 3588 3467 :

132 3495 247 3550 hoc
281 3491 782 3566 agitur.Expedit
811 3507 947 3564 ergo
976 3494 1040 3546 ut
1067 3490 1213 3546 tales
1253 3492 1324 3547 de
1355 3493 1577 3549 mundo
1621 3493 1692 3548 ad
1722 3491 1832 3548 hoc
1939 3488 2090 3544 Illud
2169 3531 2182 3543 .
2264 3531 2277 3543 .
2359 3532 2371 3543 .
2455 3531 2468 3544 .
2550 3532 2563 3545 .
2647 3531 2658 3543 .
2737 3506 2853 3561 quo
2885 3492 3155 3550 utimur:
3188 3497 3345 3567 quod
3396 3503 3592 3554 autem

131 3583 418 3639 officium
457 3578 1214 3652 eligantur,qui,sicutipse
1245 3580 1473 3650 ait,jam
1507 3581 1578 3636 de
1611 3581 1830 3636 mundo
1946 3619 1958 3632 .
2041 3618 2053 3632 .
2137 3616 2149 3629 .
2232 3619 2244 3631 .
2326 3618 2338 3632 .
2421 3619 2434 3632 .
2513 3594 2627 3634 non
2659 3578 2835 3634 habet
2886 3579 3279 3652 possessionis
3311 3583 3592 3655 fructum,

130 3689 252 3729 non
289 3671 449 3739 sint,
492 3673 555 3725 et
583 3669 910 3725 secundum
941 3684 1178 3724 carnem
1211 3685 1328 3724 non
1360 3669 1686 3725 ambulent.
1723 3668 1833 3733 Qui
1941 3667 2042 3724 sed
2076 3665 2352 3722 custodiaa
2384 3666 2920 3738 periculumJeaias
2942 3685 3176 3743 quoque
3198 3674 3598 3744 praevaricatio

128 3755 3600 3827 etiam...............nempopuli........ait:Omnes

132 3893 145 3906 .
229 3895 245 3908 .
339 3892 352 3904 .
452 3892 467 3905 .
563 3889 574 3902 .
657 3890 670 3903 .
752 3888 764 3902 .
848 3888 860 3901 .
942 3888 954 3901 .
1036 3890 1049 3902 .
1136 3890 1147 3901 .
1227 3848 1351 3903 ﬁeri
1373 3851 1599 3920 potest;
1631 3863 1833 3903 verum
1942 3845 2181 3916 diligunt
2200 3861 2453 3910 munera,
2483 3850 2790 3917 sequuntur
2820 3848 3208 3906 retributiones
3241 3852 3374 3923 (Isa.
3416 3871 3454 3921 1,
3483 3854 3598 3927 23).

126 3942 409 4012 princeps
443 3938 628 4008 hujus
656 3937 853 3992 mundi
880 3952 986 3992 non
1031 3939 1278 3992 inveniat
1325 3939 1624 4011 quidquam
1656 3937 1833 4009 (Joan.
1945 3934 2013 3990 Et
2042 3950 2248 3990 rursus
2277 3951 2295 3988 :
2347 3933 2433 3989 γω
2480 3936 2577 4004 qui
2614 3937 2933 4007 justiﬁcatis
2987 3939 3220 4009 impium
3263 3956 3365 4012 pro
3403 3957 3603 3997 mune-

127 4047 257 4097 vm,
313 4029 436 4094 13;
497 4028 662 4081 Rom.
713 4042 833 4080 VIII.
888 4027 959 4088 1;
1009 4026 1166 4081 Joan.
1216 4043 1318 4094 xu,
1358 4027 1470 4098 31).
1521 4025 1836 4099 Irreligiosi
1946 4023 2121 4091 ribus,
2154 4027 2210 4078 et
2250 4024 2530 4094 justitiam
2567 4024 2712 4094 justi
2756 4027 2989 4098 aufertis
3045 4029 3114 4082 ab
3164 4044 3224 4083 eo
3256 4031 3366 4098 (Isa
3399 4047 3451 4101 ν,
3483 4031 3598 4103 23).

130 4123 338 4174 tamen
379 4114 708 4189 principes
741 4113 862 4170 hinc
891 4114 1091 4170 omnia
1120 4115 1628 4187 parvipendentes,
1663 4131 1838 4171 suum
1948 4111 2174 4167 Etenim
2203 4110 2251 4166 si
2282 4110 2323 4164 ii
2354 4111 2455 4183 qui
2484 4110 2543 4166 in
2576 4112 2764 4168 stadio
2823 4118 3089 4181 currunt,
3140 4115 3220 4171 ita
3272 4117 3605 4174 referuntur

127 4205 596 4264 tantummodo
630 4203 688 4259 in
720 4203 812 4259 his
846 4208 1056 4276 parant
1085 4203 1395 4277 praevalere
1425 4205 1704 4260 edictum.
1739 4205 1842 4260 So-
1949 4199 2255 4272 praeceptis
2298 4200 2598 4256 informari
2643 4207 2817 4273 atque
2848 4203 3049 4270 intrui,
3101 4208 3167 4260 ut
3195 4206 3606 4279 unusquisque

129 4297 256 4353 lent
301 4297 511 4353 etiam
551 4293 878 4348 admodum
914 4293 1232 4365 indignari,
1265 4294 1313 4349 si
1343 4293 1431 4350 vel
1464 4295 1536 4350 ab
1567 4294 1699 4350 aliis
1732 4293 1843 4349 ali-
1952 4290 2244 4347 celeritate
2273 4306 2388 4345 non
2421 4290 2626 4347 fraude
2655 4293 3292 4366 contendat,cursuque
3314 4302 3605 4368 quantum

128 4386 270 4459 quis
304 4387 760 4458 cujuscunque
791 4382 983 4437 meriti
1005 4382 1102 4450 sit,
1137 4382 1448 4455 episcopus
1477 4381 1843 4456 eligatur,vel
1955 4384 2145 4452 potest
2165 4379 2234 4433 ad
2255 4377 2556 4435 victoriam
2576 4385 2846 4452 properet
2873 4399 2885 4436 :
2909 4381 3290 4453 supplantare
3311 4388 3508 4439 autem
3529 4384 3609 4439 al-

130 4478 179 4532 si
215 4493 251 4532 a
283 4493 354 4533 se
387 4475 646 4531 electus
676 4472 1082 4544 cujuscunque
1106 4472 1408 4544 pravitatis
1441 4473 1620 4539 sit,ab
1651 4471 1846 4544 aliquo
1954 4473 2281 4536 terum,aut
2311 4484 2488 4524 manu
2511 4468 2760 4539 dejicere
2784 4485 2901 4523 non
2958 4469 3152 4524 ausit:
3177 4475 3396 4542 quanto
3420 4472 3611 4545 magis

133 4566 543 4639 reprobetur.
585 4559 830 4616 Illorum
863 4577 1004 4616 sane
1053 4577 1201 4632 quos
1248 4559 1361 4632 ipsi
1412 4560 1638 4634 eligunt
1681 4562 1845 4632 vitia,
1957 4557 2017 4611 in
2049 4573 2227 4612 cursu
2257 4557 2386 4611 vitae
2415 4557 2589 4611 istius
2619 4555 2744 4611 sine
2767 4557 2972 4613 fraude
3003 4557 3330 4628 alterius,et
3357 4561 3612 4617 circum-

131 4654 432 4726 quamvis
470 4650 684 4707 multa
713 4654 770 4704 et
818 4664 1034 4722 magna
1082 4649 1220 4719 sint,
1269 4648 1430 4704 velut
1462 4650 1624 4706 nulla
1650 4656 1849 4706 tamen
1881 4668 1928 4734 D
1959 4645 2254 4718 spectione
2268 4644 2767 4734 repetendanobis
2788 4645 3614 4706 victoriaestJeremiasnam-

132 4748 551 4819 reputantur.
594 4739 858 4803 Quorum
892 4738 1132 4811 quidem
1165 4738 1225 4793 in
1273 4739 1703 4819 examinatione
1733 4756 1850 4796 non
1884 4733 1887 4734 ⁷
1961 4752 2076 4808 que
2109 4735 2190 4789 ait
2220 4750 2234 4788 :
2274 4735 2358 4790 Va?
2405 4733 2777 4790 habitantibus
2823 4739 3008 4803 terrae,
3041 4739 3300 4808 quoniam
3329 4756 3362 4794 a
3406 4741 3621 4797 minore

136 4817 416 4891 ch'aritas
455 4836 524 4888 et
563 4828 742 4893 ﬁdes,
774 4825 865 4882 vel
893 4845 1028 4900 spes
1058 4817 1460 4899 inquiruntur,
1485 4828 1586 4884 sed
1617 4828 1852 4895 divitiae,
1963 4839 2131 4895 usque
2152 4823 2222 4878 ad
2248 4825 2522 4895 majorem
2536 4824 2750 4881 student
2770 4828 3028 4882 avaritiae
3058 4827 3273 4899 (Jer.v1,
3309 4828 3492 4899 13).Et
3515 4829 3622 4886 ite-

135 4924 522 4992 affinitas,et
559 4917 923 4989 obsequium
957 4917 1423 4973 considerantur.
1457 4919 1590 4983 Quae
1622 4916 1856 4985 tria,vel
1968 4930 2098 4969 rum
2125 4929 2137 4968 :
2165 4912 2374 4967 Perdix:
2391 4915 2540 4984 fovet
2563 4930 2682 4984 quae
2701 4931 2810 4970 non
2829 4917 3037 4985 peperit
3053 4917 3324 4986 insipiens
3344 4917 3619 4986 (Jer.xvn,

136 5018 294 5087 quod
317 5007 1658 5088 potiusminusessevideatur,sidu0exhisin
1678 5023 1857 5064 unam
1971 5005 2080 5072 11).
2133 5002 2199 5057 Et
2251 5003 2389 5058 item
2451 5021 2464 5058 :
2517 5004 2598 5058 Vze
2650 5006 2745 5075 qui
2799 5006 3141 5076 eonjungitis
3182 5005 3403 5060 domum
3433 5006 3502 5060 ad
3524 5007 3620 5063 do-

137 5107 578 5176 eamdemque
628 5114 944 5170 personam
994 5102 1332 5153 convertant
1382 5099 1516 5169 (44),
1562 5097 1672 5153 hac
1729 5099 1857 5170 jam
1970 5110 2140 5162 mum,
2172 5100 2223 5148 et
2247 5109 2446 5162 agrum
2501 5092 2573 5148 ad
2601 5110 2797 5162 agrum
2829 5093 3098 5164 copulatis
3121 5110 3294 5164 usquv
3323 5092 3394 5150 ad
3426 5097 3620 5151 termi-

138 5213 343 5252 revera
370 5194 555 5248 inter
580 5185 881 5244 caelicolas
905 5187 1375 5258 computabitur;
1401 5192 1454 5242 et
1473 5204 1656 5242 unum
1680 5188 1856 5243 etiam
1969 5199 2103 5238 num
2135 5183 2260 5237 loci.
2290 5181 2550 5252 Nunquid
2578 5197 2668 5236 vos
2697 5183 2802 5237 soli
2833 5182 3158 5238 habitabilis
3186 5199 3350 5255 super
3377 5188 3584 5239 terram
3604 5187 3629 5238 .9

137 5301 202 5343 ex
233 5285 335 5342 his
373 5281 547 5340 satis
585 5275 869 5352 sufﬁcere
898 5275 1241 5341 credunt,ad
1270 5276 1619 5348 episcopalis
1640 5275 1864 5333 scilicet
1971 5274 2075 5328 Isa.
2104 5289 2159 5339 v,
2208 5271 2286 5338 8.)
2317 5270 2591 5325 Salomon
2622 5271 2838 5343 quippe
2899 5272 2980 5326 ait
3028 5287 3042 5327 :
3092 5271 3317 5327 Munera
3346 5273 3629 5330 abcaeeant

139 5376 450 5431 cathedrae
521 5364 920 5439 dignitatem.
965 5364 1076 5420 Sed
1139 5363 1278 5436 quid
1310 5364 1532 5420 talibus
1588 5365 1864 5437 loquatur
1971 5361 2133 5417 corda
2179 5361 2460 5432 potentum
2489 5357 2661 5428 (Eccl.
2711 5376 2800 5426 xr,
2835 5360 2943 5430 31).
2992 5359 3117 5416 Non
3148 5361 3304 5416 enim
3360 5361 3628 5418 divinum

141 5463 475 5530 Dominus,
536 5453 812 5515 sollicite
852 5458 1306 5526 perscrutemur.
1350 5452 1668 5510 Videamus
1702 5470 1861 5527 ergo,
1975 5448 2154 5504 simul
2186 5448 2622 5519 obsequium,et
2651 5448 3032 5521 pecuniarum
3064 5453 3255 5520 potest
3284 5449 3506 5522 acquiri
3536 5449 3630 5505 lu-

142 5551 534 5622 οδεη-ίεείωί,
597 5543 1118 5618 quemadmodum
1191 5541 1555 5600 amatoribus
1603 5541 1867 5616 pecunia
1974 5553 2161 5595 crum.
2215 5537 2285 5592 Et
2339 5535 2657 5596 Psalmista
2689 5555 2702 5596 :
2734 5538 2924 5595 Melius
2977 5536 3256 5595 modicum
3273 5540 3424 5613 justo
3451 5553 3625 5615 super

211 5736 331 5814 (44)
368 5726 778 5793 Convertunt.
812 5722 986 5796 Lego,
1015 5722 1363 5790 conveniant,
1397 5720 1533 5781 haec.
