3946 6406
159 380 229 439 73
537 353 549 363 ’
985 373 1089 433 DE
1132 369 1573 431 panssums
1620 367 2274 431 ECCLESIASTIGIS.
2311 400 2388 413 --
2419 369 2618 429 PARS
2665 369 2739 429 ιι.
3494 373 3573 431 74

160 529 269 573 non
300 513 495 585 potest
517 509 579 566 in
609 507 705 565 his
735 523 862 581 quae
892 506 964 563 ad
999 505 1205 562 faciem
1237 507 1378 560 sunt
1408 519 1588 575 prava
1619 501 1810 558 subri-
1839 502 1895 567 Α
1927 500 2018 556 dis
2062 500 2431 558 solummodo
2480 501 2928 558 retributionem
2988 470 3275 575 quaerunt,
3308 503 3349 559 ii
3399 503 3575 559 nimi-

150 599 531 676 .pere,callide
553 598 745 671 specie
768 596 935 670 quasi
959 595 1193 668 pietatis
1209 595 1424 665 injecta
1441 591 1650 648 nititur
1670 608 1809 662 sup-

160 696 442 764 ptantare,
474 688 802 759 suadetque
833 686 1079 741 forsitan
1112 684 1321 740 debere
1353 683 1425 738 ab
1457 679 1810 737 habentibus

159 780 358 853 accipi,
390 781 457 834 ut
487 778 539 835 si
581 776 739 848 quod
788 774 974 847 possit
1003 790 1119 828 non
1151 771 1506 828 habentibus
1557 768 1805 841 erogari,

159 868 474 926 dummodo
504 865 594 922 vel
627 866 713 922 sie
736 880 961 920 venena
987 861 1291 919 mortifera
1311 861 1692 931 eleemosynae
1725 874 1813 913 ce-

161 959 275 1017 lata
289 955 743 1015 obumbratione
760 953 1156 1009 transfundat.
1176 951 1378 1022 Neque
1395 950 1553 1006 enim
1573 948 1816 1004 eleemo-

160 1065 301 1122 syna
329 1044 659 1119 reputanda
679 1047 788 1109 est,
808 1042 858 1098 si
880 1040 1241 1114 pauperibus
1261 1039 1636 1110 dispensetur
1658 1036 1815 1109 quod

160 1155 225 1195 ex
253 1135 477 1193 illicitis
508 1135 681 1209 rebus
713 1130 1018 1203 accipitur,
1047 1130 1189 1202 quia
1218 1128 1321 1201 qui
1350 1128 1462 1183 hac
1491 1125 1816 1182 intentione

162 1226 309 1301 male
339 1223 577 1297 accipit,
604 1226 672 1278 ut
691 1220 862 1294 quasi
897 1221 1045 1276 bene
1068 1219 1389 1290 dispenset,
1411 1219 1686 1290 gravatur
1712 1231 1819 1286 po-

159 1316 274 1372 tius
296 1330 480 1387 quam
494 1313 755 1382 juvetur.
775 1308 1064 1375 Quoniam
1088 1307 1274 1378 liquet
1296 1322 1364 1361 ea
1386 1321 1517 1361 esse
1539 1307 1822 1376 perpetua

159 1421 223 1460 ac
275 1402 489 1470 solida,
522 1417 651 1472 quae
683 1415 820 1455 vera
873 1401 1030 1468 sunt,
1065 1399 1124 1452 et
1155 1412 1282 1468 quas
1341 1393 1567 1449 sincere
1626 1390 1820 1463 potius

158 1508 335 1566 quam
362 1490 499 1547 dolo
525 1490 977 1562 congregantur.
1003 1483 1389 1555 Eleemosyna
1412 1478 1820 1552 Redemptoris

157 1580 344 1638 nostri
378 1578 565 1637 oculis
617 1576 721 1633 illa
776 1576 984 1648 placet,
1020 1591 1145 1646 quae
1202 1589 1319 1627 non
1380 1571 1451 1626 de
1511 1568 1735 1624 illicitis
1766 1570 1824 1623 et

156 1671 470 1744 iniquitate
499 1666 853 1740 congeritur.
872 1664 1036 1719 Undc
1065 1662 1243 1718 etiam
1274 1659 1419 1715 illud
1453 1662 1678 1715 certum
1711 1660 1819 1723 est,

159 1759 300 1832 quia
347 1763 409 1815 et
451 1757 502 1814 si
552 1753 929 1824 monasteria,
981 1754 1083 1808 aut
1130 1747 1508 1817 xenodochia,
1540 1746 1629 1803 vel
1679 1744 1822 1817 quid

160 1848 319 1905 aliud
353 1849 752 1912 construatur,
787 1841 1039 1899 mercedi
1081 1857 1195 1896 non
1237 1838 1506 1911 proﬁcit”:
1542 1835 1822 1908 quoniam

160 1938 300 1994 dum
336 1951 649 2010 perversus
679 1936 909 2004 emptor
936 1929 1177 1986 honoris
1207 1928 1267 1984 in
1300 1927 1497 1991 locum
1527 1922 1827 1981 transmit-

162 2027 327 2095 titur,
361 2030 422 2082 et
451 2024 598 2081 alios
633 2023 704 2079 ad
736 2022 828 2078 sui
875 2018 1326 2077 similitudinem
1373 2016 1482 2071 sub
1533 2011 1827 2070 commodi

162 2116 447 2173 dilatione
476 2110 806 2178 constituit,
830 2109 1002 2183 plura
1030 2107 1183 2163 male
1200 2105 1528 2163 ordinando
1554 2100 1826 2171 destruit,

162 2222 343 2277 quam
377 2203 478 2259 ille
509 2206 703 2275 potest
722 2200 1031 2263 aadilicare,
1055 2196 1156 2269 qui
1187 2196 1260 2251 ab
1290 2210 1357 2251 eo
1388 2192 1700 2265 pecuniam
1725 2206 1829 2262 pro

162 2293 538 2351 ordinatione
564 2289 809 2361 accepit.
832 2288 913 2343 Ne
935 2303 1072 2358 ergo
1106 2284 1217 2341 sub
1248 2283 1491 2339 obtentu
1518 2279 1833 2350 eleemosy-

163 2400 251 2439 nae
278 2398 423 2438 cum
445 2382 685 2452 peccato
708 2375 932 2447 aliquid
957 2374 1305 2429 studeamus
1336 2369 1617 2439 accipere,
1641 2370 1837 2437 aperte

161 2489 335 2532 sacra
361 2469 675 2540 Scriptura
694 2481 801 2520 nos
823 2462 1114 2535 prohibet,
1138 2460 1338 2515 dicens
1363 2474 1377 2512 :
1408 2458 1611 2513 Hostiae
1644 2455 1838 2526 impio-

170 2578 304 2617 rum
337 2555 765 2618 abominabiles,
812 2566 937 2623 quae
965 2552 1272 2621 oﬂeruntur
1289 2563 1359 2602 ea:
1404 2546 1603 2600 scelere
1648 2543 1835 2614 (Prov.

163 2667 280 2719 xxi,
310 2647 436 2717 27).
460 2642 758 2714 Quidquid
790 2640 947 2695 enim
981 2638 1042 2693 in
1076 2637 1172 2691 Dei
1205 2634 1490 2690 sacrificio
1522 2650 1592 2688 ex
1621 2630 1839 2688 scelere

164 2738 441 2801 offertur,
468 2728 893 2803 omnipotentis
923 2726 1023 2782 Dei
1062 2742 1179 2781 non
1220 2721 1836 2795 placatliracundiam,

165 2828 268 2884 sed
299 2824 520 2881 irritat.
555 2821 700 2877 Hinc
746 2834 955 2874 rursus
998 2815 1285 2886 scriptum
1318 2816 1407 2868 est
1439 2829 1452 2869 :
1482 2813 1707 2867 Honora
1731 2810 1839 2864 Do-

165 2918 392 2973 minum
425 2913 493 2968 de
515 2912 628 2966 tuis
650 2910 820 2980 juslis
841 2904 1128 2962 laboribus
1149 2904 1338 2975 (Prov.
1364 2918 1451 2970 In,
1473 2901 1549 2973 9).
1575 2900 1682 2964 Qui
1704 2914 1841 2968 ergo

168 3004 322 3061 male
354 3000 535 3067 tollit,
565 3003 632 3054 ut
661 2996 831 3070 quasi
878 2996 1026 3051 bene
1057 2992 1334 3066 praebeat,
1369 2993 1599 3046 constat
1637 2984 1841 3060 procul

168 3093 351 3149 dubio
400 3089 558 3162 quod
608 3086 919 3142 Dominum
972 3099 1086 3138 non
1134 3081 1401 3136 honorat.
1425 3078 1575 3133 Hinc
1606 3089 1843 3148 quoque

1922 608 2053 646 rum
2088 592 2243 663 quod
2274 591 2458 662 gratis
2497 595 2868 663 acceperunt,
2899 593 3083 664 gratis
3114 610 3230 648 non
3276 593 3569 661 tribuunt,

1923 680 2061 750 quia
2093 680 2162 735 de
2191 679 2456 752 impenso
2489 678 2678 734 ofﬁcio
2711 680 3047 736 sanctitatis
3069 698 3381 737 nummum
3413 696 3578 752 expe-

1921 771 2055 822 tunt
2085 767 2317 823 favoris.
2352 768 2512 824 Unde
2542 769 2689 824 bene
2719 786 2853 824 cum
2876 770 3109 840 justum
3139 770 3333 825 virum
3365 768 3580 826 descri-

1924 857 2089 913 beret
2109 856 2394 929 propheta
2424 858 2542 913 ait:
2580 858 2685 926 Qui
2708 861 2914 913 excutit
2948 875 3150 933 manus
3179 875 3305 913 suas
3328 858 3396 914 ab
3427 859 3579 913 omni

1924 962 2155 1002 munere
2187 947 2338 1017 (lsai.
2376 960 2580 1017 xxxm,
2608 946 2717 1019 15).
2741 946 2941 1017 Neque
2969 946 3125 1002 enim
3157 946 3320 1014 dixit,
3345 946 3446 1018 qui
3477 961 3579 1001 ex-

1927 1035 2076 1091 cutit
2106 1051 2318 1090 manus
2349 1050 2490 1090 suas
2519 1052 2553 1089 a
2582 1050 2844 1101 munere,
2879 1035 2976 1091 sed
3007 1034 3277 1106 adjunxit
3302 1033 3377 1091 ab
3406 1036 3579 1101 omni,

1929 1123 2069 1196 quia
2123 1122 2284 1178 aliud
2343 1139 2565 1179 munus
2615 1122 2685 1178 ab
2744 1122 3047 1194 obsequio,
3081 1122 3232 1178 alius
3286 1140 3505 1179 munus
3548 1139 3583 1178 a

1930 1229 2134 1284 manu,
2158 1211 2317 1267 aliud
2376 1229 2595 1268 munus
2645 1230 2679 1268 a
2723 1211 2945 1283 lingua.
2984 1215 3197 1268 Munus
3245 1211 3461 1284 quippe
3509 1211 3583 1267 ah

1929 1301 2213 1374 obsequio
2243 1305 2333 1356 est
2364 1300 2652 1371 subjectio
2683 1300 2941 1357 indebite
2971 1300 3267 1372 impensa;
3301 1317 3521 1356 munus
3552 1316 3587 1355 a

1936 1407 2135 1456 manu,
2180 1388 2461 1462 pecunia;
2513 1404 2732 1443 munus
2762 1405 2795 1443 a
2825 1388 3047 1461 lingua,
3084 1389 3261 1443 favor.
3295 1387 3403 1454 Qui
3448 1404 3586 1461 ergo

1932 1495 2132 1534 sacros
2153 1477 2405 1534 honores
2426 1477 2656 1546 tribuit,
2672 1481 2814 1533 tunc
2839 1477 2910 1532 ab
2933 1476 3093 1532 omni
3113 1492 3356 1532 munere
3378 1492 3590 1533 manus

1933 1568 2172 1635 excutit,
2207 1567 2442 1639 quando
2473 1566 2532 1621 in
2564 1565 2779 1621 divinis
2803 1566 2978 1621 rebus
3009 1582 3124 1620 non
3148 1564 3341 1621 solum
3363 1563 3590 1621 nullam

1934 1656 2268 1728 pecuniam,
2293 1656 2394 1710 sed
2419 1654 2594 1711 etiam
2620 1654 2944 1710 humanam
2970 1653 3221 1727 gratiam
3252 1670 3369 1709 non
3397 1651 3592 1725 requi-

1935 1745 2031 1801 rit.
2061 1769 2082 1797 ι)
2108 1744 2272 1801 Unde
2301 1749 2358 1800 et
2385 1744 2597 1800 Joanni
2645 1743 2918 1816 episcopo
2950 1741 3384 1798 Corinthiorum
3433 1741 3591 1796 idem

1937 1829 2253 1903 Gregorius
2276 1834 2411 1903 post
2432 1830 2618 1886 multa
2637 1830 2902 1885 scribens
2926 1829 3008 1884 ait
3027 1828 3150 1901 (lib.
3176 1846 3252 1899 ιν,
3276 1830 3431 1900 epist.
3457 1828 3548 1901 55)
3575 1844 3588 1883 :

1938 1920 2221 1992 «Oportet
2247 1924 2310 1974 ut
2333 1935 2437 1975 nec
2456 1935 2559 1991 per
2575 1934 2699 1974 com
2710 1918 3177 1989 modum,neque
3198 1933 3299 1989 per
3320 1916 3593 1988 gratiam,

1939 2013 2042 2065 aut
2067 2008 2461 2080 quorumdam
2508 2006 3002 2079 supplicationem
3035 2005 3261 2077 aliquos
3293 2006 3365 2060 ad
3398 2020 3597 2060 sacros

1939 2097 2174 2154 ordines
2206 2096 2587 2153 consentiatis
2608 2095 2696 2151 vel
2723 2095 3077 2168 permittatis
3108 2094 3339 2150 adduci.
3362 2093 3511 2149 Nam
3540 2097 3598 2148 et

1941 2189 2268 2259 peccatum,
2292 2186 2449 2241 sicut
2479 2184 2757 2254 diximus,
2790 2201 2963 2256 grave
2992 2187 3101 2252 est,
3126 2186 3183 2238 et
3212 2182 3338 2238 sine
3369 2195 3597 2253 correp-

1942 2274 2102 2329 tione
2130 2272 2241 2327 hoc
2272 2289 2388 2326 non
2419 2273 2679 2343 patimur
2720 2288 3044 2327 remanere.
3075 2295 3097 2324 ι
3131 2272 3318 2336 Quare
3348 2268 3597 2325 nullate-

1944 2365 2117 2431 tenus
2154 2358 2338 2414 voluit
2368 2358 2703 2430 Gregorius.
2750 2400 2761 2413 .
2808 2400 2821 2412 .
2869 2401 2881 2413 .
2928 2401 2940 2413 .
2987 2399 3002 2415 .
3048 2402 3061 2414 .
3108 2402 3121 2413 .
3168 2402 3181 2415 .
3227 2400 3241 2414 .
3289 2399 3301 2413 .
3347 2399 3360 2413 .
3407 2398 3420 2413 .
3466 2399 3480 2412 .
3526 2398 3538 2411 .
3584 2398 3595 2411 .

1947 2451 2241 2520 Pr0pterea
2273 2464 2358 2503 vos
2389 2464 2494 2503 non
2543 2447 2791 2509 auditis;
2836 2450 2967 2517 quia
3021 2464 3091 2503 ex
3144 2450 3251 2504 Deo
3305 2462 3415 2503 non
3472 2447 3601 2502 estis

1948 2540 2132 2609 (Joan.
2158 2554 2240 2603 In,
2266 2537 2385 2605 117);
2411 2540 2468 2591 et
2498 2535 2637 2590 alibi
2664 2552 2676 2589 :
2703 2535 2764 2591 Si
2791 2537 2914 2605 quis
2939 2535 3131 2607 diligit
3161 2552 3265 2603 me,
3301 2550 3604 2591 sermonem

1948 2644 2131 2683 meum
2161 2626 2407 2681 servabit
2436 2626 2611 2696 (Joan.
2639 2641 2753 2690 xxv,
2776 2624 2891 2695 23).
2928 2624 2995 2679 Et
3032 2624 3345 2680 Psalmista
3375 2625 3445 2681 de
3478 2624 3601 2679 viro

1949 2716 2028 2787 inj
2040 2719 2171 2770 usto
2202 2715 2285 2770 ait
2318 2731 2330 2768 :
2363 2714 2553 2769 Noluit
2598 2713 2908 2782 intelligere
2936 2716 2995 2767 ut
3036 2713 3167 2768 bene
3212 2715 3397 2781 ageret
3426 2712 3600 2784 (Psal.
3636 2716 3641 2719 “

1948 2821 2118 2875 xxxv,
2143 2802 2216 2875 4).
2247 2801 2523 2870 Quamvis
2552 2802 2734 2875 igitur
2765 2801 2836 2856 ab
2867 2800 3110 2857 avaritia
3138 2800 3396 2873 pecunias
3427 2800 3486 2856 in
3518 2817 3606 2856 or-

1952 2893 2229 2949 dinandis
2259 2890 2552 2964 episcopis
2584 2888 3018 2963 aliquantulum
3050 2889 3091 2943 ii
3121 2889 3268 2945 tales
3297 2888 3607 2946 videantur

1953 2982 2366 3055 quoquomodo
2400 2997 2643 3036 manum
2667 2979 2980 3046 retrahere,
3003 2995 3119 3033 non
3151 2978 3281 3033 ideo
3313 2978 3385 3033 ad
3413 2976 3606 3049 legiti-

1955 3088 2112 3127 mam
2147 3070 2558 3126 liberalitatem
2589 3067 2988 3124 ecclesiastica
3018 3066 3221 3121 electio
3254 3065 3606 3137 pertinebit;

167 3198 271 3254 per
314 3151 693 3236 Salomonem
744 3174 958 3229 dicitur
992 3188 1004 3227 :
1041 3171 1147 3239 Qui
1194 3171 1350 3241 offert
1394 3167 1734 3237 sacriﬁcium
1780 3163 1846 3218 de
1874 3237 1913 3254 ﬂ
1955 3161 2056 3216 sed
2077 3151 3611 3229 autconsanguinitatisali'ectio,velamicorumdilec-

167 3237 488 3328 iubstanlia
514 3266 793 3338 pauperis,
817 3280 885 3320 ac
907 3264 958 3317 si
985 3237 1443 3328 vidimetﬁlium
1472 3257 1533 3310 in
1557 3257 1842 3326 conspectu
1870 3237 1915 3304 C
1952 3249 2172 3320 tio,seu
2196 3249 2371 3304 etiam
2394 3245 2774 3302 familiarium
2799 3242 3083 3315 obsequia
3102 3241 3519 3338 praevalebunt.
3541 3240 3612 3296 Et

168 3362 347 3434 patris
381 3329 576 3426 (Eccli.
601 3329 923 3424 nxx1v,2-’i).
945 3352 1209 3416 Quantus
1241 3352 1437 3403 autem
1470 3343 1635 3400 dolor
1655 3341 1842 3414 patris
1953 3338 2094 3410 quid
2120 3337 2359 3409 prodest
2381 3333 2974 3434 declinarealaqueo,
2992 3332 3041 3387 si
3065 3332 3368 3434 inﬁfoveam
3394 3329 3612 3434 incida-

179 3418 259 3505 sit
291 3418 812 3522 perpendamus,si
832 3418 894 3495 in
915 3440 1044 3511 ejus
1066 3441 1379 3508 conspectu
1406 3432 1562 3488 ﬁlius
1587 3430 1848 3486 victime-
1954 3426 2126 3482 mus?
2149 3427 2239 3480 Ait
2258 3426 2413 3522 enim
2440 3426 2645 3479 beatus
2666 3422 3091 3522 Hieronymus
3115 3419 3327 3522 Iilectio
3348 3418 3613 3518 sacerdo-

176 3506 555 3595 turfEthinc
583 3506 1445 3603 facilecognoscimusiquanto
1469 3526 1621 3577 Deus
1653 3518 1843 3574 omni-
1954 3519 2083 3569 tum
2115 3530 2230 3568 non
2256 3513 2383 3584 jam
2408 3513 2577 3583 juxta
2599 3510 2971 3581 sanguinem,
2996 3510 3095 3564 sed
3118 3510 3292 3603 juxta
3321 3506 3530 3603 merita
3558 3510 3615 3561 et

176 3593 388 3701 potens
436 3622 637 3680 dolore
668 3593 1069 3692 exasperatur,
1101 3613 1337 3687 quando
1388 3610 1439 3666 ei
1489 3607 1845 3665 sacriﬁcium
1954 3604 2201 3659 virtutes
2233 3601 2551 3699 deferenda
2584 3604 2691 3655 est.
2726 3599 2871 3654 Cum
3093 3595 3307 3701 aliquis
3339 3593 3613 3701 dignissi:

177 3681 246 3774 de
276 3681 496 3789 rapina
540 3681 838 3767 tribuitur.
874 3681 1065 3764 Nimis
1104 3681 1242 3776 ergo
1289 3698 1704 3756 declinandum
1737 3700 1843 3763 est,
1960 3710 2095 3748 mus
2118 3691 2393 3748 sacerdos
2415 3690 2512 3745 diu
2538 3688 2595 3743 in
2622 3688 2879 3743 Ecclesia
2897 3685 3180 3755 militans,
3204 3685 3275 3741 ab
3299 3681 3615 3755 episcopali

181 3772 564 3862 dilectissimi
582 3797 929 3865 fratres,sub
947 3772 1199 3852 obtentu
1211 3790 1591 3862 eleemosynaa
1616 3789 1852 3859 peccata
1958 3782 2239 3838 electione
2262 3779 2448 3851 ipsius
2472 3778 2565 3833 cui
2589 3775 3170 3843 servieratEcclesiae,
3194 3791 3227 3831 a
3249 3772 3616 3846 principibus

178 3893 522 3951 simoniacaz
580 3888 872 3944 haereseos
928 3887 1284 3957 perpetrare.
1336 3879 1483 3935 Nam
1540 3875 1701 3931 aliud
1760 3878 1848 3929 est

180 3990 425 4057 prOpter
456 3983 696 4054 peccata
739 3974 1144 4045 eleemosynas
1182 3971 1391 4035 facere,
1424 3966 1581 4024 aliud
1616 3966 1854 4038 peccata

180 4077 428 4146 propter
459 4069 868 4139 eleemosynas
900 4063 1285 4119 committere.
1313 4079 1341 4107 »

1960 3870 2329 3942 reprobatur,
2365 3866 2631 3938 nunquid
2675 3882 2791 3921 non
2841 3863 2942 3921 Dei
2993 3862 3147 3918 filius
3178 3861 3519 3934 deSpicitur,
3552 3862 3620 3914 ut

1960 3960 2105 4015 illud
2145 3976 2158 4014 :
2197 3959 2304 4028 Ego
2351 3956 2473 4011 dixi
2503 3975 2521 4009 :
2551 3955 2637 4010 dii
2679 3956 2828 4021 estis,
2874 3960 2925 4007 et
2974 3953 3083 4022 filii
3131 3950 3340 4006 excelsi
3385 3948 3621 4005 omnes?

1963 4048 2137 4121 (Psal.
2157 4045 2435 4116 Lxxx1,6.)
2452 4045 2592 4100 Cum
2617 4060 2751 4098 vero
2774 4041 3024 4111 alicujus
3047 4040 3301 4112 petentis
3323 4036 3479 4093 filius
3505 4037 3623 4091 im-

252 4125 532 4218 ilrze‘sunt
555 4125 818 4229 Gregorii
858 4149 1221 4210 sanctissimi
1247 4151 1305 4203 et
1334 4142 1661 4202 doctissimi
1693 4156 1855 4213 papa:
1965 4156 2070 4211 par
2093 4128 3059 4229 meritis,et‘injusteprfponitur,
3084 4126 3223 4229 quid
3256 4125 3624 4229 aliud-quam

186 4216 652 4323 prosimoniacis
666 4216 1441 4301 stillicitisordinationibus
1455 4231 1857 4289 saluberrimae
1968 4226 2263 4323 Barabbas
2295 4223 2549 4323 eligitur,
2575 4221 2677 4323 qui
2708 4219 2863 4323 fili-us.
2887 4216 3536 4323 patrislinterpretatutl",
3563 4216 3629 4270 ut

188 4307 657 4404 admonitiones;
692 4350 797 4390 nec
830 4329 1123 4403 acquievit
1150 4327 1389 4383 omnino
1416 4325 1597 4379 donec
1619 4319 1860 4377 collecta
1971 4316 2179 4372 merito
2223 4312 2453 4369 eveniat
2497 4311 2653 4383 quod
2688 4310 2975 4381 scriptum
3007 4311 3098 4362 est
3129 4322 3145 4361 :
3178 4307 3287 4376 Ego
3328 4308 3628 4404 Deus

190 4426 455 4503 generali
481 4391 706 4498 synodo
732 4423 855 4478 haec
878 4391 988 4477 sub
1011 4416 1382 4475 anathemate
1405 4414 1683 4468 damnata
1704 4407 1861 4480 peni-
1973 4407 2335 4476 omnipotms,
2370 4401 2602 4503 reddens
2649 4398 3011 4503 iniquitatem
3052 4398 3282 4503 patrum
3404 4391 3539 4461 ﬁliis
3567 4405 3631 4503 ac

192 4480 302 4575 is;
314 4480 668 4588 impetraret
691 4539 705 4581 ;
753 4512 855 4568 sed
889 4512 1086 4567 astuta
1131 4503 1488 4577 turpissima:
1521 4496 1864 4571 cupiditatis
1970 4484 3023 4588 nepotibus(E:r_od.xxxiv,7).Quidam
3051 4484 3245 4588 autem
3270 4480 3413 4536 adeo
3436 4480 3633 4588 mente

195 4566 487 4681 iniquit‘as
511 4621 625 4660 non
650 4566 938 4659 sufferens
971 4616 1033 4654 se
1065 4566 1391 4652 commodis
1419 4590 1554 4646 licet
1585 4585 1864 4659 turpissi-
1896 4604 1943 4668 Ι)
1975 4585 2033 4638 et
2064 4595 2305 4651 corpore
2336 4579 2719 4640 obcaecantur,
2756 4577 2819 4627 ut
2848 4572 3006 4643 ipsos
3038 4570 3212 4681 etiam
3255 4567 3527 4641 parvulos
3559 4566 3633 4622 ad

2091 4675 2100 4681 .
2218 4667 2232 4681 ι
2502 4678 2685 4681 νΑημηᾼ
2719 4678 2905 4681 ---μ-..-
2934 4676 3041 4681 ---μ
3112 4677 3143 4681 --
3193 4659 3335 4681 2ι-..ι
3369 4671 3633 4681 _---_._An

197 4659 335 4764 misl,
371 4696 493 4751 imo
532 4689 1074 4766 periculosissimis,
1109 4681 1432 4756 angustari,
1466 4681 1866 4734 commentum
1896 4659 1938 4668 ”
1979 4667 2330 4744 pastoralem
2352 4678 2913 4766 promovere‘curam
2934 4676 3047 4716 non
3068 4659 3513 4766 dubitent‘,quos
3531 4671 3637 4756 nec

201 4742 347 4842 satis
371 4742 762 4841 artificiosum
794 4776 1025 4851 reperit,
1051 4742 1167 4847 quo
1187 4742 1417 4828 scilicet
1440 4767 1573 4823 illos
1604 4764 1868 4821 sacerdo-
1979 4763 2176 4815 mente
2209 4771 2313 4810 nec
2351 4752 2888 4851 corpore-idoneos
2947 4766 3073 4805 esse
3129 4751 3375 4851 constet.
3410 4746 3519 4851 Etm
3535 4742 3637 4816 qui

205 4878 283 4936 tio
315 4874 694 4940 sublimaret,
727 4868 826 4941 qui
858 4834 970 4924 sibi
1013 4834 1146 4938 post
1176 4856 1671 4918 consecrationem
1705 4856 1869 4906 tanto
1984 4848 2187 4941 adhuc
2208 4861 2314 4899 nec
2348 4844 2477 4941 ipsa
2505 4842 2839 4941 rudimenta
2864 4839 3134 4941 humana:
3158 4840 3377 4891 naturae
3400 4834 3640 4941 suffece-

212 4921 602 5037 subjectiores
620 4921 1356 5024 essedebuissentauanto
1376 4964 1489 5002 non
1505 4941 1873 5013 divino,quin
1990 4938 2111 4993 rint
2133 4936 2376 4999 discere,
2396 4934 2501 4987 hos
2524 4932 2594 4986 ad
2625 4925 3273 5027 magisteriumclevare
3297 4940 3422 5023 non.
3437 4921 3639 5037 ferini-

214 5009 410 5129 poti'us
432 5053 697 5107 humano
711 5046 938 5118 judicio
963 5060 1024 5098 se
1047 5009 1228 5097 fuisse
1254 5040 1573 5110 promotos,
1601 5032 1712 5104 ipsi
1740 5046 1875 5101 pro-
1989 5028 2150 5093 dant,
2170 5024 2519 5120 judicesque
2551 5019 2916 5129 constituunt
2947 5014 3301 5129 apimarum,
3326 5011 3425 5129 qui
3447 5009 3642 5129 gdhuc

215 5101 924 5211 gul-dubioﬂreputarent.
949 5101 1313 5203 Quapropter
1334 5101 1756 5195 omnipotentis
1779 5118 1878 5173 Dei
1989 5115 2128 5189 quid
2165 5114 2364 5169 anima
2386 5112 2469 5211 sit
2500 5107 2824 5211 intelligere
2848 5104 3080 5211 penitus
3105 5105 3423 5211 neqjueijint.
3447 5101 3517 5199 iﬂt
3541 5101 3644 5211 qui

215 5250 402 5307 praeco
418 5187 740 5302 Gregortius
758 5225 817 5281 in
833 5187 1877 5294 Evangeliorumtraetatibus(hom.4.
1992 5205 2197 5259 docere
2226 5198 2829 5307 pepul‘umLinsta‘nter
2849 5194 3173 5307 debuerant
3198 5192 3269 5246 de
3291 5189 3524 5307 divinis,
3550 5187 3643 5243 do-

216 5279 579 5392 inwlivangi
612 5320 679 5372 ut
728 5313 953 5371 scilicet
990 5279 1365 5381 frequentius
1412 5302 1523 5376 legi
1555 5279 1666 5357 veli
1694 5296 1883 5355 audiri
1994 5293 2108 5349 ceri
2142 5293 2214 5347 de
2245 5287 2624 5345 saecularibus
2658 5284 2919 5392 etnetiam
2949 5279 3646 5392 vilibusiprmceptorum

221 5364 840 5486 potuisseilliisputat
888 5364 1162 5473 inquiens
1194 5413 1207 5451 :
1234 5418 1261 5446 ‹‹
1298 5394 1448 5451 Sunt
1484 5388 1752 5447 nonnulli
1783 5384 1885 5458 qui
1995 5379 2336 5477 verberibus
2372 5376 2680 5473 incipiunt.
2706 5373 2775 5486 Et
2792 5369 3111 5486 1quivere‘ri
3142 5369 3213 5423 ab
3237 5366 3521 5486 pinnibus
3547 5364 3648 5419 de-

223 5455 907 5577 q‘uidemw’num‘morum
967 5455 1206 5561 praemia
1246 5501 1316 5540 ex
1356 5479 1725 5538 ordinatione
1771 5455 1888 5531 non
1998 5466 2440 5537 buerant,ipsos
2458 5463 2631 5519 etiam
2649 5459 3029 5577 scholastipos
3049 5455 3433 5512 timent.Nam
3452 5468 3653 5577 quem-

1223 5572 1259 5577 _-
1566 5568 1581 5577 .
2054 5560 2067 5577 I
2100 5575 2127 5577 ,-
2154 5557 2316 5577 __‘-__.
2354 5552 2482 5577 Αἲξ...
2522 5550 2707 5577 -..κριιῖ
2744 5563 2928 5577 ,ιι-σηριςῖ
2961 5562 3019 5577 nn
3054 5562 3080 5577 η
3116 5558 3476 5577 “(sanan-nim
3522 5558 3565 5577 in
3600 5559 3653 5577 I-

226 5544 546 5665 accipiunt,
579 5590 638 5642 et
674 5588 875 5640 tamen
906 5544 1108 5637 sacros
1138 5572 1375 5632 ordines
1417 5587 1521 5644 per
1566 5568 1889 5624 humanam
2001 5557 2321 5665 admodum
2349 5552 2487 5609 olim
2521 5550 2709 5608 sancti
2744 5546 3021 5665 praesules
3035 5562 3086 5665 ἐι
3116 5544 3653 5665 paganorgr‘n‘r‘i‘ti-

1230 5663 1239 5665 _
1362 5660 1396 5665 -_
1449 5663 1456 5665 _
1616 5656 1631 5665 .
1765 5654 1777 5665 .
2001 5649 2015 5665 ι
2092 5663 2107 5665 μ
2145 5660 2266 5665 _-_-
2322 5646 2479 5665 -_l-_
2532 5637 2780 5665 :..:.-..:....
2831 5653 2858 5665 ,ι
2932 5650 3033 5665 πη..
3077 5649 3169 5665 mm
3204 5649 3230 5665 η
3314 5633 3373 5665 ὅ..
3465 5630 3535 5665 οἶ
3585 5643 3653 5665 m-

893 5629 1179 5743 atquewde
1229 5629 1498 5736 largitate
1529 5656 1733 5716 eadem
1763 5654 1890 5712 lau-
2001 5649 2113 5705 bus
2144 5643 2502 5713 recedentes,
2532 5637 2781 5714 injurias
2829 5640 2886 5695 et
2932 5632 3175 5692 verbera
3203 5632 3277 5689 ab
3314 5629 3656 5690 infidelibus

560 5807 824 5868 Ρλτηοι.
871 5792 1194 5868 CXXXIV.
1619 5855 1634 5866 ,

3302 5759 3339 5833 3
