3946 6402
352 400 430 457 ’ἳὸ

1371 390 1706 450 ATTONlS
1753 386 2338 449 VERCELLENCIS
2389 388 2739 447 EPISCOPI

3689 390 3767 447 76

353 527 519 585 illata
552 527 981 595 sustinuerunt,
1005 524 1089 579 sic
1114 526 1169 578 et
1198 522 1295 578 isti
1319 538 1523 577 rursus
1545 521 1745 576 eadem
1772 519 2004 591 patiun-
2032 522 2087 587 Α
2119 519 2393 574 mulacris
2425 521 2505 575 ait
2538 537 2549 573 :
2587 521 2806 574 Similes
2836 521 2951 573 illis
3003 522 3138 588 fiant
3188 523 3282 590 qui
3327 521 3547 592 faciunt
3593 536 3687 582 ea;
3717 530 3769 576 et

352 622 471 685 tur,
507 623 571 673 ut
599 631 962 689 paganorum
995 612 1213 684 regulis
1255 611 1484 683 possint
1528 608 1768 665 erudiri.
1804 610 1872 663 Et
1902 625 2005 662 nec

354 706 625 762 indoctos
658 704 882 760 elevare
911 704 1184 757 metuunt
1212 700 1283 754 ad
1316 698 1677 767 cathedram,
1710 701 1767 751 et
1800 713 2005 751 rursus

350 794 603 851 elevatos
642 792 966 864 disciplinae
1016 788 1463 861 philsophorum
1510 786 1855 841 submittere
1888 802 2003 839 non

352 883 693 938 formidant.

422 972 636 1027 Beatus
667 970 885 1041 quippe
902 965 1214 1037 Gregorius
1246 980 1451 1019 omnes
1485 964 1788 1035 pontiﬁces
1820 979 1854 1017 a
1882 962 2001 1016 lec-

347 1060 508 1116 tione
565 1058 848 1113 librorum
890 1053 1200 1127 gentilium
1260 1052 1612 1107 inhibebat:
1649 1056 2004 1123 quapropter

348 1147 643 1204 Desiderio
674 1144 991 1201 Galliarum
1039 1141 1312 1213 episcopo
1359 1141 1621 1197 scribens
1651 1140 1733 1195 ait
1762 1140 1883 1208 (lib.
1921 1157 2001 1206 1x,

343 1238 500 1308 epist.
533 1234 623 1305 48)
658 1252 672 1289 :
703 1256 730 1283 ‹‹
766 1232 1032 1287 Pervenit
1062 1231 1134 1286 ad
1170 1248 1276 1285 nos
1308 1230 1460 1302 quod
1496 1230 1623 1284 sine
1653 1228 2002 1283 verecundia

342 1338 670 1380 memorare
691 1338 810 1377 non
833 1336 1149 1392 possumus
1173 1318 1600 1373 fraternitatem
1626 1321 1790 1370 tuam
1814 1332 2003 1388 gram-

343 1413 619 1469 maticam
651 1408 1010 1482 quibusdam
1042 1423 1327 1478 exponere
1358 1424 1369 1460 :
1399 1422 1576 1477 quam
1612 1422 1728 1459 rem
1766 1405 1846 1459 ita
1880 1421 2001 1458 mo-

344 1501 491 1557 leste
539 1497 934 1570 suscepimus,
975 1513 1041 1551 ac
1091 1511 1300 1551 sumus
1350 1493 1750 1548 vehementius
1801 1508 1999 1563 asper-

345 1589 493 1660 nati,
524 1593 590 1643 ut
619 1604 686 1643 ea
716 1602 842 1658 quae
889 1586 1056 1657 prius
1087 1585 1156 1639 de
1188 1588 1244 1638 te
1274 1582 1441 1638 nobis
1486 1583 1637 1637 bona
1685 1581 1839 1635 dicta
1874 1581 1998 1634 fue-

347 1683 504 1748 rant,
536 1676 595 1732 in
628 1674 911 1749 gemitum
966 1677 1022 1728 et
1069 1671 1372 1729 tristitiam
1424 1675 1781 1727 verteremus
1815 1686 1827 1723 :
1862 1670 2000 1740 quia

344 1767 406 1823 in
438 1782 555 1822 uno
587 1782 649 1822 se
686 1780 786 1820 ore
830 1778 967 1819 eum
1011 1761 1176 1817 Jovis
1221 1759 1497 1815 laudibus
1528 1758 1743 1815 Christi
1795 1757 1999 1812 laudes

2113 625 2299 663 omnes
2326 613 2421 678 qui
2449 610 2720 677 conﬁdunt
2751 611 2807 661 in
2840 612 2918 663 eis
2945 609 3113 678 (Psal.
3139 626 3294 673 cxm,
3318 610 3393 679 8).
3418 610 3513 665 Ait
3544 610 3765 682 quippe

2114 698 2319 752 beatus
2363 698 2751 769 Hieronymus
2785 696 2846 768 (l.
2878 714 2932 751 vx
2964 698 3022 751 in
3052 701 3281 762 Jerem.,
3313 714 3361 751 c.
3399 698 3486 768 12)
3518 714 3533 753 :
3574 722 3595 747 ι
3635 698 3768 753 Ido-

2114 784 2236 840 lum
2283 786 2569 856 hodieque
2622 787 2877 857 ponitur,
2913 788 3148 857 quando
3194 803 3408 841 novum
3458 787 3677 860 dogma
3707 788 3767 842 in

2114 874 2368 929 Ecclesia
2397 876 2848 929 constituitur.»
2875 876 3024 929 Sane
3054 875 3149 929 hic
3173 876 3348 929 etiam
3381 875 3766 931 inserendum

2112 962 2411 1027 duximus,
2443 965 2595 1034 quod
2633 964 2689 1017 in
2722 964 3018 1019 Ezechiele
3064 964 3345 1035 propheta
3391 963 3606 1035 legisse
3636 980 3767 1019 me-

2113 1050 2396 1106 minimus
2422 1068 2433 1104 :
2459 1055 2525 1107 Et
2555 1056 2762 1121 factum
2782 1057 2860 1105 est
2895 1054 2951 1106 in
2982 1068 3125 1106 anno
3157 1054 3437 1121 trigesimo
3460 1053 3769 1107 Ezechielis

2108 1141 2386 1209 prephe/ae
2417 1158 2435 1193 :
2468 1140 2603 1193 Caeli
2631 1143 2810 1211 aperti
2838 1150 2965 1195 sunt
2993 1145 3042 1194 et
3074 1141 3210 1195 vidit
3246 1143 3479 1195 visiones
3509 1142 3767 1203 Domini;

2112 1237 2159 1281 et
2187 1236 2332 1297 facta
2357 1237 2433 1282 est
2457 1245 2621 1296 super
2643 1246 2766 1283 eum
2790 1230 2867 1283 ibi
2889 1246 3084 1283 manus
3114 1232 3333 1283 Domini
3360 1230 3591 1298 (Ezeeh.
3620 1248 3659 1299 ι,
3690 1231 3766 1300 1).

2112 1318 2270 1379 Quod
2320 1318 2524 1372 beatus
2558 1319 2871 1388 Gregorius
2925 1318 3423 1388 prudentissimus
3455 1320 3511 1373 in
3545 1319 3769 1375 divinis

2111 1406 2484 1475 dogmatibus
2517 1407 2847 1477 disputator
2884 1407 2965 1459 ita
2996 1408 3293 1477 disseruit,
3326 1407 3527 1461 dicens
3559 1406 3685 1477 (lib.
3720 1424 3765 1474 ι,

2108 1512 2271 1564 super
2302 1496 2512 1560 Ezech,
2546 1495 2750 1550 homil.
2782 1497 2876 1566 :3):
2910 1517 2930 1541 κ
2955 1497 3071 1550 Hoc
3105 1501 3296 1550 autem
3331 1497 3484 1567 quod
3520 1496 3763 1562 dicitur,

2110 1584 2249 1653 quia
2278 1584 2579 1655 trigesimo
2610 1601 2763 1639 anno
2795 1584 3068 1656 spiritum
3100 1584 3416 1655 prophetiae
3447 1585 3762 1657 acceperit,

2110 1671 2329 1726 indicat
2387 1672 2555 1727 nobis
2614 1672 2834 1744 aliquid
2903 1673 3425 1739 considerandum,
3485 1672 3764 1729 videlicet

2111 1759 2246 1830 quia
2268 1761 2435 1830 juxta
2466 1762 2707 1817 rationis
2731 1779 2903 1816 usum
2938 1762 3211 1816 doctrinae
3244 1778 3434 1816 sermo
3467 1778 3582 1816 non
3615 1778 3763 1832 sup-

341 1872 460 1912 non
517 1854 759 1926 capiunt
790 1868 804 1907 :
839 1856 897 1907 et
951 1866 1130 1922 quam
1190 1865 1363 1920 grave
1420 1848 1865 1917 nefandumque
1925 1847 1998 1901 sit
2027 1885 2075 1949 Β
2110 1848 2272 1920 petit,
2307 1850 2418 1905 nisi
2453 1850 2509 1903 in
2540 1855 2705 1905 aztate
2737 1852 3009 1922 perfecta.
3038 1850 3198 1905 Unde
3230 1858 3286 1905 et
3315 1851 3440 1914 ipse
3470 1850 3760 1905 Dominus

343 1942 647 2017 Episcopis
677 1956 902 2007 canere,
936 1938 1092 2011 quod
1143 1955 1247 1993 nec
1286 1938 1432 1993 laico
1482 1936 1753 2007 religioso
1785 1952 1989 1990 conve-

342 2034 469 2090 niat
498 2031 623 2104 ipse
671 2028 997 2085 considera.
1035 2050 1055 2077 ιι
1094 2028 1391 2098 [Legimus
1422 2043 1655 2098 quoque
1704 2026 1774 2079 de
1822 2026 1990 2079 beato

341 2123 727 2193 Hieronymo,
778 2115 1058 2189 quoniam
1117 2132 1249 2170 cum
1309 2115 1525 2169 librum
1578 2114 1795 2187 legeret
1836 2114 1990 2168 Cice-

341 2210 522 2280 ronis,
555 2208 627 2263 ab
658 2206 877 2279 Angelo
921 2208 1223 2275 correptus
1271 2203 1367 2273 sit,
1401 2204 1556 2274 quod
1590 2203 1676 2257 vir
1706 2202 1993 2257 Christia-

345 2301 495 2369 nus]
552 2311 917 2369 paganorum
976 2293 1303 2348 intenderet
1360 2292 1732 2363 [ﬁgmentis.]
1794 2292 1989 2345 Rudes

286 2428 304 2447 .
348 2386 541 2442 adhuc
572 2382 904 2439 scholastici
926 2396 1160 2453 operam
1185 2381 1326 2435 dant
1348 2380 1582 2445 studiis,
1607 2380 1825 2451 quibus
1855 2396 1989 2434 cum

345 2474 511 2531 nulla
538 2472 935 2543 suﬂragantur
968 2469 1193 2537 merita,
1217 2486 1248 2523 a
1274 2467 1399 2523 sola
1427 2468 1839 2525 tantummodo
1870 2484 1994 2521 cas-

342 2564 510 2620 titate
538 2561 888 2618 laudantur:
923 2562 979 2613 et
1009 2558 1300 2629 quomodo
1351 2556 1462 2611 dici
1518 2560 1715 2609 castus
1759 2555 1992 2627 poterit,

349 2651 451 2723 qui
479 2650 669 2707 adhuc
695 2648 986 2704 incentiva
1007 2646 1117 2717 (45)
1143 2645 1360 2701 sentire
1388 2661 1501 2700 non
1524 2643 1751 2699 valeat?
1782 2645 1992 2697 statui-

348 2746 447 2797 tur
467 2737 748 2812 puerulus
771 2737 827 2791 in
849 2735 1132 2799 medium,
1156 2734 1553 2803 interrogatur
1575 2731 1827 2803 populus
1854 2750 1994 2802 qua-

346 2830 423 2886 lis
449 2828 662 2899 sit,qui
683 2825 1044 2882 ordinandus
1067 2824 1165 2891 sit;
1192 2822 1285 2877 cui
1311 2826 1508 2877 tamen
1537 2819 1805 2893 perhibet
1836 2821 1993 2875 testi-

344 2918 612 2975 monium
644 2932 759 2971 non
789 2913 1008 2982 volens,
1040 2912 1139 2967 sed
1189 2911 1429 2965 invitus.
1455 2909 1601 2974 Quid
1634 2925 1991 2980 supervacue

346 3005 631 3079 quaeritur
661 3008 725 3059 ut
750 3002 1041 3068 laudetur,
1074 3016 1208 3055 cum
1241 2998 1313 3053 ab
1344 2997 1620 3053 omnibus
1649 2996 1875 3053 inutilis
1907 2999 1987 3055 vi-

345 3093 594 3151 deatur?
622 3092 770 3147 Vota
797 3089 1062 3147 omnium
1096 3088 1493 3159 inquiruntur,
1525 3103 1651 3158 quae
1679 3088 1853 3142 etiam
1887 3107 1985 3144 os-

343 3184 582 3240 tendere
612 3180 843 3252 publice
872 3182 1163 3244 metuunt,
1195 3193 1262 3231 ea
1290 3180 1484 3231 tamen
1516 3193 1645 3247 quae
1687 3178 1987 3245 proferunt

2108 1954 2258 1991 anno
2292 1938 2635 1993 duodecimo
2666 1938 2854 1993 (etatis
2892 1957 3011 1994 sua:
3045 1939 3100 1993 in
3136 1940 3324 1994 medio
3356 1940 3661 1994 doctorum
3696 1938 3759 1994 in

2099 2027 2315 2097 ttmplo
2348 2028 2709 2094 sedens,non
2741 2029 2953 2083 docens
2986 2028 3086 2082 sed
3122 2028 3485 2099 interrogans
3508 2029 3661 2098 (Luc.
3692 2045 3753 2094 ιι,

2102 2115 2188 2183 46)
2225 2115 2407 2170 voluit
2439 2117 2701 2172 inveniri.
2736 2117 2807 2171 Ut
2832 2118 2985 2171 enim
3024 2134 3135 2171 non
3169 2118 3451 2171 auderent
3483 2116 3757 2170 homines

2102 2202 2159 2255 in
2191 2202 2529 2257 inﬁrmitate
2554 2204 2881 2274 praedicare,
2902 2203 2995 2257 ille
3019 2220 3169 2258 anno
3192 2204 3539 2259 duodecimo
3562 2205 3756 2258 artatis

2101 2309 2218 2345 suae
2247 2293 2603 2362 interrogare
2634 2293 2902 2347 homines
2934 2298 3022 2347 est
3052 2294 3326 2364 dignatus
3355 2294 3411 2347 in
3444 2297 3623 2361 terra,
3648 2292 3752 2363 qui

2101 2397 2204 2450 per
2242 2381 2605 2437 divinitatem
2662 2398 2828 2435 suam
2892 2398 3123 2452 semper
3174 2381 3412 2451 angelos
3464 2382 3635 2436 docet
3691 2380 3751 2435 in

2102 2468 2265 2523 cmlo.
2290 2470 2435 2532 Quia
2464 2471 2618 2524 enim
2656 2471 2778 2540 ipse
2808 2475 2897 2525 est
2928 2471 3024 2525 Dei
3060 2470 3365 2541 sapientia,
3392 2471 3463 2524 de
3493 2468 3623 2540 ipso
3654 2487 3756 2525 an-

2103 2556 2215 2626 geli
2246 2556 2491 2611 videudo
2542 2559 2761 2622 vivunt,
2798 2558 2906 2612 hoc
2951 2560 3103 2629 quod
3166 2559 3465 2612 beatitudo
3511 2563 3750 2623 azterna,

2104 2644 2413 2699 satiantur.
2438 2646 2598 2709 Quod
2624 2646 2852 2716 Moyses
2885 2662 3117 2716 quoque
3150 2662 3251 2716 per
3280 2645 3569 2716 allegorias
3601 2663 3756 2717 mys-

2102 2733 2313 2787 terium
2365 2734 2659 2797 admonet,
2693 2734 2892 2788 dicens
2925 2750 2937 2787 :
2973 2735 3088 2789 Non
3128 2734 3319 2789 arabis
3367 2736 3423 2787 in
3470 2737 3751 2806 primoge-

2103 2824 2215 2875 nito
2272 2823 2418 2876 bovis
2476 2823 2652 2893 (Deut.
2695 2840 2829 2891 XXII,
2866 2823 2973 2893 10).
3026 2821 3487 2893 Primogenitum
3550 2828 3747 2878 autem

2098 2912 2264 2967 bovis
2322 2913 2667 2982 accipimus,
2698 2912 2755 2965 in
2813 2912 3047 2965 inﬁrma
3102 2916 3267 2965 aztrate
3326 2911 3499 2982 primi
3558 2913 3748 2967 nostri

2096 3002 2376 3072 temporis
2413 3001 2621 3055 bonam
2658 3002 3075 3072 Operationcm.
3112 3002 3171 3054 In
3205 3017 3321 3069 qua
3352 3005 3544 3055 tamen
3574 3018 3747 3056 aran-

2096 3092 2235 3145 dum
2284 3110 2396 3145 non
2428 3092 2689 3161 est,quia
2735 3107 2867 3144 cum
2918 3090 3107 3160 prima
3155 3089 3272 3144 sint
3318 3089 3745 3158 adolescentia,

2088 3180 2417 3250 juventutis
2449 3186 2657 3233 nostra:
2701 3185 2983 3250 tempora,
3017 3179 3186 3233 nobis
3236 3177 3427 3232 adhuc
3457 3195 3490 3233 a
3529 3179 3744 3249 praedi—

344 3275 506 3327 metu
536 3243 778 3337 extorta,
802 3271 858 3321 et
888 3265 998 3337 ipsi
1029 3265 1393 3335 inquirentes
1424 3282 1538 3319 non
1565 3266 1853 3320 ambiunt.
1887 3267 1983 3321 Ri-
2015 3243 2058 3309 (ἶ
2098 3271 2324 3323 catione
2381 3270 2730 3323 cessandum
2776 3272 2883 3335 est,
2920 3272 2982 3321 ut
3030 3282 3231 3321 vomer
3259 3266 3468 3337 lingua
3528 3271 3744 3322 nostra:

342 3360 484 3416 dent
512 3355 775 3431 plurimi,
799 3354 896 3411 alii
922 3354 1091 3427 quasi
1114 3354 1184 3408 de
1214 3353 1455 3413 infantis
1475 3353 1692 3409 honore
1722 3356 1985 3425 gauden-

339 3454 450 3516 tes,
483 3446 583 3502 alii
614 3451 810 3501 tamen
843 3444 1068 3499 clarum
1099 3447 1155 3498 et
1196 3443 1573 3497 manifestum
1624 3445 1980 3515 prmstigium

339 3537 692 3593 deridentes.
718 3536 846 3605 Ipse
875 3549 1109 3605 quoque
1149 3530 1424 3603 parvulus
1462 3532 1530 3587 de
1567 3532 1863 3603 aliquibus
1892 3534 1983 3589 in-

332 3629 665 3697 terrogatus
694 3622 989 3694 capitulis,
1015 3637 1142 3692 qua:
1175 3620 1223 3674 si
1264 3637 1587 3689 praeparare
1619 3623 1830 3689 poterit
1860 3638 1982 3676 me-

336 3715 580 3770 moriter
599 3711 822 3779 reddet,
847 3709 931 3764 vel
955 3709 1016 3763 in
1038 3707 1232 3779 aliquo
1260 3712 1514 3761 tremens
1542 3707 1691 3777 leget
1722 3708 1981 3778 pittacio,

333 3819 450 3858 non
481 3798 872 3872 episcOpalem
902 3797 1117 3851 timens
1158 3796 1397 3866 perdere
1427 3795 1697 3866 gratiam,
1724 3798 1821 3851 sed
1858 3815 1978 3852 ma-

330 3889 503 3963 gistri
535 3890 829 3944 incurrere
869 3885 1115 3956 virgam.
1151 3884 1276 3939 Non
1308 3884 1463 3939 enim
1497 3901 1622 3954 qua:
1656 3886 1858 3940 recitat
1890 3886 1979 3941 in-

328 3978 560 4052 telligit,
591 3977 762 4047 cujus
793 3992 897 4031 nec
928 3974 985 4029 id
1017 3973 1315 4029 corculum
1348 3973 1571 4028 discere
1604 3975 1839 4041 sufﬁcit,
1875 3977 1974 4031 sed

324 4068 501 4123 verba
528 4071 758 4122 tantum
792 4080 1130 4136 percurrere
1160 4062 1388 4134 qurerit.
1422 4064 1837 4135 Interrogatur,
1873 4067 1972 4121 sed

326 4156 485 4211 unde
514 4170 648 4211 eum
708 4153 930 4209 nescire
960 4152 1062 4223 qui
1094 4152 1456 4222 interrogant
1509 4169 1622 4206 non
1680 4154 1969 4221 dubitant,

322 4244 676 4315 respondere
735 4246 930 4296 tamen
990 4238 1196 4295 exinde
1250 4240 1660 4309 quoquomodo
1694 4240 1973 4297 didicisse

321 4331 645 4387 conﬁdunt.
670 4330 787 4386 Nec
818 4330 1101 4400 quaeritur
1130 4331 1194 4381 ut
1215 4343 1457 4381 sensum
1488 4331 1757 4397 exponat,
1783 4329 1881 4383 sed
1908 4335 1971 4384 ut

318 4421 495 4476 verba
520 4424 749 4475 tantum
782 4416 975 4488 aliquo
1026 4416 1197 4471 modo
1232 4420 1493 4487 promat;
1527 4432 1642 4469 non
1691 4416 1848 4470 enim
1879 4417 1966 4471 in-

318 4510 573 4580 quiritur
622 4512 689 4563 ut
731 4506 1117 4575 examinetur,
1164 4505 1265 4560 sed
1316 4504 1483 4575 quasi
1538 4508 1601 4557 ut
1650 4505 1967 4561 canonicus

2094 3357 2464 3427 proscindere
2487 3374 2601 3411 non
2634 3358 2846 3411 audeat
2872 3362 3085 3410 terram
3114 3355 3305 3409 cordis
3336 3354 3528 3410 alieni.
3557 3359 3747 3421 Quoa-

2094 3446 2319 3517 dusque
2351 3447 2563 3501 etenim
2606 3445 2825 3499 inﬁrmi
2857 3462 3085 3511 sumus,
3122 3446 3416 3499 continere
3449 3461 3554 3498 nos
3586 3445 3746 3500 intra

2092 3535 2485 3605 nosmetipsos
2517 3535 2821 3598 debemus,
2855 3550 2925 3588 ne
2966 3536 3102 3587 dum
3137 3538 3336 3588 tenera
3380 3534 3534 3588 bona
3562 3532 3744 3590 citius

2092 3624 2461 3678 ostendimus
2494 3640 2506 3677 :
2543 3622 2679 3692 quia
2722 3627 2777 3676 et
2821 3623 3059 3677 arbusta
3093 3622 3372 3693 plantata,
3406 3622 3453 3677 si
3488 3623 3653 3693 prius
3681 3623 3741 3678 in

2091 3716 2245 3765 terra
2277 3712 2535 3764 radicata
2568 3728 2678 3763 non
2714 3711 2948 3775 fuerint,
2983 3728 3160 3765 manu
3195 3716 3348 3765 tacta
3378 3710 3555 3765 citius
3588 3728 3745 3766 ares-

2091 3805 2257 3865 cunt;
2288 3804 2345 3853 at
2377 3799 2423 3852 si
2456 3799 2635 3853 semel
2665 3800 2915 3853 radicem
2944 3799 3196 3865 ﬁxerint,
3222 3817 3432 3854 manus
3463 3799 3654 3871 tangit
3683 3804 3743 3855 et

2090 3888 2235 3941 nihil
2260 3888 2458 3955 ofﬁcit,
2490 3888 2640 3943 venti
2668 3888 2995 3959 impellunt,
3024 3906 3125 3943 nec
3148 3893 3342 3943 tamen
3366 3887 3740 3959 impellentes

2088 3976 2326 4032 laedunt.
2389 3979 2456 4031 Et
2515 3978 2834 4031 constructi
2901 3977 3151 4048 parietes
3208 3977 3257 4031 si
3330 3976 3737 4047 impellantur,

2086 4073 2393 4133 eruuntur,
2426 4066 2537 4120 uisi
2582 4066 2745 4137 prius
2798 4067 3015 4120 fuerint
3057 4066 3128 4120 ab
3176 4065 3420 4121 humore
3468 4082 3575 4121 suo
3621 4065 3736 4121 sic-

2084 4154 2215 4208 cati.
2252 4156 2415 4208 Mens
2460 4154 2655 4224 itaque
2697 4171 3005 4225 quousque
3036 4155 3107 4209 ab
3136 4155 3381 4210 humore
3429 4155 3737 4226 pravitatis

2084 4259 2201 4296 sua:
2234 4243 2484 4311 perfecte
2527 4260 2637 4296 non
2689 4243 2864 4297 fuerit
2917 4244 3225 4313 exsiccata,
3258 4243 3458 4298 alienas
3516 4241 3733 4314 lingua:

2083 4346 2260 4384 manu
2293 4330 2453 4401 tangi
2489 4347 2601 4384 non
2636 4332 2826 4400 debet,
2861 4348 2930 4385 ne
2969 4330 3313 4402 priusquam
3347 4330 3515 4401 plene
3543 4332 3735 4403 perci-

2081 4418 2219 4489 piat,
2258 4419 2460 4489 perdat
2511 4418 2869 4474 soliditatem
2922 4437 3115 4485 suam,
3147 4437 3218 4475 ne
3266 4418 3525 4491 impulsa
3575 4424 3733 4489 ruat,

2080 4524 2150 4561 ne
2180 4508 2335 4561 velut
2368 4508 2674 4562 arbustum
2703 4509 2829 4563 sine
2863 4509 3181 4573 radicibus,
3210 4510 3348 4563 dum
3381 4507 3515 4580 plus
3547 4526 3731 4581 quam

316 4597 457 4651 ordo
489 4600 771 4661 servetur,
806 4600 863 4649 et
895 4599 959 4648 ut
1007 4593 1379 4648 mendacium
1427 4596 1485 4648 et
1533 4593 1693 4647 fraus
1718 4593 1967 4649 validior
1996 4607 2043 4670 D
2075 4596 2325 4651 tolerare
2379 4596 2550 4663 valet,
2614 4598 2964 4669 concutitur,
3025 4598 3262 4653 ﬂatibus
3333 4602 3579 4652 arescat.
3642 4600 3730 4654 Ad

315 4686 414 4753 sit,
449 4685 500 4739 si
546 4684 786 4739 veritate
836 4682 1240 4745 obumbratur,
1276 4685 1333 4735 et
1364 4698 1398 4735 a
1427 4682 1831 4753 compluribus
1865 4685 1959 4739 ﬁr-

315 4778 551 4830 metur:
588 4772 688 4827 sed
721 4770 854 4843 quis
888 4770 1121 4824 ﬁrmare
1150 4769 1363 4839 poterit
1409 4771 1563 4838 quod
1612 4771 1765 4826 Deus
1799 4772 1958 4826 inﬁr-

314 4863 477 4918 mat?
505 4861 651 4928 Quid
683 4859 839 4915 enim
872 4858 1062 4911 dicere
1093 4872 1407 4927 possumus
1438 4874 1570 4911 cum
1602 4860 1732 4913 talis
1766 4861 1821 4914 in
1856 4863 1955 4917 Ec-

310 4950 489 5006 clesia
509 4947 891 5021 praeponitur,
908 4946 1020 5001 nisi
1040 4945 1194 5016 quod
1217 4943 1439 4999 idolum
1465 4948 1795 5001 statuatur?
1817 4951 1958 5004 Ocu-

306 5038 396 5096 los
423 5039 580 5094 enim
611 5038 809 5099 habet,
844 5041 900 5090 et
930 5052 1045 5089 non
1075 5034 1249 5100 videt,
1282 5033 1434 5088 sicut
1468 5034 1749 5089 Dominus
1782 5038 1864 5091 ait
1897 5039 1953 5094 in

306 5125 613 5197 Evangelio
643 5142 655 5180 :
691 5125 885 5179 Simile
913 5124 1041 5179 illos
1071 5140 1090 5178 :
1120 5124 1249 5178 εεινεὶ
1277 5130 1404 5177 sunt
1429 5130 1479 5177 et
1510 5122 1668 5178 duces
1695 5142 1955 5181 eteeorum

310 5215 519 5287 (Matth.
551 5214 762 5283 xv,14).
796 5219 979 5267 Aures
1011 5211 1187 5266 habet
1217 5215 1272 5266 et
1303 5229 1416 5266 non
1449 5212 1634 5281 audit,
1669 5218 1731 5266 ut
1762 5213 1897 5267 alibi
1936 5232 1948 5269 :

308 5304 415 5372 Qui
444 5303 607 5356 habet
632 5317 793 5356 aures
823 5299 1111 5366 audiendi,
1141 5301 1338 5355 audiat
1366 5300 1579 5369 (Matth.
1603 5318 1679 5355 x1.
1716 5303 1822 5372 15).
1859 5305 1947 5371 Et,

313 5396 380 5445 ut
410 5391 481 5445 ad
514 5388 833 5460 discipulos
863 5405 875 5442 :
917 5388 1084 5444 Vestri
1115 5392 1306 5442 autem
1336 5390 1481 5443 beati
1511 5390 1674 5455 oculi,
1708 5394 1835 5460 quia
1869 5394 1946 5445 vi-

2073 4684 2401 4756 exemplum
2456 4702 2591 4757 ergo
2642 4704 2756 4739 non
2814 4691 2951 4740 sunt
3007 4686 3387 4753 ostendenda,
3420 4686 3536 4741 nisi
3594 4704 3729 4759 quas

2072 4774 2241 4828 firma
2272 4780 2427 4829 sunt.
2462 4775 2629 4828 Prius
2661 4775 2875 4828 etenim
2900 4776 3299 4830 convalescere
3330 4776 3502 4830 debet
3533 4793 3728 4845 mens,

2071 4869 2244 4932 atque
2288 4865 2357 4917 ad
2396 4862 2710 4917 utilitatem
2760 4866 3155 4934 proximorum
3211 4865 3583 4935 postmodum
3623 4867 3726 4921 de-

2070 4952 2400 5023 monstrari,
2434 4969 2564 5005 cum
2611 4954 2735 5021 jam
2773 4970 2875 5007 nec
2910 4970 3009 5024 per
3057 4954 3289 5008 laudem
3342 4953 3562 5008 elevata
3592 4972 3724 5010 eor-

2066 5046 2216 5107 ruat,
2248 5058 2350 5095 nec
2383 5058 2483 5111 per
2506 5041 2984 5111 vituperationem
3014 5060 3288 5113 percussa
3314 5042 3721 5099 contabescat.

2064 5127 2209 5183 Nam
2241 5134 2298 5183 et
2330 5129 2378 5183 si
2411 5128 2713 5183 Timotheo
2744 5130 2995 5185 dicitur:
3031 5134 3282 5201 Praecipe
3312 5132 3442 5198 ἠως,
3473 5140 3525 5186 et
3550 5134 3687 5187 doce
3702 5151 3723 5193 ,·

2062 5234 2218 5272 nemo
2251 5217 2675 5271 adolescentiam
2706 5228 2856 5273 tuam
2886 5225 3191 5275 contemnat
3224 5221 3270 5291 (l
3303 5222 3436 5274 Tim.
3471 5236 3549 5288 1v,
3585 5222 3719 5282 it):

2062 5307 2366 5361 sciendum
2400 5312 2487 5361 est
2532 5309 2687 5377 quod
2720 5308 2775 5362 in
2812 5326 2973 5363 sacro
3003 5310 3235 5380 eloquio
3284 5326 3721 5380 nonnunquam

2059 5394 2453 5450 adolescentia
2477 5395 2758 5465 juventus
2780 5405 3045 5464 vocatur;
3080 5399 3233 5453 unde
3265 5398 3552 5469 scriptum
3585 5405 3717 5455 est:

302 5479 530 5541 derunt;
559 5482 613 5532 et
657 5492 820 5532 aures
866 5484 1086 5546 vestrae,
1120 5478 1251 5547 quia
1296 5476 1533 5533 audiunt
1565 5479 1770 5549 (Matth.
1820 5498 1943 5551 x111,
2054 5485 2288 5553 Laetare,
2341 5486 2595 5556 juvenis,
2659 5489 2717 5541 in
2790 5488 3152 5542 (uiolesrentia
3206 5496 3298 5542 tua
3357 5487 3570 5559 (Ecctz.
3631 5506 3716 5561 x1,

298 5567 410 5639 16).
444 5565 551 5622 Ubi
581 5564 749 5621 valde
778 5564 1108 5621 timendum
1129 5570 1218 5622 est
1242 5567 1398 5637 quod
1426 5567 1739 5625 Psalmista
1768 5570 1838 5625 de
1865 5570 1944 5625 si-
2052 5575 2128 5644 9).
2164 5575 2423 5629 Profecto
2473 5575 2673 5647 igitur,
2724 5584 2787 5632 ut
2844 5577 3186 5633 ostendatur
3234 5578 3404 5651 cujus
3455 5578 3719 5636 auctori-

368 5674 481 5753 (45)
509 5673 802 5737 hiemum.
834 5671 925 5732 Sic
954 5672 1123 5731 edere
1150 5672 1343 5749 libuit,
1376 5678 1435 5732 at
1463 5675 1748 5738 Acherius
1779 5680 2062 5759 ediderat,
2096 5682 2395 5740 incentina.
