3946 6438
323 473 401 536 83
1346 479 1681 542 AT'I‘ONIS
1725 471 2310 538 VERCELLENSIS
2357 473 2713 535 EPISCOPI
3660 473 3741 534 84

325 610 424 667 cit.
464 632 486 662 ι
524 613 670 667 Item
701 608 885 685 (Idem
917 611 1083 683 ibid.,
1118 629 1244 687 cap.
1275 613 1364 681 46)
1399 629 1413 667 :
1448 636 1476 664 «
1498 612 1841 668 Sacerdotes
1864 626 1966 681 ρο·
1995 608 2050 676 Α
2079 606 2375 676 cogitatum
2408 609 2561 662 tuum
2607 607 2669 663 in
2726 605 2954 662 Domino
2982 612 3033 662 et
3090 604 3205 677 ipse
3262 603 3504 661 enutriet
3559 602 3740 674 (Psal.

324 699 598 771 pulcrum
626 699 937 773 iniquitate
994 702 1369 772 damnantur,
1421 702 1469 757 si
1529 718 1628 756 eos
1682 704 1785 756 aut
1812 699 1971 771 igno-

325 793 521 844 rantes
554 806 666 844 non
697 790 990 857 erudiant,
1024 796 1125 846 aut
1183 795 1488 863 peccantes
1522 807 1636 844 non
1699 790 1970 860 arguant.

330 878 603 933 Testante
634 878 880 934 Domino
933 881 1004 934 ad
1064 880 1407 951 prophetam
1444 897 1457 935 :
1492 878 1895 950 Speculatorem
1925 884 1975 931 te

328 966 453 1021 dedi
481 968 673 1021 domus
702 968 892 1022 Israel.
920 969 988 1022 Si
1008 984 1113 1022 non
1144 969 1323 1039 fueris
1384 969 1597 1023 locutus
1664 975 1719 1021 ut
1775 982 1831 1019 se
1876 981 1975 1019 cu-

328 1055 531 1110 stodiat
562 1056 772 1127 impius
800 1073 830 1110 a
853 1058 943 1111 via
972 1073 1094 1125 sua,
1129 1058 1224 1111 ille
1281 1060 1341 1111 in
1398 1058 1690 1127 iniquitate
1739 1070 1839 1109 sua
1867 1069 1976 1107 mo-

331 1147 508 1199 rietur
539 1165 558 1211 ;
588 1148 915 1214 sanguinem
946 1162 1071 1201 vero
1102 1147 1218 1216 ejus
1248 1148 1317 1201 de
1345 1162 1515 1201 manu
1570 1154 1662 1200 tua
1692 1144 1975 1213 requiram

329 1233 552 1301 (Ezech.
588 1250 787 1300 xxxm,
820 1235 897 1305 7).
936 1257 963 1284 »
1020 1239 1269 1306 Prosper
1298 1235 1438 1303 (sive
1492 1233 1713 1289 Julian.
1774 1232 1975 1286 Pome-

331 1321 474 1389 rius,
506 1322 547 1377 l.
579 1341 598 1378 1
627 1324 691 1377 de
742 1325 1081 1393 Contemplat
1114 1328 1228 1379 vita
1285 1341 1335 1378 c.
1396 1325 1486 1392 20)
1520 1341 1533 1377 :
1572 1345 1599 1371 ‹‹
1630 1321 1793 1386 Quod
1847 1335 1978 1373 vero

332 1411 476 1465 dicit
506 1410 843 1481 Apostolus,
877 1416 942 1466 ut
970 1429 1077 1466 nos
1131 1413 1380 1466 formam
1442 1411 1759 1465 debeamus
1821 1406 1979 1462 exhi-

336 1498 474 1553 bere
505 1498 778 1555 ﬁdelibus
810 1500 952 1570 quid
994 1499 1209 1554 valebit
1266 1500 1315 1554 si
1371 1499 1420 1554 is
1476 1499 1569 1554 cui
1627 1498 1712 1553 vel
1769 1496 1980 1552 exhor-

338 1586 500 1641 tandi
532 1588 736 1654 bonos,
770 1587 858 1643 vel
889 1588 1215 1660 castigandi
1249 1588 1433 1644 malos
1466 1605 1607 1643 cura
1666 1586 1985 1642 commissa

338 1678 446 1746 est,
481 1675 625 1731 bene
653 1675 896 1732 vivendo
956 1693 1017 1732 se
1070 1677 1425 1733 imitandum
1484 1676 1655 1731 bonis
1712 1692 1826 1730 non
1889 1690 1985 1729 ex-

338 1762 554 1832 hibeat,
613 1768 671 1819 et
727 1764 915 1821 malos
970 1767 1213 1821 tacendo
1271 1783 1387 1822 non
1447 1756 1654 1837 arguat
1693 1765 1719 1819 ‘t
1752 1786 1780 1814 »
1812 1763 1989 1819 Miror

338 1868 477 1923 ergo
508 1869 625 1924 qua
656 1852 815 1910 inani
845 1853 1202 1910 deludantur
1232 1854 1580 1918 intentione,
1639 1853 1737 1923 qui
1794 1852 1988 1908 Domi-

2081 712 2190 763 LIV,
2240 697 2355 767 23-)
2404 696 2472 751 Et
2524 696 2663 751 item
2698 714 2710 752 :
2743 697 3005 750 Dominus
3058 695 3159 750 scit
3214 696 3567 765 cogitationes
3631 694 3742 750 ho-

2092 786 2309 840 minum
2338 788 2598 855 quoniam
2645 800 2807 841 vana?
2860 792 2988 838 sunt
3044 783 3215 854 (Psal.
3282 801 3437 850 XCIII,
3503 784 3615 851 11).
3673 783 3747 837 Et

2086 872 2226 929 alibi
2262 891 2275 927 :
2308 875 2433 929 Nisi
2460 875 2719 929 Dominus
2750 874 3108 943 mdiﬁcaverit
3130 874 3380 939 domum,
3413 874 3473 927 in
3529 888 3746 926 vanum

2096 962 2478 1017 laboraverunt
2507 964 2604 1033 qui
2630 963 2909 1033 aediﬁcant
2938 979 3059 1018 eam
3116 962 3285 1032 (Psal.
3347 977 3533 1025 cxxvr,
3572 962 3645 1027 1).
3674 964 3749 1014 Et

2060 1051 2265 1106 'Isaias
2298 1051 2424 1107 ait:
2465 1054 2546 1107 Vze
2594 1052 2702 1121 ﬁlii
2755 1051 3076 1116 desertores,
3131 1051 3268 1106 dicit
3321 1051 3615 1105 Dominus.
3677 1055 3742 1104 ut

2084 1142 2337 1210 feceritis
2367 1142 2679 1211 consilium,
2711 1150 2763 1195 et
2791 1156 2898 1195 non
2926 1156 2997 1194 ex
3026 1156 3132 1205 me,
3194 1147 3251 1194 ut
3296 1143 3347 1194 et
3401 1139 3749 1194 ordiremini

2086 1230 2279 1295 telam,
2313 1236 2363 1283 et
2391 1246 2496 1283 non
2525 1246 2625 1300 per
2652 1232 2914 1300 spiritum
2944 1245 3130 1283 meum
3186 1229 3342 1299 (Isai.
3403 1245 3536 1293 xxx,
3570 1230 3645 1295 1).
3674 1227 3747 1281 Et

2089 1317 2301 1372 iterum
2335 1334 2348 1373 :
2381 1320 2584 1374 Fecisti
2614 1320 2825 1373 malum
2856 1320 2914 1371 in
2944 1318 3115 1372 oculis
3145 1320 3299 1384 meis,
3333 1326 3383 1371 et
3415 1332 3539 1389 quae
3587 1315 3752 1370 nolui

2090 1408 2329 1476 elegistis
2360 1410 2514 1475 (Isai.
2547 1424 2671 1473 va,
2704 1409 2810 1476 12).
2846 1408 2912 1461 Et
2934 1423 3141 1461 rursus
3176 1422 3188 1461 :
3222 1407 3339 1461 Non
3379 1407 3535 1460 enim
3594 1405 3748 1473 cogi-

2090 1498 2323 1551 tationes
2346 1496 2860 1564 mezr,cogitationes
2874 1498 3086 1560 vestrae,
3111 1510 3287 1565 neque
3322 1495 3432 1550 via?
3460 1508 3623 1563 mete,
3648 1494 3752 1548 vise

2090 1587 2310 1647 vestrae,
2342 1583 2475 1638 dicit
2504 1585 2764 1639 Dominus
2816 1584 2966 1653 (Isai.
3022 1601 3110 1648 1.x,
3170 1584 3247 1653 8).
3280 1583 3349 1637 Et
3404 1581 3542 1637 alibi
3581 1598 3594 1636 :
3629 1581 3751 1638 Non

2094 1672 2377 1727 mittebam
2405 1672 2714 1742 prophetas,
2748 1679 2802 1727 et
2832 1673 2942 1743 ipsi
2978 1671 3275 1727 currebant
3332 1671 3546 1741 (Jerem.
3580 1686 3747 1737 χχιιι,

2094 1761 2208 1832 21).
2241 1759 2562 1816 Hieremias
2632 1777 2866 1832 quoque
2924 1760 3005 1815 ait
3035 1776 3048 1815 :
3081 1759 3401 1815 Maledictus
3454 1759 3613 1813 homo
3646 1758 3750 1828 qui

2096 1850 2321 1918 conﬁdit
2349 1851 2409 1904 in
2439 1849 2677 1917 homine,
2712 1854 2761 1905 et
2788 1852 2943 1921 ponit
2970 1865 3198 1905 carnem
3256 1849 3543 1905 brachium
3574 1865 3746 1904 suum

340 1939 536 1995 nicam
570 1941 1057 2013 parvipendentes
1087 1959 1419 2013 censuram,
1446 1941 1885 2014 qualescunque
1917 1940 1988 1996 ad
2020 1972 2067 2036 Β
2101 1940 2316 2010 (Jerem.
2344 1955 2478 2005 xvn,
2511 1939 2590 2008 5).
2624 1940 2690 1993 Et
2721 1955 2735 1993 :
2779 1938 3105 1993 Benedictus
3162 1940 3248 1993 vir
3291 1938 3386 2009 qui
3431 1937 3660 2007 conﬁdit
3690 1938 3755 1993 in

348 2028 740 2100 episcopalem
774 2030 1114 2103 dignitatem
1148 2031 1359 2103 eligere
1403 2035 1692 2103 quaerunt,
1710 2047 1855 2101 quos
1874 2029 1987 2085 sibi

340 2116 530 2201 magis
561 2118 754 2186 utiles,
788 2136 967 2190 quam
998 2119 1265 2176 Ecclesiae
1299 2120 1637 2191 profuturos
1684 2118 1988 2190 suspican-

338 2206 455 2259 tur.
490 2205 654 2262 Uude
713 2223 863 2278 saape
918 2207 1146 2263 evenire
1206 2207 1371 2275 solet,
1432 2212 1496 2263 ut
1558 2223 1661 2262 nec
1720 2206 1987 2261 Ecclesiae

339 2308 649 2365 congruos,
681 2311 785 2350 nec
817 2295 928 2350 sibi
958 2297 1247 2366 proficuos
1279 2295 1536 2350 sentiant
1569 2311 1582 2348 :
1615 2299 1673 2348 et
1711 2295 1852 2347 dum
1885 2309 1987 2364 pro

342 2397 543 2436 amore
600 2381 862 2437 hominis
921 2388 1104 2437 Deum
1177 2384 1468 2438 offendere
1524 2399 1638 2437 non
1692 2384 1986 2454 metuunt,

353 2467 425 2522 ab
456 2468 606 2540 ipsis
635 2469 827 2524 solent
850 2470 1027 2525 etiam
1068 2472 1289 2542 perpeti
1319 2471 1620 2541 injuriam,
1679 2487 1795 2541 quo
1852 2486 1988 2523 con-

346 2559 439 2611 tra
466 2557 563 2613 Dei
596 2561 808 2614 nutum
837 2559 1163 2630 provehunt
1194 2559 1263 2614 ad
1293 2559 1629 2614 cathedram
1658 2576 1671 2626 ;
1698 2562 1761 2613 ut
1783 2558 1989 2613 merito

345 2659 407 2700 se
437 2662 631 2701 errare
662 2646 911 2713 doleant,
949 2647 1047 2718 qui
1079 2646 1177 2701 Dei
1220 2646 1499 2702 honorem
1560 2664 1666 2701 suo
1698 2663 1813 2701 non
1846 2663 1990 2718 pras-

342 2741 680 2806 posuerant.
742 2736 907 2791 Unde
963 2737 1172 2792 beatus
1205 2736 1548 2791 Ambrosius
1607 2737 1687 2791 ait
1742 2735 1866 2807 (lib.
1930 2753 1990 2790 IIl

344 2822 505 2895 Offic.
536 2841 585 2878 c.
624 2824 709 2895 16)
745 2842 758 2880 :
793 2847 820 2875 ‹‹
856 2825 982 2881 Non
1024 2829 1214 2895 potest
1268 2822 1493 2881 homini
1555 2825 1783 2880 amicus
1840 2841 1988 2891 esse,

344 2912 444 2982 qui
478 2912 593 2967 Deo
625 2913 802 2968 fuerit
828 2913 1067 2969 infidus.
1104 2936 1131 2961 ››
1163 2913 1220 2967 Si
1259 2914 1415 2968 enim
1475 2914 1799 2969 secundum
1862 2914 1993 2967 bea-

2102 2029 2355 2093 Domino,
2388 2032 2439 2082 et
2468 2029 2575 2082 erit
2603 2029 2865 2082 Dominus
2913 2028 3117 2097 ﬁducia
3175 2028 3291 2099 ejus
3346 2027 3536 2098 (Ibid.,
3569 2028 3650 2099 7).
3685 2028 3759 2082 Et

2096 2115 2238 2172 item
2271 2132 2285 2171 :
2318 2116 2460 2183 Scio,
2492 2118 2738 2184 Domine,
2767 2119 2896 2189 quia
2924 2133 3035 2172 non
3062 2122 3187 2172 sunt
3220 2116 3460 2173 hominis
3491 2118 3601 2174 viae
3623 2117 3746 2187 ejus

2096 2221 2196 2259 nec
2223 2206 2333 2259 viri
2362 2211 2440 2260 est
2456 2210 2519 2260 ut
2537 2206 2864 2272 ambulet,et
2894 2205 3111 2277 dirigat
3131 2200 3350 2277 gressus
3370 2222 3497 2261 suos
3529 2208 3753 2277 (Jerem.

2096 2310 2153 2360 x,
2185 2294 2299 2363 23).
2333 2294 2399 2347 Et
2430 2311 2636 2349 rursus
2670 2310 2682 2348 :
2715 2291 2871 2350 State
2898 2310 3065 2357 super
3119 2296 3237 2350 vias
3267 2304 3321 2351 et
3375 2295 3552 2351 videte
3583 2303 3636 2350 et
3665 2297 3756 2350 in-

2098 2390 2374 2451 terrogate
2403 2382 2469 2436 de
2495 2384 2708 2437 semitis
2744 2384 2990 2454 antiquis
3048 2400 3164 2455 quae
3193 2385 3266 2439 sit
3322 2384 3410 2438 via
3472 2383 3620 2438 bona
3652 2404 3673 2451 ;
3705 2387 3757 2439 et

2098 2470 2380 2525 ambulate
2410 2472 2469 2525 in
2500 2488 2564 2526 ea
2586 2475 2637 2526 et
2664 2474 2959 2528 invenietis
2991 2474 3345 2543 refrigerium
3397 2474 3623 2543 (Jerem,
3671 2490 3754 2538 v1,

2104 2559 2211 2627 16).
2231 2558 2479 2614 Maxime
2511 2560 2750 2631 quidem
2773 2560 3122 2616 temeritatis
3153 2566 3243 2616 est
3273 2562 3527 2633 gratiam
3560 2560 3755 2617 sancti

2099 2647 2353 2717 Spiritus
2382 2646 2603 2719 injuste
2634 2650 2858 2716 oﬂ'erre,
2900 2664 3077 2719 quam
3138 2649 3411 2704 novimus
3470 2650 3751 2705 eumdem

2101 2735 2371 2807 spiritum
2407 2736 2650 2791 minime
2680 2738 3048 2806 [conﬁrmare
3084 2762 3099 2803 ς
3134 2752 3238 2791 nec
3270 2754 3514 2793 securus
3558 2720 3757 2809 potest

2101 2840 2229 2879 esse
2259 2826 2329 2880 de
2359 2840 2621 2892 munere,
2655 2824 2756 2896 qui
2789 2824 3133 2896 hujusmodi
3181 2826 3442 2881 ofﬁcium
3501 2828 3757 2900 suscipit

2100 2912 3751 2985 indlgne]...............

344 3005 473 3055 tum
502 3001 872 3073 Apostolum,
907 3002 1047 3070 Quid
1072 3018 1307 3073 oremus,
1342 3007 1401 3056 ut
1457 3006 1665 3071 oportet
1718 3004 1993 3057 nescimus
2106 3043 2119 3056 .
2201 3044 2213 3057 .
2296 3043 2309 3056 .
2391 3044 2404 3057 .
2485 3045 2498 3057 .
2577 3006 2859 3073 tanquam
2884 3002 3213 3057 Aaron.Sed
3247 3018 3319 3057 ne
3344 3002 3562 3075 aliquis
3644 3045 3658 3057 .
3741 3045 3757 3059 .

347 3090 521 3160 (Rom.
555 3107 678 3159 vm,
709 3091 799 3162 26)
832 3092 1124 3162 quomodo
1157 3091 1305 3146 scire
1336 3108 1706 3163 possumus.
1787 3133 1799 3145 .
1882 3132 1893 3145 .
1975 3132 1989 3144 .
2106 3131 2118 3143 .
2202 3132 2215 3145 .
2297 3132 2310 3144 .
2391 3132 2405 3146 .
2488 3132 2500 3145 .
2580 3132 2594 3144 .
2676 3130 2691 3144 .
2771 3128 2783 3139 .
2866 3132 2879 3145 .
2962 3131 2973 3144 .
3057 3132 3068 3144 .
3148 3090 3274 3145 odis
3321 3090 3607 3147 Dominus
3647 3108 3762 3148 sua

2197 3178 2273 3235 )is
2304 3179 2594 3235 concessit
2623 3178 2960 3250 perquirere
2991 3179 3287 3235 mandata.
3313 3179 3755 3252 Interrogemus

349 3283 476 3339 qum
508 3268 1169 3335 evideant,itafuerunt
1245 3311 1257 3322 .
1339 3310 1353 3324 .
1434 3309 1446 3322 .
1530 3311 1542 3322 .
1624 3311 1637 3322 .
1719 3309 1731 3323 .
1811 3308 1826 3324 .
1909 3309 1921 3321 .
1978 3308 1990 3323 .
2038 3308 2122 3341 _.
2203 3308 2216 3321 .
2300 3309 2312 3322 .
2391 3308 2407 3323 .
2488 3309 2500 3321 .
2583 3309 2595 3321 .
2677 3308 2690 3321 .
2771 3309 2785 3322 .
2866 3309 2878 3321 .
2962 3308 2975 3321 .
3056 3308 3069 3321 .
3153 3310 3165 3321 .
3247 3272 3754 3341 .testamentum,

350 3397 365 3414 .
448 3399 461 3411 .
543 3399 556 3411 .
638 3398 651 3411 .
735 3399 748 3411 .
829 3400 841 3412 .
923 3398 936 3410 .
1018 3399 1030 3410 .
1113 3398 1127 3411 .
1206 3398 1219 3411 .
1303 3398 1314 3411 .
1397 3398 1409 3411 .
1488 3356 1536 3412 si
1564 3360 1773 3411 nostris
1807 3335 2285 3427 soliuscquam
2315 3354 2489 3411 etiam
2520 3359 2707 3438 etper
2739 3354 3579 3430 Evangelium,interrogemus
3611 3375 3747 3430 pro-

346 3463 497 3502 curaa
528 3445 1137 3501 committamus.Hinc
1171 3461 1298 3501 raro
1329 3446 1567 3501 omnino
1589 3444 1992 3516 eveniet,quod

345 3552 449 3607 pro
528 3578 541 3590 .
623 3577 635 3590 .
719 3577 731 3589 .
813 3576 825 3589 .
909 3577 920 3588 .
1002 3576 1014 3589 .
1098 3518 1145 3589 .’
1193 3578 1205 3589 ,
1288 3577 1299 3588 .
1382 3576 1394 3589 .
1472 3536 1731 3590 Primum
1770 3535 1994 3605 quarite

343 3640 580 3693 regnum
608 3625 714 3679 Dei
740 3632 791 3678 et
809 3625 1091 3695 justitiam
1120 3624 1238 3693 ejus
1269 3626 1317 3677 et
1351 3623 1466 3679 haec
1505 3625 1693 3678 omnia
1722 3623 1991 3692 adjicien-

338 3715 433 3767 tur
463 3712 613 3766 vobis
643 3711 850 3775 (Matth.
883 3728 961 3776 v1,
991 3711 1102 3780 33).
1135 3710 1193 3763 Si
1224 3710 1360 3780 quis
1405 3752 1418 3764 .
1502 3751 1514 3763 .
1596 3752 1609 3764 .
1695 3750 1707 3763 .
1789 3749 1801 3763 .
1881 3750 1893 3763 .
1978 3748 1992 3763 .

344 3799 461 3855 sari
490 3797 817 3866 tentaverit,
850 3802 915 3852 ut
963 3797 1073 3853 sibi
1132 3797 1440 3869 profutura
1484 3798 1708 3869 absque
1764 3796 1996 3867 justitia

346 3891 630 3959 quaerant,
664 3886 924 3957 seipsum
957 3886 1257 3941 destruere
1313 3926 1325 3939 .
1409 3927 1421 3940 .
1501 3928 1513 3942 .
1598 3927 1610 3940 .
1692 3929 1705 3941 .
1787 3929 1800 3943 .
1882 3930 1895 3942 .
1978 3929 1991 3941 .

348 3974 611 4031 stabilire
641 3974 872 4029 valebit.
905 3974 1000 4029 Ait
1028 3974 1185 4029 enim
1219 3974 1343 4045 ipse
1375 3974 1445 4029 de
1503 3974 1681 4030 divite
1739 3974 1995 4047 plurima

347 4064 457 4120 sibi
489 4063 548 4119 in
573 4063 770 4119 futuro
827 4063 1246 4135 promittente:
1279 4063 1474 4129 Stulte,
1532 4065 1635 4119 hac
1690 4070 1850 4120 nocte
1905 4081 1991 4120 re-

342 4156 528 4225 petent
552 4155 799 4207 animam
829 4162 1000 4216 tuam,
1032 4169 1153 4222 quae
1183 4162 1371 4207 autem
1398 4155 1626 4223 parasti
1653 4155 1808 4223 cujus
1833 4157 1995 4209 erunt

349 4242 498 4313 (Luc.
529 4258 632 4307 xu,
663 4241 775 4311 20.)
808 4240 877 4295 Et
908 4240 1046 4296 alibi
1082 4259 1094 4297 :
1133 4241 1323 4295 Omnis
1347 4241 1624 4311 plantatio
1671 4258 1836 4311 quam
1883 4259 1994 4298 non

345 4329 627 4402 plantavit
655 4332 824 4385 Pater
853 4346 1003 4384 meus
1032 4330 1283 4395 caelestis,
1334 4329 1715 4385 eradicabilur
1765 4330 1990 4401 (Matth.

346 4437 442 4487 xv,
476 4420 582 4491 13).
617 4420 687 4474 Et
717 4436 922 4474 rursus
960 4435 973 4475 :
1008 4420 1119 4488 Qui
1145 4436 1361 4473 mecum
1390 4436 1497 4473 non
1532 4427 1629 4486 est,
1689 4428 1879 4475 contra
1906 4437 1996 4476 me

342 4518 423 4565 est
452 4530 471 4575 ;
502 4518 554 4564 et
584 4511 685 4579 qui
712 4525 825 4564 non
854 4510 1065 4579 colligit
1096 4526 1325 4575 mecum,
1362 4510 1582 4581 spargit
1613 4510 1833 4579 (Matth.
1889 4527 1990 4577 xu,

344 4596 457 4667 30).
490 4597 561 4651 Et
588 4596 845 4652 Joannes
874 4598 1138 4669 Baptista
1171 4617 1183 4653 :
1216 4600 1385 4654 Nemo
1417 4603 1591 4669 potest
1618 4598 1848 4663 habere,
1879 4600 1995 4653 nisi

2104 3444 2331 3517 phetas,
2364 3444 2793 3517 interrogemus
2838 3444 3155 3518 apostolos,
3196 3445 3628 3518 interrogemus
3662 3464 3758 3503 sa-

2103 3551 2336 3589 crorum
2367 3550 2660 3589 canonum
2690 3532 2901 3605 edicta,
2936 3538 3111 3605 atque
3142 3539 3485 3590 caaterorum
3519 3541 3758 3591 sancto-

2103 3639 2235 3678 rum
2266 3626 2504 3677 Patrum
2537 3626 2777 3688 statuta,
2811 3627 2868 3677 et
2895 3624 3050 3693 quod
3101 3625 3174 3678 ab
3231 3624 3316 3679 eis
3368 3623 3755 3681 didicerimus

3051 3711 3379 3768 certissime
3417 3716 3752 3770 teneamus.

2104 3797 2293 3853 Nullis
2325 3798 2486 3853 novis
2518 3797 2777 3854 consiliis
2808 3799 3193 3871 decipiamur,
3227 3806 3293 3856 ut
3324 3817 3393 3856 ea
3450 3818 3578 3873 qua:
3638 3802 3757 3875 ipsi

2104 3893 2441 3955 sanxerunt,
2470 3886 2672 3943 violari
2706 3888 2899 3959 aliquo
2923 3890 3094 3944 modo
3126 3906 3407 3945 conemur
3439 3891 3755 3961 :quoniam

2109 3976 2209 4048 qui
2238 3976 2473 4032 illorum
2510 3977 2807 4032 contendit
2837 3976 3055 4049 regulis
3077 3978 3446 4050 impugnare,
3474 3984 3660 4034 restat
3694 3985 3762 4036 ut

2105 4083 2306 4121 eorum
2341 4082 2456 4120 non
2478 4070 2771 4121 mereatur
2799 4066 3160 4121 consortium
3185 4067 3567 4123 obtinere.Ait
3591 4069 3756 4124 enim

2103 4154 2229 4226 ipse
2260 4155 2564 4220 Dominus,
2600 4158 2665 4208 ut
2696 4154 2921 4209 dictum
2955 4159 3043 4210 est
3077 4171 3088 4208 :
3124 4158 3241 4226 Qui
3266 4172 3481 4210 mecum
3508 4172 3621 4211 non
3652 4166 3754 4229 est,

2102 4248 2291 4298 contra
2321 4260 2407 4298 me
2435 4247 2533 4309 est,
2565 4246 2616 4298 et
2644 4246 2742 4313 qui
2796 4260 2907 4298 non
2949 4242 3168 4315 colligit
3219 4247 3432 4315 spargit
3482 4246 3637 4315 (Luc.
3669 4263 3754 4316 x1,

2102 4332 2211 4404 23).
2248 4333 2314 4386 Et
2343 4332 2556 4386 iterum
2592 4349 2605 4387 :
2633 4333 2737 4400 Qui
2765 4348 2873 4388 non
2907 4334 3083 4388 intrat
3108 4348 3212 4403 per
3241 4337 3440 4389 ostium
3487 4336 3547 4389 in
3608 4336 3758 4391 ovile

2100 4421 2191 4476 sed
2222 4420 2446 4475 aliunde
2472 4421 2715 4475 ascendit
2746 4422 2842 4476 ille
2874 4423 2971 4491 fur
3000 4425 3075 4476 est
3105 4430 3155 4476 et
3186 4422 3324 4477 latro
3356 4424 3534 4490 (Joan.
3581 4440 3640 4493 χ,
3678 4426 3755 4492 1).

2106 4510 2263 4565 Unde
2293 4514 2349 4563 et
2381 4527 2513 4564 mox
2543 4510 2811 4580 sequitur
2840 4526 2854 4565 :
2885 4512 2995 4578 Ego
3022 4525 3144 4564 sum
3173 4512 3393 4579 ostium,
3424 4526 3528 4581 per
3578 4528 3665 4567 me
3706 4516 3760 4567 si

2104 4600 2226 4670 quis
2258 4599 2552 4653 intraverit
2576 4599 2880 4653 salvabitur
2909 4598 3091 4669 (Ibid,
3123 4599 3199 4669 9).
3247 4603 3315 4653 Et
3371 4605 3573 4655 contra
3602 4600 3763 4655 indi-

353 4684 499 4755 quod
527 4684 580 4737 ei
608 4684 783 4755 fuerit
839 4683 1026 4739 datum
1082 4686 1308 4754 desuper
1367 4688 1544 4757 (Joan.
1598 4705 1714 4753 χιχ,
1775 4688 1882 4759 11).
1931 4690 1997 4741 Et
2028 4698 2075 4762 D
2107 4703 2253 4758 gnos
2280 4692 2541 4757 pastores
2573 4688 2698 4758 ipse
2729 4704 2831 4759 per
2861 4687 3206 4758 prophetam
3231 4687 3753 4759 queritur,dicens:

348 4774 557 4827 beatus
593 4776 798 4828 Petrus
829 4771 1168 4843 apostolus:
1202 4774 1591 4829 Humiliamini
1647 4777 1746 4831 sub
1786 4778 1997 4847 potenti

346 4877 520 4916 manu
553 4861 653 4915 Dei
681 4863 855 4915 utvos
910 4861 1113 4915 exultet
1171 4861 1233 4915 in
1290 4866 1531 4932 tempore
1588 4864 1988 4921 tribulationis.

348 4950 576 5006 Omnem
609 4948 1046 5004 sollicitudinem
1075 4958 1315 5004 vestram
1342 4951 1690 5020 projicientcs
1747 4954 1807 5005 in
1845 4970 1990 5019 eum,

346 5040 607 5110 quoniam
636 5040 745 5109 ipsi
774 5054 905 5093 cura
935 5042 1016 5092 est
1044 5037 1109 5091 de
1141 5037 1287 5091 vobis
1318 5036 1365 5106 (I
1391 5038 1601 5104 Petr.v,
1633 5037 1710 5108 6).
1738 5038 1993 5096 Joannes

349 5142 583 5197 quoque
597 5126 953 5198 evangelista
966 5125 1244 5181 ait:0mne
1257 5125 1452 5179 datum.
1478 5126 1822 5195 oplimum,et
1837 5144 1994 5183 omne

346 5213 550 5267 donum
577 5216 872 5284 perfectum
905 5214 1188 5268 desursum
1217 5217 1320 5282 est,
1386 5212 1715 5268 descendens
1774 5233 1802 5267 ιι
1830 5219 1994 5284 patre

351 5301 631 5355 luminum
660 5302 794 5371 (Jac.
832 5320 873 5366 1,
907 5302 1013 5371 17).
1046 5301 1116 5355 Et
1172 5300 1428 5355 Jacobus
1477 5300 1781 5372 apostolus
1814 5319 1827 5357 :
1863 5304 1993 5358 Ecce

343 5405 493 5444 nunc
534 5391 629 5460 qui
656 5390 847 5445 dicitis
877 5406 896 5443 :
930 5390 1094 5444 hodie
1122 5397 1216 5443 aut
1245 5392 1487 5445 crastina
1517 5390 1721 5445 ibimus
1746 5392 1804 5445 in
1837 5391 1994 5446 illam

343 5481 618 5533 civitatem
657 5488 707 5533 et
752 5479 1024 5551 faciemus
1080 5479 1160 5532 ibi
1214 5495 1446 5548 annum,
1508 5484 1561 5535 et
1618 5480 1991 5535 mercabimur

342 5572 393 5621 et
423 5567 634 5621 lucrum
666 5571 949 5637 faciemus.
986 5572 1129 5639 ()uze
1162 5569 1309 5621 enim
1368 5570 1481 5622 vita
1538 5577 1714 5623 vestra
1744 5569 1771 5622 ?
1818 5572 1990 5640 νίψον

347 5661 421 5709 est
478 5656 549 5709 ml
618 5658 884 5711 modicum
940 5673 1228 5726 apparens,
1286 5657 1534 5727 deinceps
1592 5661 1983 5712 ceterminabi-

343 5754 436 5800 tur
484 5746 614 5815 (Jac.
674 5763 747 5815 ιν,
824 5747 930 5817 13).
1002 5746 1313 5801 Psalmista
1379 5764 1609 5818 quoque
1675 5748 1986 5803 aitzlacta

2103 4778 2220 4847 Ipsi
2246 4782 2630 4846 regmaverunt
2652 4779 2699 4829 et
2732 4791 2842 4829 non
2870 4790 2940 4829 ea:
2966 4791 3083 4837 me;
3111 4777 3391 4847 principes
3411 4779 3751 4833 exstiterunt

2102 4868 2151 4920 et
2181 4880 2291 4919 non
2322 4866 2552 4932 cognovi
2580 4864 2729 4934 (Osee
2759 4880 2881 4933 vui,
2917 4864 2990 4934 4).
3046 4863 3208 4919 Unde
3239 4863 3320 4919 ait
3377 4864 3583 4920 beatus
3615 4866 3761 4922 Gre-

2102 4953 2299 5024 gorius
2331 4954 2516 5024 (parte
2548 4970 2564 5005 1
2599 4952 2761 5007 Cum:
2786 4957 2952 5023 past,
2988 4968 3036 5008 c.
3078 4953 3129 5022 1)
3160 4969 3179 5012 ;
3213 4975 3240 5003 «
3274 4952 3350 5006 Ex
3381 4969 3442 5008 se
3475 4970 3758 5025 namque,

2102 5046 2154 5095 et
2191 5059 2302 5095 non
2336 5058 2402 5095 cx
2436 5039 2676 5094 arbitrio
2707 5040 2924 5094 summi
2958 5040 3198 5096 rectoris
3229 5042 3606 5113 regnant,qui
3630 5043 3763 5099 nul-

2102 5128 2174 5185 lis
2206 5129 2335 5185 fulti
2369 5128 3093 5200 virtutibus,nequaquam
3124 5129 3405 5186 divinitus
3434 5130 3762 5199 vocati,sed

2101 5235 2209 5273 sua
2239 5218 2465 5272 accensi
2497 5216 3033 5288 cupidine,culmen
3058 5218 3361 5289 regiminis
3391 5219 3630 5287 rapiunt
3651 5238 3765 5293 po-

2099 5306 2239 5373 tius,
2275 5322 2451 5376 quam
2484 5310 2902 5377 assequuntur.
2939 5328 2967 5355 »
3002 5306 3245 5362 Inutiles
3275 5323 3532 5378 namque
3559 5324 3761 5365 sacer-

2099 5397 2263 5450 dotes
2295 5395 2560 5450 internus
2589 5396 2771 5450 Judex
2803 5398 2859 5449 et
2890 5393 3250 5466 provehit,et
3279 5412 3395 5450 non
3428 5399 3757 5468 cognoscit,

2099 5483 2236 5555 quia
2263 5501 2410 5556 quos
2442 5483 2831 5555 permittendo
2864 5482 3355 5551 tolerat,profecto
3388 5484 3447 5539 in
3479 5485 3564 5540 eis
3586 5486 3759 5555 judi-

2098 5574 2252 5627 cium
2288 5572 2726 5643 approhationis
2757 5571 3178 5641 ignorat.Unde
3205 5573 3274 5626 ad
3306 5589 3366 5626 se
3388 5574 3755 5643 quibusdam

2097 5678 2199 5732 per
2231 5660 2509 5715 miracula
2538 5660 2903 5715 venientibus
2935 5659 3077 5714 dicit
3110 5676 3121 5714 :
3158 5662 3403 5716 Itecedite
3424 5664 3480 5715 at
3511 5678 3757 5735 me,ope-

2095 5752 2237 5804 rarii
2266 5750 2598 5819 iniquitatis,
2632 5751 2823 5805 nescio.
2872 5750 2965 5821 qui
3020 5752 3156 5804 estis
3213 5750 3438 5822 (Matth.
3498 5767 3600 5821 v11,
3630 5754 3751 5825 33).
