3946 6420
187 454 261 519 85
1017 461 1120 524 DE
1164 460 1605 527 PRESSURIS
1656 456 2305 524 ECCLESIASTICIS.
2340 491 2413 505 --
2445 457 2649 521 PARS
2690 456 2770 519 Il.
3537 452 3616 518 86

184 589 335 650 Sane
383 587 719 663 sciendum,
750 591 889 667 quia
920 598 1063 652 tunc
1115 593 1327 668 poterit
1374 591 1727 669 episcopalis
1755 610 1843 651 re-
1873 596 1931 663 Α
1960 595 2074 652 mei
2101 596 2162 651 in
2190 596 2399 653 cunctis
2429 593 2703 652 montibus
2731 596 2785 652 et
2814 591 2872 649 in
2903 589 3156 651 universo
3185 588 3329 650 colle
3354 590 3566 650 excelso
3592 607 3614 648 :

181 683 437 739 verentia
469 682 708 739 manere
736 684 965 741 sincera
1008 689 1066 741 et
1096 683 1340 752 illibata,
1375 685 1423 741 si
1454 683 1844 741 ordinationis

183 772 400 829 fuerint
430 774 824 845 competentia
853 776 912 830 in
943 776 1219 832 omnibus
1243 776 1383 846 jura
1414 778 1659 831 servata.
1693 774 1840 829 Nam

183 862 277 934 qui
303 862 573 935 diligenti
596 865 1024 921 examinatione
1043 864 1389 936 regulariter
1406 864 1579 919 fuerit
1600 863 1840 931 electus,

178 967 280 1024 pro
311 951 528 1008 Christi
578 952 981 1009 misericordia
1028 954 1344 1023 credimus,
1378 952 1519 1024 quia
1568 952 1693 1007 suis
1721 951 1840 1006 exi-

177 1040 471 1096 stentibus
500 1040 691 1113 culpis
716 1042 812 1097 vix
842 1058 1105 1114 unquam
1132 1042 1241 1097 erit
1263 1043 1541 1112 dejectus.
1566 1041 1677 1096 Sed
1701 1040 1841 1112 quia

173 1127 502 1202 irreligioso
554 1130 875 1203 eliguntur,
907 1131 1162 1187 inaniter
1209 1131 1579 1196 ordinantur,
1608 1130 1837 1185 indiffe-

173 1224 366 1274 renter
423 1225 800 1289 accusantur,
856 1220 1077 1292 injuste
1129 1220 1567 1291 opprimuntur,
1620 1220 1837 1290 perﬁde

170 1306 551 1376 dejiciuntur,
574 1308 886 1364 crudeliter
902 1310 1077 1364 etiam
1098 1309 1415 1381 aliquando
1447 1313 1505 1367 at
1528 1312 1832 1363 necantur.

169 1394 381 1451 Omnia
411 1400 606 1452 tamen
638 1414 766 1469 quas
790 1415 893 1469 pro
925 1397 1028 1453 tali
1058 1397 1261 1454 illicita
1292 1398 1660 1453 ordinatione
1684 1394 1836 1450 mala

168 1484 466 1554 eveniunt,
498 1484 571 1540 ad
602 1487 930 1543 ordinantis
962 1486 1252 1560 pertinere
1286 1486 1610 1558 periculum
1645 1484 1832 1539 mani-

166 1573 388 1629 testum
416 1580 524 1630 est.
553 1575 814 1648 Denique
840 1576 1044 1632 tandiu
1067 1576 1478 1648 inquirendus,
1503 1575 1590 1630 vel
1613 1574 1829 1629 exami-

166 1663 403 1718 nandus
432 1664 545 1737 (49)
560 1668 648 1721 est
679 1665 780 1737 qui
799 1666 869 1721 ad
904 1665 1297 1738 pontiﬁcalem
1321 1664 1677 1738 provehatur
1697 1679 1830 1735 gra-

161 1751 330 1822 tiam,
366 1753 632 1824 quandiu
653 1754 788 1811 talis
822 1755 1153 1811 inveniatur
1181 1754 1282 1827 qui
1315 1771 1416 1827 pro
1447 1753 1571 1809 suis
1603 1751 1829 1807 meritis

164 1840 342 1912 digne
373 1842 445 1897 ab
478 1844 754 1899 omnibus
800 1850 1128 1914 veneretur,
1161 1849 1220 1900 et
1270 1861 1304 1899 a
1352 1844 1588 1899 nemine
1608 1843 1735 1913 jam
1770 1841 1826 1896 in

159 1934 468 2001 posterum
516 1937 868 2004 accusetur;
896 1933 1241 2005 nullamque
1291 1934 1422 2005 ejus
1452 1936 1657 1988 sancta
1686 1948 1825 1987 con-

160 2019 416 2075 versatio
450 2023 684 2093 turpem
716 2021 874 2078 ultra
920 2022 1059 2077 oriri
1089 2022 1390 2095 permittat
1418 2021 1506 2077 vel
1540 2020 1827 2092 suspicio-

158 2122 314 2163 nem.
342 2110 435 2164 Ait
452 2109 609 2165 enim
628 2111 836 2167 beatus
859 2112 1226 2185 Augustinus
1252 2128 1264 2165 :
1291 2134 1318 2162 «
1339 2110 1446 2176 Qui
1472 2111 1777 2166 Pastorum
1801 2132 1821 2159 υ

158 2212 380 2253 nomen
434 2200 640 2255 audire
689 2200 892 2255 volunt
934 2243 947 2255 .
1002 2243 1013 2257 .
1054 2242 1067 2255 .
1119 2242 1132 2253 .
1177 2241 1189 2253 .
1236 2240 1247 2253 .
1296 2241 1308 2253 .
1356 2242 1367 2254 .
1414 2240 1426 2253 .
1471 2199 1619 2268 [Non
1660 2198 1831 2253 debet

157 2285 426 2341 ordinari
460 2288 561 2360 qui
591 2288 853 2361 legitime
882 2290 1070 2358 possit
1099 2288 1383 2343 accusari.
1408 2288 1468 2344 Si
1497 2304 1653 2357 vero,
1675 2292 1739 2340 ut
1769 2287 1828 2340 in

156 2373 382 2430 talibus
417 2377 573 2447 quod
607 2379 778 2448 pejus
800 2377 1029 2431 evenire
1059 2376 1231 2441 solet,
1253 2375 1400 2431 talsa
1429 2376 1501 2429 ab
1532 2374 1828 2446 aliquibus

152 2463 486 2535 vaniloquii
547 2465 926 2535 postmodum
977 2464 1251 2535 opinione
1300 2462 1634 2531 ventiletur,
1692 2462 1827 2535 ipsi]

154 2592 167 2605 .
212 2593 226 2607 .
277 2593 291 2606 .
345 2594 358 2607 .
410 2593 424 2605 .
471 2594 484 2607 .
531 2592 542 2605 .
590 2592 603 2606 .
651 2593 663 2606 .
710 2594 722 2606 .
770 2594 782 2607 .
828 2595 841 2604 .
885 2553 1125 2625 dignam
1178 2552 1509 2624 iniquitatis
1552 2569 1670 2607 sua;
1702 2570 1826 2623 pm-

151 2657 291 2697 nam
330 2639 653 2712 patiantur.
690 2641 770 2698 De
801 2641 900 2696 illo
932 2645 1129 2697 tamen
1162 2640 1245 2695 nil
1275 2641 1615 2696 indecorum
1649 2645 1825 2712 atque

152 2729 503 2801 [sinistrum
554 2728 670 2784 ullo
717 2731 890 2786 modo
932 2731 1056 2800 jam
1103 2729 1259 2785 ultra
1308 2730 1625 2801 credatur.]
1671 2730 1821 2793 Quo-

152 2819 328 2875 modo
362 2817 525 2873 enim
549 2816 730 2875 libere
761 2818 971 2890 poterit
991 2818 1302 2891 episcopus
1333 2818 1648 2874 stultorum
1669 2836 1823 2874 erro-

146 2923 237 2962 res
293 2907 676 2979 redarguere,
710 2908 759 2962 si
810 2923 872 2964 se
901 2907 1110 2964 timeat
1152 2950 1163 2962 .
1210 2951 1223 2963 .
1271 2948 1284 2963 .
1332 2951 1344 2963 .
1388 2951 1401 2963 .
1450 2951 1463 2963 .
1510 2951 1522 2963 .
1570 2950 1581 2962 .
1628 2952 1639 2964 .
1685 2950 1700 2964 .
1744 2951 1757 2963 .
1803 2952 1816 2963 .

149 3037 162 3049 .
206 3038 219 3050 .
266 3038 278 3052 .
328 3038 340 3051 .
390 3037 403 3050 .
454 3037 467 3051 .
511 2996 807 3068 impediri.
841 2997 1067 3052 Saniori
1112 3002 1469 3069 quapropter
1498 2997 1577 3052 uti
1612 3014 1819 3053 conve-

147 3085 232 3141 nit
262 3084 543 3153 consilio,
575 3089 633 3141 et
663 3085 747 3141 sic
770 3085 1189 3157 omnipotentis
1213 3090 1411 3142 secuta
1447 3104 1561 3141 non
1593 3092 1681 3141 est
1705 3088 1817 3159 (50)

144 3174 444 3243 voluntas,
479 3179 542 3230 ut
583 3175 634 3230 ei
689 3175 779 3246 pia
811 3175 1089 3246 Majestas
1119 3177 1141 3197 θ
1172 3181 1302 3230 acta
1350 3180 1555 3231 nostra
1602 3176 1821 3248 dirigat

153 3264 450 3321 universa.
487 3264 629 3335 Ejus
660 3264 711 3319 si
742 3265 852 3320 rite
884 3280 1274 3335 assequamur
1320 3265 1645 3332 servitium,
1680 3282 1815 3320 nos-

148 3355 246 3407 tra
277 3368 519 3425 quoque
538 3352 753 3410 salutis
782 3352 909 3425 ipse
933 3352 1190 3425 perficiet
1219 3358 1462 3410 statum.
1491 3358 1658 3409 Decet
1679 3371 1814 3427 ergo
1846 3338 1888 3404 C
1926 3338 1979 3412 et
2037 3357 2177 3430 quod
2216 3360 2425 3429 pingue
2476 3366 2528 3414 et
2554 3338 2791 3428 'fortius,
2840 3355 3140 3412 custodiam
3195 3372 3216 3410 :

149 3446 214 3497 ut
242 3459 347 3499 nec
390 3442 620 3513 indigni
675 3443 1043 3512 ordinentur,
1079 3460 1184 3497 nec
1232 3442 1481 3498 ordinati
1514 3448 1813 3498 vexentur.

149 3529 427 3603 Talisque
446 3532 561 3603 (51)
579 3531 963 3601 ordinandus,
980 3532 1219 3603 quijam
1244 3532 1302 3587 in
1329 3536 1675 3603 perpetuum
1699 3548 1815 3586 non

149 3618 224 3674 sit
268 3621 599 3686 vexandus,
634 3621 735 3675 sed
777 3637 912 3676 cum
961 3620 1185 3693 ingenti
1217 3620 1436 3676 honore
1483 3620 1812 3690 habendus,

148 3711 202 3762 et
230 3724 471 3764 summa
496 3708 804 3781 diligentia
833 3710 1255 3765 observandus.
1281 3709 1481 3765 Gratia
1496 3710 1813 3776 absit,cau-

145 3812 266 3852 sam
293 3797 515 3854 merita
554 3798 893 3854 decernant.
929 3798 1036 3863 Qui
1086 3799 1241 3854 enim
1274 3814 1450 3871 quem
1502 3798 1695 3871 diligit
1720 3799 1810 3853 in-

138 3884 558 3958 justeyiderit
607 3888 942 3959 praelatum,
975 3892 1116 3943 tunc
1152 3889 1278 3959 jam
1327 3887 1524 3960 lugeat
1574 3903 1813 3943 necesse

144 3980 227 4030 est
255 3980 318 4031 ut
345 3977 669 4048 dejectum.
703 3977 796 4031 Sic
827 3981 916 4032 est
960 3978 1117 4031 enim
1152 3976 1251 4048 qui
1282 3975 1523 4047 indigne
1554 3977 1809 4048 aliquem

148 4064 466 4121 sublimare
492 4065 918 4138 laborat,quasi
946 4066 1042 4137 qui
1067 4066 1137 4121 ad
1163 4064 1339 4121 altius
1352 4064 1642 4137 protrahit
1662 4083 1809 4137 prse—

148 4152 436 4224 cipitium,
493 4158 563 4210 ut
612 4154 748 4209 inde
803 4155 1060 4210 deterius
1109 4155 1505 4227 demergatur.
1542 4154 1706 4209 Unde
1753 4158 1811 4210 et

150 4244 424 4300 Dominus
476 4244 552 4313 ad
604 4243 961 4300 Ezechielem
1012 4244 1293 4315 loquitur,
1340 4244 1542 4299 dicens
1593 4244 1805 4313 (Ezech.

148 4347 329 4401 XXXIV,
361 4335 418 4406 2)
448 4351 461 4389 :
500 4334 615 4388 Fili
642 4334 878 4388 hominis
904 4335 1167 4405 propheta
1198 4334 1262 4388 de
1289 4334 1599 4405 pastoribus
1615 4334 1805 4403 Israel,

143 4422 401 4493 propheta
450 4432 505 4479 et
551 4425 699 4479 dices
742 4425 1061 4495 pastoribus
1111 4443 1129 4477 :
1190 4425 1314 4478 Haec
1359 4424 1496 4478 dicit
1544 4424 1809 4478 Dominus

149 4510 283 4566 Deus
313 4530 332 4567 :
370 4518 459 4569 Vae
488 4513 810 4585 pastoribus
839 4513 1010 4568 Israel
1031 4514 1129 4584 qui
1153 4512 1448 4583 pascebant
1470 4514 1804 4583 semetipsos.

147 4600 325 4659 Nonne
350 4619 543 4675 greges
586 4606 889 4673 pascuntur
934 4619 967 4657 a
991 4602 1304 4673 pastoribus
1323 4605 1348 4654 .9
1377 4601 1469 4656 lac
1495 4602 1807 4656 comedeba-

1956 690 2004 742 et
2031 702 2196 758 super
2244 702 2463 743 omnem
2505 688 2706 757 faciem
2762 694 2928 742 terra?
2973 684 3208 758 dispersi
3250 691 3382 741 sunt
3426 698 3612 740 omnes

1950 792 2137 848 greges
2183 778 2312 847 mei,
2355 784 2406 833 et
2451 793 2564 832 non
2607 779 2726 832 erat
2774 778 2874 850 qui
2923 777 3248 848 requireret,
3304 788 3416 828 non
3466 777 3606 842 erat,

1952 867 2199 938 inquam,
2231 866 2327 938 qui
2373 868 2698 937 requireret.
2748 868 3062 938 Propterea,
3106 867 3374 936 pastores,
3422 863 3611 920 audite

1912 961 1916 965 ’
1950 956 2176 1010 verbum
2206 956 2447 1012 Domini.
2482 958 2620 1011 Vivo
2648 971 2762 1027 ego,
2785 955 2919 1011 dicit
2938 955 3224 1021 Dominus,
3248 955 3386 1026 quia
3414 968 3516 1025 pro
3547 967 3608 1010 eo

1951 1045 2091 1115 quod
2119 1046 2256 1115 facti
2282 1050 2414 1101 sunt
2439 1061 2631 1116 greges
2675 1047 2786 1100 mei
2813 1046 2874 1099 in
2902 1046 3188 1117 rapinam,
3224 1046 3275 1100 et
3317 1058 3440 1098 oves
3468 1057 3609 1100 mea

1950 1136 2011 1188 in
2040 1134 2449 1190 devorationem
2469 1137 2718 1191 omnium
2741 1135 3045 1190 bestiarum
3070 1134 3216 1203 agri,
3246 1148 3309 1188 eo
3336 1132 3479 1203 quod
3496 1147 3609 1189 non

1948 1226 2083 1277 esset
2112 1232 2299 1294 pastor
2327 1241 2345 1278 :
2376 1239 2549 1294 neque
2572 1224 2723 1279 enim
2749 1222 3087 1294 quaesierunt
3111 1223 3359 1290 pastores
3386 1234 3605 1290 gregem

1945 1327 2129 1365 meum
2146 1329 2169 1373 ;
2196 1312 2289 1367 sed
2328 1312 2622 1382 pascebant
2669 1319 2912 1381 pastores
2952 1309 3285 1378 semetipsos,
3317 1310 3369 1362 et
3417 1322 3606 1378 greges

1942 1416 2090 1455 meos
2120 1416 2230 1454 non
2254 1400 2574 1471 pascebant.
2606 1400 2928 1471 Pr0pterea,
2964 1403 3226 1468 pastores,
3257 1395 3449 1450 audite
3474 1411 3602 1451 ver-

1945 1488 2073 1543 bum
2102 1470 2329 1546 Domini
2376 1507 2395 1545 :
2442 1490 2570 1546 Haec
2615 1470 2773 1561 dicit‘
2794 1487 3058 1541 Dominus
3109 1486 3248 1541 Deus
3275 1501 3294 1539 :
3324 1486 3457 1540 Ecce
3507 1500 3602 1556 ego

1944 1579 2061 1649 ipse
2088 1594 2255 1650 super
2279 1586 2529 1650 pastores
2557 1578 2839 1649 requiram
2868 1590 3091 1649 gregem
3117 1590 3303 1629 meum
3331 1572 3396 1628 de
3425 1589 3601 1628 manu

1940 1682 2153 1736 eorum,
2186 1675 2239 1723 et
2271 1683 2483 1723 cessare
2532 1682 2621 1723 eos
2665 1667 2894 1738 faciam,
2922 1671 2985 1720 ut
3027 1664 3174 1723 ultra
3219 1678 3331 1718 non
3372 1670 3601 1734 pascant

1938 1772 2179 1827 gregem,
2211 1772 2310 1811 nec
2333 1767 2568 1828 pascant
2593 1755 2833 1827 amplius
2876 1761 3120 1826 pastores
3148 1753 3465 1823 semetipsos
3493 1769 3515 1806 .’
3544 1754 3599 1807 et

1939 1845 2180 1900 liberabo
2209 1861 2429 1917 gregem
2456 1861 2641 1900 meum
2679 1844 2747 1899 de
2774 1860 2870 1898 ore
2897 1858 3108 1907 eorum,
3140 1845 3193 1896 et
3236 1856 3350 1895 non
3377 1841 3490 1896 erit
3519 1842 3599 1896 eis

1937 1934 2088 1989 ultra
2117 1936 2177 1989 in
2206 1950 2403 1990 escam.
2435 1935 2584 2005 Quia
2621 1934 2739 1990 haec
2765 1932 2904 1989 dicit
2951 1932 3212 1989 Dominus
3240 1932 3384 1986 Deus
3410 1948 3433 1984 .·
3463 1931 3598 1986 Ecce

1938 2040 2032 2095 ego
2063 2026 2179 2096 ipse
2224 2026 2506 2095 requiram
2551 2040 2670 2079 oves
2716 2039 2888 2090 meas,
2920 2025 2972 2077 et
3013 2021 3248 2077 visitabo
3293 2036 3408 2076 eas.
3441 2017 3594 2075 Sicut

1937 2114 2125 2168 visitat
2149 2118 2337 2185 pastor
2380 2128 2598 2183 gregem
2624 2128 2787 2167 suum
2816 2111 2878 2166 in
2922 2109 3030 2177 die,
3064 2108 3282 2181 quando
3324 2109 3497 2179 fuerit
3537 2109 3600 2165 in

1936 2203 2121 2258 medio
2148 2203 2338 2257 ovium
2368 2218 2600 2256 suarum
2629 2200 3024 2271 dissipatarum
3053 2215 3071 2252 :
3102 2200 3182 2253 sic
3210 2198 3442 2253 visitabo
3476 2212 3597 2253 oves

1938 2306 2112 2355 meas,
2144 2293 2197 2343 et
2227 2290 2468 2344 liberabo
2500 2305 2591 2343 eas
2617 2288 2685 2344 de
2729 2286 2988 2342 omnibus
3036 2287 3167 2341 locis
3197 2288 3259 2340 in
3288 2285 3484 2355 quibus
3512 2285 3598 2340 di-

1937 2392 2143 2447 spersae
2169 2379 2399 2447 fuerant
2439 2380 2500 2432 in
2528 2376 2617 2431 die
2660 2378 2824 2432 nubis
2850 2383 2903 2431 et
2944 2375 3222 2445 caliginis.
3259 2375 3322 2429 Et
3369 2373 3597 2429 educam

1938 2482 2030 2522 eas
2059 2466 2125 2521 de
2150 2468 2392 2538 populis,
2408 2471 2461 2523 et
2479 2465 2817 2536 congregabo
2838 2480 2929 2520 eas
2948 2464 3016 2519 de
3033 2465 3221 2531 terris,
3246 2473 3300 2519 et
3328 2464 3591 2519 inducam

1935 2572 2027 2612 eas
2056 2559 2115 2611 in
2168 2565 2376 2611 terram
2421 2572 2578 2611 suam
2623 2575 2642 2609 .·
2691 2563 2741 2610 et
2787 2570 3012 2625 pascam
3057 2569 3156 2610 eos
3203 2555 3264 2607 in
3311 2553 3592 2609 montibus

1935 2645 2125 2712 Israel,
2160 2646 2221 2700 in
2250 2645 2404 2713 rivis,
2435 2652 2487 2701 et
2515 2646 2576 2698 in
2604 2646 2821 2701 cunctis
2847 2642 3062 2700 sedibus
3089 2644 3347 2698 terraeJn
3366 2643 3593 2714 pascuis

1932 2735 2228 2790 uberrimis
2253 2751 2482 2807 pascam
2507 2750 2619 2800 eas,
2650 2736 2700 2790 et
2751 2736 2812 2788 in
2839 2732 3122 2788 montibus
3161 2732 3393 2788 excelsis
3421 2732 3593 2788 Israel

1930 2826 2056 2877 sunt
2085 2840 2292 2895 pascua
2318 2840 2512 2879 earum
2540 2841 2560 2878 :
2591 2823 2670 2877 ibi
2698 2824 3041 2893 requiescent
3082 2823 3142 2877 in
3190 2821 3372 2877 herbis
3402 2822 3587 2877 viven-

1929 2913 2094 2983 tibus,
2126 2921 2176 2968 et
2208 2914 2263 2967 in
2293 2915 2512 2985 pascuis
2537 2912 2840 2985 pinguibus
2862 2919 3163 2985 pascentur
3186 2925 3352 2983 super
3380 2920 3591 2967 montes

1930 3003 2125 3057 Israel.
2157 3002 2269 3073 Ego
2312 3018 2534 3073 pascam
2581 3017 2705 3057 oves
2749 3015 2920 3068 meas,
2952 3009 3004 3056 et
3031 3015 3133 3069 ego
3180 3015 3273 3056 eas
3321 2998 3591 3055 accubare

1926 3092 2166 3161 faciam,
2195 3090 2330 3145 dicit
2362 3091 2625 3146 Dominus
2652 3094 2815 3145 Deus.
2832 3088 2989 3157 Quod
3001 3088 3584 3159 perierat,requiram,

1929 3182 1979 3233 et
2009 3178 2153 3251 quod
2181 3180 2451 3250 abjectum
2483 3187 2623 3245 erat,
2648 3177 2907 3234 reducam
2935 3196 2954 3232 :
2984 3181 3039 3231 et
3066 3175 3213 3247 quod
3239 3177 3585 3247 confractum

1926 3269 2129 3339 fuerat,
2162 3269 2404 3337 alligabo
2424 3286 2442 3322 :
2473 3277 2525 3323 et
2550 3266 2690 3341 quod
2721 3268 3009 3338 inﬁrmum
3041 3264 3540 3335 erat,consolidabo
3565 3285 3587 3321 .-

3271 3362 3326 3413 et
3361 3369 3588 3427 pascam

1927 3447 2055 3501 illas
2086 3449 2148 3501 in
2167 3447 2402 3517 judicio.
2434 3445 2581 3509 Quid
2635 3461 2797 3517 rogo,
2828 3448 2918 3500 est
2947 3444 3122 3512 Deus,
3146 3448 3213 3500 ut
3257 3460 3326 3500 ea
3354 3460 3481 3516 qua
3510 3444 3584 3501 ad

1923 3534 2122 3606 ipsum
2142 3534 2470 3605 specialiter
2488 3533 2782 3605 pertinent
2798 3533 3017 3589 nostris
3033 3533 3360 3588 audeamus
3374 3532 3586 3589 usibus

1925 3628 2279 3695 retorquere,
2313 3628 2371 3678 et
2400 3639 2532 3694 qum
2565 3620 2691 3677 suis
2712 3621 2884 3693 jubet
2931 3621 3298 3677 committere
3328 3619 3583 3692 dilectis,

1923 3712 2143 3768 nostris
2162 3729 2231 3768 ne
2253 3711 2570 3767 timeamus
2591 3710 2850 3766 tribuere
2863 3709 3105 3766 asseclis
3125 3709 3152 3764 ?
3174 3709 3450 3781 Nunquid
3476 3727 3584 3767 nos

1922 3802 2141 3874 pariter
2172 3805 2228 3857 et
2258 3801 2420 3873 ipsos
2451 3817 2585 3856 cum
2618 3798 2867 3855 voluerit
2904 3798 3201 3871 perpetuis
3232 3798 3445 3870 poterit
3474 3798 3583 3856 im-

1922 3890 2141 3963 plicare
2171 3889 2411 3945 ruinis‘l
2440 3890 2564 3945 Non
2596 3888 2752 3945 enim
2775 3905 2902 3961 quze
2936 3888 3105 3945 nobis
3136 3887 3428 3945 delectant
3456 3887 3579 3945 hinc

1921 3995 2113 4051 agere,
2148 3979 2249 4034 sed
2281 3995 2408 4050 quae
2451 3995 2485 4033 a
2513 3978 2630 4035 Deo
2669 3978 2961 4049 jubentur
3006 3977 3300 4033 custodire
3329 3980 3577 4046 oportet.

1918 4067 2032 4122 Nec
2064 4068 2507 4124 consideremus
2539 4067 2693 4139 quod
2729 4066 2848 4121 sint
2868 4082 3096 4138 aspera,
3129 4066 3230 4122 sed
3263 4064 3458 4139 potius
3489 4066 3579 4123 in-

1919 4157 2233 4212 tendamus
2265 4156 2419 4227 quod
2443 4155 2681 4211 omnino
2712 4154 2833 4211 sint
2859 4153 3242 4211 observanda.
3270 4153 3417 4213 Nam
3443 4170 3579 4210 cum

1918 4245 2137 4301 diceret
2170 4246 2451 4301 Dominus
2489 4245 2560 4300 ad
2594 4244 2891 4311 Abraham
2927 4260 2941 4298 :
2977 4245 3085 4300 Exi
3109 4244 3182 4301 de
3212 4247 3365 4300 terra
3390 4248 3507 4316 tua,
3528 4252 3585 4301 et

1915 4334 1980 4389 de
2008 4336 2329 4404 cognatione
2359 4343 2453 4390 tua
2473 4351 2495 4397 ,·
2525 4337 2576 4390 et
2605 4333 2737 4389 vade
2785 4335 2847 4388 in
2873 4336 3082 4389 terram
3110 4350 3278 4405 quam
3306 4336 3578 4388 monstra-

1914 4439 2040 4478 vero
2069 4425 2176 4479 tibi
2205 4424 2417 4494 (Cenes.
2451 4440 2550 4494 χιι,
2586 4423 2657 4483 1).
2689 4421 2981 4478 Mulcebat
3010 4420 3305 4476 Abraham
3330 4436 3575 4477 suorum

1916 4513 2198 4579 suavitas,
2232 4514 2331 4567 sed
2396 4511 2628 4583 imperii
2681 4508 2953 4574 ccelestis,
2986 4513 3045 4563 et
3087 4508 3580 4566 remunerationis

1915 4605 2142 4656 aeternae
2174 4599 2566 4655 consideratio
2583 4613 2718 4652 eum
2750 4595 3006 4669 amplius
3028 4597 3299 4653 movebat
3323 4615 3337 4654 :
3360 4597 3577 4656 immu-

146 4691 228 4753 tis,
257 4700 308 4747 et
341 4694 495 4747 lanis
523 4691 946 4763 operiebamini,
980 4700 1033 4747 et
1063 4694 1205 4761 quod
1226 4705 1481 4744 crassum
1509 4694 1631 4745 erat
1661 4694 1805 4745 occi-
1839 4712 1885 4775 Β
1917 4690 2029 4745 tari
2062 4693 2417 4761 quapropter
2436 4686 2496 4741 in
2528 4685 2740 4743 melius
2758 4685 2944 4743 malas
2976 4687 3577 4745 convenit'consuetu-

150 4778 353 4837 debetis
371 4798 394 4844 ,·
411 4797 635 4853 gregem
661 4789 844 4836 autem
864 4795 976 4836 non
993 4780 1320 4852 pascebatis.
1344 4778 1503 4848 Quod
1525 4779 1810 4847 inﬁrmum

150 4868 341 4939 fuerat,
374 4886 492 4928 non
536 4869 938 4936 consolidastis,
968 4874 1020 4925 et
1067 4868 1208 4941 quod
1257 4878 1545 4939 (egrotum,
1577 4885 1692 4923 non
1718 4885 1807 4924 sa-

154 4960 360 5021 nastis;
406 4959 553 5032 quod
602 4961 842 5029 fractum
887 4963 989 5026 est,
1038 4975 1148 5014 non
1196 4958 1510 5027 alligastis;
1562 4961 1612 5012 et
1669 4956 1808 5028 quod

156 5046 418 5114 abiectum
476 5056 580 5115 est,
630 5065 742 5103 non
806 5048 1106 5107 reduxistis
1152 5066 1170 5101 :
1221 5047 1359 5119 quod
1400 5048 1646 5119 perierat
1696 5062 1806 5102 non

154 5140 440 5208 quaesistis,
472 5139 569 5195 sed
598 5154 726 5193 cum
755 5140 1078 5194 austeritate
1106 5137 1461 5209 imperabatis
1484 5139 1583 5203 eis,
1603 5141 1654 5191 et
1680 5152 1806 5191 cum

150 5230 425 5296 potentia;
457 5233 512 5284 et
559 5227 827 5300 dispersa:
871 5232 1001 5283 sunt
1049 5242 1169 5282 oves
1221 5242 1379 5292 meae,
1413 5242 1477 5282 eo
1506 5226 1646 5297 quod
1694 5243 1806 5283 non

154 5322 271 5372 esset
297 5323 513 5390 pastor,
547 5320 601 5372 et
638 5318 800 5388 factae
828 5323 958 5370 sunt
1007 5318 1069 5370 in
1115 5315 1527 5371 devorationem
1556 5317 1804 5370 omnium

161 5405 444 5465 bestiarum
471 5406 631 5476 agri,
661 5410 714 5461 et
756 5405 1018 5478 dispersae
1046 5414 1194 5461 sunt.
1224 5406 1571 5461 Erraverunt
1618 5420 1805 5475 greges

220 5549 323 5628 git!)
363 5547 805 5628 [immittendus
861 5548 955 5628 Sic
1004 5548 1185 5628 codex
1233 5546 1406 5628 Resb,
1457 5547 1797 5605 emendate:

162 5620 305 5691 prior
331 5623 531 5689 editio,
566 5620 1140 5686 excommzmicandus,
1173 5624 1467 5691 corrupte.

226 5693 332 5763 (50)
362 5695 575 5749 Secuta
624 5709 735 5748 non
784 5697 878 5747 est.
916 5694 1102 5747 Locus
1151 5690 1246 5745 hic
1299 5690 1439 5745 sane
1487 5696 1800 5763 corruptus

161 5767 238 5819 est
268 5782 280 5821 :
308 5766 558 5839 conjicio
596 5764 713 5836 legi
766 5768 1049 5837 oportere,
1085 5763 1361 5836 sequenda
1408 5764 1565 5819 nobis
1612 5772 1710 5834 est,
1744 5769 1801 5820 et

1922 4779 2112 4845 dines,
2140 4783 2198 4833 et
2227 4777 2641 4850 unusquisque
2671 4792 2847 4832 suum
2876 4775 3275 4832 ministerium
3326 4776 3577 4835 sollicite

1920 4868 2234 4935 custodiat,
2269 4884 2374 4923 nec
2422 4866 2680 4923 alienum
2727 4883 3014 4939 usurpare
3057 4866 3349 4924 intendat.
3368 4865 3575 4923 Clerici

1919 4956 2189 5012 militiam
2214 4974 2328 5013 non
2367 4960 2693 5028 exerceant,
2732 4971 2837 5012 nec
2866 4953 3104 5029 publica
3128 4952 3434 5028 vectigalia
3453 4955 3575 5012 exi-

1917 5051 2078 5120 gant,
2112 5052 2169 5103 et
2200 5048 2370 5103 fenus
2402 5046 2567 5103 nullo
2601 5045 2773 5102 modo
2796 5047 3208 5116 exsequantur.
3243 5043 3398 5100 Laici
3429 5060 3573 5117 quo-

1918 5153 2032 5208 que
2059 5138 2468 5209 cujuscunque
2500 5135 2621 5191 sint
2650 5133 2876 5189 ordinis
2915 5132 3005 5188 vel
3037 5131 3362 5205 dignitatis,
3393 5133 3576 5190 eccle-

1917 5226 2294 5281 siasticarum
2312 5222 2971 5280 rerumdominationem
2983 5221 3575 5294 veldispensationem

1915 5315 2173 5387 arripere
2194 5331 2309 5370 non
2331 5316 2720 5386 praesumant:
2739 5326 2842 5367 nec
2862 5310 3119 5383 aliquem
3144 5310 3203 5366 in
3226 5311 3569 5368 clericorum

1912 5405 2098 5476 gradu
2143 5403 2527 5460 constitutum
2571 5400 2839 5472 judicare
2886 5402 2988 5455 aut
3015 5414 3219 5456 vexare
3267 5404 3571 5471 conentur,

1911 5566 2014 5621 pro
2047 5550 2139 5620 pia
2162 5543 2605 5621 majestas,_lego
2630 5546 2826 5621 pietas.

1983 5611 2099 5689 (5'1)
2133 5611 2401 5688 Talisque.
2437 5611 2734 5671 Sic'codex
2777 5613 2949 5670 Resb.
2984 5611 3145 5683 editi,
3177 5613 3312 5669 talis
3342 5627 3568 5684 quaera-

1909 5699 2020 5748 tur.
