3946 6414
390 472 470 536 8'1
1408 472 1748 536 ATTONIS
1795 454 2385 534 VERCELLENSIS
2433 464 2786 532 nmscom
3586 442 3599 452 “
3736 456 3815 531 es

391 605 507 664 nisi
538 603 936 679 abepiscOpis,
962 605 1032 662 ad
1055 622 1222 679 quos,
1252 606 1453 678 utiam
1477 623 1656 679 supra
1678 605 1901 663 dictum
1923 611 2034 678 est,
2065 605 2119 672 Α
2147 603 2445 677 glutientes
2489 603 2674 675 (Ibid.,
2721 602 2833 676 24).
2885 600 3149 675 Denique
3204 600 3256 658 si
3312 616 3552 658 necesse
3606 600 3810 670 fuerit,

390 695 705 769 pertinent,
740 711 843 767 pro
884 695 1083 766 aliqua
1131 694 1380 751 utilitate
1410 696 1751 751 invitentur.
1786 695 1879 750 Ait
1905 712 2039 751 vero

391 786 598 842 beatus
629 801 780 856 papa
809 783 1113 840 Cornelius
1145 801 1157 839 :
1194 808 1220 833 «
1258 782 1440 838 Laicis
1484 785 1754 855 quamvis
1786 783 2041 856 religiosi

392 873 528 941 sint,
564 871 725 928 nulla
754 876 950 927 tamen
984 873 1055 927 de
1084 871 1496 927 ecclesiasticis
1530 872 1904 928 facultatibus
1934 872 2039 927 ali-

394 961 533 1034 quid
553 960 897 1033 disponendi
918 960 1133 1032 legitur
1153 976 1416 1031 unquam
1430 962 1715 1016 attributa
1738 961 2041 1017 facultas.»

392 1051 606 1106 Beatus
638 1066 869 1120 quoque
894 1049 1151 1104 Joannes
1194 1049 1456 1121 Baptista
1486 1050 1816 1122 publicanis
1848 1055 1903 1105 et
1934 1050 2042 1105 mi-

392 1138 597 1194 litibus
627 1139 698 1194 ad
731 1155 903 1194 suum
936 1137 1234 1210 baptisma
1265 1139 1656 1208 venientibus,
1682 1144 1737 1195 et
1770 1140 1923 1211 quod
1959 1140 2041 1195 fa-

394 1232 591 1283 cerent
633 1227 1132 1299 interrogantibus
1182 1228 1327 1283 dixit
1362 1244 1373 1282 :
1409 1229 1564 1284 Nihil
1593 1229 1832 1300 amplius
1881 1245 2045 1301 quam

391 1316 533 1389 quod
560 1319 915 1372 constitutum
942 1323 1021 1370 est
1050 1318 1224 1384 vobis,
1247 1319 1466 1375 faciatis
1491 1337 1507 1383 ;
1539 1322 1592 1373 et
1620 1320 1896 1372 neminem
1916 1333 2045 1371 oon-

390 1406 641 1471 cutiatis,
669 1420 842 1475 neque
870 1404 1207 1459 calumniam
1234 1405 1479 1476 faciatis,
1516 1413 1569 1460 et
1610 1406 1853 1459 contenti
1883 1406 2048 1459 estote

394 1492 688 1563 stipendiis
735 1494 930 1547 vestris
978 1492 1128 1559 (Luc.
1163 1511 1246 1558 Ill,
1284 1495 1391 1564 13).
1439 1493 1757 1565 Stipendiis
1808 1494 2046 1563 quidem

398 1580 523 1637 suis
555 1580 811 1636 contenti
863 1584 1025 1646 sunt,
1053 1581 1154 1651 qui
1186 1580 1389 1636 illicita
1438 1598 1553 1635 non
1589 1586 1910 1653 apponunt,
1944 1596 2049 1635 nec

398 1668 589 1725 aliena
618 1669 1061 1741 concupiscunt.
1097 1670 1159 1724 In
1210 1669 1491 1725 electione
1538 1686 1670 1725 vero
1704 1670 2049 1741 pontificum

398 1754 762 1829 [sanctorum
810 1758 873 1811 in
920 1758 1195 1812 omnibus
1236 1774 1527 1813 canonum
1574 1758 1715 1813 ordo
1768 1764 2049 1828 servetur,

400 1844 603 1902 nullus
620 1844 811 1902 clerus
826 1844 912 1901 vel
929 1845 1181 1917 populus
1204 1846 1335 1917 praej
1347 1846 1499 1902 udici
1512 1862 1608 1901 um
1632 1847 1923 1918 patiatur;
1950 1848 2049 1901 sed

2150 695 2343 752 omnis
2374 693 2639 749 Ecclesia:
2671 693 2985 749 thesaurus
3013 690 3392 747 laudabiliter
3420 691 3481 746 in
3512 690 3813 764 praedictis

2150 784 2573 855 expenderetur
2594 800 2607 850 ;
2626 781 2981 837 nihiltamen
3000 782 3210 837 horum
3236 776 3630 852 prnlthesauro
3655 796 3816 836 com-

2152 872 2498 927 mutandum
2532 874 2865 926 estzverum
2889 870 3085 924 omnia
3108 886 3234 941 quae
3266 870 3338 924 ad
3372 885 3517 924 usus
3537 867 3813 923 Ecclesia:

2152 960 2466 1033 pertinent,
2502 963 2847 1015 ornamenta
2883 958 3150 1013 Ecclesiae
3202 961 3360 1026 sunt,
3395 958 3683 1030 prtecipue
3714 974 3815 1013 sa-

2152 1049 2438 1118 cerdotes,
2470 1047 2661 1104 clerus
2691 1052 2747 1103 et
2780 1048 3019 1115 familia,
3045 1063 3149 1102 nec
3182 1050 3429 1119 possunt
3455 1046 3679 1117 absque
3711 1062 3816 1118 pe-

2152 1136 2338 1192 riculo
2360 1136 2542 1191 abuti.
2562 1135 2977 1207 Hujuscemodi
3006 1152 3142 1208 ergo
3168 1139 3507 1191 sanctarum
3534 1134 3817 1191 ecclesia-

2154 1242 2286 1281 rum
2320 1229 2718 1297 persecutores
2762 1225 2970 1280 beatus
3006 1224 3144 1279 Pius
3193 1224 3497 1279 Romanus
3551 1223 3819 1296 pontifex

2157 1313 2314 1387 (Pius
2346 1332 2495 1386 papa
2530 1316 2574 1381 l)
2606 1314 2936 1385 increpans,
2969 1313 3048 1367 ait
3079 1314 3257 1384 (epist.
3289 1314 3346 1381 ‘3)
3381 1330 3394 1368 :
3429 1335 3457 1362 «
3492 1312 3575 1367 Ad
3610 1312 3816 1367 sedem

2157 1402 2541 1474 apostolicam
2575 1401 2866 1473 perlatum
2898 1406 2987 1457 est
3014 1402 3168 1473 quod
3201 1401 3321 1457 sint
3367 1400 3522 1456 inter
3547 1417 3651 1456 vos
3683 1416 3820 1456 con-

2157 1492 2450 1547 tentiones
2480 1496 2537 1546 et
2567 1490 2990 1561 aemulationes,
3022 1495 3077 1546 et
3107 1490 3326 1561 praedia
3356 1490 3573 1545 divinis
3603 1490 3819 1546 usibus

2158 1579 2374 1634 tradita
2403 1580 2638 1649 quidam
2688 1579 2967 1634 humanis
3010 1579 3303 1650 applicant
3350 1578 3578 1646 usibus,
3611 1583 3670 1634 et
3712 1578 3819 1634 Do-

2160 1667 2320 1723 mino
2351 1668 2489 1735 Deo,
2516 1669 2609 1723 cui
2640 1669 2856 1723 tradita
2886 1673 3045 1734 sunt,
3079 1684 3146 1723 ea
3183 1668 3560 1735 subtrahunt,
3595 1672 3662 1723 ut
3691 1667 3816 1724 suis

2161 1756 2370 1813 usibus
2419 1756 2759 1814 inserviant.
2792 1757 3155 1829 Quapropter
3202 1757 3276 1812 ab
3328 1756 3606 1813 omnibus
3655 1755 3817 1811 illius

2163 1845 2563 1916 usurpationis
2598 1846 2954 1902 contumelia
2984 1845 3327 1919 depellenda
3355 1850 3463 1913 est,
3497 1861 3570 1902 ne
3600 1845 3820 1917 praedia

400 1933 589 1991 libera
619 1933 697 1991 sit
725 1932 809 1990 eis
840 1934 1062 2006 absque
1093 1934 1343 2005 alicujus
1367 1935 1761 1991 controversia
1806 1934 2053 1992 facultas
2086 1971 2133 2035 Β
2165 1935 2375 1990 usibus
2407 1938 2764 1990 secretorum
2793 1933 3116 1990 cmlestium
3150 1935 3361 2001 dicata,
3393 1951 3427 1989 a
3456 1934 3816 2007 quibusdam

401 2022 723 2095 tranquille
755 2036 932 2095 quem
953 2022 1167 2079 melius
1190 2024 1576 2095 praeviderint,
1597 2024 1870 2097 eligendi.
1893 2024 2053 2080 Elec-

399 2115 498 2167 tus
529 2126 764 2183 quoque
803 2114 925 2165 tam
961 2127 995 2165 a
1039 2109 1511 2181 metropolitano,
1544 2127 1721 2182 quam
1770 2129 1803 2166 a
1833 2112 2054 2167 caeteris

400 2197 987 2271 comprovincialibus
1015 2198 1303 2270 episcopis
1359 2199 1810 2271 diligentissime
1843 2200 2056 2255 exami-

399 2288 633 2344 nandus
662 2287 790 2343 erit.
815 2288 980 2353 Quod
1012 2287 1059 2341 si
1094 2287 1227 2358 quis
1250 2291 1453 2342 contra
1478 2292 1635 2358 eum]
1662 2288 1822 2358 juste
1851 2288 2052 2362 aliqua

404 2377 619 2449 poterit
633 2376 906 2446 objicere,
937 2374 1231 2431 licentiam
1256 2376 1511 2431 habeant
1530 2376 1590 2431 in
1617 2378 1896 2434 omnibus
1914 2384 2055 2435 tunc

408 2463 732 2538 [ventilare,
765 2479 940 2534 quem
972 2464 1021 2518 si
1053 2463 1392 2519 convincere
1422 2466 1637 2535 poterit
1677 2466 1746 2520 de
1777 2466 1990 2537 culpa,]
2024 2486 2058 2524 a

404 2552 829 2610 benedictionis
878 2555 1283 2606 removeantur
1323 2553 1528 2623 gratia.
1561 2553 1615 2606 Si
1660 2571 1793 2608 vero
1840 2556 2055 2626 dignus

404 2642 676 2699 inventus
703 2640 898 2711 fuerit,
918 2645 1059 2695 tunc
1091 2643 1556 2711 cumLconsensu
1588 2645 1645 2696 et
1675 2643 1881 2697 notitia
1896 2644 2057 2715 prin-

403 2732 573 2804 cipis]
605 2730 676 2786 ad
707 2731 878 2799 cujus
910 2729 1193 2784 ditionem
1227 2730 1429 2783 eadem
1462 2731 1738 2800 parochia
1769 2733 2057 2803 pertinere

400 2819 650 2886 videtur,
711 2817 1047 2873 solemniter
1103 2822 1161 2871 et
1210 2817 1581 2873 devotissime
1638 2821 2054 2889 [consecretur.

400 2908 543 2965 Post
571 2907 740 2977 cujus
773 2906 1219 2973 ordinationem]
1270 2908 1538 2962 omnium
1586 2909 2054 2966 adversariorum

403 2996 617 3068 linguai
646 2995 1029 3064 refrenentur,
1058 3010 1161 3049 nec
1192 2995 1444 3066 sibijam
1479 2996 1651 3052 licere
1682 3003 1887 3069 putent
1918 3017 2055 3056 con-

400 3088 491 3140 tra
522 3084 826 3157 prelatum
859 3085 1014 3154 quod
1049 3085 1274 3139 dudum
1306 3084 1469 3139 licuit
1490 3086 1574 3156 [in
1597 3086 1843 3159 collega]
1877 3105 1889 3143 :
1926 3088 2055 3143 nul-

399 3173 613 3245 lusque
642 3190 777 3229 eum
809 3188 1083 3229 accusare
1122 3172 1213 3228 vel
1254 3174 1524 3244 judicare
1555 3174 1799 3231 ulterius
1833 3195 2054 3249 praesu-

403 3266 546 3328 mat,
582 3261 693 3316 nisi
727 3261 1225 3332 quemadmodum
1273 3277 1568 3318 canonum
1599 3265 1808 3320 decent
1837 3266 2051 3321 edicta.

401 3349 485 3405 De
515 3349 752 3420 quibus,
784 3365 857 3405 ne
901 3366 935 3404 a
963 3350 1131 3404 nobis
1164 3351 1401 3407 omnino
1448 3352 1788 3408 viderentur
1811 3354 2050 3426 omissa,
2084 3334 2127 3401 (ἶ

404 3438 673 3510 quasdam
704 3437 970 3509 quamvis
1000 3454 1190 3509 pauca
1220 3438 1278 3493 in
1310 3440 1599 3512 principio
1632 3440 1880 3512 hujusce
1919 3460 2054 3499 nos-

402 3532 505 3582 trae
537 3526 932 3582 adnotationis
979 3542 1438 3584 commemorare
1468 3530 1825 3586 curavimus.
1858 3533 1966 3587 Sed
2000 3538 2057 3588 et

402 3614 582 3670 sicui
633 3616 880 3670 fortasse
909 3619 966 3670 et
1015 3614 1117 3670 illa
1167 3632 1282 3670 non
1331 3616 1659 3686 sufﬁciunt,
1715 3623 2055 3674 sanctorum

404 3702 653 3757 Patrum
686 3707 908 3758 statuta
926 3702 1379 3773 diligentissime
1408 3705 1801 3775 perquirat,ut
1829 3707 2060 3778 plenius

380 3791 539 3846 'inde
568 3790 781 3845 instrui
811 3789 1021 3845 valeat.

611 3897 858 3968 Explicit
883 3911 1023 3967 pars
1051 3895 1287 3981 secunda
1317 3896 1383 3951 de
1410 3898 1854 3957 ordinationibus

1026 3983 1417 4037 episcoporum.

972 4110 1157 4164 PARS
1196 4110 1487 4166 TERTIA.

794 4198 872 4252 De
899 4198 1254 4269 facultatibus
1283 4200 1671 4257 Ecclesiarum.

476 4320 773 4377 Praeterire
803 4337 919 4377 non
950 4337 1290 4394 possumus,
1324 4325 1479 4394 quod
1528 4340 1621 4379 res
1652 4324 2054 4384 ecclesiasticis

403 4415 535 4482 post
562 4414 811 4466 mortem
839 4410 923 4466 vel
956 4410 1365 4483 expulsionem
1398 4413 1657 4485 episcopi
1688 4415 1748 4469 in
1780 4416 2054 4487 direptio-

403 4515 537 4555 nem
551 4504 607 4555 et
629 4500 891 4572 rapinam
914 4500 1293 4557 samularibus
1309 4503 1644 4558 tradantur:
1662 4521 1794 4559 cum
1809 4505 2053 4578 dignum

405 4587 484 4641 sit
500 4589 654 4657 quod
677 4605 745 4642 ea
764 4590 824 4642 in
847 4590 1139 4660 episcopio
1170 4597 1530 4663 remapeant,
1550 4609 1653 4664 per
1682 4611 2054 4651 ceconomum

404 4677 462 4730 et
490 4678 728 4729 caeteros
758 4675 1191 4745 dispensatores
1216 4677 1469 4733 ecclesiae
1501 4697 1688 4752 usque
1715 4682 1786 4737 ad
1817 4684 2052 4739 ordina-
2086 4705 2134 4767 Ι)

402 4761 623 4818 tionem
656 4763 837 4817 futuri
859 4762 1116 4834 episcOpi
1149 4764 1492 4821 intemerato
1522 4776 1847 4839 serventur,
1872 4789 1946 4827 ne
1978 4774 2051 4827 ab

407 4849 538 4907 aliis
570 4867 672 4923 per
692 4852 936 4923 quodvis
967 4851 1269 4923 ingenium
1293 4852 1412 4907 ullo
1438 4857 1610 4910 modo
1632 4859 2056 4930 subripiantur.

404 4939 554 5003 Quid
586 4939 743 4995 enim
795 4940 1040 4996 interest
1086 4940 1135 4993 si
1182 4940 1407 4996 vivente
1457 4944 1750 5015 episcopo,
1782 4952 1885 5002 aut
1929 4955 2061 5021 post

407 5033 654 5083 mortem
689 5029 838 5099 ejus,
869 5045 962 5084 res
983 5027 1390 5084 ecclesiasticae
1422 5030 1493 5083 ab
1526 5032 1736 5086 exteris
1778 5034 2059 5106 diripian-

407 5116 543 5170 tur?
557 5120 657 5170 aut
680 5117 819 5186 quid
844 5120 1083 5189 prodest
1104 5117 1153 5171 si
1175 5116 1392 5171 similia
1413 5123 2061 5190 conserventur,horrea

407 5208 601 5258 autem
629 5206 687 5259 et
714 5205 967 5270 cellaria,
1001 5205 1191 5260 clerus
1225 5210 1282 5259 et
1335 5206 1578 5276 familia,
1612 5212 1668 5263 et
1700 5214 1903 5267 caetera
1932 5230 2059 5284 quae

337 5294 348 5304 '
408 5292 481 5346 ad
501 5290 817 5348 Ecclesiam
843 5293 1137 5364 pertinent
1160 5292 1566 5364 depraedentur
1587 5296 1615 5350 ?
1644 5298 1883 5354 Talibus
1905 5301 2055 5357 enim

326 5410 335 5417 -
408 5379 490 5434 ait
517 5380 800 5436 Dominus
830 5381 887 5436 in
920 5381 1264 5450 Evangelio:
1308 5384 1399 5438 Vos
1428 5384 1616 5441 dicitis
1643 5404 1663 5441 :
1695 5390 1795 5457 qui
1812 5389 1971 5460 jurat
2002 5393 2062 5446 in

407 5468 578 5522 altari
630 5485 738 5523 non
785 5469 942 5525 debet
976 5486 997 5530 ,ο
1059 5471 1154 5540 qui
1208 5480 1389 5526 autem
1423 5474 1581 5544 jurat
1632 5476 1690 5530 in
1739 5493 1874 5531 auro
1924 5479 2062 5550 quod

407 5571 571 5626 super
600 5557 783 5613 altare
828 5561 926 5626 est,
973 5557 1144 5613 debet.
1178 5559 1350 5614 Stulti
1394 5569 1446 5615 et
1492 5565 1639 5631 cauri,
1674 5566 1804 5634 quid
1832 5576 1910 5621 est
1936 5567 2061 5637 plus

408 5660 628 5705 aurum,
676 5663 747 5697 an.
794 5649 971 5701 (tl/are
1018 5647 1155 5716 quod
1202 5650 1506 5715 sanctificat
1550 5660 1803 5706 almum?
1852 5656 2055 5723 (Matth.

407 5748 567 5803 xxm,
607 5734 711 5805 l7.)
745 5735 809 5790 Et
830 5734 1041 5790 iterum
1071 5751 1082 5789 ί
1116 5736 1353 5790 Culicem
1391 5737 1686 5811 liquentes,
1718 5751 1765 5796 et
1787 5746 2056 5799 cumelum

2168 2022 2529 2079 irruentibus
2557 2026 2854 2079 vexentur.
2888 2024 3049 2088 Quod
3079 2023 3131 2079 si
3181 2023 3497 2097 quisquam
3528 2038 3817 2095 presum-

2167 2112 2368 2183 pserit,
2392 2111 2712 2184 sacrilegus
2732 2112 3037 2179 habeatur,
3062 2116 3119 2168 et
3140 2112 3292 2169 sicut
3321 2110 3646 2183 sacrilegus
3664 2110 3820 2183 judi-

2166 2205 2350 2256 celur.
2386 2201 2548 2271 Ipsos
2578 2206 2773 2255 autem
2807 2201 2906 2271 qui
2931 2200 3038 2256 hoc
3068 2199 3519 2272 agunt,clericos
3544 2202 3603 2255 et
3625 2198 3818 2255 Domi-

2166 2288 2225 2344 ni
2276 2290 2606 2345 sacerdotes
2653 2290 2948 2361 persequi,
2995 2306 3211 2360 eosque
3256 2290 3542 2344 infamare
3596 2287 3819 2344 audivi-

2166 2394 2319 2444 mus,
2354 2381 2419 2432 ut
2446 2377 2665 2433 malum
2697 2395 2876 2451 supra
2898 2377 3121 2433 malum
3148 2378 3388 2445 addant,
3414 2380 3472 2433 et
3501 2376 3818 2432 deteriores

2167 2466 2351 2533 ﬁant;
2384 2483 2500 2522 non
2550 2466 2943 2538 intelligentes
2987 2468 3141 2538 quod
3192 2466 3447 2522 Ecclesia
3498 2466 3734 2522 Domini
3765 2466 3819 2520 in

2166 2554 2571 2609 sacerdotibus
2603 2556 2889 2621 consistit,
2923 2560 2979 2611 et
3033 2556 3244 2610 crescit
3274 2556 3332 2609 in
3376 2554 3671 2629 templum
3704 2554 3818 2610 Dei.

2167 2646 2233 2698 Et
2269 2642 2422 2698 sicut
2451 2644 2551 2713 qui
2598 2642 2917 2698 Ecclesiam
2967 2643 3065 2697 Dei
3098 2647 3305 2709 vastat,
3340 2647 3395 2698 et
3443 2644 3573 2713 ejus
3606 2643 3822 2715 praedia

2167 2735 2225 2785 et
2253 2730 2495 2786 donaria
2524 2730 2828 2802 exspoliat,
2861 2734 2917 2786 et
2956 2730 3195 2798 invadit,
3232 2732 3297 2787 ﬁt
3339 2730 3664 2803 sacrilegus
3693 2749 3706 2787 :
3740 2731 3821 2787 sic

2166 2820 2262 2875 ille
2294 2820 2393 2891 qui
2426 2822 2555 2890 ejus
2592 2821 2923 2875 sacerdotes
2972 2820 3321 2891 insequitur,
3357 2820 3653 2893 sacrilegii
3686 2837 3820 2876 reus

2166 2908 2384 2978 existit,
2419 2912 2477 2963 et
2505 2908 2825 2980 sacrilegus
2846 2908 3167 2979 judicatur.
3201 2908 3478 2979 Nunquid
3523 2909 3573 2965 si
3609 2909 3821 2979 aliquis

2168 2996 2409 3052 monilia
2439 3014 2792 3066 sponsarum
2815 3003 3143 3052 vestrarum
3165 2998 3821 3068 detraxisset,injuriam

2167 3087 2272 3156 eis,
2306 3090 2364 3141 et
2413 3086 2608 3157 potius
2656 3086 2819 3141 vobis
2870 3088 3081 3141 tactam
3130 3085 3690 3157 conquereremin'r?
3734 3087 3824 3141 Ait

2166 3175 2321 3230 enim
2362 3176 2570 3231 beatus
2602 3175 2952 3247 Gregorius:
2980 3198 3008 3225 ‹‹
3032 3175 3236 3231 Omnis
3281 3174 3383 3246 qui
3434 3180 3642 3230 nostra
3673 3174 3825 3230 tollit

2165 3263 2444 3318 inimicus
2475 3268 2581 3319 est.
2607 3268 2751 3318 Cum
2783 3263 2937 3318 enim
2966 3263 3164 3319 omnia
3194 3279 3325 3334 qum
3356 3278 3578 3334 sponsa
3608 3262 3825 3319 habere

2164 3352 2414 3419 videtur,
2430 3352 2501 3406 ad
2533 3352 2661 3421 ejus
2678 3352 2879 3423 sponsi
2898 3355 3127 3408 constet
3146 3352 3434 3423 respicere
3463 3352 3821 3419 dominium,

2165 3443 2222 3495 et
2252 3444 2516 3495 sanctam
2550 3438 2866 3495 Ecclesiam
2901 3440 3112 3495 Christi
3144 3456 3425 3511 sponsam
3454 3455 3587 3495 esse
3618 3439 3822 3495 nullus

2165 3528 2413 3599 abneget
2443 3527 2789 3597 catholicus,
2814 3528 3012 3584 omnia
3032 3545 3161 3599 qua:
3193 3527 3457 3583 Ecclesiae
3488 3532 3633 3583 sunt
3662 3528 3822 3583 Chri-

2165 3616 2239 3672 sti
2271 3632 2401 3671 esse
2438 3617 2800 3687 probantur;
2833 3621 2893 3671 et
2920 3633 3049 3688 quae
3081 3618 3153 3672 ab
3205 3633 3274 3671 ea
3301 3616 3675 3685 auferuntur,
3709 3615 3821 3688 ipsi

2166 3704 2367 3776 procul
2398 3704 2577 3759 dubio
2606 3704 2912 3761 tolluntur.
2950 3728 2977 3754 ››

2238 3792 2456 3847 Revera
2484 3807 2620 3863 ergo
2652 3792 2928 3848 inimicus
2977 3792 3191 3848 Christi
3221 3791 3472 3848 efficitur
3500 3793 3606 3864 qui
3636 3792 3819 3848 eccle-

2166 3882 2213 3936 si
2222 3882 2434 3936 asticas
2461 3897 2554 3936 res
2576 3898 2860 3953 usurpare
2878 3885 3141 3953 conatur,
3165 3897 3270 3937 nec
3296 3880 3592 3937 immerito
3613 3882 3821 3937 eadem

2164 3968 2393 4025 decidet
2423 3970 2729 4034 sententia,
2765 3986 2943 4040 quam
3001 3970 3203 4025 beatus
3233 3968 3415 4024 David
3446 3968 3822 4040 proclamans

2164 4059 2292 4113 ait:
2327 4061 2552 4114 Inimici
2600 4047 2724 4115 vero
2772 4060 2991 4114 Domini
3034 4074 3171 4113 mox
3221 4062 3283 4113 ut
3326 4057 3678 4127 honoriﬁcati
3706 4059 3826 4127 fue-

2163 4149 2285 4203 rint
2326 4153 2382 4202 et
2437 4150 2698 4217 exaltati,
2748 4148 3060 4217 deﬁcientes
3107 4147 3574 4219 quemadmodum
3630 4148 3824 4217 fumus

2164 4237 2418 4307 deficient
2464 4237 2635 4307 (Psal.
2686 4252 2878 4303 xxxvr,
2912 4238 3026 4307 20).
3060 4236 3167 4299 Qui
3218 4234 3376 4290 enim
3424 4238 3541 4289 Deo
3571 4233 3823 4288 creatori

2166 4342 2295 4395 suo,
2356 4330 2414 4380 et
2467 4324 2734 4380 omnium
2795 4325 3216 4380 beneficiorum
3294 4323 3484 4378 datori
3541 4321 3824 4377 inimicus

2165 4430 2293 4469 esse
2341 4415 2655 4485 probatur;
2704 4413 2952 4480 homini,
3008 4429 3111 4485 per
3153 4428 3328 4483 quem
3378 4411 3501 4466 haec
3552 4415 3826 4466 tantum-

2167 4503 2339 4557 modo
2372 4501 2698 4557 ministrari
2729 4502 2929 4573 aliquo
2964 4501 3137 4556 modo
3185 4504 3460 4571 possunt,
3491 4498 3729 4554 fidelem
3762 4513 3824 4553 se

2166 4608 2295 4646 esse
2345 4608 2541 4645 revera
2597 4592 2905 4645 mentitur.
2939 4588 3087 4653 Quid
3140 4604 3278 4661 ergo
3327 4589 3497 4659 juvat
3543 4602 3646 4644 eos
3694 4602 3827 4642 esse

2164 4680 2546 4750 Christianos,
2571 4684 2628 4734 et
2657 4678 2874 4734 Christi
2897 4678 3219 4749 depraedari
3257 4676 3571 4732 Ecclesiam
3597 4676 3626 4731 ?
3656 4676 3825 4739 Quod

2163 4769 2368 4824 beatus
2401 4768 2615 4824 Paulus
2635 4768 2941 4838 apostolus
2973 4768 3284 4838 increpans
3306 4766 3387 4821 ait
3420 4782 3433 4821 :
3473 4765 3579 4832 Qui
3609 4765 3827 4820 abomi-

2167 4860 2327 4913 naris
2358 4858 2525 4924 idola,
2566 4857 2925 4924 sacrilegium
2969 4857 3114 4923 facis
3160 4855 3335 4925 (Rom.
3365 4871 3426 4921 II,
3458 4854 3571 4923 22).
3603 4853 3828 4909 Divina:

2169 4948 2325 5002 enim
2384 4963 2479 5001 res
2530 4962 2648 5000 non
2696 4943 3005 4999 hominum
3056 4943 3461 5015 possessiones
3506 4956 3639 4997 esse
3691 4958 3829 4998 nos-

2170 5042 2402 5097 cuntur,
2435 5051 2541 5088 nec
2572 5033 2706 5087 licet
2735 5032 3101 5088 saecularium
3139 5032 3498 5103 dignitatum
3528 5030 3669 5087 inde
3700 5032 3830 5088 ﬁeri

2169 5121 2969 5193 additamentumzquoniam
3006 5120 3537 5177 ecclesiasticorum
3569 5119 3659 5175 vel
3686 5137 3833 5191 pau-

2170 5228 2375 5283 perum
2416 5216 2558 5266 sunt
2586 5215 2907 5283 praeparata
2936 5212 3004 5264 ad
3043 5226 3237 5265 usum.
3272 5209 3446 5264 Decet
3473 5224 3738 5280 namque
3766 5214 3836 5265 ut

2169 5306 2374 5356 sancta
2404 5300 2664 5355 Ecclesia
2689 5300 3038 5355 inconcussa
3068 5304 3244 5369 atque
3274 5297 3562 5353 inoffensa
3590 5300 3667 5353 ab
3699 5314 3827 5355 om-

2170 5390 2345 5445 nibus
2384 5391 2727 5446 observetur
2754 5386 3135 5453 Christicolis,
3163 5402 3270 5442 nec
3300 5386 3360 5441 in
3405 5385 3602 5458 aliquo
3645 5385 3831 5443 deho-

2170 5483 2433 5535 nestetur
2450 5480 2522 5534 ab
2536 5478 2935 5550 ipsis.Spousa
2954 5476 3331 5546 enim,utjam
3346 5474 3832 5544 diximus,Chris-

2168 5568 2208 5620 ti
2234 5571 2340 5633 est,
2369 5567 2698 5623 etomnium
2720 5565 3088 5635 domina,qui
3107 5580 3169 5620 se
3187 5565 3257 5619 de
3286 5563 3514 5619 Domini
3538 5564 3831 5621 conﬁten-

2171 5661 2405 5710 turessc
2430 5657 2669 5711 familia.
2694 5655 2831 5719 Quis
2856 5671 2989 5725 ergo
3012 5660 3130 5709 tam
3155 5653 3438 5725 insipiens
3452 5653 3830 5710 Christianus

2170 5746 2298 5813 ejus
2328 5763 2393 5800 se
2435 5745 2738 5801 dominum
2772 5745 2983 5800 audeat
3015 5742 3326 5810 nominari,
3359 5740 3447 5797 vel
3480 5743 3615 5813 ejus
3647 5744 3830 5801 rebus
