3946 6422
164 459 238 519 89
984 463 1084 523 DE
1129 463 1556 526 PRESSUMS
1605 464 1816 525 Ερειι

2005 465 2262 527 ΞἸῚΟΙΞ.
2298 502 2375 512 -
2403 467 2608 529 PARS
2655 468 2758 528 ΙΙΙ.
3508 469 3587 529 90

163 592 582 669 praesumptive
603 595 867 669 perfrui?
886 597 1182 670 Scriptum
1205 598 1421 672 quippe
1442 605 1566 656 est:
1601 601 1719 656 Non
1738 603 1815 656 est
1845 600 1899 668 Α
1929 600 2102 673 (Psal.
2127 619 2334 670 Lxxxu,
2368 603 2478 673 15).
2516 605 2583 660 Et
2610 603 2936 661 Jeremias:
2970 599 3098 662 Haec
3126 603 3260 662 dicit
3288 595 3584 663 Dominus:

164 702 349 742 servus
378 702 544 758 super
570 687 863 744 dominum
891 705 1057 745 suum
1089 689 1272 760 (Math.
1305 707 1361 760 x,
1394 690 1507 760 24).
1566 691 1816 762 Dignum

165 775 319 831 enim
352 781 786 848 procuratorem
819 779 869 834 ei
915 779 1068 834 inter
1114 779 1384 835 homines
1430 779 1688 835 invenire
1727 781 1823 836 vix

167 881 506 936 possumus,
530 867 846 923 Dominum
866 873 1062 924 autem
1081 870 1211 940 ejus
1229 869 1820 942 penitusignoramus

166 954 579 1026 preterillum,
605 957 676 1012 de
699 973 813 1028 quo
834 958 1091 1014 Joannes
1115 959 1381 1030 Baptista
1399 959 1508 1014 ait:
1537 960 1644 1028 Qui
1662 960 1817 1014 habet

159 1057 436 1113 sponsam,
469 1061 698 1116 sponsus
749 1055 828 1101 est
871 1048 1048 1117 (Joan.
1079 1063 1164 1113 ιιι,
1195 1048 1308 1120 29).
1349 1049 1430 1103 An
1481 1054 1686 1104 sancta
1711 1049 1818 1103 Εε-

165 1122 340 1188 ςΙθεὶἀ
367 1150 587 1206 sponsa
626 1134 864 1190 Christi.
910 1177 922 1190 .
970 1177 982 1190 .
1029 1177 1041 1191 .
1089 1179 1101 1192 .
1149 1178 1161 1190 .
1207 1178 1220 1190 .
1267 1179 1279 1192 .
1330 1179 1342 1190 .
1390 1179 1402 1190 .
1450 1179 1462 1191 .
1509 1179 1522 1190 .
1569 1179 1580 1191 .
1629 1179 1641 1192 .
1684 1179 1696 1191 .
1745 1180 1758 1193 .
1805 1180 1817 1194 .

165 1263 178 1276 .
224 1261 237 1275 .
284 1263 297 1276 .
345 1263 360 1277 .
409 1264 421 1277 .
464 1240 701 1279 summa
735 1225 934 1296 itaque
965 1224 1278 1282 Salomone
1308 1226 1519 1297 ipsam.
1566 1270 1578 1280 .
1625 1268 1638 1280 .
1685 1269 1697 1281 .
1745 1266 1758 1281 .
1804 1267 1817 1281 .

161 1327 367 1368 rursus
392 1312 770 1368 devotissime
789 1313 1198 1386 imploremus,
1220 1319 1286 1370 ut
1309 1315 1498 1387 ipsam
1523 1331 1626 1387 pro
1649 1316 1819 1370 nobis

160 1401 230 1454 ad
285 1417 426 1456 eum
473 1401 729 1458 interced
775 1445 788 1458 .
834 1445 847 1458 .
895 1444 908 1458 .
957 1444 970 1457 .
1017 1446 1028 1459 .
1077 1445 1089 1457 .
1138 1445 1150 1458 .
1191 1405 1440 1474 auferre,
1496 1406 1596 1460 sed
1656 1405 1822 1460 devo-

155 1488 413 1558 tissime,
447 1507 572 1562 quae
595 1492 930 1548 necessaria
956 1492 1260 1548 suntinibi
1285 1491 1584 1566 postulare
1626 1535 1638 1548 .
1685 1535 1698 1548 .
1745 1534 1758 1546 .
1805 1535 1817 1547 .

162 1619 173 1632 .
220 1620 231 1632 .
281 1621 293 1633 .
342 1619 356 1633 .
407 1622 419 1634 .
466 1621 478 1633 .
522 1597 601 1648 re,
637 1597 772 1636 nam
806 1586 863 1637 et
884 1582 1060 1638 David
1094 1583 1362 1639 esuriens
1395 1581 1819 1654 propositionis

159 1683 344 1738 panes
378 1669 449 1724 de
477 1669 696 1741 templo
728 1670 984 1742 arripere
1015 1670 1072 1725 vi
1103 1688 1218 1727 non
1244 1672 1638 1744 praesumpsit.
1685 1713 1698 1726 .
1743 1712 1757 1725 .
1804 1713 1816 1725 .

162 1797 176 1811 .
221 1798 234 1812 .
282 1800 297 1812 .
345 1799 358 1812 .
394 1758 565 1814 donis
585 1775 744 1825 vero,
777 1761 1046 1830 quamvis
1075 1777 1110 1816 a
1137 1777 1270 1833 rege
1302 1761 1546 1827 missus,
1579 1761 1718 1832 quia
1747 1763 1818 1817 de

158 1847 382 1919 templo
400 1847 500 1903 Dei
533 1847 753 1920 aliquid
777 1850 1006 1924 auferre
1027 1849 1226 1918 voluit,
1251 1851 1324 1906 ab
1345 1849 1552 1924 angelo
1573 1867 1820 1924 percus-

1929 693 2223 748 Adversum
2255 711 2440 751 omnes
2469 697 2675 751 vicinos
2720 711 2866 751 meos
2894 699 3176 767 pessimos,
3228 699 3326 768 qui
3352 700 3588 768 tangunt

1929 782 2328 852 haereditatem,
2389 802 2554 856 quam
2601 786 2771 840 tribui
2813 786 3016 857 populo
3065 801 3186 840 meo
3217 787 3403 841 Israel.
3453 788 3585 842 Ecce

1929 887 2022 942 ego
2051 871 2286 928 evellam
2327 889 2416 928 eos
2458 875 2525 928 de
2572 883 2719 930 terra
2776 890 2877 929 sua
2928 875 3144 946 (Jerem.
3177 892 3279 941 xu,
3313 875 3422 946 14).
3481 876 3584 930 Di-

1930 977 2112 1032 gnum
2143 963 2254 1033 [est
2295 964 2380 1033 ut]
2414 964 2513 1034 qui
2545 963 2974 1019 ecclesiasticas
3005 981 3122 1030 res,
3160 963 3255 1018 Dei
3288 963 3582 1034 siquidem

1931 1050 2332 1108 hiereditatem
2372 1055 2774 1109 contaminare
2825 1058 3210 1126 praesumunt,
3263 1072 3297 1109 a
3348 1056 3584 1127 propria

1931 1155 2046 1210 qua
2067 1141 2230 1211 justo
2250 1142 2469 1213 perfrui
2501 1147 2776 1215 poterunt
2807 1143 3215 1199 excludantur.

2005 1231 2120 1284 Hoc
2137 1245 2270 1285 vero
2287 1230 2742 1304 diligentissime
2763 1231 3117 1287 intuendum
3140 1236 3250 1302 est,
3269 1233 3408 1304 quia
3432 1237 3583 1288 Deus

1929 1320 2324 1391 omnipotens,
2359 1320 2626 1391 quamvis
2650 1321 2867 1376 nostris
2885 1321 3253 1392 exigentibus
3277 1321 3467 1392 culpis
3487 1322 3584 1376 Ec-

1930 1406 2170 1463 olesiam
2189 1425 2358 1464 suam
2385 1409 2674 1480 ﬂagellare
2685 1409 2933 1464 voluerit
2948 1426 3051 1480 per
3067 1410 3581 1481 depraedationem,

1927 1495 2015 1551 vel
2048 1495 2308 1568 aliquam
2328 1499 2762 1567 eontritionem,
2783 1515 2898 1554 non
2921 1498 3048 1554 suis
3065 1498 3312 1568 dilectis,
3339 1500 3438 1555 sed
3463 1499 3582 1555 illis

1929 1587 2040 1642 hoc
2073 1603 2240 1659 agere
2262 1587 2568 1659 permittit,
2602 1588 2821 1660 quibus
2843 1588 3033 1644 diram
3066 1588 3272 1644 exinde
3302 1588 3362 1644 in
3393 1595 3584 1660 poste-

1930 1691 2062 1730 rum
2095 1677 2302 1731 reddat
2320 1677 2808 1732 vicissitudinem.
2843 1678 2912 1733 Ut
2933 1677 2992 1733 in
3026 1677 3177 1732 Isaia
3205 1677 3478 1749 legimus,
3512 1679 3585 1734 de

1926 1764 2257 1821 Jerusalem
2285 1765 2516 1820 dicente
2566 1765 2814 1822 Domino
2859 1767 2930 1821 ad
2984 1765 3400 1837 Babyloniam:
3453 1766 3585 1823 Sede

1930 1856 2114 1909 tacens
2146 1855 2295 1908 intra
2337 1855 2613 1924 tenebras,
2663 1855 2785 1924 ﬁlia
2829 1855 3241 1917 Chaldaeorum;
3291 1857 3426 1926 quia
3473 1870 3585 1911 non

157 1952 260 1992 sus
291 1941 406 1994 est.
435 1937 545 1992 Sed
578 1937 720 2010 quid
752 1938 994 2006 mirum,
1046 1939 1095 1995 si
1130 1939 1318 1995 ﬁdelis
1367 1940 1640 2012 princeps
1692 1956 1817 1996 rem
1857 1976 1899 2040 Β
1929 1945 2208 1999 vocaberis
2241 1942 2398 1999 ultra
2426 1943 2652 1999 domina
2691 1959 3016 2014 regnorum.
3066 1947 3245 2000 Iratus
3273 1960 3395 1999 sum
3423 1961 3586 2016 super

158 2029 272 2081 Deo
300 2026 559 2082 dicatam
590 2028 650 2081 in
674 2027 931 2083 maxima
951 2027 1221 2100 quamvis
1245 2029 1603 2085 constitutus
1627 2045 1820 2086 neces-

157 2115 337 2171 sitate
367 2117 624 2188 arripere
655 2115 874 2178 timuit.
905 2133 1041 2173 cum
1072 2118 1250 2173 etiam
1282 2119 1354 2174 ab
1386 2119 1534 2191 ipsis
1566 2120 1814 2191 paganis

155 2208 214 2260 et
242 2205 519 2260 barbaris
569 2210 692 2261 tam
726 2207 786 2260 in
849 2206 1037 2263 Veteri
1097 2208 1473 2263 Testamento
1533 2225 1709 2278 quam
1757 2208 1819 2263 in

155 2293 317 2349 Novo
349 2294 461 2350 hoc
491 2295 688 2366 ipsum
719 2295 1096 2350 observatum
1145 2295 1413 2366 legamus
1463 2297 1610 2352 Nam
1642 2301 1822 2352 Pom-

149 2383 325 2454 peius
359 2384 450 2438 vir
478 2383 716 2454 gentilis
763 2387 824 2438 et
852 2383 1192 2450 bellicosus,
1242 2401 1376 2438 cum
1437 2384 1817 2440 rebellantem

147 2471 491 2528 Jerusalem
506 2476 922 2542 expugnasset,
938 2472 1230 2526 infinitam
1243 2473 1505 2527 thesauri
1520 2473 1746 2544 copiam
1759 2474 1818 2529 in

147 2561 384 2632 templo
412 2559 639 2615 Domini
661 2560 926 2615 audierat
939 2562 1460 2633 congregatam,ad
1484 2578 1662 2634 quam
1685 2579 1819 2618 cum

150 2649 337 2705 modo
358 2648 595 2703 videndi
617 2648 807 2704 solum
831 2664 1010 2704 causa
1043 2650 1406 2717 accessisset,
1448 2653 1659 2705 cuncta
1689 2667 1820 2722 quae

150 2739 407 2795 aderant
429 2737 540 2792 sibi
562 2735 872 2808 sigillatim
890 2738 1072 2808 jussit
1091 2738 1320 2810 exponi.
1341 2740 1601 2803 Quarum
1624 2739 1820 2796 multi-

149 2829 428 2884 tudinem
461 2826 782 2894 admirans,
817 2827 964 2882 nihil
989 2827 1222 2899 penitus
1253 2829 1458 2884 exinde
1479 2829 1817 2901 contingere

151 2916 557 2990 praesumpsit.
586 2917 729 2971 Item
751 2916 1014 2972 Alericus
1033 2918 1123 2972 vir
1144 2917 1400 2973 infidelis
1423 2923 1480 2974 et
1502 2919 1810 2987 barbarus,

151 3023 285 3062 cum
313 3004 473 3060 bello
498 3005 820 3060 Romanam
846 3006 1096 3078 cepisset
1116 3008 1343 3073 urbem,
1368 3008 1566 3063 omnia
1591 3025 1720 3079 quis
1741 3010 1812 3064 ad

154 3093 479 3151 Ecclesiam
510 3093 897 3165 confugerant
923 3094 1085 3150 salva
1115 3112 1243 3151 esse
1283 3097 1570 3167 permisit.
1605 3098 1674 3152 Et
1705 3097 1813 3153 hoc

153 3183 235 3239 illi
264 3185 472 3239 divina
491 3184 771 3254 mysteria
801 3183 1160 3254 ignorantes.
1185 3185 1464 3240 Catholici
1495 3203 1632 3241 vero
1657 3188 1814 3258 prin-

153 3273 310 3345 cipes
324 3271 710 3328 manifestum
725 3277 815 3327 est
830 3273 1349 3343 quiaEcclesiseDei
1363 3291 1478 3330 non
1493 3292 1811 3348 praesump-

152 3343 351 3418 serant
371 3361 691 3428 dominari,
711 3362 813 3417 sed
835 3361 1130 3434 elegerant
1151 3363 1352 3419 sedule
1375 3343 1666 3420 famulari.
1689 3343 1812 3421 Id—o«
1845 3343 1888 3410 C-

155 3451 225 3507 lis
249 3467 490 3523 quoque
521 3449 844 3506 servientes
872 3455 1088 3507 terram
1121 3452 1513 3519 sacerdotum,
1545 3453 1634 3508 vel
1665 3459 1813 3510 tem-

157 3539 388 3612 plorum
432 3555 680 3594 suorum
713 3557 747 3594 a
794 3539 1031 3611 publica
1078 3541 1376 3596 iunctione
1419 3543 1814 3598 removebant.

156 3627 313 3690 Quod
345 3633 406 3684 et
437 3628 513 3683 de
543 3628 843 3684 Pharaone
901 3645 1034 3701 rege
1090 3629 1320 3701 .Egypti
1380 3629 1654 3701 legimus,
1716 3631 1816 3702 qui

159 3731 290 3772 cum
322 3733 565 3773 omnem
597 3722 816 3773 terram
848 3718 1078 3790 [Egypti
1125 3734 1243 3775 sua:
1274 3718 1596 3790 redegisset
1639 3719 1815 3775 ditio-

162 3805 238 3872 ni,
271 3811 496 3862 terram
528 3806 952 3863 sacerdotalem
984 3808 1231 3879 excepit,
1257 3812 1313 3863 et
1333 3808 1670 3864 indemnem
1693 3826 1818 3880 per-

161 3894 338 3952 misit.

226 3986 376 4050 Quid
408 4000 554 4057 ergo
586 3985 656 4041 de
685 3984 826 4053 illis,
861 3985 963 4057 qui
993 4002 1062 4041 ea
1088 4002 1216 4057 qua;
1248 3988 1320 4042 ad
1369 4003 1629 4058 praesens
1658 3987 1816 4044 inve-

161 4073 328 4130 niunt
369 4075 809 4147 deprzedantur,
857 4080 916 4131 et
964 4092 1090 4146 qua:
1141 4076 1201 4131 in
1244 4076 1438 4131 futuro
1478 4079 1818 4150 congregari

164 4178 328 4234 posse
357 4165 631 4231 credunt,
664 4165 918 4220 exactori
951 4165 1121 4236 quasi
1144 4166 1255 4220 sub
1287 4165 1539 4238 pastoris
1580 4167 1818 4224 nomine

161 4255 442 4324 vendunt,
474 4259 536 4310 et
583 4259 805 4325 quanto
864 4256 1090 4324 majora
1148 4254 1386 4310 fuerunt
1443 4257 1816 4328 patrimonia,

169 4347 324 4400 tanto
347 4343 636 4417 prolixius
665 4343 1015 4415 episcopalis
1035 4344 1324 4400 ordinatio
1353 4345 1692 4417 propalatur
1716 4363 1728 4414 ;
1753 4352 1820 4402 ut

166 4431 305 4488 nihil
335 4437 644 4489 remaneat
667 4432 1091 4500 indiscussum,
1115 4434 1270 4503 quod
1294 4433 1436 4489 utile
1454 4435 1723 4490 videatur
1743 4437 1814 4492 ad

168 4521 380 4577 usum?
410 4522 486 4578 Ut
518 4522 603 4576 sic
635 4521 854 4593 pariter
886 4522 1006 4576 luat
1039 4521 1299 4577 Ecclesia
1328 4523 1662 4579 animarum
1696 4524 1814 4580 dis-

167 4609 461 4678 pendium,
500 4608 884 4664 amissionem
917 4613 974 4664 et
1005 4625 1222 4664 rerum.
1271 4611 1340 4664 Et
1385 4615 1526 4666 tunc
1576 4613 1815 4669 tandem

1929 2034 2193 2106 papulum
2222 2047 2429 2102 meum,
2463 2037 2514 2090 et
2542 2035 2924 2091 contaminavi
2952 2033 3330 2090 hereditatem
3376 2050 3581 2104 meam,

1929 2125 1980 2177 et
2008 2121 2137 2177 dedi
2161 2137 2249 2176 eos
2284 2123 2346 2175 in
2374 2137 2548 2176 manu
2575 2125 2690 2189 tua,
2722 2137 2832 2176 non
2882 2123 3116 2192 posuisti
3143 2121 3220 2177 eis
3264 2120 3584 2176 misericor-

1930 2211 2052 2265 dias
2081 2211 2243 2279 (Isai.
2267 2227 2439 2275 XLVII,
2471 2210 2547 2280 5).
2581 2210 2858 2274 Quamvis
2888 2211 3044 2264 enim
3067 2208 3367 2264 Chaldaeos
3389 2209 3586 2264 Domi-

1932 2315 2045 2354 nus
2075 2298 2148 2353 ad
2180 2297 2530 2368 capiendum
2558 2296 2736 2352 lsrael
2760 2297 3008 2365 miserit,
3043 2298 3143 2352 sed
3174 2297 3315 2368 quia
3343 2297 3588 2353 crudeli-

1932 2392 2055 2442 tate
2084 2386 2144 2441 in
2176 2387 2260 2441 eis
2293 2385 2528 2458 propria
2556 2386 2726 2440 abusi
2759 2390 2918 2452 sunt,
2951 2389 3009 2439 et
3037 2387 3290 2455 majores
3322 2385 3438 2441 illis
3469 2386 3585 2441 im-

1930 2474 2473 2548 posueruntplagas
2491 2489 2668 2544 quam
2693 2474 2788 2528 Dei
2813 2473 3583 2544 ultioefﬂagitabat,iratum

1932 2582 1992 2620 se
2018 2565 2300 2619 adversus
2330 2579 2428 2618 eos
2475 2563 2957 2618 manifestissime
3006 2561 3240 2617 clamat.
3295 2564 3362 2618 Et
3409 2563 3582 2634 paulo

1931 2658 2062 2725 post
2092 2669 2301 2708 rursus
2335 2653 2404 2708 ad
2439 2651 2804 2707 Hierusalem
2832 2669 2844 2706 :
2877 2655 2983 2707 Eos
3010 2667 3134 2707 vero
3160 2654 3256 2723 qui
3287 2652 3581 2723 judicave-

1928 2751 2062 2797 runt
2103 2748 2178 2812 te,
2232 2757 2330 2809 ego
2378 2741 2640 2812 judicabo
2696 2743 2848 2812 (Isai.
2907 2757 3058 2807 xmx,
3089 2741 3202 2811 25),
3261 2746 3311 2795 et
3367 2755 3582 2796 omnem

1928 2831 2182 2898 linguam
2210 2831 2549 2885 resistentem
2576 2831 2699 2896 tibi,
2732 2829 2950 2900 judicio
2968 2829 3246 2902 judicabis
3275 2829 3430 2901 (Isai.
3467 2843 3592 2899 Liv,

1928 2920 2037 2990 i7);
2070 2923 2128 2974 et
2157 2919 2331 2973 item:
2387 2919 2507 2974 Non
2551 2919 2613 2973 in
2643 2920 3035 2989 sempiternum
3085 2919 3372 2990 litigabor,
3403 2935 3579 2988 neque

1923 3024 2095 3080 usque
2124 3007 2194 3062 ad
2224 3008 2389 3076 ﬁnem
2436 3010 2650 3062 irascar
2696 3009 2847 3078 (lsai.
2884 3023 3014 3072 LVII,
3060 3007 3185 3076 16);
3236 3010 3293 3060 et
3319 3006 3574 3060 iterum:

1924 3100 1988 3152 In
2019 3097 2396 3168 indignatione
2421 3111 2546 3151 mea
2579 3097 2824 3166 percussi
2853 3100 2922 3165 te,
2957 3103 3010 3151 et
3039 3097 3101 3149 in
3131 3095 3583 3151 reconciliatione

1923 3201 2045 3240 mea
2075 3188 2327 3240 misertus
2356 3201 2480 3238 sum
2530 3186 2615 3240 tui
2666 3185 2818 3254 (Isai.
2852 3200 2942 3251 ιιι,
2977 3183 3086 3254 10).
3140 3188 3206 3238 Et
3251 3183 3577 3239 Jeremias:

1925 3273 2158 3330 Sanctus
2188 3273 2361 3328 Israel
2390 3273 2619 3328 Domino
2645 3273 2916 3344 primitiae
2944 3274 3172 3343 frugum
3211 3274 3356 3344 ejus,
3396 3288 3583 3328 omnes

1927 3365 2023 3434 qui
2050 3363 2312 3417 devorant
2339 3379 2464 3418 eum
2490 3361 2828 3433 delinquent,
2860 3362 3012 3416 mala
3036 3363 3257 3416 venient
3283 3377 3452 3433 super
3469 3377 3580 3428 eos,

1925 3451 2064 3508 dicit
2085 3451 2346 3506 Dominus
2375 3451 2594 3520 (Jerem.
2645 3467 2707 3517 ιι,
2737 3451 2812 3519 3).
2869 3451 2938 3505 Et
2968 3448 3149 3505 David
3181 3449 3240 3504 in
3290 3449 3540 3521 psalmis
3565 3466 3578 3504 :

1929 3541 2042 3610 Ipsi
2070 3539 2299 3606 obligati
2326 3546 2471 3605 sunt,
2503 3542 2559 3592 et
2579 3537 2928 3598 ceciderunt;
2984 3553 3080 3593 nos
3111 3540 3298 3592 autem
3327 3539 3580 3592 surrexi-

1927 3644 2052 3682 mus
2082 3631 2132 3682 et
2189 3629 2362 3682 erecti
2412 3642 2600 3680 sumus
2657 3626 2826 3694 (Psal.
2859 3626 3084 3696 x1x,9);
3146 3630 3204 3680 et
3238 3625 3420 3680 item:
3480 3628 3585 3694 Qui

1928 3717 2200 3773 tribulant
2226 3731 2314 3771 me
2333 3717 2550 3770 inimici
2587 3717 2716 3783 mei,
2749 3717 2860 3786 ipsi
2887 3715 3162 3786 inﬁrmati
3190 3723 3336 3785 sunt,
3368 3718 3418 3771 et
3445 3717 3582 3770 ceci-

1928 3805 2127 3861 derunt
2157 3805 2330 3876 (Psal.
2363 3822 2517 3872 xxvr,
2540 3804 2618 3875 2).
2652 3807 2722 3859 Et
2752 3804 3036 3860 Dominus
3058 3805 3130 3860 de
3153 3803 3330 3860 Israel
3350 3821 3580 3860 rursus:

1932 3894 2169 3950 Visitabo
2202 3895 2264 3948 in
2295 3896 2454 3965 virga
2482 3895 2810 3964 iniquitates
2838 3910 3044 3961 eorum,
3088 3897 3138 3949 et
3177 3895 3238 3950 in
3266 3893 3583 3949 verberibus

1926 3987 2146 4054 peccata
2183 3999 2392 4038 eorum.
2424 3981 2856 4039 Misericordiam
2885 3992 3070 4038 autem
3113 3998 3290 4037 meam
3335 3997 3448 4037 non
3475 3981 3584 4036 dis-

1924 4088 2154 4143 pergam
2182 4073 2248 4127 ab
2280 4074 2359 4127 eis
2377 4090 2398 4134 ;
2432 4089 2607 4143 neque
2646 4072 2845 4128 nocebo
2877 4073 2938 4126 in
2966 4073 3197 4128 veritate
3223 4086 3346 4125 mea
3402 4071 3578 4141 (Psal.

1929 4178 2200 4233 Lxxxvm,
2260 4162 2372 4233 33).
2434 4161 2504 4216 Et
2562 4161 2699 4216 item
2747 4160 3035 4216 Jeremias
3083 4161 3154 4216 ad
3224 4160 3577 4216 Dominum:

1931 4251 2227 4307 Tradidisti
2255 4252 2405 4306 enim
2465 4267 2580 4319 nos,
2641 4259 2702 4306 ut
2749 4251 3208 4315 emendaremur;
3254 4251 3346 4306 illi
3391 4253 3583 4306 autem

1927 4345 2373 4410 aggravauerunt
2395 4341 2596 4412 jugum
2625 4355 2787 4396 suum
2815 4357 2984 4408 super
3006 4357 3127 4396 nos.
3180 4341 3247 4395 Et
3301 4337 3581 4393 Dominus

1927 4430 1986 4485 in
2009 4430 2318 4502 Evangelio
2352 4447 2363 4485 :
2399 4431 2458 4485 Si
2487 4431 2610 4500 quis
2640 4429 3102 4484 scandaliaaverit
3125 4444 3296 4482 unum
3318 4427 3383 4481 de
3406 4425 3582 4496 pusil-

1928 4520 1999 4573 lis
2023 4519 2141 4575 istis
2169 4521 2263 4590 qui
2289 4521 2351 4574 in
2382 4536 2465 4574 me
2488 4519 2742 4587 credunt,
2774 4517 2995 4588 expedit
3024 4519 3096 4582 ei,
3128 4525 3188 4570 ut
3215 4515 3582 4586 suspendatur

1925 4609 2072 4662 mola
2095 4610 2345 4662 asinaria
2375 4609 2435 4660 in
2463 4607 2602 4661 collo
2634 4607 2772 4676 ejus,
2807 4610 2858 4660 et
2877 4606 3237 4674 demergatur
3267 4607 3326 4660 in
3352 4608 3580 4676 prof-un-

170 4697 482 4754 novissime
504 4696 776 4768 sequitur
795 4697 1146 4770 episeOpalis
1165 4698 1669 4772 ordinatio,quam
1695 4718 1823 4773 par-
1852 4712 1898 4776 D
1930 4697 2062 4752 dum
2118 4698 2299 4751 maris
2346 4695 2564 4763 (Matth.
2616 4713 2779 4762 xvm,
2828 4697 2905 4764 6).
2965 4696 3074 4750 Sed
3124 4695 3276 4750 dicet
3319 4694 3576 4766 aliquis:

169 4801 361 4842 eorum
387 4784 671 4858 praecedit
689 4785 898 4841 electio
922 4803 934 4853 ;
960 4802 1149 4858 neque
1171 4787 1555 4858 inquiruntur
1589 4791 1818 4860 merita,

171 4875 262 4930 sed
285 4875 484 4947 potius
503 4873 807 4946 eliguntur
827 4891 1092 4931 munera.
1117 4877 1296 4947 Cujus
1319 4894 1580 4949 unquam
1605 4880 1821 4950 praedia

166 4962 327 5020 toties
352 4963 692 5036 depraedata
705 4967 764 5020 et
776 4965 1156 5034 postmodum
1174 4967 1526 5038 venundata,
1543 4969 1822 5038 quemad-

169 5054 399 5109 modum
433 5057 656 5109 sanctae
687 5051 957 5110 Ecclesiae
987 5054 1415 5111 inveniuntur?
1461 5059 1572 5112 Aut
1603 5058 1820 5128 quibus

170 5143 469 5198 sacriﬁciis
491 5141 645 5198 tales
667 5146 941 5214 poterunt
961 5143 1180 5216 expiari
1195 5146 1538 5217 praedones?
1562 5148 1819 5218 Denique

174 5232 453 5305 scriptum
488 5237 619 5288 est:
655 5232 714 5287 Si
739 5237 1055 5304 peccaverit
1080 5236 1169 5289 vir
1195 5237 1252 5290 in
1280 5239 1484 5307 virum,
1515 5239 1740 5308 placare
1768 5240 1820 5292 ei

167 5327 326 5390 patest
357 5327 543 5380 Deus:
574 5324 627 5377 si
651 5331 838 5378 autem
868 5326 932 5378 in
977 5325 1152 5380 Deum
1193 5329 1495 5396 peccaverit
1540 5329 1648 5394 vir,
1697 5329 1818 5399 quis

170 5411 334 5467 orabit
371 5429 471 5484 pro
524 5427 584 5468 eo
607 5415 633 5465 .9
691 5412 736 5483 (I
767 5417 896 5482 Reg.
930 5430 994 5480 ιι,
1026 5413 1140 5482 25.)
1175 5414 1422 5480 Quidam
1455 5419 1511 5470 et
1566 5417 1638 5471 ab
1669 5415 1818 5487 ipsis

170 5497 444 5573 episcopis
493 5499 712 5557 fuerint
758 5502 1034 5558 cautione
1085 5504 1277 5559 ﬁrma.
1324 5545 1336 5558 .
1384 5547 1396 5559 .
1443 5546 1456 5559 .
1501 5547 1514 5559 .
1563 5545 1576 5558 .
1621 5545 1634 5558 .
1680 5545 1693 5559 .
1740 5547 1752 5559 .
1800 5547 1812 5560 .

173 5585 351 5645 Omnes
376 5592 663 5663 principes
718 5607 918 5646 eorum
964 5593 1064 5663 qui
1118 5591 1423 5649 dixerunt:
1484 5594 1816 5649 Ilmredilate

170 5679 529 5744 possideamus
561 5683 947 5736 sanctuarium
979 5683 1093 5737 Dei.
1154 5685 1296 5738 Deus
1352 5700 1523 5750 meus,
1567 5701 1704 5755 pone
1736 5683 1813 5737 il-

175 5765 245 5820 los
272 5773 326 5823 ut
354 5781 540 5826 ratam
555 5786 576 5832 ;
634 5775 683 5826 et
727 5773 869 5826 sicut
923 5773 1185 5844 stipulam
1245 5768 1372 5828 ante
1413 5775 1615 5845 faciem
1662 5774 1812 5830 venti

1933 4785 2208 4851 Quamvis
2240 4786 2398 4840 enim
2431 4801 2524 4840 res
2553 4784 2959 4841 ecclesiasticae
2999 4802 3033 4840 a
3063 4801 3156 4840 me
3186 4785 3578 4853 detineantur,

1929 4875 2116 4946 liquet
2148 4874 2286 4946 quia
2317 4874 2488 4946 plura
2516 4875 2801 4930 beneﬁcia
2829 4876 2922 4945 [ex
2946 4874 3092 4946 ipsis
3123 4891 3227 4945 per
3256 4889 3349 4928 me
3377 4873 3579 4928 adver-

1931 4983 2034 5022 sus
2067 4967 2334 5021 eamdem
2366 4965 2675 5022 ecclesiam
2708 4964 3144 5029 ministrentur,
3197 4977 3374 5032 quam
3407 4960 3457 5015 si
3504 4961 3578 5016 ab

1930 5054 2138 5112 iisdem
2197 5053 2613 5111 ecclesiasticis
2671 5054 3106 5108 detinerentur:
3168 5051 3269 5105 sed
3337 5052 3579 5119 errant]

1929 5147 2064 5212 Quae
2077 5162 2213 5217 ergo
2228 5161 2402 5217 opera
2417 5143 2852 5214 [misericordia
2869 5143 2941 5196 de
2954 5139 3295 5212 hujusmodi
3312 5139 3581 5211 frugibus

1929 5251 1962 5290 a
1991 5235 2212 5291 talibus
2255 5237 2530 5306 poterunt
2576 5232 2834 5303 legitime
2887 5230 3246 5302 praeparari?
3303 5227 3579 5298 Nunquid

1928 5325 2354 5396 eleemosynas]
2386 5321 2638 5393 largiri?
2669 5321 2759 5376 vel
2811 5322 3059 5376 fortasse
3114 5319 3310 5392 potius
3367 5318 3580 5390 [ipsius

1925 5415 2184 5471 ecclesiae
2209 5413 2380 5483 cujus
2403 5408 2702 5466 beneficiis
2725 5409 2780 5463 vi
2803 5410 3128 5482 potiuntur,
3151 5407 3358 5463 altaria
3379 5422 3582 5478 coope-

1927 5504 2051 5571 riri,
2084 5502 2173 5558 vel
2205 5499 2539 5572 luminaria]
2573 5499 2871 5563 succendi,
2920 5498 3240 5553 architecte
3270 5495 3528 5568 reparari
3550 5495 3578 5549 ‘I

1924 5593 2149 5649 Clamat
2179 5591 2464 5646 Dominus
2496 5606 2598 5661 per
2628 5590 2810 5645 Osee:
2863 5587 3289 5642 Misericordiam
3334 5586 3492 5638 votui
3527 5593 3579 5640 et

1927 5699 2038 5739 non
2068 5682 2424 5750 sacriﬁcium,
2449 5683 2499 5733 et
2520 5680 2804 5732 scientiam
2825 5679 2926 5731 Dei
2960 5677 3245 5746 plusquam
3269 5674 3580 5727 holocausta

1925 5773 2076 5844 (Osee
2122 5788 2197 5839 v1,
2243 5771 2319 5840 6).
2381 5770 2451 5824 Et
2479 5768 2652 5824 item:
2686 5768 2792 5837 Ego
2821 5765 3083 5822 Dominus
3127 5762 3364 5832 diligens
3406 5760 3564 5830 judi-
