3946 6434
379 444 452 508 91
1394 450 1728 516 ATTONIS
1775 451 2361 516 VERCELLENSIS
2411 455 2760 518 EPISCOPI
3713 456 3786 520 92

344 624 357 653 ε
379 581 551 656 cium,
580 584 637 641 et
665 582 787 641 odio
816 582 1020 644 habens
1040 590 1299 662 rapinam
1319 589 1377 647 in
1398 589 1707 649 holocausta
1728 590 1888 665 (Isai.
1912 608 2023 664 LXI,
2057 587 2112 654 Α
2141 603 2340 644 remur
2354 587 2509 647 bona
2529 589 2601 646 ad
2622 604 2847 658 omnes,
2864 587 3117 647 maxime
3130 592 3325 646 autem
3347 587 3419 645 ad
3433 589 3790 648 domesticos

380 671 458 744 8).
492 672 648 730 Deus
670 675 968 745 justorum
1000 677 1191 752 diligit
1221 684 1645 752 paupertatem,
1671 697 1849 752 quam
1880 682 2025 736 divi-

382 764 510 817 tum
545 768 1459 840 munera,qumderapinissunt
1535 811 1547 823 .
1631 811 1643 824 .
1727 811 1739 824 .
1820 811 1834 825 .
1915 812 1928 824 .
2010 813 2022 825 .

382 849 538 907 Deus
570 853 641 907 ad
675 870 920 911 munera
948 857 1087 912 Cain
1114 875 1127 923 ;
1153 857 1290 928 quia
1310 859 1580 929 quamvis
1598 864 1752 914 recte
1775 859 2024 929 offerret,

384 942 578 995 tamen
615 958 728 997 non
761 946 913 998 recte
956 945 1249 1000 dividebat
1296 962 1430 1001 cum
1466 947 1661 1003 fratre.
1722 950 1815 1002 Ait
1868 947 2027 1002 enim

382 1026 591 1084 beatus
640 1033 983 1088 Ambrosius
1041 1032 1165 1100 (lib.
1217 1052 1236 1089 ι
1295 1034 1475 1106 0fﬁc.,
1536 1053 1587 1091 c.
1647 1037 1773 1107 30):
1838 1036 2024 1092 «Non

383 1116 665 1187 probatur
691 1119 953 1191 largitas,
976 1121 1203 1192 siquod
1228 1122 1395 1178 alteri
1418 1123 1683 1195 largitur,
1709 1124 1871 1179 alteri
1893 1123 2026 1195 quis

383 1210 742 1277 extorqueat,
774 1209 823 1263 si
857 1209 1074 1279 injuste
1125 1213 1410 1283 acquirat,
1460 1229 1528 1269 ac
1569 1215 1731 1284 justo
1784 1213 2027 1285 dispen-

382 1293 639 1349 dendum
673 1301 858 1367 putet.
890 1321 918 1348 ››
952 1300 1019 1354 Et
1048 1299 1189 1355 item
1215 1318 1227 1356 :
1285 1322 1313 1352 «
1345 1303 1817 1357 Fundamentum
1849 1302 2031 1374 igitur

383 1379 594 1437 habeat
609 1382 931 1440 liberalitas
948 1391 1067 1443 tua.
1087 1392 1206 1443 Hoc
1227 1389 1486 1460 primum
1508 1390 1789 1461 quaeritur
1808 1394 1875 1446 ut
1893 1406 2029 1446 cum

384 1468 501 1525 ﬁde
533 1470 856 1540 conferens,
890 1474 1159 1531 fraudem
1222 1493 1336 1532 non
1388 1478 1569 1534 facias
1614 1478 1848 1534 oblatis.
1884 1501 1912 1528 »
1961 1480 2031 1535 Et

385 1556 558 1628 paulo
585 1563 754 1631 post:
809 1581 837 1611 «
868 1562 929 1618 Si
960 1579 1077 1619 non
1108 1568 1300 1635 potest
1331 1565 1498 1622 alteri
1547 1568 1865 1637 subveniri,
1916 1567 2029 1623 nisi

384 1644 805 1718 alterlaedatur,
830 1653 1198 1711 commodius
1218 1660 1307 1710 est
1328 1656 1824 1727 neutrumjuvari,
1850 1672 2030 1726 quam

383 1736 613 1806 gravari
644 1736 915 1795 alterum.
943 1743 1220 1805 Quamvis
1249 1744 1492 1814 quidam
1515 1760 1783 1816 perverse
1815 1742 2029 1798 intelli-

384 1828 589 1893 gentes
609 1829 1115 1886 assumantsibiin
1129 1831 1559 1902 testimonium,
1574 1833 1729 1903 quod
1750 1832 2030 1887 Dominus

385 1911 552 1967 aitin
574 1913 1129 1988 Evangelio:Facite
1156 1920 1305 1975 vobis
1348 1923 1551 1977 amicos
1597 1922 1666 1977 de
1713 1936 2031 1977 mammona

386 2000 728 2071 iniquitatis,
761 2014 822 2060 ut
844 2022 968 2062 cum
987 2006 1315 2077 defeceritis,
1338 2011 1618 2080 recipiant
1632 2027 1723 2066 vos
1744 2010 1804 2065 in
1823 2010 2034 2066 aeterna

386 2089 749 2149 tabernacula
797 2097 951 2162 (Luc.
985 2113 1103 2161 xvr,
1133 2099 1210 2165 9).
1264 2098 1602 2155 Mammona
1629 2099 1785 2155 enim
1818 2098 2031 2153 divitiae

387 2183 547 2246 sunt,
570 2198 694 2249 quas
717 2182 863 2240 bene
883 2184 1222 2256 iniquitates
1234 2187 1530 2255 dicuntur,
1551 2189 1704 2259 quod
1724 2186 2033 2243 saeculares

386 2267 600 2323 divitiae
622 2270 715 2325 vix
739 2277 1008 2328 crescunt
1026 2274 1138 2329 nisi
1162 2276 1384 2347 absque
1403 2276 1625 2347 rapina.
1650 2275 1853 2332 Omnis
1874 2275 2030 2331 enim

387 2356 594 2427 rapina
613 2357 895 2429 iniquitas
917 2365 1025 2429 est,
1048 2364 1149 2418 sed
1172 2380 1288 2419 non
1301 2363 1790 2436 omnisiniquitas
1803 2364 2027 2436 rapina:

387 2442 671 2515 iniquitas
682 2446 839 2502 enim
854 2448 1068 2504 dicitur
1088 2451 1371 2531 quidquid
1388 2452 1520 2523 plus
1540 2462 1627 2507 vel
1646 2454 1848 2509 minus
1865 2468 2031 2523 aequo

388 2531 456 2586 ﬁt
478 2549 491 2599 ;
519 2533 725 2604 rapina
742 2540 941 2591 autem
967 2541 1057 2593 est
1076 2539 1290 2609 praeda,
1315 2540 1471 2595 dicta
1490 2557 1523 2594 a
1539 2541 1840 2612 rapiendo,
1863 2540 1920 2596 id
1945 2545 2033 2595 est

388 2635 422 2673 a
448 2619 729 2677 violenter
758 2624 1058 2696 capiendo.
1092 2626 1217 2682 Non
1246 2644 1382 2699 ergo
1404 2628 1687 2698 jubemur
1710 2629 1932 2685 amicos
1961 2629 2033 2685 de

390 2708 595 2780 rapina
628 2710 834 2782 facere,
867 2714 969 2769 sed
1001 2715 1073 2770 de
1103 2732 1443 2772 mammona
1470 2716 1820 2789 iniquitatis.
1844 2718 1926 2772 De
1947 2735 2033 2774 ra-

389 2795 530 2868 pina
541 2803 735 2855 autem
751 2800 1077 2876 eleemosyn
1086 2821 1179 2860 am
1195 2805 1335 2861 dare
1347 2804 1682 2861 nullatenus
1696 2823 2030 2877 possumus.

390 2886 553 2951 Quod
584 2888 857 2946 Zacbzeus
905 2891 1003 2947 ille
1035 2893 1384 2965 publicanus
1422 2896 1740 2968 prudenter
1768 2895 2032 2951 conside-

391 2990 550 3042 rans,
585 2977 669 3033 ait
717 2980 787 3034 ad
820 2980 1175 3038 Dominum:
1232 2984 1363 3039 Ecce
1419 2984 1712 3040 dimidium
1769 2984 2036 3040 bonorum

393 3079 662 3135 meorum,
686 3067 935 3137 Domine,
960 3070 1027 3126 do
1048 3074 1387 3142 pauperibus
1404 3090 1426 3136 ;
1472 3082 1524 3129 et
1550 3075 1601 3128 si
1628 3073 1761 3144 quid
1799 3074 2037 3145 aliquem

392 3152 737 3228 defraudavi,
769 3158 932 3214 reddo
961 3161 1340 3233 quadruplum
1369 3164 1516 3235 (Luc.
1550 3179 1666 3231 xxx,
1698 3163 1775 3235 8).
1824 3163 2035 3218 Totum

395 3243 551 3298 enim
584 3245 749 3300 daret
777 3249 1156 3319 pauperibus,
1187 3250 1236 3305 si
1267 3267 1329 3306 se
1369 3251 1708 3308 innocenter
1736 3255 1869 3307 ante
1899 3267 2037 3306 con-

391 3332 715 3389 versionem
738 3334 951 3392 vixisse
972 3345 1372 3410 cognosceret;
1405 3342 1507 3397 sed
1532 3342 1670 3413 quia
1689 3340 1912 3413 aliquid
1936 3358 2038 3413 per
2066 3317 2110 3384 (ἶ

394 3420 661 3478 fraudem
693 3439 756 3479 se
786 3425 1098 3484 abstulisse
1118 3430 1604 3498 consideraverat,
1637 3430 1880 3503 dignum
1905 3446 2039 3486 cen-

396 3510 520 3565 suit
535 3511 700 3583 prius
720 3512 917 3570 ablata
928 3517 1103 3586 juxta
1122 3517 1307 3590 legem
1324 3519 1584 3583 reddere.
1608 3524 1662 3575 et
1680 3520 1762 3575 sic
1776 3525 2038 3592 postmo-

400 3599 538 3655 dum
562 3617 688 3672 qua
711 3610 1115 3662 remanserant
1133 3607 1491 3678 pauperibus
1513 3623 1770 3679 erogare.
1788 3608 2043 3679 Antiqua

397 3689 554 3743 enim
586 3688 679 3745 lex
706 3691 766 3745 in
799 3694 1198 3766 quadruplum
1218 3696 1448 3751 restitui
1468 3697 1713 3766 jubebat
1737 3696 1949 3753 ablata.
1974 3697 2042 3752 Et

398 3777 538 3848 quia
568 3777 872 3834 dimidiam
907 3781 1197 3838 bonorum
1238 3800 1481 3841 suorum
1512 3790 1763 3857 partem,
1812 3786 1882 3840 ad
1933 3785 2043 3841 hoc

398 3866 669 3923 sufﬁcere
695 3870 965 3936 credidit,
998 3876 1395 3943 competenter
1421 3878 1479 3930 et
1506 3874 1812 3931 dimidiam
1844 3876 2042 3947 egenis

400 3955 724 4029 distribuit,
769 3959 1000 4031 sibique
1052 3961 1198 4017 nihil
1251 3963 1309 4018 in
1359 3968 1658 4035 posterum
1709 3965 2040 4020 reservavit.

399 4046 584 4118 Igitur
604 4047 654 4103 si
676 4049 933 4105 evenerit
963 4054 1026 4105 ut
1057 4050 1274 4123 quibus
1304 4053 1645 4118 reddantur,
1678 4070 1804 4125 qua:
1825 4054 2044 4125 injuste

399 4134 596 4191 ablata
634 4141 793 4201 sunt,
855 4138 940 4194 vel
985 4138 1244 4196 hmredes
1301 4140 1563 4213 ipsorum
1628 4142 1873 4198 inveniri
1926 4160 2042 4199 non

400 4225 868 4295 possint,melius
879 4231 970 4283 est
986 4228 1347 4301 utipsorum,
1362 4232 2045 4303 cujus[fuerantnomine

399 4312 459 4369 in
493 4312 880 4387 eleemosynis
910 4317 1367 4385 distribuantur,
1417 4336 1594 4391 quam
1634 4337 1669 4375 a
1707 4320 2045 4390 raptoribus

399 4402 728 4475 capiantur.
763 4404 875 4461 Sed
908 4406 957 4462 si
978 4406 1101 4462 ﬁeri
1120 4402 1331 4479 potest,
1363 4409 1551 4481 magis
1567 4409 1865 4465 reddenda
1883 4414 2044 4480 sunt,

403 4493 1702 4570 quamaliterquoquomododispensanda.»]
1746 4540 1759 4553 .
1840 4540 1853 4552 .
1934 4540 1948 4553 .
2030 4541 2042 4553 .

402 4582 901 4641 feceritDomino.
981 4626 994 4640 .
1076 4628 1090 4642 .
1174 4627 1186 4641 .
1266 4628 1278 4642 .
1361 4629 1375 4642 .
1456 4630 1469 4643 .
1552 4630 1565 4644 .
1648 4628 1661 4643 .
1742 4628 1753 4642 .
1837 4631 1850 4643 .
1932 4630 1943 4641 .
2028 4628 2041 4641 .

2139 676 2292 732 fidei.
2327 680 2612 743 Quoniam
2647 680 2799 735 sicut
2846 680 2929 735 ait
2977 680 3185 735 beatus
3232 679 3581 736 Ambrosius
3614 681 3739 753 (lib.
3772 698 3790 736 1

2141 768 2305 837 Ofﬁc.
2341 785 2392 822 c.
2418 770 2507 837 30,
2540 773 2671 823 ante
2707 769 2903 839 med.):
2938 768 3282 837 «Omnibus
3308 768 3591 824 debemus
3614 769 3790 824 mise-

2139 855 2451 911 ricordiam
2480 875 2492 923 ;
2518 858 2617 913 sed
2642 858 2795 929 quod
2824 857 3234 929 pleriqueeam
3258 858 3463 913 fraude
3496 862 3789 929 quaerunt,

2138 948 2196 998 et
2212 945 2505 1016 efﬁngunt
2521 962 2872 1013 aerumnam;
2897 946 3024 1001 ideo
3044 947 3142 1001 ubi
3161 963 3340 1002 causa
3358 947 3791 1012 manifestatur,

2139 1048 2387 1102 persona
2410 1034 2804 1105 cognoscitur,
2822 1038 3056 1105 tempus
3079 1039 3266 1106 urget,
3290 1033 3512 1106 largius
3536 1051 3598 1090 se
3619 1035 3793 1090 debet

2140 1121 2492 1193 profundere
2520 1122 2939 1178 misericordia.
2984 1147 3006 1177 ι
3067 1122 3231 1179 Unde
3270 1124 3477 1178 beatus
3531 1124 3793 1179 Joannes

2137 1209 2437 1282 apostolus
2467 1210 2587 1266 ait:
2616 1211 2797 1269 Nolite
2824 1212 3045 1267 credere
3091 1214 3245 1268 omni
3271 1213 3519 1284 spiritui,
3548 1212 3642 1267 sed
3668 1228 3795 1284 pro-

2142 1300 2264 1354 bate
2292 1307 2479 1355 utrum
2511 1316 2582 1355 ea:
2609 1301 2715 1356 Deo
2744 1302 2815 1356 sit
2863 1301 2910 1371 (1
2935 1303 3091 1357 Joan.
3125 1319 3198 1367 ιν,
3236 1302 3308 1371 1).
3359 1301 3604 1356 Talibus
3656 1317 3794 1372 ergo

2140 1403 2307 1460 opem
2337 1388 2553 1445 inferre
2574 1406 2689 1445 non
2711 1389 3086 1458 desistamus,
3114 1394 3177 1445 ut
3198 1390 3460 1461 ipsorum
3484 1390 3717 1445 meritis
3739 1393 3796 1443 et

2139 1476 2662 1534 intercessionibus
2693 1479 2984 1534 introduci
3016 1496 3348 1535 mereamur
3377 1480 3437 1534 in
3468 1483 3688 1535 aeterna
3710 1483 3790 1533 ta-

2141 1566 2476 1622 bernacula.

2214 1654 2324 1710 Sed
2358 1654 2498 1726 quia
2528 1672 2801 1727 asperum
2842 1657 2997 1727 quod
3028 1655 3451 1712 denuntiamus
3477 1656 3794 1711 observare

2141 1743 2470 1799 volentibus
2501 1746 2739 1800 omnino
2770 1744 3022 1809 videtur,
3054 1747 3198 1801 dum
3242 1745 3477 1817 penitus
3516 1743 3792 1816 blasphe-

2141 1849 2302 1888 mare
2322 1836 2658 1889 sanctarum
2679 1832 3110 1905 Scripturarum
3133 1851 3249 1888 non
3261 1834 3479 1889 audent
3494 1838 3791 1898 auctores,

2142 1921 2301 1993 ipsos
2329 1920 2727 1993 persequinon
2751 1921 3033 1977 omittunt
3046 1922 3343 1990 relatores,
3361 1926 3426 1977 ut
3446 1921 3614 1993 quasi
3631 1937 3795 1976 secu-

2142 2010 2267 2065 rius
2293 2009 2361 2064 de
2384 2009 2714 2081 ignorantia
2727 2025 2788 2063 se
2800 2009 3063 2065 excusari
3081 2009 3327 2081 possint,
3343 2010 3392 2064 si
3406 2010 3528 2065 haec
3546 2009 3795 2064 minime

2142 2097 2455 2154 audierint.
2490 2101 2734 2152 Econtra
2755 2114 2861 2153 nos
2894 2097 3174 2153 Dominus
3204 2100 3479 2155 admonet
3510 2096 3797 2153 Ezechieli

2143 2186 2437 2258 prophetae
2467 2186 2703 2241 dicens:
2744 2188 2838 2253 Tu,
2870 2185 2963 2256 ﬁli
3009 2187 3268 2254 hominis,
3321 2188 3722 2257 speculatorem
3749 2194 3798 2241 te

2138 2277 2298 2347 posui
2349 2275 2537 2331 domui
2591 2274 2791 2345 Israel,
2848 2273 3080 2330 audiens
3137 2274 3201 2329 de
3230 2290 3326 2329 ore
3378 2291 3499 2331 meo
3548 2275 3795 2344 verbum,

2141 2364 2501 2419 annuntiabis
2530 2364 2608 2418 eis
2636 2380 2706 2419 ea:
2748 2379 2852 2418 me.
2917 2362 2977 2418 Si
3021 2362 3235 2418 dicente
3285 2378 3372 2417 me
3425 2364 3495 2417 ad
3532 2365 3796 2434 impium,

2141 2462 2318 2509 morte
2340 2455 2614 2521 morieris,
2656 2468 2767 2506 non
2791 2453 3223 2506 annuntiat-eris
3252 2452 3325 2516 ei,
3355 2466 3529 2521 neque
3580 2450 3797 2507 locutus

2138 2544 2336 2613 fueris,
2396 2545 2459 2596 ut
2510 2544 2797 2597 avertatur
2851 2557 2886 2594 a
2931 2542 3028 2595 via
3081 2555 3181 2593 sua
3235 2539 3429 2609 impia,
3490 2542 3543 2592 et
3600 2542 3792 2595 vivat:

2141 2633 2257 2702 ipse
2286 2632 2489 2701 impius
2513 2631 2574 2684 in
2606 2630 2902 2701 iniquitate
2951 2645 3052 2683 sua
3110 2629 3411 2683 morietur:
3458 2630 3797 2700 sanguinem

2142 2723 2328 2775 autem
2380 2720 2502 2789 ejus
2529 2718 2598 2773 de
2651 2734 2824 2773 manu
2889 2721 2993 2772 tua
3048 2716 3351 2788 requiram.
3412 2716 3475 2771 Si
3518 2720 3709 2773 autem
3742 2721 3796 2772 tu

2142 2809 2561 2865 annuntiaveris
2617 2808 2810 2878 impio,
2866 2814 2918 2862 et
2977 2806 3072 2861 ille
3120 2821 3228 2860 non
3284 2807 3454 2875 fuerit
3499 2822 3798 2862 conversus

2140 2898 2213 2954 ab
2246 2899 2530 2968 impietate
2580 2901 2635 2952 et
2665 2899 2755 2951 via
2782 2912 2885 2951 sua
2919 2896 3112 2962 mala;
3160 2897 3276 2965 ipse
3319 2894 3535 2964 quidem
3586 2897 3651 2949 in
3686 2897 3797 2949 ini-

2145 2988 2354 3058 quitate
2380 3001 2484 3041 sua
2511 2986 2800 3054 morietur,
2842 2993 2902 3039 tu
2948 2989 3131 3039 autem
3160 2985 3407 3038 animam
3462 2987 3617 3037 tuam
3669 2984 3801 3038 libe-

2145 3074 2523 3144 rasti(Ezech.
2577 3091 2662 3140 ιιι,
2713 3074 2819 3145 17).
2866 3074 2934 3127 Et
2978 3072 3236 3128 Jacobus
3288 3071 3631 3143 apostolus:
3697 3073 3801 3141 Qui

2144 3166 2386 3221 converti
2403 3164 2597 3234 fecerit
2611 3165 2945 3234 peccatorem
2977 3162 3044 3216 ab
3064 3177 3252 3217 errore
3274 3163 3383 3217 viz
3400 3175 3539 3226 suae,
3560 3161 3802 3217 salvabit

2147 3256 2395 3308 animam
2442 3268 2649 3315 suam;
2707 3259 2759 3306 et
2813 3252 3029 3322 aperiet
3077 3251 3506 3306 multitudinem
3550 3254 3799 3321 peccato-

2146 3359 2274 3398 rum
2315 3342 2448 3413 (Jac.
2484 3358 2538 3412 ν,
2568 3342 2682 3410 20).
2743 3339 2925 3395 Isaias
2982 3355 3217 3410 quoque
3276 3339 3395 3395 ait:
3458 3337 3673 3409 Clama,
3734 3354 3801 3394 ne

2146 3448 2338 3499 cesses,
2386 3431 2550 3503 quasi
2603 3429 2734 3484 tuba
2776 3429 2962 3484 exalto
2990 3443 3173 3483 vocem
3225 3431 3399 3497 tuam,
3431 3430 3484 3481 et
3522 3429 3801 3483 annuntia

2144 3521 2345 3593 populo
2363 3534 2481 3575 meo
2500 3519 2707 3574 scelera
2725 3534 2936 3587 eorum,
2960 3522 3012 3573 et
3032 3517 3220 3571 domui
3267 3517 3443 3574 Israel
3459 3524 3688 3588 peccata
3718 3532 3801 3572 eo-

2147 3626 2293 3665 rum.
2328 3612 2419 3664 Me
2443 3610 2645 3664 etenim
2678 3606 2742 3662 de
2762 3607 2853 3663 die
2873 3608 2933 3662 in
2953 3606 3097 3661 diem
3120 3609 3398 3675 quaerunt,
3432 3609 3482 3659 et
3510 3607 3655 3661 scire
3684 3607 3801 3662 vias

2148 3714 2295 3753 meas
2324 3697 2556 3752 volunt:
2576 3697 2736 3766 quasi
2763 3711 2891 3765 gens
2921 3709 3047 3767 quae
3062 3696 3342 3767 justitiam
3370 3695 3585 3764 fecerit,
3625 3698 3682 3749 et
3704 3696 3800 3766 ju-

2150 3786 2356 3842 dicium
2384 3786 2482 3841 Dei
2508 3785 2600 3840 sui
2626 3800 2735 3839 non
2765 3785 3092 3855 reliquerit:
3114 3788 3309 3855 rogant
3335 3799 3423 3838 me
3426 3782 3659 3854 judicia
3679 3783 3798 3853 jus-

2151 3876 2315 3942 titiae,
2350 3876 2795 3946 appropinquare
2821 3874 2929 3928 Deo
2977 3874 3164 3928 volunt
3195 3873 3345 3942 (Isai.
3378 3887 3533 3941 Lvm,
3568 3871 3620 3942 1)
3668 3912 3681 3924 .
3729 3913 3740 3924 .
3783 3910 3797 3923 .

2155 4006 2167 4020 .
2216 4006 2229 4020 .
2275 4006 2288 4019 .
2333 4004 2348 4019 .
2392 4004 2407 4018 .
2440 3964 2509 4018 Et
2538 3979 2783 4019 rursus:
2811 3961 2917 4017 Sed
2940 3969 2991 4017 et
3030 3963 3082 4016 si
3109 3960 3239 4031 quid
3267 3961 3535 4031 patimini
3573 3962 3800 4031 propter

2142 4054 2440 4126 justitiam,
2502 4053 2645 4107 beati
2690 4053 2846 4106 eritis
2890 4052 2936 4121 (Ι
2960 4052 3077 4105 Pet.
3132 4066 3216 4115 ιιι,
3249 4049 3377 4120 14);
3436 4052 3493 4104 et
3539 4047 3795 4104 iterum:

2154 4144 2419 4198 Timorem
2446 4156 2558 4196 non
2579 4141 2909 4208 timueritis,
2940 4143 2991 4195 et
3019 4155 3131 4195 non
3156 4138 3560 4194 conturbemini
3593 4138 3797 4209 (Ibid).

2153 4231 2299 4287 Cum
2321 4230 2476 4286 enim
2502 4228 2923 4300 subjectionem
2938 4228 3108 4284 nobis
3123 4226 3801 4299 imperaret,aitpropter

2154 4320 2339 4375 Deum
2369 4335 2382 4386 ;
2417 4316 2556 4388 quia
2583 4320 2790 4388 praeter
2817 4332 2951 4372 eum
2984 4314 3064 4370 nil
3095 4314 3263 4370 nobis
3294 4315 3499 4370 intend
3542 4355 3556 4369 .
3603 4356 3617 4369 .
3666 4356 3679 4370 .
3728 4358 3739 4369 .
3784 4357 3795 4368 .

2154 4412 2280 4464 arte
2311 4405 2754 4477 compellamur.
2794 4406 2859 4460 Et
2890 4421 3132 4460 rursus:
3166 4406 3334 4459 Deum
3366 4406 3570 4470 timete,
3622 4420 3800 4473 regem

2153 4496 2507 4565 honoriﬁcate
2536 4496 2583 4565 (I
2609 4496 2756 4550 Petr.
2792 4511 2853 4559 ιι,
2888 4494 2996 4563 17).
3044 4492 3192 4557 Quia
3241 4492 3326 4547 sic
3370 4508 3469 4547 rex
3521 4492 3800 4548 honoriﬁ-

2154 4585 2380 4641 candus
2410 4588 2519 4651 est,
2546 4587 2611 4638 ut
2634 4583 2734 4638 Dei
2757 4582 2936 4637 timor
2970 4581 3290 4653 praecedere
3318 4579 3607 4635 videatur.
3641 4580 3801 4636 Unde

598 4711 609 4724 .
694 4671 1086 4744 .exemplum,
1114 4678 1177 4729 ut
1208 4692 1309 4747 spe
1338 4675 1721 4750 eleemosynaa
1746 4675 2046 4743 facienda,
2079 4679 2126 4743 D
2157 4677 2215 4730 et
2244 4672 2774 4729 remunerationem
2807 4670 3154 4741 promittens
3183 4685 3318 4724 mox
3346 4668 3561 4740 adjecit
3586 4685 3601 4723 :
3636 4669 3739 4725 Sed
3752 4675 3802 4723 et

401 4757 443 4813 l.
523 4800 536 4814 .
618 4801 631 4814 .
713 4801 726 4814 .
809 4803 821 4816 .
904 4802 917 4815 .
999 4760 1307 4820 .laudatus
1338 4769 1448 4832 est,
1481 4766 1582 4821 sed
1614 4766 1684 4821 de
1714 4765 2046 4837 prudentia.

400 4846 1089 4906 Namsidebonitate.
1171 4893 1184 4907 .
1266 4894 1277 4907 .
1360 4895 1373 4908 .
1456 4895 1469 4907 .
1548 4892 1563 4911 .
1646 4894 1659 4908 .
1741 4894 1754 4907 .
1835 4896 1849 4909 .
1930 4894 1944 4908 .
2026 4895 2038 4908 .

405 4977 419 4991 .
500 4978 513 4993 .
595 4980 608 4993 .
690 4978 703 4992 .
785 4981 798 4994 .
882 4982 894 4994 .
978 4981 991 4996 .
1069 4957 1223 4996 .non
1255 4944 1581 5006 vocaretur,
1623 4941 2043 5013 sedineoejus

398 5025 1480 5101 laudaturprudentia,quiaprospexit
1556 5070 1568 5082 .
1649 5069 1663 5082 .
1744 5069 1758 5082 .
1839 5070 1851 5084 .
1932 5070 1945 5083 .
2027 5071 2039 5083 .

401 5131 434 5169 a
465 5114 633 5170 nobis
662 5114 1016 5172 imitandum
1049 5123 1159 5172 est.
1196 5116 1385 5171 Villici
1416 5132 1558 5172 sane
1577 5133 1782 5172 omnes
1812 5133 2041 5187 sumus,

401 5202 542 5273 quia
570 5203 1071 5274 dispensationem
1121 5205 1560 5261 Dominicarum
1611 5221 1807 5260 rerum
1840 5221 2043 5261 omnes

403 5290 760 5362 accepimus.
784 5293 929 5348 Nam
951 5294 1279 5349 secundum
1296 5294 1532 5349 beatum
1553 5294 1797 5350 Paulum
1819 5300 2046 5366 aposto-

403 5380 525 5435 lum
553 5396 581 5433 :.
600 5381 755 5437 Nihil
788 5381 1047 5437 habemus
1076 5383 1220 5455 quod
1265 5398 1373 5439 non
1417 5386 1744 5455 accepimus,
1793 5392 1845 5438 et
1897 5383 2044 5438 nihil

402 5469 700 5524 intulimus
728 5472 785 5525 in
816 5471 1087 5526 mundum
1108 5491 1127 5527 :
1157 5489 1258 5527 nec
1286 5474 1481 5544 efferre
1510 5476 1649 5545 quid
1678 5488 1960 5545 possumus
1992 5472 2043 5543 (ι

407 5558 543 5611 Tim.
568 5573 644 5628 v1,
664 5558 742 5628 8).
761 5559 1020 5630 Tempus
1041 5558 1315 5615 facienda;
1337 5559 1706 5615 villicationis
1728 5564 1785 5615 et
1806 5560 2043 5615 redden-

404 5646 490 5700 dae
514 5646 779 5717 rationis,
810 5647 911 5702 ﬁni
946 5647 1178 5703 intenta
1212 5666 1386 5721 prope
1415 5656 1521 5705 est.
1551 5654 1694 5721 Ergo
1724 5648 2041 5721 prospicia-

404 5751 539 5793 mus
561 5736 729 5794 nobis
743 5736 800 5793 in
817 5736 1099 5805 futurum,
1115 5741 1173 5794 et
1186 5740 1325 5795 dum
1344 5743 1575 5813 tempus
1592 5739 1900 5811 habemus,
1914 5754 2044 5810 ope-

2158 4764 2209 4819 εἰ
2238 4761 2370 4833 quid
2392 4762 2663 4833 patimini
2674 4764 2901 4830 prapter
2920 4758 3222 4829 justitiam,
3246 4758 3391 4812 beati
3417 4758 3576 4812 eritis
3596 4757 3799 4828 (Ibid);

2152 4856 2214 4908 et
2263 4852 2442 4906 item:
2514 4850 2787 4904 Timorem
2844 4849 3025 4903 autem
3081 4863 3151 4903 ne
3208 4847 3530 4913 timueritis,
3590 4855 3642 4902 et
3694 4861 3825 4905 non,

2151 4939 2555 4995 conturbemini
2585 4936 2798 5008 (Ibid.).
2823 4939 2890 4989 Et
2919 4935 3129 4991 beatus
3153 4934 3372 4990 Paulus
3400 4933 3710 5005 apostolus
3730 4933 3796 4989 ad

2153 5028 2353 5083 Titum
2379 5045 2391 5083 :
2424 5026 2664 5081 Admone
2682 5025 2807 5080 illos
2832 5024 3187 5097 principibus
3216 5027 3269 5078 et
3291 5024 3657 5094 potestatibus
3675 5023 3797 5078 sub-

2144 5118 2313 5187 jectos
2343 5131 2474 5182 esse,
2505 5113 2646 5169 dicto
2696 5112 2931 5182 obedire,
2977 5113 3049 5168 ad
3089 5129 3249 5168 omne
3288 5128 3422 5183 opus
3473 5112 3679 5168 bonum
3700 5128 3797 5184 pa-

2152 5213 2297 5261 ratos
2324 5220 2435 5260 esse
2467 5204 2589 5271 (Tit.
2622 5220 2708 5267 ιιι,
2744 5205 2816 5272 1).
2850 5202 3016 5258 Unde
3039 5201 3120 5258 ait
3140 5205 3348 5257 beatus
3368 5200 3793 5273 Hieronymus:

2154 5316 2183 5344 (ι
2217 5293 2277 5349 Si
2303 5294 2523 5348 bonum
2549 5296 2638 5348 est
2657 5292 2809 5364 quod
2834 5291 3100 5363 praecipit
3128 5291 3449 5362 imperator
3476 5294 3534 5344 et
3562 5306 3793 5361 praeses,

2145 5382 2413 5453 jubentis
2445 5381 2767 5453 obsequere
2792 5378 3118 5447 voluntati;
3152 5378 3244 5434 sin
3290 5394 3426 5433 vero
3463 5378 3714 5445 malum,
3743 5380 3796 5430 et

2153 5476 2357 5527 contra
2388 5476 2566 5527 Deum
2601 5469 2778 5542 sapit,
2827 5469 3114 5541 responde
3142 5466 3288 5521 illud
3339 5467 3389 5521 ei
3442 5466 3513 5521 de
3559 5466 3793 5521 Actibus

2153 5558 2592 5630 apostolorum:
2629 5558 2859 5613 Obedire
2887 5564 3098 5629 Oportet
3134 5556 3239 5609 Deo
3286 5557 3467 5625 magis
3504 5571 3673 5626 quam
3710 5554 3794 5608 Iw-

2152 5648 2402 5704 minibus
2434 5648 2569 5719 (Act.
2601 5665 2654 5719 ν,
2686 5648 2797 5718 29).
2838 5666 2859 5695 ιι
2920 5646 3128 5700 Beatus
3177 5660 3411 5716 quoque
3452 5643 3795 5699 Ambrosius

2154 5739 2272 5797 ait:
2329 5761 2355 5788 «
2392 5737 2548 5794 Licet
2578 5736 2685 5794 tibi
2718 5735 2890 5792 silere
2918 5734 2979 5791 in
3027 5734 3259 5807 negotio
3309 5734 3594 5790 duntaxat
3623 5749 3795 5806 pecu-
