3946 6428
131 460 199 522 93
946 465 1048 526 DE
1096 465 1521 551 [{RESSUIIIS
1571 464 2222 530 ECCLESIAS'I‘ICIS.
2255 499 2334 512 -—
2361 464 2562 528 PARS
2606 466 2713 528 III.
3458 466 3538 526 94

131 591 322 663 niario,
349 607 696 670 quanquam
745 595 823 656 sit
871 600 1212 657 constantiae
1242 601 1448 659 adesse
1480 599 1764 674 aequitati.
1796 601 1853 671 Α
1882 617 2014 659 rum
2031 600 2622 676 potentiagratiosius
2634 598 3113 658 conﬂdunt.Nam
3129 614 3365 673 semper
3378 613 3537 658 men-

132 683 189 740 In
217 700 385 741 causa
412 691 613 744 autem
655 688 753 745 Dei
802 690 902 746 ubi
954 708 1267 748 commune
1300 691 1628 765 periculum
1658 696 1766 759 est,

130 775 292 830 etiam
338 775 719 834 dissimulare
772 787 1077 852 peccatum
1136 785 1227 838 est
1275 799 1390 839 non
1441 782 1586 839 leve.
1624 806 1646 833 ι
1700 783 1770 838 Et

130 863 299 920 item:
357 888 387 915 ‹‹
422 867 748 940 Episcopus
800 887 989 943 neque
1048 871 1391 928 adulantem
1442 889 1525 940 se,
1578 890 1769 945 neque

128 952 472 1011 adulandum
505 957 719 1030 cuique
751 960 1036 1018 exhibeat.
1060 962 1328 1018 Alterum
1359 963 1517 1019 enim
1547 962 1771 1019 callidi-

125 1041 250 1098 tatis
277 1048 384 1115 est,
407 1045 683 1103 vanitatis
705 1049 958 1105 alterum
990 1050 1052 1120 (Ι.
1079 1069 1095 1106 1
1124 1052 1303 1123 0/ﬁc.,
1333 1068 1384 1107 ο.
1409 1053 1519 1123 47).
1548 1075 1575 1101 ››
1604 1051 1768 1107 Unde

122 1130 271 1186 valde
316 1136 702 1191 metuendum
754 1142 865 1203 est,
909 1155 981 1194 ne
1029 1139 1353 1195 humanam
1403 1141 1766 1196 observando

122 1220 377 1292 gratiam,
411 1222 669 1281 divinam
704 1227 981 1284 adversus
1013 1245 1121 1284 nos
1166 1229 1527 1285 concitemus
1575 1230 1721 1285 iram
1750 1254 1764 1297 ;

121 1312 170 1363 et
198 1309 332 1364 dum
367 1327 403 1366 a
446 1316 873 1371 momentaneis
906 1318 1375 1373 adversariorum
1410 1335 1518 1374 nos
1548 1334 1763 1391 prisca-

119 1412 238 1453 vere
267 1401 590 1471 quaerimus
621 1403 877 1473 insidiis,
911 1407 1142 1462 aeternis
1174 1407 1583 1480 mancipemur
1613 1407 1763 1481 peri-

119 1484 274 1558 culis,
306 1492 365 1543 et
395 1488 541 1545 illud
575 1493 803 1549 eveniat
833 1496 987 1567 quod
1036 1496 1097 1550 in
1140 1495 1450 1552 Salomone
1497 1496 1715 1569 legitur
1744 1514 1759 1553 :

117 1577 220 1644 Qui
238 1577 395 1632 timet
410 1581 697 1650 pruinam,
727 1583 900 1639 irruet
919 1600 1077 1655 super
1100 1602 1225 1641 eum
1245 1589 1348 1640 nix
1377 1585 1518 1657 (Job.
1547 1604 1624 1657 v1,
1650 1586 1757 1659 16).

117 1662 202 1717 Ait
229 1664 386 1721 enim
418 1667 707 1725 Dominus
740 1671 798 1726 in
833 1672 1140 1745 Evangelio
1175 1690 1188 1728 :
1237 1675 1345 1743 Qui
1373 1690 1459 1729 me
1486 1675 1765 1731 erubuerit

114 1760 159 1806 et
184 1768 325 1809 meos
355 1770 655 1827 sermones,
682 1758 828 1815 hunc
856 1762 1032 1817 Filius
1062 1762 1303 1819 hominis
1332 1764 1607 1819 erubescet
1636 1780 1763 1819 cum

113 1843 310 1898 venerit
338 1846 401 1899 in
440 1849 723 1920 majestate
749 1866 874 1918 sua,
906 1854 957 1907 et
987 1855 1189 1920 Patris,
1224 1861 1279 1908 et
1306 1858 1622 1911 sanctorum
1651 1870 1758 1909 an-

110 1930 351 2041 gelqrum
382 1934 532 2006 (Luc.
571 1955 648 2005 1x,
677 1939 788 2010 26).
822 1940 892 1996 Et
938 1941 1145 1998 beatus
1184 1942 1382 2041 Sixtus
1429 1959 1580 2015 papa
1630 1942 1711 1998 ait
1744 1960 1756 1997 :
1789 1976 1838 2041 B

117 2042 136 2065 α
170 2019 372 2078 Merito
407 2042 661 2099 namque
695 2045 874 2085 causa
905 2047 1010 2087 nos
1040 2031 1300 2103 respicit,
1334 2031 1383 2088 si
1413 2031 1644 2088 silentio
1677 2032 1759 2088 fa-

109 2123 345 2168 veamus
377 2115 581 2171 errori.
617 2137 646 2165 ››
696 2118 766 2173 Et
794 2118 1055 2176 Isidorus
1102 2120 1226 2192 (lib.
1267 2138 1328 2175 III
1378 2120 1505 2176 Sent
1543 2138 1592 2176 c.
1629 2121 1759 2191 Illi);

113 2218 136 2246 ε(
166 2200 270 2265 Qui
293 2203 587 2276 corrigere
613 2209 805 2277 potest
824 2212 882 2264 et
904 2208 1262 2276 dissimulat,
1285 2226 1487 2265 verum
1514 2214 1604 2265 est
1623 2209 1764 2280 quia

108 2301 457 2347 consensum
481 2294 694 2349 erroris
716 2295 891 2351 alieni
921 2297 1150 2353 habeat.
1183 2319 1211 2348 »
1247 2298 1317 2353 Et
1338 2298 1543 2353 beatus
1563 2296 1762 2351 Hiero-

106 2391 313 2443 nimus
338 2394 352 2433 :
393 2401 421 2431 ‹‹
450 2381 655 2437 Omnis
679 2385 960 2441 correctio
981 2402 1111 2457 quas
1139 2386 1371 2457 proﬁcit
1390 2386 1459 2440 ad
1486 2384 1760 2452 salutem,

107 2464 168 2519 ad
192 2482 461 2537 praesens
486 2470 717 2526 videtur
736 2489 864 2528 esse
890 2472 1162 2541 tristitia),
1182 2476 1283 2529 sed
1314 2479 1516 2546 postea
1539 2473 1765 2528 fructus

106 2551 277 2611 habet
305 2556 608 2628 paciﬁcos.
645 2582 673 2608 ››
720 2561 832 2616 Sed
865 2563 1020 2633 quod
1056 2563 1279 2634 absque
1307 2563 1467 2635 gravi
1501 2562 1611 2617 dici
1646 2576 1761 2617 non

106 2647 295 2712 potest
348 2647 597 2717 gemitu,
649 2650 913 2720 [quidam
961 2668 1030 2706 ex
1080 2652 1298 2708 nostris
1338 2653 1398 2708 in
1437 2655 1669 2707 tantum
1700 2665 1763 2706 se

108 2732 295 2802 pravis
345 2735 675 2806 subjiciunt
729 2740 1151 2811 potestatibus,
1211 2745 1276 2797 ut
1332 2742 1507 2798 etiam
1565 2742 1762 2799 divina

105 2822 291 2891 verba,
322 2828 785 2900 sanctorumque
806 2832 1045 2885 Patrum
1079 2831 1269 2886 edicta
1297 2832 1369 2887 ad
1401 2832 1757 2905 redarguen-

106 2909 235 2966 dum
280 2911 424 2968 vilia
472 2914 714 2987 prolata,
748 2917 891 2974 adeo
938 2918 1104 2976 falsis
1153 2920 1421 2977 nitantur
1463 2923 1759 2994 vitupera-

106 2996 359 3057 tionibus
413 3004 791 3075 obumbrare,
846 3012 914 3063 ut
966 3008 1145 3065 etiam
1206 3010 1391 3067 sacris
1449 3010 1758 3068 videantur

107 3090 454 3147 conﬁrmare
482 3093 787 3164 doctrinis,
822 3113 953 3169 quae
979 3099 1337 3156 omnimodis
1380 3101 1605 3156 dudum
1656 3102 1755 3158 de-

108 3182 324 3238 structa
353 3187 499 3237 sunt
529 3183 588 3238 in
620 3184 784 3257 ipsis.
820 3185 889 3241 Hi
922 3204 1059 3260 ergo
1088 3189 1234 3245 tales
1266 3189 1471 3246 merito
1502 3192 1754 3263 pseudo-

107 3268 413 3341 prophetis,
449 3277 506 3329 et
553 3276 986 3346 pseudochristi
1026 3277 1346 3348 dicuntur.)
1402 3321 1413 3335 .
1467 3322 1479 3336 .
1527 3320 1540 3336 .
1579 3281 1753 3337 modo

1879 691 2052 749 daces
2081 709 2216 748 vera
2237 691 2568 749 dicentibus
2597 692 3004 761 adversantur,
3029 695 3086 747 et
3115 690 3304 764 iniqui
3331 688 3535 746 ﬁdeles

1878 781 2150 854 persequi
2173 798 2289 837 non
2311 782 2621 838 omittunt:
2643 781 2782 854 quia
2798 781 3125 838 secundum
3144 781 3385 837 beatum
3398 784 3536 836 Am-

1877 871 2175 928 brosium:
2201 893 2230 922 ‹‹
2257 870 2605 943 Plerumque
2624 872 2800 928 etiam
2822 888 2891 927 ex
2911 870 3175 927 doctrina
3195 869 3534 941 arrogantia

1877 961 2158 1017 nascitur.
2191 984 2218 1010 ››
2248 961 2398 1016 Hinc
2420 965 2478 1016 et
2500 960 2752 1033 legimus
2773 960 2833 1016 in
2854 960 3128 1031 Jeremia,
3152 959 3311 1031 quod
3336 957 3530 1015 Semel

1876 1050 2389 1123 pseudopropheta
2411 1050 2599 1105 iratus
2631 1051 2709 1106 sit
2729 1054 2933 1105 contra
2956 1048 3327 1105 mendacium
3350 1064 3525 1104 suum

1875 1156 2011 1195 vera
2042 1139 2348 1211 scripsisse
2374 1140 2713 1196 Jeremiam.
2749 1139 2913 1195 Unde
2944 1143 3001 1195 et
3027 1138 3313 1194 Dominus
3345 1154 3358 1193 :
3400 1140 3532 1193 Ecce

1874 1243 1967 1297 ego
1987 1229 2222 1285 visitabo
2238 1245 2406 1301 super
2425 1229 2700 1284 Semeiam
2722 1229 2854 1301 (Jer.
2878 1245 3033 1299 xxxx,
3065 1228 3174 1299 32).
3205 1227 3273 1281 Et
3304 1225 3485 1282 Isaias
3509 1241 3522 1279 :

1878 1316 1935 1371 In
1967 1333 2071 1387 quo
2101 1321 2405 1388 percutiam
2434 1334 2527 1373 vos
2556 1318 2705 1372 ultra
2733 1316 2990 1373 addentes
3007 1316 3532 1387 praevaricationes?

1876 1406 2007 1477 (lsa.
2042 1424 2082 1472 ι,
2113 1406 2192 1477 5.)
2226 1406 2365 1462 Item
2418 1406 2478 1460 in
2533 1405 2777 1478 psalmis
2810 1423 2821 1459 :
2876 1406 3220 1460 Declinantes
3257 1407 3438 1459 autem
3469 1404 3531 1457 in

1872 1495 2296 1568 obligationem,
2320 1495 2551 1551 adducet
2581 1496 2844 1551 Dominus
2873 1511 2997 1549 cum
3024 1492 3376 1565 operantibus
3402 1493 3524 1547 ini-

1872 1586 2133 1655 quitatem
2153 1585 2324 1653 (Psal.
2350 1601 2537 1655 cxx1v,
2559 1586 2636 1653 5).
2660 1584 2730 1639 Et
2746 1583 2951 1639 Petrus
2973 1581 3307 1654 apostolus:
3336 1581 3527 1637 Omnis

1869 1674 2162 1744 prephetia
2186 1673 2271 1729 vel
2296 1676 2580 1745 scriptura
2593 1674 2828 1745 propria
2850 1672 3307 1742 interpretatione
3329 1686 3442 1725 non
3461 1669 3525 1739 ﬁt

1871 1762 1922 1834 (Ι
1945 1763 2093 1818 Petr.
2127 1780 2165 1830 1,
2199 1763 2313 1834 20).
2358 1763 2427 1817 Et
2455 1763 2711 1819 Joannes
2745 1778 2758 1817 :
2818 1761 3009 1817 Omnis
3046 1762 3145 1833 qui
3169 1758 3448 1832 praecedit,
3478 1761 3530 1813 et

1866 1867 1977 1907 non
2006 1857 2196 1907 manet
2227 1854 2288 1907 in
2316 1852 2565 1908 doctrina
2597 1852 2821 1918 Christi,
2857 1853 3029 1907 Deum
3070 1866 3181 1905 non
3224 1849 3385 1904 habet
3432 1847 3525 1917 (ll

1867 1945 2037 1998 Joan.
2071 1940 2167 2013 Ix).
2202 1941 2274 1996 Et
2301 1942 2554 1997 Iacobus
2584 1958 2597 1997 :
2628 1942 2696 1997 Si
2722 1941 2903 1997 zelum
2930 1956 3186 1995 amarum
3214 1937 3441 2003 habetis,
3473 1941 3524 1991 et

1870 2032 2241 2085 contentiones
2282 2031 2343 2085 in
2371 2030 2629 2087 cordibus
2659 2031 2874 2095 vestris,
2906 2028 3083 2084 nolite
3111 2028 3352 2097 gloriari
3379 2025 3523 2096 (Jac.

1872 2135 1957 2189 ιιι,
1992 2120 2100 2190 14).
2147 2118 2214 2174 Hi
2264 2119 2479 2174 etenim
2524 2120 2743 2189 injuste
2772 2117 3039 2174 damnari
3072 2116 3220 2172 nihil
3252 2118 3528 2171 metuunt

1872 2207 2226 2278 proximum,
2260 2208 2362 2262 ubi
2393 2208 2650 2263 favorem
2683 2211 2925 2279 sperant
2954 2206 3258 2277 acquirere
3302 2203 3523 2275 princi—

1874 2311 2040 2367 pum,
2074 2295 2145 2350 de
2187 2295 2406 2365 quibus
2446 2295 2623 2350 etiam
2673 2299 2730 2351 et
2772 2295 2978 2351 beatus
3025 2310 3177 2366 papa
3204 2291 3529 2347 Alexander

1882 2508 1895 2527 .
1927 2510 1939 2526 .
1971 2510 1983 2527 .
2027 2470 2335 2526 Personam
2369 2471 2622 2543 potentis
2653 2470 2915 2543 accipere
2946 2474 3012 2525 ut
3040 2468 3308 2542 requisiti
3340 2379 3428 2524 ab(
3456 2377 3522 2523 ed

1872 2574 1976 2630 pro
1998 2559 2193 2615 favore
2228 2601 2238 2616 .
2263 2600 2274 2616 .
2298 2600 2309 2616 .
2334 2600 2381 2616 ..
2413 2576 2527 2615 non
2550 2559 2823 2615 dubitent
2853 2558 2912 2613 in
2938 2574 3112 2615 causa
3145 2557 3395 2629 proximi
3428 2597 3440 2613 .
3464 2597 3476 2612 .
3499 2595 3512 2614 .

1871 2646 2006 2718 quis
2027 2651 2117 2702 est
2146 2647 2381 2715 veritas,
2404 2648 2516 2704 nisi
2547 2647 2644 2703 ille
2667 2647 2769 2720 qui
2801 2647 2982 2703 dixit:
3010 2648 3119 2719 Ego
3146 2663 3270 2702 sum
3299 2648 3409 2715 via,
3433 2660 3522 2700 ve-

1868 2738 2007 2792 ritas
2025 2741 2080 2793 et
2109 2739 2224 2794 vita
2240 2740 2266 2791 .9
2294 2739 2472 2809 (Joan.
2495 2754 2533 2793 Χ
2555 2755 2611 2806 ν,
2634 2738 2713 2810 6.)
2736 2737 3161 2811 Augumentari
3180 2736 3359 2793 etiam
3390 2774 3401 2791 .
3425 2775 3438 2794 .
3460 2773 3474 2793 .
3496 2774 3509 2791 .

1867 2824 2083 2882 scelere
2104 2843 2282 2898 quam
2304 2831 2362 2882 et
2380 2827 2453 2883 de
2472 2842 2889 2899 oppressorum
2912 2824 3236 2883 miserabili
3252 2824 3519 2891 elisione,

1867 2932 2001 2973 eum
2029 2917 2105 2973 sit
2135 2918 2321 2973 nostri
2344 2917 2619 2990 opprimi,
2664 2959 2676 2972 .
2722 2960 2735 2974 .
2782 2959 2795 2973 .
2842 2958 2855 2973 .
2901 2959 2914 2972 .
2961 2959 2973 2973 .
3020 2959 3033 2972 .
3064 2916 3522 2973 veroinstantis-

1866 3006 2015 3063 sime
2059 3009 2286 3079 juvare.
2322 3007 2485 3064 Unde
2532 3007 2742 3064 beatus
2780 3006 3172 3063 Ambrosius:
3228 3009 3519 3062 Errantem

1864 3099 2107 3152 amicum
2135 3098 2354 3167 corripe
2387 3139 2400 3151 .
2446 3136 2460 3150 .
2506 3138 2518 3151 .
2565 3137 2578 3150 .
2625 3138 2638 3151 .
2686 3136 2699 3149 .
2746 3135 2760 3151 .
2799 3111 2871 3151 ne
2898 3095 3162 3162 deseras;
3191 3095 3253 3149 in
3280 3093 3521 3150 adversis

1863 3189 2018 3242 enim
2043 3188 2254 3243 amicus
2279 3184 2713 3259 proba!ur.Nam
2739 3186 2798 3239 in
2825 3187 3112 3256 prosperis
3139 3185 3311 3240 amici
3333 3199 3520 3241 omnes

1863 3276 2141 3332 videntur.
2193 3276 2263 3330 Et
2308 3275 2522 3331 iterum
2558 3291 2572 3329 :
2625 3274 2743 3330 Non
2790 3273 3048 3345 defendas
3099 3273 3427 3346 improbum,
3465 3278 3520 3331 et

105 3355 183 3411 vel
202 3356 389 3429 gloria
408 3360 541 3417 vitas
553 3341 907 3436 temporalis
929 3383 1032 3439 per
1056 3341 1412 3425 adulationis
1433 3368 1666 3442 lapsum
1689 3386 1750 3427 se
1783 3341 1827 3409 δ
1864 3370 2065 3423 sancta
2088 3366 2314 3437 indigno
2333 3364 2726 3421 committenda
2747 3341 2863 3420 non
2878 3341 3202 3427 arbitreris}
3223 3379 3400 3436 neque
3418 3365 3522 3419 im-

105 3446 765 3522 terrenispotestatibus

107 3537 438 3609 subjiciunt.
470 3542 539 3596 Et
569 3541 677 3598 hoc
706 3548 861 3600 certe
892 3545 1133 3617 quidam
1165 3546 1294 3602 ideo
1334 3547 1522 3604 facere
1550 3548 1753 3605 viden-

106 3628 213 3697 tur,
234 3633 297 3684 ut
319 3629 592 3703 ipsorum
618 3632 828 3689 delicta
857 3636 1184 3706 potentium
1209 3637 1552 3693 auctoritate
1573 3637 1755 3695 indis-

107 3729 267 3774 cussa
296 3718 745 3792 relinquantur;
779 3723 1012 3796 sibique
1043 3726 1262 3781 conscii
1297 3727 1368 3782 de
1407 3728 1642 3800 proprio
1673 3728 1751 3783 ti-

107 3811 255 3863 ment
275 3808 537 3865 facinore
558 3812 747 3884 argui,
770 3812 820 3868 si
845 3810 1080 3869 illorum
1103 3814 1415 3873 defendere
1437 3816 1752 3888 pravitates

108 3911 208 3949 non
251 3897 697 3958 deeertaverint.
730 3902 886 3966 Quos
932 3907 990 3958 et
1036 3909 1424 3976 congruenter
1475 3907 1754 3963 admonet

106 3982 244 4040 idem
274 3986 475 4044 dicens
503 4005 516 4043 :
552 4010 581 4038 «
609 3989 949 4046 Consideret
978 4009 1234 4064 namque
1264 3993 1440 4049 homo
1469 4011 1603 4050 cum
1635 4012 1751 4068 quo

106 4073 417 4131 adversario
450 4076 678 4133 bellum
709 4083 893 4150 gerat,
920 4078 979 4134 in
1012 4096 1181 4135 suam
1215 4096 1276 4136 se
1310 4080 1471 4148 mali,
1505 4099 1620 4154 quo
1651 4084 1750 4139 de-

108 4159 332 4233 liquisse
363 4166 700 4238 perpendit,
734 4167 941 4224 saltem
984 4170 1055 4224 ad
1103 4169 1333 4241 culpam
1369 4171 1651 4243 protrahi,
1683 4189 1752 4228 ex

108 4250 263 4324 culpa
292 4255 696 4327 pertimescat.
721 4256 962 4314 Talibus
993 4258 1231 4331 quidem
1254 4259 1540 4315 Dominus
1570 4260 1748 4317 etiam

107 4354 197 4408 per
218 4343 422 4401 Isaiam
456 4345 876 4419 comminatur,
902 4347 1103 4403 dicens
1129 4364 1142 4404 :
1182 4350 1271 4405 Vw
1297 4351 1397 4420 qui
1424 4350 1608 4407 dicitis
1635 4368 1751 4407 ma-

110 4427 211 4485 lum
258 4433 473 4501 bonum,
533 4439 587 4490 et
638 4435 839 4492 bonum
894 4436 1134 4506 malum,
1180 4446 1442 4509 ponentes
1499 4441 1748 4495 tenebras

110 4516 289 4585 lucem,
320 4528 374 4578 et
426 4523 614 4581 lucem
664 4526 912 4581 tenebras
962 4526 1120 4597 (lsai.
1172 4544 1224 4593 ν,
1279 4529 1391 4595 20).
1447 4527 1517 4582 Et
1569 4544 1750 4601 supra

1856 3471 2069 3528 pugnes
2098 3456 2282 3510 acrius
2312 3455 2543 3521 crimen,
2571 3468 2681 3509 non
2697 3452 3053 3524 deprehendis
3081 3452 3308 3525 (sic).Et
3328 3452 3469 3509 alibi
3503 3477 3518 3511 :

1860 3545 2016 3603 Nihil
2045 3544 2359 3615 Opinionem
2389 3544 2499 3598 imo
2530 3540 2655 3614 (sic)
2700 3540 2865 3612 fidem
2903 3550 3117 3612 gravat,
3149 3557 3313 3613 quam
3359 3543 3411 3598 si
3457 3545 3520 3597 in

1850 3632 2157 3705 judicando
2183 3632 2481 3703 potentiori
2509 3630 2674 3687 dones
2702 3645 2931 3686 causam
2958 3632 3270 3701 inferioris,
3293 3639 3345 3687 et
3372 3647 3516 3701 pau-

1834 3739 2045 3795 perem
2101 3724 2451 3777 innotentem
2503 3736 2737 3792 arguas,
2798 3720 3029 3775 divitem
3084 3736 3303 3777 excuses
3359 3736 3518 3777 reum

1861 3813 2054 3884 culpae.
2088 3812 2160 3866 Et
2205 3827 2412 3867 rursus
2446 3828 2459 3866 :
2511 3811 2604 3867 His
2649 3811 2798 3866 enim
2837 3812 3086 3882 favemus
3111 3812 3453 3884 frequenter,
3481 3828 3516 3866 a

1861 3903 2060 3974 quibus
2080 3900 2386 3971 referenda
2403 3902 2578 3956 vicem
2595 3915 2884 3973 speramus
2900 3900 3126 3971 gratim.
3140 3900 3244 3956 Sed
3261 3916 3324 3956 eo
3344 3903 3519 3973 magis

1861 3992 2115 4061 inﬁrmos
2161 4002 2213 4045 et
2262 3992 2447 4061 inopes
2486 3992 2797 4045 sustentare
2825 3991 3094 4057 convenit,
3126 3991 3265 4060 quia
3289 4005 3389 4061 pro
3430 4005 3515 4057 eo,

1862 4083 1960 4152 qui
1984 4096 2096 4136 non
2126 4078 2303 4145 habet,
2335 4081 2839 4135 remunerationem
2872 4094 3154 4150 speramus
3199 4095 3239 4135 a
3288 4078 3517 4135 Domino

1856 4174 2011 4236 Jesu,
2034 4170 2133 4241 qui
2154 4170 2259 4225 sub
2282 4169 2455 4240 specie
2473 4169 2712 4224 convivii
2730 4168 3039 4239 generalem
3062 4169 3328 4223 virtutum
3347 4167 3516 4224 edidit

1858 4262 2126 4331 formam,
2148 4265 2211 4314 ut
2247 4259 2333 4314 his
2360 4260 2539 4330 potius
2560 4260 2746 4314 nostra
2765 4259 3113 4328 conferamus
3132 4257 3397 4327 beneﬁcia
3420 4258 3518 4329 qui

1859 4351 2015 4406 nobis
2043 4365 2108 4405 ea
2136 4364 2246 4403 non
2272 4351 2500 4420 possunt
2527 4350 2948 4420 repraesentare,
2971 4347 3157 4403 dicens
3179 4363 3199 4400 :
3228 4347 3314 4402 Ad
3335 4348 3518 4401 convi-

1860 4441 2014 4495 vium
2042 4447 2203 4511 atque
2231 4438 2422 4508 epulas
2451 4453 2563 4492 non
2591 4453 2679 4493 eos
2708 4438 2806 4507 qui
2832 4435 3026 4491 divites
3054 4442 3203 4501 sunt,
3232 4434 3323 4489 sed
3362 4451 3512 4505 pau—

1854 4544 2012 4601 peres
2042 4527 2391 4587 invitandos;
2423 4527 2565 4581 idem
2610 4525 2837 4596 adjuvat
2884 4524 2960 4578 ad
3006 4524 3313 4595 profectum
3352 4523 3514 4580 bona:

110 4608 170 4662 ad
222 4609 638 4670 Hierusalem:
690 4613 971 4685 Caupones
1024 4617 1110 4670 tui
1163 4616 1503 4671 miscuerunt
1556 4619 1746 4673 vinum
1857 4616 2307 4680 existimationis,
2331 4616 2381 4668 si
2411 4614 2476 4669 de
2491 4614 2732 4685 potentis
2760 4611 3019 4668 manibus
3037 4613 3242 4684 eripias
3270 4615 3510 4683 inopem.

110 4711 233 4768 aqua
283 4702 437 4774 (lsai.
481 4721 522 4771 ι,
565 4704 681 4775 22).
715 4724 744 4754 »
793 4703 1188 4777 Hieronymus
1218 4703 1341 4776 (lib.
1377 4722 1433 4760 ιν
1463 4707 1523 4761 in
1551 4708 1746 4763 Jerem.
1779 4716 1827 4781 1)
1858 4707 1999 4764 Nam
2035 4706 2085 4760 si
2124 4719 2443 4775 oppressum
2470 4703 2663 4774 opibus
2690 4704 2927 4776 potentis
2972 4707 3025 4759 et
3069 4704 3308 4774 factione
3336 4706 3513 4773 magis

110 4800 153 4840 c.
202 4789 283 4860 13)
315 4808 328 4845 :
384 4814 413 4843 ‹‹
448 4794 617 4865 Saepe
664 4791 935 4848 imitatur
991 4793 1368 4849 mendacium
1423 4794 1749 4867 veritatem,
1861 4812 2027 4868 quam
2063 4794 2281 4849 sceleris
2325 4793 2414 4848 sui
2441 4793 2575 4848 vitio
2603 4796 2895 4862 gravatum
2925 4792 3264 4858 liberaveris,
3294 4794 3512 4864 egregie

110 4877 159 4930 et
198 4878 304 4935 nisi
356 4880 635 4939 habuerit
671 4880 933 4954 aliquam
964 4882 1104 4939 recti
1138 4882 1627 4951 similitudinem,‘
1647 4885 1747 4941 de-
1860 4884 2084 4940 valescit
2106 4882 2361 4954 opinioni
2384 4883 2781 4938 testimonium.
2804 4885 2876 4936 Et
2890 4882 3001 4938 Job
3024 4881 3137 4937 ait:
3166 4879 3389 4936 Salvum
3404 4882 3513 4953 feci

111 4962 278 5035 cipere
324 4986 441 5026 non
484 4975 683 5043 potest
723 4972 1087 5029 innocentes.
1124 4992 1154 5022 ››
1209 4972 1279 5027 Et
1307 4971 1521 5027 iterum
1557 4990 1569 5029 :
1625 4996 1653 5024 ‹‹
1688 4974 1747 5029 Si
1856 4988 2152 5046 pauperem
2180 4971 2245 5028 de
2272 4988 2448 5028 manu
2476 4973 2735 5045 potentis,
2767 4976 2823 5027 et
2849 4971 3129 5043 pupillum
3157 4971 3251 5025 cui
3288 4970 3512 5041 adjutor

114 5050 403 5126 aliquando
428 5060 604 5118 nobis
626 5077 732 5132 pro
753 5061 1206 5117 necessitatibus
1225 5064 1282 5116 et
1313 5061 1606 5133 angustiis
1637 5062 1745 5118 bu-
1856 5080 1973 5118 non
2001 5071 2142 5130 erat,
2174 5062 2366 5135 adjuvi
2396 5063 2513 5135 (Job
2545 5078 2698 5128 xxix,
2733 5062 2841 5130 12).
2874 5062 2944 5116 Et
2972 5059 3112 5116 item
3147 5076 3161 5114 :
3192 5059 3508 5117 Benedictio

113 5141 304 5202 milites
333 5164 482 5221 opus
527 5144 639 5221 est,
672 5150 757 5205 sic
801 5166 931 5206 eam
973 5167 1306 5218 sumamus,
1340 5168 1412 5207 ne
1440 5151 1744 5208 veritatem
1850 5154 2092 5224 perituri
2116 5153 2177 5207 in
2203 5153 2496 5207 meveniat
2517 5149 2704 5222 (lbid.,
2732 5149 2840 5219 13).
2866 5150 2935 5204 Et
2959 5148 3172 5205 Isaias:
3200 5150 3509 5220 Confortate

113 5233 159 5285 et
180 5239 559 5295 constantiam
589 5239 955 5296 deseramus.
982 5262 1011 5290 »
1043 5240 1407 5307 Quibusdam
1428 5241 1604 5298 etiam
1639 5258 1744 5297 nec
1853 5259 2052 5298 manus
2082 5242 2393 5307 dissolutas,
2426 5245 2477 5296 et
2521 5256 2705 5311 genua
2748 5238 2961 5295 debilia
2999 5240 3250 5296 raborate
3276 5258 3299 5294 .·
3344 5239 3509 5296 dicite

113 5334 162 5374 se
176 5325 571 5385 tantummodo
588 5346 816 5387 errasse
832 5329 1070 5398 sufﬁcit,
1087 5330 1186 5386 sed
1206 5330 1275 5384 ad
1296 5331 1389 5386 sui
1405 5331 1743 5387 detrimenti
1846 5332 2250 5405 pusillanimis,
2271 5330 2446 5386 nolite
2464 5331 2658 5385 timere
2676 5330 2811 5399 (Isa.
2829 5344 2995 5395 xxxv,
3019 5328 3095 5400 3).
3119 5329 3502 5401 Quapropter,

112 5413 382 5473 cumulum
415 5433 687 5491 quosque
729 5418 789 5474 in
824 5434 1085 5476 errorem
1118 5418 1423 5491 proprium
1456 5419 1742 5476 deducere
1851 5421 2063 5477 fratres
2094 5420 2209 5476 mei
2243 5417 2632 5486 dilectissimi,
2655 5434 2689 5473 a
2719 5416 3087 5473 rectitudinis
3108 5416 3343 5473 tramite
3372 5417 3504 5473 nul-

112 5511 369 5565 qmsrunt.
402 5506 768 5565 Resistentes
799 5525 1034 5582 quoque
1065 5506 1180 5565 sibi
1216 5509 1275 5563 in
1306 5508 1649 5581 hujusmodi
1679 5509 1739 5565 in
1849 5510 2080 5567 latenus
2098 5507 2615 5578 recedamus,quia
2629 5508 2955 5563 secundum
2972 5506 3244 5563 eumdem
3262 5506 3501 5563 beatum

112 5587 309 5649 tantum
332 5602 598 5667 proterve
620 5598 950 5671 increpant,
969 5603 1254 5670 quantum
1279 5613 1341 5653 se
1364 5598 1423 5653 in
1448 5616 1741 5671 perverso-
1849 5598 2223 5656 Ambrosium
2244 5595 2478 5669 justitia
2497 5614 2604 5653 nec
2632 5596 2776 5653 locis
2806 5613 2909 5652 nec
2931 5595 3195 5668 personis
3221 5611 3326 5652 nec
3350 5599 3498 5651 tem-

166 5771 264 5844 (52)
291 5774 421 5841 Quae
449 5782 781 5851 sequuntur
809 5778 1109 5837 adduntur
1137 5793 1207 5834 ex
1234 5776 1424 5836 Mansi
1454 5778 1610 5851 apud
1642 5775 1863 5847 Baluz.,
1895 5778 2138 5838 Miscell.
2167 5793 2316 5838 sacr.
2348 5777 2621 5837 editionis
2654 5776 2987 5836 Luccensis.
