3946 6412
395 443 473 505 95
1419 450 1753 513 ATTONIS
1803 451 2384 512 VICBCELIENSIR
2432 451 2779 511 EPISCOPI
3732 455 3810 517 96

404 575 657 669 poribus
670 576 990 669 excipitur;
1014 578 1115 637 sed
1135 578 1197 636 in
1218 579 1463 639 Domino
1488 581 1849 642 unanimiter
1865 585 2043 641 conﬂ-
2076 582 2320 669 A-Beati
2348 585 2446 658 qui
2470 586 2899 659 persecutionem
2924 586 3223 657 patiuntur
3244 591 3471 658 propter
3498 580 3809 658 justitiam,

400 666 607 723 dentes
628 667 896 725 dicamus
917 686 930 724 :
952 671 1165 726 Bonum
1185 680 1265 727 est
1283 671 1549 742 conﬁdere
1568 676 1629 728 in
1643 676 1872 731 Domino
1891 692 2051 747 quam
2076 666 2132 669 ﬂ
2160 679 2429 747 quoniam
2459 678 2704 747 ipsorum
2733 684 2811 731 est
2840 691 3069 745 regnum
3091 675 3360 731 caelorum
3385 676 3597 747 (Matth.
3621 694 3677 743 v,
3706 678 3815 749 10),

407 756 682 826 conﬁdere
728 759 791 812 in
839 758 1078 814 homine.
1116 762 1324 816 Bonum
1360 769 1440 816 est
1480 778 1702 833 sperare
1731 766 1792 818 in
1822 766 2050 819 Domino
2163 766 2261 821 ubi
2286 782 2393 820 nos
2415 764 2550 836 pius
2571 765 2855 821 Dominus
2880 766 3195 836 perducere
3217 765 3507 836 dignetur,
3529 767 3705 835 cujus
3728 782 3815 823 re-

401 860 577 916 quam
596 862 819 917 sperare
836 849 897 902 in
913 850 1259 920 principibus
1276 850 1444 920 (Psal.
1463 867 1630 922 cxvn,
1652 854 1705 917 8,
1724 854 1807 923 9),
1825 857 1881 907 et
1903 852 2048 907 illud
2160 870 2343 926 gnum
2367 858 2424 909 et
2444 854 2757 925 imperium
2781 854 2906 909 sine
2930 854 3046 908 fine
3068 858 3371 924 permanet
3390 853 3449 908 in
3473 854 3689 909 saecula
3710 872 3817 909 sa:-

403 935 605 1004 procul
636 936 812 992 dubio
840 937 1216 1009 Evangelium
1260 939 1553 1011 patienter
1599 947 2000 1013 exspectemus
2033 960 2046 997 :
2160 943 2450 998 culorum.
2476 947 2662 996 Amen
2697 943 2928 1012 (MANSI,
2952 942 3109 1013 apud
3131 940 3591 1010 Baluz.,Misccll.
3617 943 3816 1014 sacr.).

1316 1288 2057 1393 ATTONIS
2144 1286 2912 1393 ειηεαοιιι

1840 1486 2368 1543 VERCELLENSIS

1526 1658 2681 1782 EPISTOLZE.

1366 1881 1554 1954 (Apud
1584 1880 1922 1952 Acherium,
1954 1881 2249 1955 Spicilegii
2277 1886 2435 1938 tomo
2467 1882 2510 1955 Ι,
2540 1899 2674 1956 pag.
2706 1884 2856 1952 431.)

928 2177 1271 2233 EPISTOLA
1301 2177 1529 2232 PRIMA

830 2283 903 2322 AD
944 2282 1250 2322 VALDONEM
1287 2282 1634 2321 EPISCOPUM.

478 2358 629 2415 A'rro
644 2355 834 2427 gratia
844 2354 947 2410 Dei
967 2354 1213 2413 humilis
1232 2355 1545 2427 episcopus
1565 2353 1733 2411 fidele
1753 2352 2054 2410 servitium

2082 2179 2130 2243 B
2162 2175 2445 2248 spelunca
2482 2176 2543 2231 in
2585 2192 2765 2232 manu
2794 2175 2983 2248 ipsius
3015 2175 3155 2232 Saul
3186 2175 3512 2245 incidisset,
3545 2174 3829 2231 dixerunt

2167 2265 2317 2321 servi
2350 2265 2533 2320 David
2565 2265 2638 2320 ad
2672 2281 2805 2320 eum
2840 2283 2854 2321 :
2896 2268 3039 2320 Ecce
3066 2264 3181 2319 dies
3209 2264 3275 2318 de
3305 2281 3413 2335 qua
3442 2265 3716 2321 Dominus
3747 2265 3829 2319 lo-

2165 2363 2323 2411 cutus
2352 2362 2429 2411 est
2458 2354 2527 2410 ad
2556 2362 2609 2409 te
2636 2372 2655 2410 :
2706 2356 2812 2425 Ego
2842 2353 3058 2409 tradam
3091 2354 3199 2408 tibi
3228 2354 3525 2408 inimicum
3552 2357 3738 2421 tuum,
3772 2358 3834 2406 ut

410 2460 545 2500 cum
577 2444 803 2499 devotis
830 2442 1216 2499 orationibus.

472 2531 695 2588 Multas
725 2536 929 2588 vestras
959 2531 1231 2587 charitati
1260 2532 1562 2588 mercedes
1602 2531 1910 2587 referimus
1953 2548 2056 2603 pro

409 2626 531 2677 tam
553 2620 832 2677 benevola
849 2619 1137 2692 legatione
1152 2620 1342 2692 gratia
1363 2620 1747 2676 fraternitatis
1762 2626 2052 2692 suscepta.

411 2709 574 2774 Quod
596 2713 793 2765 autem
821 2725 926 2765 vos
955 2708 1262 2765 nobiscum
1286 2707 1643 2780 colloquium
1673 2709 1885 2765 habere
1914 2708 2058 2764 velle

411 2798 738 2865 indicastis,
759 2798 851 2855 vel
880 2814 1016 2854 cum
1046 2802 1247 2854 nostro
1271 2798 1474 2864 misso,
1495 2798 1650 2853 Deus
1683 2798 1816 2865 scit,
1841 2798 1979 2870 quia
2008 2797 2059 2854 si

386 2887 612 2943 debita
635 2887 789 2943 inter
818 2903 924 2942 nos
954 2886 1149 2942 unitas
1176 2893 1559 2959 permaneret,
1593 2885 1844 2942 libenter
1870 2885 1929 2941 in
1961 2902 2057 2942 ve-

412 2980 603 3033 strum
633 2980 690 3031 et
717 2975 1048 3031 veniremus
1080 2980 1137 3031 et
1173 2975 1559 3048 dirigeremus
1591 2974 1912 3031 servitium.
1946 2976 2058 3031 Sed

411 3065 568 3138 quod
590 3066 759 3137 pejus
779 3068 887 3132 est,
911 3068 1076 3120 tanta
1092 3064 1248 3119 inter
1268 3068 1537 3119 nostrum
1560 3065 1848 3120 seniorem
1871 3069 1929 3119 et
1959 3081 2058 3120 vos

409 3155 659 3213 excrevit
699 3153 1010 3223 dissensio,
1042 3157 1108 3208 ut
1153 3170 1259 3208 nec
1306 3152 1602 3225 loquendi,
1637 3170 1743 3209 nec
1790 3158 2058 3209 nostrum

412 3244 665 3301 missum
688 3243 975 3315 dirigendi
994 3242 1056 3298 in
1075 3246 1337 3298 vestrum
1361 3242 1662 3298 servitium
1688 3242 1910 3314 absque
1931 3243 2060 3311 eius

413 3331 653 3389 licentia
671 3332 844 3387 nobis
864 3347 1024 3386 nunc
1044 3335 1280 3403 tempus
1300 3331 1622 3386 conveniat.
1643 3330 2059 3387 Verumtamen

416 3421 571 3493 quod
593 3420 782 3493 magis
804 3419 864 3475 in
885 3435 1199 3475 commune
1219 3419 1615 3476 necessarium
1639 3435 1768 3475 esse
1797 3418 2062 3488 cognovi-

2164 2446 2350 2519 facias
2396 2445 2451 2499 ei
2484 2444 2625 2499 sicut
2648 2443 2927 2514 placuerit
2955 2444 3017 2496 in
3045 2442 3218 2497 oculis
3249 2443 3381 2496 tuis.
3415 2442 3675 2496 Surrexit
3703 2456 3833 2511 ergo

2166 2534 2368 2603 David,
2416 2536 2469 2587 et
2513 2532 2769 2603 praecidit
2814 2547 2978 2588 oram
3025 2530 3331 2601 chlamydis
3382 2529 3523 2584 Saul
3573 2531 3830 2585 silenter.

2164 2626 2295 2678 Post
2325 2621 2445 2678 hac
2468 2622 2740 2692 percussit
2787 2637 2879 2676 cor
2920 2636 3079 2676 suum
3124 2618 3299 2675 David
3345 2634 3405 2673 eo
3456 2619 3603 2689 quod
3646 2618 3831 2674 absci-

2165 2710 2333 2767 disset
2360 2727 2514 2765 oram
2543 2727 2562 2764 :
2611 2709 2859 2780 dixitque
2904 2708 2975 2764 ad
3020 2710 3165 2766 viros
3213 2724 3386 2764 suos:
3432 2709 3710 2779 propitius
3751 2710 3833 2763 sit

2166 2800 2309 2855 mihi
2356 2799 2635 2867 Dominus,
2685 2815 2755 2855 ne
2799 2800 3018 2868 faciam
3068 2797 3209 2853 hanc
3263 2814 3383 2853 rem
3431 2796 3653 2853 domino
3702 2813 3832 2851 meo

2167 2888 2372 2944 chrislo
2405 2888 2655 2957 Domini,
2689 2895 2754 2942 ut
2796 2888 3018 2942 mittam
3062 2903 3291 2941 manum
3335 2902 3517 2941 meam
3566 2886 3623 2939 in
3675 2901 3828 2953 eum,

2169 2978 2300 3049 quia
2345 2976 2586 3032 christus
2633 2976 2855 3031 Domini
2896 2978 2993 3031 est.
3030 2976 3171 3031 Vivit
3218 2976 3501 3041 Dominus,
3533 2974 3664 3045 quia
3713 2976 3835 3029 nisi

2170 3066 2439 3123 Dominus
2481 3066 2814 3133 percusserit
2856 3080 2999 3134 eum,
3033 3072 3130 3120 aut
3178 3064 3293 3118 dies
3338 3067 3461 3135 ejus
3510 3064 3720 3119 venerit
3770 3072 3833 3117 ut

2167 3156 2462 3223 moriatur,
2486 3158 2582 3209 aut
2610 3154 2939 3209 descendens
2968 3154 3029 3207 in
3055 3153 3319 3224 praelium
3342 3152 3614 3223 perierit;
3640 3152 3836 3222 propi-

2168 3246 2279 3299 tius
2325 3244 2397 3298 sit
2443 3242 2592 3298 mihi
2626 3244 2917 3309 Dominus,
2945 3258 3014 3297 ne
3049 3243 3269 3298 mittam
3295 3257 3524 3296 manum
3550 3256 3733 3296 meam
3766 3241 3835 3296 in

2168 3334 2439 3388 christum
2470 3332 2709 3387 Domini.
2742 3335 2817 3387 Et
2846 3334 3111 3404 confregit
3140 3330 3312 3387 David
3342 3332 3489 3386 viros
3530 3344 3655 3385 sues
3704 3344 3835 3384 ser-

2169 3421 2447 3487 monibus,
2499 3423 2553 3476 et
2602 3436 2713 3475 non
2757 3420 3013 3491 permisit
3058 3435 3164 3484 eos,
3220 3426 3282 3473 ut
3323 3422 3715 3489 consurgerent
3770 3418 3835 3472 in

415 3526 573 3575 mus,
595 3508 803 3565 debitae
834 3508 1138 3564 chraritatis
1160 3507 1393 3564 vinculo
1417 3508 1736 3579 constricti,
1761 3507 1949 3564 celare
1968 3524 2062 3564 vo—
2092 3549 2135 3615 Ο
2172 3509 2308 3564 Saul
2357 3509 2404 3578 (1
2430 3508 2561 3576 Reg.
2584 3524 2736 3572 xxxv,
2760 3508 2838 3578 5).
2867 3507 3145 3571 Quamvis
3176 3507 3333 3561 enim
3366 3506 3437 3562 de
3470 3506 3629 3565 illius
3662 3506 3833 3575 abje-

415 3599 508 3654 bis
556 3597 798 3654 minime
844 3597 1128 3654 valemus.
1166 3596 1474 3653 Humiliter
1503 3602 1757 3655 vestram
1791 3601 2063 3669 rogantes
2093 3595 2135 3615 ν
2173 3596 2382 3664 ctione,
2417 3612 2643 3666 suaque
2688 3595 2969 3652 electione
3012 3595 3255 3651 minime
3294 3595 3610 3660 dubitaret,
3643 3609 3837 3665 eoque

417 3686 850 3752 celsitudinem,
880 3692 949 3741 ut
993 3702 1120 3757 quea
1172 3704 1207 3741 ξι
1249 3701 1343 3741 me
1389 3690 1581 3740 vestro
1626 3685 1805 3751 ﬁdeli,
1837 3685 1978 3757 quin
2010 3690 2068 3741 et

418 3774 623 3830 infimo
671 3772 950 3830 confratri
998 3772 1303 3830 humiliter
1331 3773 1580 3830 dicenda
1610 3778 1768 3843 sunt,
1801 3775 2065 3846 deposito

419 3861 733 3935 supercilio
778 3862 1018 3934 pacifice
1056 3862 1260 3918 audire
1288 3862 1631 3935 dignemini.
1664 3863 1791 3919 Non
1841 3868 1917 3932 te,
1950 3864 2069 3920 Do-

418 3951 599 4023 mine,
630 3951 821 4019 lmdat,
855 3951 1012 4023 quod
1042 3950 1262 4023 aliquid
1299 3951 1469 4024 quasi
1510 3952 1912 4025 magistrando
1961 3952 2065 4009 tibi

420 4041 722 4098 insinuare
750 4034 1260 4113 presumam,qui
1291 4046 1354 4096 ut
1384 4041 1692 4097 familiaris
1722 4041 2068 4098 vernaculus

421 4145 733 4202 suggerere
748 4134 954 4186 vestrae
973 4129 1419 4202 magnificentia
1431 4136 1762 4203 opportuna
1777 4131 2066 4187 desidero.

424 4218 609 4285 Unde,
653 4217 897 4274 Domine
948 4219 1051 4286 mi,
1101 4222 1269 4274 tanta
1314 4225 1507 4275 vestro
1559 4220 1718 4274 cordi
1768 4219 2072 4291 subripere

423 4307 616 4379 potuit
640 4306 945 4363 temeritas
964 4306 992 4361 ?
1020 4307 1177 4364 unde
1203 4311 1372 4364 tanta
1400 4307 1625 4379 exquiri
1672 4308 1860 4380 potuit
1907 4324 2070 4364 occa-

422 4395 510 4453 sio
529 4394 558 4450 Ἰ
584 4398 743 4453 unde
768 4401 956 4452 vestra
981 4412 1148 4453 mens
1180 4401 1298 4454 tam
1330 4396 1441 4453 cito
1472 4396 1663 4469 potuit
1682 4397 1981 4463 concitari,
2012 4401 2074 4453 ut

422 4485 802 4543 sacerdotalis
832 4487 1210 4544 immemores
1250 4487 1604 4553 reverentiae,
1639 4504 1707 4542 ex
1756 4486 2072 4558 improviso

424 4590 460 4628 a
500 4579 690 4630 vestro
716 4575 1105 4632 'discederetis
1142 4576 1390 4646 seniore,
1421 4577 1749 4648 vestrisque
1779 4575 2073 4632 benevolis

424 4661 838 4731 confratribus,
863 4666 920 4719 et
942 4663 1127 4735 gratis
1156 4665 1216 4720 in
1244 4666 1407 4737 ipsos
1438 4666 1743 4739 insurgere
1766 4682 1885 4721 non
1908 4681 2072 4720 vere-

424 4748 636 4806 remini
658 4750 687 4804 ‘I
714 4749 840 4805 Non
869 4749 991 4806 leve
1010 4755 1102 4806 est
1128 4752 1383 4823 regalem
1415 4755 1761 4826 impugnare
1791 4754 2073 4825 majesta—

425 4842 570 4905 tem,
601 4837 714 4894 etsi
744 4836 966 4908 injuste
1013 4839 1072 4894 in
1116 4838 1314 4910 aliquo
1345 4841 1624 4899 videatur.
1661 4843 1757 4898 Dei
1789 4843 1946 4899 enim
1978 4859 2071 4898 or-

2175 3687 2562 3755 persequente
2594 3699 2780 3754 usque
2811 3684 2883 3739 ad
2914 3683 3145 3739 interna
3166 3686 3558 3739 coarctaretur
3587 3682 3836 3753 spelun-

2177 3790 2275 3843 cae,
2305 3776 2506 3828 tamen
2547 3788 2789 3831 manum
2834 3773 2894 3828 in
2943 3788 3079 3828 eum
3130 3772 3435 3828 extendere
3484 3770 3692 3835 noluit,
3726 3772 3837 3827 sed

2177 3861 2441 3916 divinum
2475 3860 2770 3932 judicium
2808 3860 3183 3932 exspectavit.
3216 3861 3285 3916 Et
3313 3860 3467 3931 quod
3501 3875 3662 3916 oram
3699 3863 3837 3915 tan-

2176 3949 2482 4007 tummodo
2512 3948 2840 4021 chlamydis
2870 3949 3059 4020 ipsius
3089 3949 3423 4015 absciderit,
3458 3953 3658 4021 postea
3689 3964 3836 4004 eum

2180 4038 2471 4110 paenituit,
2512 4055 2578 4093 eo
2629 4039 2788 4109 quod
2837 4038 3121 4110 principis
3170 4038 3583 4094 indumentum
3632 4036 3724 4093 vel
3775 4039 3843 4092 in

2180 4126 2378 4198 aliquo
2430 4125 2919 4183 dehonestaverit.
2967 4126 3061 4182 Sic
3109 4142 3209 4182 rex
3255 4125 3475 4182 electus
3523 4126 3843 4197 reprobato

2181 4216 2459 4288 pepercit,
2483 4214 2752 4286 quamvis
2781 4216 2853 4271 ab
2889 4215 3016 4286 ipso
3048 4215 3330 4272 innocens
3359 4219 3841 4287 persequeretur,

2182 4305 2477 4375 nimisque
2505 4308 2922 4376 angustaretur
2952 4304 3189 4375 injuste.

2251 4393 2483 4449 Samuel
2518 4409 2754 4464 quoque
2785 4394 3206 4464 cum,jubente
3234 4393 3501 4461 Domino,
3525 4391 3689 4449 hunc
3712 4394 3846 4464 jam

2182 4499 2377 4555 regem
2418 4499 2594 4553 super
2644 4482 2822 4536 Israel
2874 4483 3128 4549 unxerit,
3160 4486 3402 4538 vocatus
3448 4500 3486 4537 a
3533 4480 3710 4538 Saule
3756 4482 3849 4538 ire

2182 4589 2299 4628 non
2322 4571 2572 4637 distulit,
2596 4570 2737 4641 quin
2762 4576 2819 4625 et
2849 4587 2952 4642 pro
2983 4586 3050 4626 eo
3081 4587 3145 4626 se
3169 4556 3476 4626 oraturum
3496 4570 3847 4642 spopondit,

2181 4662 2419 4717 dicens:
2453 4661 2606 4716 Absit
2633 4677 2671 4716 a
2701 4676 2787 4715 me
2816 4667 2878 4715 ut
2892 4675 3095 4716 cessem
3112 4676 3277 4717 orare
3302 4675 3403 4731 pro
3424 4668 3475 4715 te
3505 4661 3553 4728 (ι
3582 4660 3714 4730 Reg.
3738 4676 3848 4731 xu,

2179 4751 2295 4823 23).
2328 4750 2439 4805 Sed
2471 4766 2627 4805 nunc
2648 4748 2892 4805 rebelles
2924 4749 3140 4804 milites
3169 4748 3442 4806 resistere
3466 4748 3715 4805 Domino
3736 4765 3849 4805 suo

2185 4855 2366 4896 manu
2397 4844 2627 4894 armata
2658 4855 2774 4893 non
2825 4838 3164 4905 formidant,
3197 4853 3453 4909 eumque
3480 4835 3775 4908 expellere
3814 4856 3852 4895 a

424 4926 648 4983 dinatio
669 4929 760 4984 est
787 4944 801 4995 ;
834 4926 933 4982 Dei
958 4931 1052 4982 est
1073 4926 1452 4999 dispensatio.
1476 4929 1790 4987 Profanum
1812 4935 1901 4988 est
1921 4932 2078 4989 enim
2110 4921 2157 4986 D
2188 4929 2351 5000 regni
2375 4927 2523 4984 solio
2544 4927 2902 4983 omnimodis
2922 4927 3210 4983 laborant.
3237 4928 3316 4983 De
3341 4925 3560 4983 talibus
3577 4925 3745 4981 enim
3767 4926 3853 4981 ait

424 5014 642 5073 violare
670 5015 823 5086 quod
862 5019 1016 5071 Deus
1062 5015 1314 5074 ordinat.
1348 5016 1440 5073 Ait
1478 5016 1635 5072 enim
1667 5019 1949 5076 Dominus
1977 5036 2083 5091 per
2189 5016 2477 5074 Dominus
2511 5032 2524 5072 :
2561 5016 2738 5071 Sinite
2766 5017 2914 5085 illos,
2945 5018 3076 5074 caeci
3102 5023 3251 5083 sunt,
3279 5023 3332 5071 et
3358 5015 3519 5070 duces
3547 5029 3850 5071 caecorum.

426 5105 659 5175 Moysen
695 5120 707 5159 :
759 5105 1070 5176 Principem
1102 5107 1296 5176 populi
1335 5106 1426 5161 tui
1460 5122 1534 5162 ne
1559 5106 1858 5164 maledicas
1888 5109 2078 5179 (Exod.

2190 5107 2372 5162 Cacus
2392 5106 2543 5161 enim
2571 5106 2620 5159 si
2639 5120 2777 5161 caeco
2800 5105 3060 5162 ducatum
3084 5104 3510 5176 prabeat,ambo
3533 5105 3597 5160 in
3623 5104 3855 5178 foveam

427 5206 591 5260 xxm,
615 5192 728 5263 28).
752 5196 1018 5264 Namque
1041 5194 1136 5250 cui
1169 5211 1277 5251 nec
1306 5194 1654 5251 maledicere
1683 5193 1833 5261 licet,
1858 5195 2081 5267 liquido
2188 5194 2391 5250 cadunt
2418 5193 2637 5264 (Matth.
2670 5211 2762 5264 xv,
2798 5193 2904 5265 14).
2939 5193 3282 5250 Sacerdotes
3309 5210 3443 5249 vero
3466 5192 3589 5262 Dei,
3627 5193 3855 5263 quibus

428 5285 589 5352 patet
611 5282 752 5353 quia
771 5286 829 5337 et
856 5283 1130 5354 persequi
1164 5300 1281 5339 non
1306 5283 1460 5340 licet.
1486 5286 1553 5340 Et
1583 5300 1684 5355 per
1711 5284 1949 5340 beatum
1971 5285 2081 5342 Da-

430 5369 526 5424 vid
565 5387 578 5426 :
627 5371 807 5427 Nolite
854 5380 1076 5443 tangere
1119 5371 1349 5431 christ‘os
1394 5390 1538 5430 meos
1583 5374 1755 5444 (Psal.
1805 5390 1918 5439 CIV,
1971 5376 2079 5447 15).

440 5459 601 5522 Quod
636 5465 858 5530 quanta
888 5462 1343 5518 mansuetudine
1372 5463 1498 5535 ipse
1518 5462 1931 5531 observaverit,
1957 5479 2079 5519 ma-

435 5548 716 5605 nifestum
750 5553 857 5604 est.
889 5554 1050 5605 Certe
1073 5552 1199 5621 jam
1230 5551 1365 5606 Saul
1397 5569 1507 5608 sua
1536 5552 1825 5623 protervis
1852 5551 1925 5606 ab
1954 5551 2081 5623 ipso

2191 5283 2388 5339 divina
2418 5288 2557 5340 sunt
2586 5285 3009 5356 perscrutanda
3037 5283 3337 5349 mandata,
3372 5299 3487 5339 non
3517 5285 3760 5337 tantum
3790 5299 3856 5339 se

2192 5373 2488 5429 custodire
2536 5390 2571 5429 a
2620 5372 2859 5444 talibus,
2890 5374 2993 5429 sed
3037 5372 3217 5429 etiam
3245 5368 3391 5427 alios
3432 5387 3581 5443 quos
3626 5369 3853 5439 valent,

2193 5463 2485 5519 retrahere
2526 5462 2815 5519 convenit.
2848 5462 3009 5519 Certe
3047 5463 3176 5534 ipse
3212 5461 3498 5518 Dominus
3526 5459 3855 5528 tributum,

2183 5552 2430 5623 jubente
2451 5554 2693 5619 Cassare,
2716 5552 2851 5607 dare
2873 5551 3035 5608 nullo
3060 5552 3234 5607 modo
3261 5549 3580 5623 prohibuit,
3605 5550 3853 5606 dicens:

436 5636 552 5691 Deo
584 5637 772 5692 fuerat
803 5640 1147 5709 reprobatus
1180 5658 1192 5707 ;
1239 5641 1365 5710 jam
1417 5645 1474 5694 et
1521 5642 1645 5713 ipse
1677 5640 1852 5696 David
1886 5640 2084 5696 divina
2193 5640 2411 5696 Reddite
2458 5656 2583 5711 quae
2627 5640 2855 5695 Cwmris
2892 5649 3037 5711 sunt,
3074 5640 3284 5697 Cwsari
3313 5638 3523 5711 (Matth.
3556 5655 3702 5707 xxn,
3735 5639 3854 5711 21).

433 5726 621 5798 gratia
663 5726 722 5782 in
775 5743 969 5800 regem
1018 5728 1208 5785 fuerat
1257 5731 1490 5801 unctus,
1522 5735 1579 5786 et
1628 5733 1825 5789 tamen
1855 5745 1990 5786 cum
2022 5730 2082 5788 in

2194 5731 2259 5791 In
2280 5744 2396 5801 quo
2417 5746 2536 5789 non
2556 5734 2788 5793 tantum
2809 5730 3017 5790 tributi
3037 5729 3311 5802 redditio,
3328 5728 3430 5788 sed
3451 5726 3639 5786 totius
3664 5728 3858 5786 debiti
