3946 6404
118 432 178 486 97
1587 428 2012 488 EPISTOLIE.

3434 435 3514 494 98

118 558 329 617 honoris
357 558 681 616 reverentia
712 559 1163 632 intelligendum
1207 565 1315 618 est.
1350 561 1513 626 Quod
1569 560 1745 616 etiam
1773 563 1829 627 Α
1858 566 2052 633 grates
2082 562 2290 618 exinde
2319 562 2528 635 dignas
2549 562 2922 635 persolvant;
2955 565 3213 623 siautem
3235 568 3516 625 adversus

116 651 224 722 ipse
249 664 375 703 cum
399 647 472 703 ab
502 648 872 705 exactoribus
891 654 955 703 ut
984 650 1740 721 redderet,urgeretur,non

120 737 441 809 dedignatus
471 740 564 793 est
591 736 953 808 persolvere;
987 738 1089 793 sed
1149 737 1232 793 ait
1292 738 1458 794 Petro
1505 736 1644 793 Vade
1665 736 1744 794 ad

119 844 271 896 mare,
299 834 348 881 et
372 827 535 882 mitte
561 825 809 892 hamum,
860 829 912 881 et
957 842 1083 881 eum
1136 828 1339 897 piscem
1379 827 1476 897 qui
1526 828 1744 897 primus

120 915 416 981 ascenderit,
446 915 603 979 tolle,
634 922 688 969 et
714 919 906 985 aperto
928 931 1021 970 ore
1049 917 1165 987 ejus
1180 917 1426 971 invenies
1444 920 1743 977 staterem;

120 1004 267 1059 illum
284 1019 517 1069 sumens,
551 1003 623 1058 da
646 1005 725 1059 eis
747 1020 854 1075 pro
875 1019 981 1070 me,
1014 1008 1066 1059 et
1118 1020 1222 1075 pro
1251 1009 1305 1059 te
1333 1005 1543 1076 (Matth.
1603 1020 1742 1073 xvn,

120 1094 225 1163 26).
246 1092 401 1148 Unde
428 1098 487 1147 et
513 1091 640 1163 ipse
671 1097 832 1147 tanta
864 1092 1125 1164 Magistri
1159 1094 1426 1149 eruditus
1479 1092 1747 1148 doctrina

119 1184 371 1237 admonet
398 1180 719 1237 Ecclesiam
750 1181 1087 1237 omnimode
1104 1182 1343 1253 regibus
1355 1198 1585 1237 servare
1604 1181 1747 1236 obe-

119 1270 398 1326 dientiam.
428 1270 527 1324 Ait
561 1269 718 1324 enim
752 1286 766 1324 :
799 1270 971 1325 Deum
1007 1270 1211 1339 timete,
1274 1286 1454 1339 regem
1482 1270 1747 1339 honoriﬁ-

116 1363 222 1414 cate
245 1361 294 1427 (ι
313 1361 469 1416 Petr.
504 1376 587 1426 ιιι,
624 1360 732 1426 14).
763 1358 910 1414 Nam
960 1364 1094 1429 post
1150 1358 1428 1414 timorem
1486 1358 1588 1414 Dei
1646 1357 1747 1429 qui

116 1448 395 1520 sapientize
425 1448 667 1504 initium
697 1451 806 1515 est,
840 1447 1067 1519 regium
1098 1448 1303 1503 statim
1330 1447 1749 1519 praecepitser-

113 1538 350 1594 vandum
408 1554 541 1593 esse
598 1538 902 1594 honorem.
964 1538 1033 1592 Et
1090 1536 1264 1592 item:
1328 1536 1533 1608 Sujecti
1587 1540 1749 1592 estote

115 1628 253 1681 omni
281 1626 548 1684 humanae
573 1635 844 1681 creaturae
869 1630 1091 1697 propter
1105 1626 1413 1695 Deum,sive
1443 1626 1564 1695 regi
1590 1625 1751 1696 quasi

110 1715 453 1785 praecedenti,
486 1715 598 1771 sive
628 1715 855 1771 ducibus
886 1722 1147 1785 tanquam
1201 1716 1275 1770 ab
1324 1730 1384 1770 eo
1439 1715 1622 1769 missis
1678 1712 1747 1767 ad

114 1803 399 1860 vindictam
428 1805 868 1875 male/actorum,
902 1804 1120 1860 laudem
1146 1819 1273 1859 vero
1311 1804 1593 1860 bonorum.
1653 1801 1752 1858 Sic

113 1892 257 1948 enim
289 1909 399 1949 nos
428 1894 586 1963 regis
601 1893 900 1964 subjectos
918 1909 1050 1949 esse
1069 1893 1240 1949 docet
1276 1891 1430 1950 sicut
1460 1890 1751 1964 praecelle«

1785 1942 1835 2007 B

1856 651 2052 716 fuerit,
2087 650 2211 705 suis
2242 651 2351 707 hoc
2380 652 2675 725 imputant
2701 653 2975 725 peccatis,
3008 655 3325 727 ipsumque
3355 657 3518 729 ﬂagi-

1857 742 1979 801 tare
2011 754 2127 797 non
2152 739 2520 808 desinant,ut
2536 740 2647 797 hoc
2677 742 3004 799 secundum
3066 743 3513 801 multitudinem

1857 827 2273 884 misericordias
2303 846 2422 884 suae
2454 831 3049 903 propitiusdisponat.
3075 832 3223 891 Nam
3241 832 3514 903 dejicien-

1855 917 1968 971 dus
1999 917 2085 972 vel
2113 917 2555 990 impugnandos
2585 918 2748 974 nullo
2783 921 2956 977 modo
2989 926 3079 977 est
3108 938 3144 977 a
3166 921 3512 994 populo,qui

1848 1007 1977 1077 jam
2009 1006 2316 1085 ordinatus
2348 1012 2439 1063 est
2462 1024 2496 1062 a
2532 1009 2665 1064 Deo.
2697 1008 2983 1080 Equidem
3007 1010 3293 1081 scriptum
3326 1015 3419 1068 est
3455 1011 3515 1067 in

1858 1094 2095 1151 Daniele
2120 1112 2132 1151 :
2168 1096 2313 1163 Quia
2339 1096 2658 1152 dominatur
2680 1098 2925 1154 excelsus
2949 1100 3010 1153 in
3040 1115 3207 1169 regno
3229 1099 3519 1157 hominum

1856 1185 1907 1238 el
1937 1185 2030 1239 cui
2056 1185 2311 1253 voluerit,
2341 1187 2455 1256 ipse
2483 1187 2591 1241 dat
2610 1187 2752 1242 illud
2794 1188 2957 1257 (Dan.
3011 1206 3084 1253 IV,
3144 1190 3251 1260 14).
3307 1188 3519 1246 Nullus

1858 1273 1930 1328 de
1950 1272 2202 1343 alicujus
2234 1275 2445 1344 dejecti
2478 1276 2632 1345 regis
2662 1276 2881 1345 injuria
2908 1276 3022 1331 sibi
3051 1282 3321 1333 assumat
3374 1278 3521 1334 ﬁdu-

1860 1361 2031 1418 ciam.
2065 1362 2353 1428 Quoniam
2382 1365 2651 1435 quamvis
2704 1364 2848 1419 mul.
2927 1405 2941 1418 .
3023 1406 3038 1420 .
3121 1406 3134 1419 .
3216 1407 3231 1422 .
3313 1409 3327 1421 .
3409 1409 3423 1421 .
3503 1409 3517 1424 .

1958 1582 1972 1595 .
2048 1540 2197 1595 tanti
2228 1540 2504 1597 facinoris
2534 1540 2869 1598 miserabile
2904 1542 3217 1613 pertulisse
3246 1543 3515 1601 exitium.

1859 1629 2022 1694 Quod
2055 1629 2104 1685 si
2137 1630 2230 1685 cui
2260 1646 2608 1686 enumerare
2634 1630 2827 1695 liceat,
2860 1630 3516 1703 abipsiusgentisexor-

1860 1718 1954 1774 dio
1985 1718 2435 1791 diligentissime
2467 1719 2852 1791 perquirat.et
2879 1724 3022 1776 tunc
3051 1736 3399 1792 cognoscere
3411 1739 3516 1794 po-

1860 1808 1998 1864 terit
2025 1807 2225 1880 populi
2254 1808 2436 1879 hujus
2473 1808 2928 1865 destructionem
2980 1808 3236 1867 maxime
3274 1817 3515 1883 propter

1865 1897 2017 1953 hanc
2062 1896 2327 1953 evenisse
2365 1896 2749 1953 occasionem.
2801 1897 2950 1964 Quia
3026 1898 3212 1954 donec
3277 1899 3516 1971 regibus

114 1982 189 2035 sic
215 1981 469 2037 ducibus
498 1986 780 2053 tanquam
803 1982 875 2037 ab
906 1980 1470 2038 eomissis.Multum
1499 1996 1758 2052 namque
1786 1980 1835 2007 υ
1869 2001 2193 2059 repugnare
2206 1990 2606 2057 quaerunt,eta
2626 1986 2871 2059 paganis
2893 1986 3157 2058 undique
3178 1991 3527 2059 opprimun-

112 2069 360 2126 estinter
390 2070 741 2143 principem,
773 2075 832 2126 et
876 2071 1128 2126 missum
1185 2071 1259 2127 ab
1319 2087 1407 2126 eo.
1466 2069 1576 2125 Sed
1635 2069 1759 2124 haec

112 2159 372 2229 princeps
433 2160 599 2215 docet
652 2159 942 2215 Ecclesiae.
1006 2160 1328 2216 Vibeamus
1378 2158 1519 2231 quid
1552 2159 1784 2227 etejus.

112 2248 331 2303 socius:
368 2250 487 2304 Non
531 2257 610 2304 est
651 2252 918 2317 postestas
947 2251 1063 2304 nisi
1116 2266 1151 2304 a
1195 2250 1343 2304 Deo:
1399 2263 1520 2318 quae
1576 2251 1761 2301 autem

107 2341 241 2403 sunt,
272 2355 308 2392 a
338 2338 452 2394 Deo
480 2338 738 2393 ordinata
766 2342 914 2405 sunt,
945 2340 1135 2407 Itaque
1192 2338 1291 2408 qui
1346 2338 1553 2392 resistit
1605 2340 1760 2405 pote-

107 2428 243 2493 stati,
281 2428 395 2482 Dei
424 2426 772 2482 ordinationi
824 2426 1051 2480 resistit.
1108 2426 1217 2492 Qui
1243 2432 1426 2480 autem
1480 2424 1761 2492 resistunt,

110 2514 208 2586 ipsi
223 2517 341 2570 sibi
372 2515 792 2569 damnationem
819 2514 1135 2584 acquirunt.
1159 2514 1300 2567 Nam
1350 2514 1623 2583 principes
1652 2527 1764 2565 non

108 2608 217 2659 sunt
252 2603 482 2657 timoris
510 2603 640 2657 boni
665 2603 865 2671 operis.
896 2601 995 2656 sed
1013 2601 1171 2656 mali.
1207 2601 1291 2655 Vis
1320 2605 1511 2655 autem
1564 2600 1762 2656 nanti-

108 2708 239 2747 mere
253 2694 583 2763 potestatem
612 2710 632 2756 ;
665 2690 862 2745 bonum
892 2692 1001 2759 fac,
1061 2694 1113 2745 et
1169 2689 1388 2745 habebis
1448 2688 1665 2744 laudem
1694 2704 1765 2743 ea:

111 2782 220 2836 illa.
252 2782 357 2837 Dei
390 2780 651 2835 minister
677 2781 753 2833 est
780 2779 886 2833 tibi
912 2780 969 2833 in
1007 2780 1225 2833 bonum.
1270 2777 1331 2833 Si
1383 2787 1569 2833 autem
1616 2776 1765 2832 male

106 2871 315 2940 feceris,
349 2870 505 2925 time.
541 2868 660 2924 Non
691 2868 843 2923 enim
870 2869 990 2923 sine
1029 2883 1197 2922 causa
1254 2867 1504 2937 gladium
1556 2870 1762 2938 portat,

110 2959 196 3013 Dei
221 2960 379 3015 enim
437 2958 700 3013 minister
753 2960 850 3020 est,
906 2957 1118 3012 vindex
1147 2958 1208 3011 in
1238 2958 1385 3011 iram
1423 2957 1477 3012 ei
1505 2958 1601 3028 qui
1620 2955 1765 3010 male

109 3049 234 3117 agit.
257 3048 385 3104 Ideo
413 3048 742 3103 necessitate
767 3045 979 3101 subditi
1002 3049 1200 3101 estote:
1230 3061 1339 3101 non
1396 3045 1580 3101 solum
1631 3060 1765 3115 pro-

107 3140 221 3204 pter
250 3140 424 3204 iram,
456 3136 554 3193 sed
580 3139 629 3191 et
657 3138 884 3207 propter
910 3136 1303 3191 conscientiam
1325 3153 1344 3191 :
1375 3134 1496 3191 Ideo
1525 3136 1676 3190 enim
1714 3143 1765 3191 et

110 3226 309 3283 tributa
329 3227 616 3298 praestatis
638 3243 658 3280 .·
672 3225 926 3281 ministri
940 3227 1093 3281 enim
1104 3229 1232 3281 sunt
1251 3226 1349 3280 Dei
1368 3226 1430 3279 in
1464 3224 1562 3280 hoc
1582 3225 1765 3294 ipsum

1866 2078 1982 2141 tur,
2032 2080 2090 2130 et
2132 2092 2166 2130 a
2196 2074 2464 2130 finitimis
2502 2075 2779 2147 gentibus
2813 2075 2943 2131 ideo
2980 2076 3423 2133 conculcantur.
3453 2078 3525 2133 Et

1876 2164 2016 2219 dum
2051 2167 2418 2233 praesumunt
2446 2162 2678 2229 illicita,
2697 2180 2730 2218 a
2748 2163 2961 2218 debitis
2988 2162 3377 2220 nihilominus
3408 2165 3523 2237 pri-

1868 2256 2083 2306 vantur
2111 2251 2454 2306 honoribus.

1943 2339 2055 2394 Sed
2088 2338 2227 2409 quid
2259 2339 2331 2394 de
2363 2337 2521 2410 regia
2550 2338 2827 2394 ﬁdelitate
2859 2343 2916 2394 et
2944 2339 3151 2395 beatus
3207 2339 3522 2412 Gregorius

1872 2428 2048 2495 dicat,
2082 2427 2415 2483 audiamus.
2447 2427 2719 2483 Aitenim
2747 2429 2820 2483 ad
2863 2428 3204 2484 Mauritium
3253 2430 3521 2487 scribens

1873 2517 2282 2588 imperatorem
2317 2517 2434 2587 (tib.
2468 2533 2534 2583 ιι,
2555 2519 2714 2586 epist.
2744 2518 2835 2586 61)
2867 2538 2894 2567 ι(
2943 2516 3346 2589 Omnipotenti
3404 2519 3523 2576 Deo

1873 2622 2007 2661 reus
2023 2604 2236 2676 est,qui
2254 2604 2648 2660 serenissimis
2661 2604 2989 2661 dominisin
3020 2621 3195 2662 omne
3222 2608 3379 2678 quod
3406 2609 3527 2681 agit

1873 2699 1929 2749 et
1960 2694 2238 2765 loquitur,
2263 2710 2447 2765 purus
2476 2710 2593 2749 non
2622 2698 2732 2749 est.
2756 2694 2874 2766 Ego
2890 2694 3381 2767 autemindignus
3400 2697 3522 2768 pie-

1873 2782 2013 2837 tatis
2045 2786 2246 2836 vestrae
2278 2781 2539 2837 famulus
2572 2781 2630 2836 in
2662 2780 2772 2837 hac
2791 2782 3165 2853 suggestione
3182 2798 3313 2839 mea
3334 2798 3523 2855 neque

1872 2875 1940 2926 ut
1969 2870 2299 2943 episcopus,
2327 2886 2517 2942 neque
2546 2874 2612 2925 ut
2639 2886 2846 2927 servus
2865 2871 3003 2941 jure
3034 2870 3388 2943 reipublicae,
3421 2873 3525 2930 sed

1874 2976 1942 3016 ex
1972 2959 2073 3015 illo
2097 2960 2226 3030 jam
2260 2964 2521 3032 tempore
2549 2959 2830 3016 dominus
2862 2975 3029 3016 meus
3060 2960 3245 3029 fuisti,
3287 2962 3524 3032 quando

1873 3050 2068 3105 adhuc
2126 3049 2403 3105 dominus
2459 3048 2725 3104 omnium
2785 3064 2901 3103 non
2971 3063 3123 3103 eras.
3158 3069 3189 3097 ››
3246 3048 3525 3113 Quamvis

1874 3138 2030 3194 enim
2064 3136 2378 3193 Mauritius
2406 3137 2466 3191 in
2497 3136 2852 3208 quibusdam
2884 3135 3271 3193 inclementer
3306 3142 3522 3209 ageret,

1874 3232 1933 3283 et
1963 3227 2214 3284 maxime
2244 3230 2452 3282 contra
2477 3225 2697 3297 ipsum,
2731 3226 2886 3282 sicut
2914 3225 3103 3298 ipsius
3133 3225 3369 3299 scriptis
3427 3228 3528 3283 de-

109 3319 416 3372 servientes.
456 3314 682 3371 Reddite
738 3314 990 3370 omnibus
1043 3314 1266 3370 debita:
1323 3315 1416 3369 cui
1471 3313 1763 3380 tributum,
1796 3304 1839 3371 C
1877 3317 2152 3383 claratur,
2184 3320 2381 3372 tamen
2431 3316 2670 3373 domino
2724 3315 2834 3371 hoc
2886 3316 3316 3386 committebat,
3359 3317 3531 3388 eique

113 3407 373 3462 tributum
401 3426 423 3472 ,-
454 3407 553 3460 cui
581 3405 841 3475 vectigal,
875 3404 1150 3473 vectigal:
1181 3405 1270 3459 cui
1300 3406 1577 3472 timorem,
1610 3404 1767 3459 timo-

116 3512 263 3557 rem;
294 3496 392 3551 cui
422 3494 711 3558 honorem,
743 3494 1004 3549 honorem
1036 3494 1209 3564 (Rom.
1243 3508 1365 3561 xm,
1397 3494 1473 3563 2).
1506 3490 1647 3546 ltem
1697 3491 1768 3546 ad

115 3584 526 3641 Timotheum:
564 3583 787 3640 Obsecro
826 3584 998 3653 igitur
1040 3582 1290 3653 primum
1336 3582 1587 3638 omnium
1641 3578 1773 3651 ﬁeri

119 3673 536 3741 obsecrationes,
618 3674 918 3738 orationes,
982 3672 1401 3743 postulationes,
1460 3670 1774 3739 gratiarum

123 3765 348 3820 actiones
389 3779 497 3835 pro
528 3762 782 3818 omnibus
838 3761 1172 3829 hominibus,
1204 3776 1304 3832 pro
1326 3762 1545 3830 regibus
1575 3768 1627 3815 et
1655 3774 1771 3815 om-

120 3851 277 3907 nibus
306 3855 408 3924 qui
430 3852 649 3908 suntin
668 3850 1007 3906 sublimitate
1026 3850 1317 3906 constituti
1347 3851 1392 3917 (ι
1424 3850 1560 3903 Tim.
1595 3853 1661 3902 Ιι.
1696 3847 1768 3918 1).

180 3939 320 3997 Nam
354 3946 415 3999 et
444 3943 662 3998 beatus
691 3939 873 3995 David
905 3956 1040 3994 cum
1065 3942 1368 4011 peccatum
1389 3954 1565 3993 suum
1586 3936 1773 3993 Domi-

121 4043 185 4081 no
213 4031 618 4095 confiteretur,
652 4030 770 4093 ait;
801 4028 933 4083 Tibi
958 4029 1064 4083 soli
1104 4029 1331 4099 peccavi
1388 4028 1559 4098 (Psal.
1591 4044 1642 4096 L,
1692 4027 1771 4097 6),

120 4118 291 4184 Quam
307 4119 676 4175 sententiam
691 4117 1145 4189 diligentissime
1159 4132 1455 4189 exponens
1468 4115 1774 4172 Gassiodo-

119 4222 209 4262 rus
229 4208 413 4266 dicit:
448 4230 477 4262 ι
512 4208 599 4264 De
631 4206 847 4279 populo
880 4206 928 4262 si
989 4206 1125 4278 quis
1183 4205 1480 4273 erraverit,
1543 4210 1601 4259 et
1655 4204 1774 4260 Deo

124 4302 309 4365 peccat
339 4301 397 4354 et
427 4297 558 4371 regi
592 4312 605 4351 :
638 4312 774 4351 nam
798 4296 1033 4367 quando
1054 4312 1153 4351 rex
1174 4294 1483 4367 delinquit,
1514 4292 1626 4350 soli
1655 4294 1773 4350 Deo

124 4400 245 4441 reus
274 4392 385 4455 est,
417 4387 568 4459 quia
598 4384 896 4441 hominem
921 4401 1036 4441 non
1072 4383 1249 4441 habet
1289 4384 1391 4456 qui
1436 4384 1565 4454 ejus
1622 4383 1776 4439 facta

125 4472 412 4545 dijudicet.
448 4476 667 4533 Merito
696 4491 832 4547 ergo
863 4492 964 4530 rex
991 4475 1108 4530 Deo
1132 4479 1360 4529 tantum
1383 4473 1528 4529 dicit
1556 4489 1618 4529 se
1644 4490 1775 4545 pec-

126 4578 298 4632 casse,
327 4566 469 4638 quia
500 4566 671 4623 solus
703 4569 846 4620 erat.
881 4564 981 4635 qui
1014 4564 1144 4633 ejus
1179 4562 1465 4635 potuisset
1514 4562 1775 4618 admissa

1878 3407 2053 3461 fidem
2087 3406 2375 3471 servabat,
2408 3409 2465 3460 et
2495 3422 2599 3477 pro
2627 3421 2695 3461 eo
2726 3421 2893 3462 orare
2922 3421 3038 3461 non
3069 3404 3393 3461 dill‘erebat.
3432 3407 3532 3461 De-

1880 3494 2059 3565 nique
2089 3494 2452 3549 enumeratis
2480 3493 2716 3562 injuriis
2729 3493 2799 3549 ab
2832 3508 2899 3548 eo
2918 3492 3401 3564 sibiinﬂictis,ait
3415 3510 3537 3549 rur-

1882 3599 1984 3638 sus
2015 3583 2135 3653 (lib,
2170 3600 2232 3649 ιι,
2272 3584 2428 3654 epist.
2500 3583 2526 3637 1
2562 3584 2623 3637 in
2663 3580 2838 3653 ﬁne):
2874 3602 2903 3631 «
2966 3581 3123 3636 Inter
3179 3580 3301 3637 hanc
3329 3581 3533 3639 omnia

1880 3672 2103 3728 incerta
2130 3672 2203 3727 ad
2235 3670 2390 3727 solas
2422 3670 3126 3742 lacrymasredeo,petens
3159 3673 3224 3726 nt
3239 3670 3390 3726 idem
3410 3687 3533 3728 om-

1882 3763 2152 3834 nipotens
2182 3761 2338 3817 Deus
2367 3760 2703 3833 piissimum
2733 3758 3041 3815 dominum
3060 3764 3329 3816 nostrum
3352 3764 3536 3817 etsua

1884 3851 1980 3908 hic
2010 3867 2189 3906 manu
2209 3847 2643 3921 regat,etinillo
2658 3847 2906 3904 terribili
2929 3848 3156 3919 judicio
3185 3846 3438 3905 liberum
3460 3849 3534 3906 ab

1883 3939 2162 3996 omnibus
2192 3937 2420 3994 delictis
2453 3937 2730 3993 inveniat.
2756 3959 2778 3985 ι
2805 3937 2916 3992 Sed
2946 3936 3085 4008 quia
3110 3937 3399 3993 Dominus
3421 3937 3537 3994 sibi

1882 4028 2262 4085 commissam
2293 4027 2611 4082 vindictam
2644 4043 2758 4081 non
2780 4026 3031 4091 dill‘erat,
3062 4026 3252 4081 eidem
3268 4028 3537 4084 Mauritio

1884 4122 2089 4191 postea
2118 4121 2313 4189 aperte
2335 4116 2802 4172 demonstratum
2860 4119 2970 4170 est.
3030 4118 3243 4171 Beatus
3300 4132 3537 4189 quoque

1882 4205 2230 4263 Ambrosius
2261 4220 2393 4260 cum
2426 4205 2646 4275 injuste
2687 4208 3134 4276 persequeretur
3162 4221 3198 4260 a
3252 4205 3536 4277 principe,

1884 4301 2073 4354 totum
2106 4311 2169 4351 se
2198 4294 2447 4350 Domino
2467 4292 3048 4362 commendabat,nec
3066 4292 3432 4351 defendendo
3454 4309 3542 4350 re-

1885 4386 2091 4442 sistere
2120 4384 2440 4456 quserebat.
2472 4382 2689 4439 Taliter
2719 4382 3054 4438 sacerdotes
3085 4381 3181 4438 Dei
3214 4397 3278 4437 se
3334 4386 3540 4439 contra

1885 4476 2122 4547 iniquos
2154 4473 2449 4545 principes
2479 4470 2711 4527 munire
2739 4470 2974 4526 debent.
3007 4468 3174 4524 Sicut
3202 4468 3284 4524 ait
3330 4469 3540 4527 beatus

1890 4562 2103 4620 Paulus
2134 4560 2472 4632 apostolus:
2508 4562 2629 4615 Non
2676 4558 3025 4629 vosmetipsos
3080 4557 3344 4630 defentes,
3400 4558 3538 4615 cha-

128 4651 462 4711 discutere.»
496 4655 613 4712 Sed
646 4654 786 4726 quid
818 4653 1133 4710 dicendum
1152 4657 1241 4708 est
1256 4652 1327 4706 de
1348 4651 1626 4706 omnibus
1643 4651 1775 4707 aliis
1808 4674 1853 4738 D
1885 4654 2074 4708 rissmi
2123 4650 2216 4705 sed
2245 4649 2368 4704 dale
2398 4649 2580 4738 locum
2608 4648 2728 4738 iraa.
2756 4646 3031 4738 Scriptum
3052 4646 3177 4703 est:
3230 4649 3364 4704 Mihi
3417 4652 3542 4704 vtn-

128 4744 332 4801 sanctis
361 4744 715 4801 doctoribus
738 4743 795 4798 in
820 4744 928 4799 hoc
951 4740 1773 4805 consentientibus?Quivero
1812 4736 1837 4738 ⁷
1883 4743 2105 4808 dictam,
2137 4754 2230 4809 ego
2262 4737 2584 4806 retribuam,
2615 4736 2751 4793 dicit
2795 4737 3057 4793 Dominus
3086 4737 3260 4808 (Rom.
3295 4754 3397 4809 xu,
3431 4738 3541 4811 17).

131 4838 319 4889 contra
348 4834 461 4891 hos
492 4848 705 4891 omnes
735 4831 1039 4888 calcitrare
1068 4830 1335 4894 voluerit,
1370 4828 1592 4901 liquido
1625 4834 1783 4900 patet

132 4922 257 4991 quia
285 4940 354 4980 ex
384 4922 721 4980 Dominicis
751 4922 959 4978 ovibus
989 4938 1105 4977 non
1147 4920 1276 4985 erit,
1307 4934 1505 4974 vocem
1547 4918 1782 4974 Domini

136 5025 239 5066 non
259 5013 447 5079 audit,
486 5013 712 5068 bonum
745 5015 1043 5083 pastorem
1058 5027 1171 5066 non
1193 5008 1511 5081 cognoscit,
1538 5023 1779 5079 pascen-

138 5103 237 5156 tem
264 5117 398 5158 oves
431 5119 554 5158 non
582 5099 1234 5172 intelligit,magistrum
1250 5097 1784 5171 spernit.Superest

136 5192 190 5241 ut
217 5190 305 5246 fur
334 5192 414 5247 sit
435 5196 496 5248 et
528 5191 705 5256 latro,
738 5194 952 5245 mactet
983 5193 1040 5245 et
1078 5188 1303 5259 perdat.
1351 5188 1420 5242 Et
1449 5187 1497 5241 si
1540 5187 1597 5241 in
1646 5186 1782 5242 ovili

138 5278 418 5337 Dominico
452 5296 519 5337 se
534 5277 1183 5351 conspicit,consideret
1198 5278 1353 5333 unde
1375 5275 1460 5331 vel
1485 5276 1780 5348 quomodo

137 5364 375 5426 intravit.
405 5370 507 5426 Ait
536 5368 697 5425 enim
731 5367 1056 5428 Dominus:
1089 5368 1197 5435 Qui
1242 5381 1456 5421 mecum
1512 5381 1621 5421 non
1680 5373 1781 5435 est,

137 5455 406 5516 adversum
433 5475 528 5516 me
558 5462 677 5515 est:
708 5462 762 5514 et
790 5458 887 5529 qui
913 5473 1127 5513 meeum
1173 5456 1528 5526 noncolligit
1573 5456 1788 5525 spargit

138 5548 277 5610 (Luc.
329 5567 408 5621 xi,
466 5549 590 5620 23).
649 5548 803 5603 Sane
857 5546 1187 5613 sciendum,
1248 5544 1389 5617 quia
1442 5559 1577 5599 cum
1631 5543 1786 5599 Deus

140 5636 499 5711 omnipotens
522 5635 734 5693 utilem
765 5634 978 5709 populo
1011 5633 1334 5708 principem
1348 5633 1564 5689 donare
1585 5631 1789 5705 digna-

139 5727 502 5801 tur,justum
535 5729 726 5790 estut
774 5726 902 5799 ejus
971 5724 1082 5784 hoc
1138 5722 1340 5799 pietati
1370 5721 1690 5793 ascribant,
1730 5724 1790 5779 et

1890 4831 2036 4886 Nam
2066 4826 2248 4884 armis
2279 4827 2533 4892 delendi,
2567 4826 2997 4898 depraedatione
3026 4826 3116 4882 vel
3145 4827 3544 4883 devastatione

1888 4916 2395 4989 vindicari,prteda
2409 4916 2603 4983 ditari,
2619 4915 2705 4972 vel
2719 4915 3036 4972 homicidio
3049 4914 3137 4971 vel
3150 4915 3548 4971 dévastatione

1889 5006 2193 5074 vindicari,
2226 5007 2422 5079 praeda
2450 5007 2647 5072 ditari,
2679 5004 3087 5061 velbomicidio
3102 5002 3190 5059 vel
3232 5004 3548 5060 detrunca-

1892 5097 2050 5153 tione
2079 5096 2417 5164 timeri,non
2454 5094 2956 5159 sacerdotum,sed
2972 5093 3308 5149 daemonum
3339 5094 3550 5150 est.Ait

1893 5202 2148 5258 namque
2178 5186 2386 5241 beatus
2416 5183 2591 5239 David
2620 5199 2632 5236 :
2666 5183 2845 5238 Nolite
2874 5198 3098 5253 spcrare
3128 5183 3187 5238 in
3222 5184 3548 5253 iniquitate:

1892 5284 1943 5333 et
1974 5277 2035 5331 in
2068 5276 2288 5347 rapinis
2315 5275 2483 5329 nolite
2510 5274 2891 5343 concupiscere
2919 5271 3089 5343 (Psal.
3125 5288 3235 5339 ut,
3272 5269 3556 5343 ll).Talia

1893 5364 2108 5420 etenim
2132 5366 2536 5435 perpetrantes
2559 5360 2903 5416 mercenarii
2934 5360 3050 5416 dici
3073 5364 3551 5433 possunt,pasto-

1894 5469 1988 5509 res
2014 5468 2188 5508 aures
2219 5450 2559 5507 nullatenus
2590 5465 2720 5506 esse
2762 5453 3032 5521 possunt.
3089 5451 3206 5504 Aut
3259 5448 3555 5521 quomodo

1896 5541 2013 5598 Deo
2044 5540 2401 5598 sacriﬁcium
2432 5539 2638 5595 otl‘erre
2670 5555 2786 5610 pra:
2807 5542 3068 5605 sument,
3102 5554 3239 5594 cum
3309 5537 3558 5595 audiant

1895 5632 2091 5705 ipsum
2123 5627 2744 5685 Dominumdicenlem
2771 5645 2783 5684 :
2814 5629 2879 5683 Si
2898 5628 3066 5699 o/fers
3087 5624 3556 5683 munustuumad

1896 5722 2093 5793 altare,
2121 5724 2178 5779 et
2207 5720 2288 5778 ibi
2314 5717 2627 5778 recordatus
2644 5718 2826 5795 fueris
2857 5718 2991 5796 quia
3015 5719 3195 5797 frater
3224 5721 3350 5777 tuus
3379 5714 3542 5791 habet
