3946 6400
386 409 503 468 103

1414 405 1751 464 ATTONIS
1800 404 2379 463 VERCELLENSIS
2426 403 2774 463 EPISCOPI

3684 405 3803 463 104

384 541 479 596 tiis
502 541 641 611 eius.
676 538 950 594 Delectare
979 536 1038 592 in
1066 538 1315 603 Domino,
1348 544 1398 592 et
1426 536 1576 591 dabit
1606 537 1709 591 tibi
1741 538 2037 607 petitiones
2066 538 2120 603 Α
2151 551 2291 589 num
2324 539 2387 589 ut
2416 536 2679 606 erigeret,
2710 533 2986 606 porrexit,
3020 550 3055 588 a
3084 532 3316 589 cunctis
3343 548 3451 590 nos
3480 534 3656 592 malis
3688 536 3804 592 eri-

382 628 562 683 cordis
594 628 695 681 tui.
733 627 930 681 Revela
961 626 1186 681 Domino
1214 628 1364 681 viam
1390 628 1561 689 tuam,
1592 627 1642 679 et
1671 640 1830 696 spera
1858 627 1919 680 in
1951 641 2033 692 eo,

382 721 433 771 et
466 719 580 787 ipse
606 716 770 785 faciet
801 714 982 785 (Psal.
1015 732 1207 781 xxxvr,
1241 715 1319 784 3).

452 805 557 860 His
587 808 644 859 et
663 802 959 859 similibus
990 807 1327 858 sanctarum
1352 801 1791 873 Scripturarum
1813 819 2035 858 sermo-

382 894 561 950 nibus
605 892 852 948 invicem
884 892 1278 957 exhortantes,
1332 892 1403 946 ad
1454 891 1698 946 meliora
1745 909 1852 947 nos
1902 908 2034 963 pro-

381 982 590 1038 vehere
637 998 752 1037 non
793 982 1113 1043 tardemus,
1139 985 1197 1035 et
1245 997 1395 1052 quos
1442 980 1751 1036 nobiscum
1802 981 2035 1036 trahere

385 1089 501 1128 non
532 1070 929 1135 valemus,hos
959 1069 1168 1125 saltem
1199 1070 1271 1124 ad
1305 1070 1592 1125 deteriora
1622 1070 1894 1141 prosequi
1925 1071 2035 1124 for-

385 1162 700 1229 midemus,
729 1158 955 1214 dicente
998 1158 1274 1229 Apostolo
1308 1177 1320 1214 :
1355 1159 1594 1228 Inﬁdelis
1621 1161 1673 1214 si
1706 1160 2032 1226 discesserit,

380 1249 622 1305 discedat
652 1250 701 1319 (Ι
730 1248 852 1303 Cor.
886 1265 1023 1315 xvu,
1056 1249 1167 1316 15).
1205 1247 1306 1302 llle
1333 1247 1487 1302 enim
1520 1248 1595 1303 ab
1623 1247 1808 1303 altero
1837 1265 2037 1303 revera

381 1338 651 1404 discedit,
686 1337 788 1408 qui
819 1336 1161 1407 nequiorem
1190 1336 1343 1390 viam
1375 1335 1574 1408 eligit;
1609 1337 1711 1406 qui
1739 1337 1892 1392 viam
1926 1342 2033 1392 Do-

382 1426 530 1482 mini
553 1424 912 1495 relinquit,et
944 1440 1047 1495 per
1069 1423 1237 1478 devia
1255 1424 1622 1480 errabundus
1646 1424 2033 1481 incedit.Nam

383 1514 455 1569 ad
488 1512 874 1584 praecipitium
925 1528 1058 1567 cum
1099 1511 1287 1566 amico
1335 1512 1706 1580 descendere,
1741 1530 1855 1568 non
1906 1514 2035 1569 sani

383 1601 594 1674 capitis
623 1606 712 1656 est
742 1601 842 1655 sed
877 1600 1183 1655 dementiae
1218 1616 1231 1654 :
1267 1617 1373 1655 nec
1404 1600 1697 1657 societatis
1727 1602 1880 1657 valet
1910 1619 2038 1674 gra-

380 1690 484 1759 tia,
517 1690 617 1746 ubi
650 1688 813 1745 nulla
841 1693 930 1745 est
960 1690 1279 1760 adjuvandi
1310 1690 1542 1745 ﬁducia.

453 1779 562 1835 Sed
595 1794 668 1834 ne
716 1778 886 1834 nobis
933 1778 1304 1834 solummodo
1356 1779 1662 1834 consulere
1707 1779 2035 1850 videamur,

383 1868 453 1923 ad
489 1871 723 1923 cmtnros
754 1872 931 1922 etiam
960 1867 1288 1922 redeamus.
1322 1867 1575 1923 Secundi
1606 1885 1838 1939 quoque
1881 1869 2032 1923 ordi-

383 1956 477 2011 nis
509 1954 724 2011 milites
755 1955 836 2010 ita
866 1972 973 2010 nos
1005 1956 1319 2011 admonere
1349 1960 1596 2027 oportet,
1626 1961 1691 2011 ut
1719 1956 1916 2012 divina
1938 1960 2037 2027 ju-

381 2045 532 2116 giter
554 2045 833 2099 mandata
864 2044 1463 2116 custodiant,suisque
1495 2046 1647 2116 regis
1671 2046 2037 2116 ﬁdelitatem,

380 2150 557 2204 quam
582 2133 841 2203 jurando
893 2133 1304 2204 promiserant,
1337 2132 1730 2189 inviolabilem
1780 2139 2035 2203 teneant,

378 2221 729 2294 etsuaelegis
752 2225 1217 2293 transgressores
1240 2221 1400 2276 nullo
1425 2223 1596 2276 modo
1618 2223 2035 2287 etﬁciant.Quaa

378 2310 559 2366 etiam
590 2311 647 2364 in
681 2311 808 2380 ipso
831 2310 923 2365 sui
955 2310 1192 2365 exordio
1217 2311 1287 2365 de
1320 2326 1523 2382 regum
1550 2310 1893 2367 infidelitate
1916 2329 2040 2367 om-

379 2400 521 2453 nino
551 2398 822 2470 castigat,
855 2404 911 2453 et
942 2399 1136 2470 qualis
1168 2400 1705 2469 transgressoribus
1737 2418 1906 2471 poena
1936 2402 2036 2456 de-

380 2487 610 2555 beatur,
650 2486 935 2551 insinuat,
969 2492 1301 2558 quantaque
1334 2488 1410 2542 sit
1440 2503 1645 2559 regum
1699 2489 2035 2545 excellentia

379 2576 783 2643 demonstrat;
817 2592 976 2641 nam,
1007 2575 1056 2629 si
1091 2574 1223 2645 quis
1254 2576 1464 2631 horum
1497 2578 1907 2632 mandatorum
1940 2579 2037 2633 ob-

381 2668 641 2720 servator
668 2663 1313 2730 exstiterit,maximum
1345 2669 1403 2719 et
1431 2665 1489 2719 in
1524 2668 1793 2736 praesenti
1826 2666 2035 2721 seaculo

379 2753 647 2809 decorem
681 2752 1065 2823 acquirere,et
1097 2752 1156 2806 in
1195 2751 1391 2807 futuro
1424 2770 1542 2807 suae
1573 2753 1784 2809 animae
1805 2754 2037 2809 lucrum

388 2839 685 2896 felicitatis
716 2840 960 2912 adipisci
996 2840 1336 2895 merebitur.
1368 2840 1477 2905 Qui
1509 2845 1702 2896 autem
1734 2842 1793 2897 in
1826 2842 1917 2897 his
1948 2860 2035 2898 re-

384 2930 704 3001 pugnando
756 2928 962 2984 mortis
1002 2928 1296 2999 judicium
1346 2929 1677 2992 incurrerit.
1712 2930 2036 3002 periculum

382 3034 501 3073 suae
534 3017 744 3073 animae
774 3016 975 3090 procul
1008 3018 1186 3072 dubio
1216 3017 1559 3074 sustinebit.
1606 3059 1620 3075 .
1666 3061 1678 3073 .
1725 3060 1738 3073 .
1784 3063 1796 3075 .
1843 3060 1857 3074 .
1902 3062 1914 3074 .
1962 3063 1974 3075 .
2022 3063 2035 3076 .

386 3145 399 3160 .
436 3147 459 3171 ,.
505 3148 517 3161 .
564 3148 577 3162 .
623 3148 636 3161 .
682 3147 695 3161 .
740 3148 753 3161 .
802 3149 815 3162 .
862 3147 874 3160 .
917 3144 932 3162 .
980 3122 1157 3178 quam
1178 3106 1331 3177 quod
1358 3107 1740 3162 constitutum
1767 3113 1855 3163 est
1875 3108 2039 3164 vobis

387 3195 2036 3267 ...............Heu,heu!quiddeepi-

383 3300 558 3356 scopo
588 3283 688 3355 qui
712 3283 821 3339 sibi
853 3285 1460 3355 commendatos,quin
1483 3285 1660 3341 etiam
1684 3291 1741 3340 et
1762 3286 2034 3340 commis-
2065 3273 2108 3339 C

381 3388 480 3428 sos
510 3377 712 3428 contra
737 3372 913 3428 divini
937 3372 1150 3444 eloquii
1180 3379 1880 3446 prmceptum,contraque
1906 3391 2034 3446 pro-

380 3461 629 3517 missum
682 3467 1139 3529 sacramentum,
1174 3468 1378 3518 contra
1408 3463 1747 3520 saecularem
1797 3480 2032 3537 quoque

377 3549 588 3622 legem,
622 3551 680 3606 in
713 3568 831 3623 qua
860 3552 1034 3607 etiam
1067 3552 1274 3607 mortis
1306 3552 1629 3623 periculum
1673 3554 2030 3624 assignatur,

376 3639 497 3708 regi
522 3639 1442 3710 praecipitrepugnandum‘muis
1466 3641 1536 3694 do
1557 3639 1788 3695 illorum
1814 3641 2034 3698 anima-

374 3742 508 3783 rum
544 3726 853 3797 dispendio
882 3726 1004 3781 luet
1033 3727 1437 3798 supplicium?
1470 3728 1670 3783 Restat
1699 3730 1937 3785 omnino
1969 3736 2036 3786 ut

376 3815 549 3885 cujus
582 3814 846 3886 exemplo
868 3814 954 3870 vel
977 3816 1328 3871 documento
1352 3815 1693 3887 periclitata:
1718 3818 2033 3885 fuerint,de

375 3903 640 3974 ipsorum
673 3904 945 3959 manibus
999 3904 1377 3976 requirantur
1408 3922 1420 3959 :
1458 3906 1674 3976 praedia
1714 3923 1947 3979 quoque
1978 3913 2035 3964 et

375 3989 683 4047 facultates
732 3990 1135 4062 ecclesiarum,
1169 3993 1290 4048 sive
1337 4008 1430 4048 res
1480 4010 1828 4066 pauperum,
1861 3997 2032 4067 cujus

375 4078 745 4151 exigentibus
776 4079 965 4152 culpis
986 4081 1298 4137 devastata:
1334 4082 1648 4150 fuerint,ad
1669 4083 1857 4155 ipsius
1890 4084 2034 4140 inte-

383 4166 561 4223 ritum
595 4167 905 4239 praevalere
926 4169 1457 4240 potuerint.Fateor
1486 4172 1642 4226 enim
1666 4189 1862 4228 coram
1895 4178 2032 4241 Deo,

375 4254 510 4328 plus
534 4262 770 4328 propter
789 4257 987 4313 divina
1008 4263 1781 4332 praecepta,sanctorumque
1794 4262 2032 4318 Patrum

375 4345 804 4418 monita,quam
838 4364 942 4419 pro
975 4346 1227 4420 alicujus
1258 4348 1472 4404 terreni
1494 4350 1784 4405 commodi
1813 4351 2034 4407 deside-

375 4433 481 4505 rio,
499 4439 600 4491 aut
631 4434 968 4492 rebellantis
999 4436 1311 4493 inimicitia
1343 4454 1436 4494 me
1466 4439 1595 4509 ejus
1625 4440 1855 4510 assequi
1888 4439 2033 4497 velle

375 4522 740 4580 ﬁdelitatem.
774 4526 872 4580 Ait
901 4526 1058 4582 enim
1095 4526 1375 4583 Dominus
1405 4527 1464 4582 in
1497 4528 1810 4600 Evangelio
1844 4546 1857 4584 :
1894 4530 2033 4597 Quid

368 4611 589 4681 prodest
612 4613 823 4667 homini
851 4617 902 4669 si
946 4617 1268 4671 universum
1298 4617 1563 4672 mundum
1612 4619 1880 4685 lucretur,
1912 4622 2033 4674 ani—
2062 4642 2108 4706 Ι)

370 4714 478 4755 me"
526 4716 652 4755 vero
699 4716 821 4757 sua?
872 4701 1263 4758 detrimentum
1308 4708 1611 4775 patiatur?
1657 4708 1863 4775 (Matth.
1915 4726 2030 4777 xvr,

374 4788 491 4859 26.)
516 4788 663 4843 Audi
698 4790 928 4845 beatam
962 4792 1294 4847 Susannam
1326 4794 1710 4851 clamantem:
1734 4798 1926 4853 Melius
1956 4804 2034 4854 est

375 4876 519 4932 mihi
544 4877 748 4950 absque
777 4894 941 4950 opere
971 4879 1212 4935 incidere
1240 4882 1301 4934 in
1330 4898 1527 4937 manus
1557 4885 2034 4960 hominum,ng

372 4982 601 5036 peccare
630 4969 691 5021 in
720 4972 1009 5038 conspectu
1039 4970 1264 5024 Domini
1293 4970 1461 5036 (Dan.
1494 4988 1617 5038 xm,
1650 4976 1762 5040 23).
1796 4976 1865 5030 Et
1895 4977 2031 5032 bea-

379 5059 477 5108 tus
508 5054 684 5109 David
720 5070 734 5109 :
767 5057 975 5112 Melius
1002 5065 1081 5111 est
1110 5057 1389 5113 modicum
1408 5060 1584 5129 justo,
1616 5078 1781 5131 super
1810 5064 2035 5119 divitias

375 5151 725 5213 peccatorum
754 5145 955 5198 multas
1003 5146 1179 5217 (Psal.
1214 5163 1402 5218 xxxvx,
1439 5149 1547 5219 16).
1584 5148 1858 5205 Salomon
1891 5169 2047 5223 quos

382 5246 495 5301 que
527 5231 609 5286 ait
641 5248 653 5286 :
687 5232 875 5288 Metius
906 5244 983 5288 est
1013 5234 1257 5290 buccella
1286 5237 1431 5291 sicca
1458 5254 1589 5293 cum
1616 5238 1838 5309 gaudio,
1870 5257 2035 5311 quam

380 5321 499 5373 tota
547 5318 737 5375 domus
780 5321 949 5392 plena
994 5325 1232 5379 victimis
1268 5340 1393 5380 cum
1445 5327 1629 5397 iurgio
1678 5329 1862 5399 (Prov.
1897 5347 2033 5398 xvu,

384 5405 826 5478 1).Quapropter
855 5410 1165 5465 Dominum
1196 5411 1398 5470 Jesum
1430 5415 1726 5471 Christum
1760 5416 2037 5489 supplici-

378 5498 469 5550 ter
497 5493 906 5567 imploremus,
939 5501 1004 5553 ut
1033 5499 1134 5571 qui
1182 5500 1351 5558 beato
1382 5503 1547 5560 Petro
1590 5507 1878 5578 mergenti
1910 5525 2034 5565 ma-

457 5678 571 5760 (55)
605 5676 1062 5752 Defendentibus.
1092 5678 1198 5735 Hic
1229 5681 1511 5743 nonnulla
1535 5684 1768 5744 desunt.

2143 624 2285 695 piat,
2319 628 2377 678 et
2406 624 2476 677 ad
2511 623 2879 678 rectitudinis
2912 622 3183 677 semitam
3216 623 3517 694 perducat.
3552 626 3763 681 Amen.

2216 713 2496 784 (Epistola:
2524 716 2799 785 sequentes
2828 711 3207 766 inscribuntur
3224 715 3387 785 :Pno
3417 729 3730 775 ALIQUIBUS

2667 800 2997 838 anaomeus
3036 784 3269 854 MISSEE.)

2738 890 3086 945 EPISTULA
3125 890 3196 944 II.

2441 996 2513 1033 AD
2552 994 2742 1033 OMNES
2782 994 3011 1033 FIDELES
3051 994 3329 1033 DIOECESIS
3370 994 3495 1034 ΘΟΕ

2215 1067 2367 1121 A'r'ro
2396 1066 2588 1138 gratia
2616 1067 2715 1121 Dei
2738 1066 2981 1121 humilis
3011 1066 3581 1137 episcopus,cunctis
3614 1067 3806 1124 fideli-

2146 1156 2256 1210 bus
2301 1155 2361 1209 in
2393 1160 2598 1210 nostra
2644 1155 2922 1227 parochia
2947 1155 3403 1211 consistentibus
3459 1155 3712 1213 salutem
3743 1162 3808 1213 et

2142 1243 2445 1317 gaudium.

2215 1335 2409 1403 Nuper
2431 1332 2490 1387 in
2519 1330 2720 1403 vigilia
2748 1336 2960 1387 octavae
2984 1331 3209 1387 Domini
3232 1333 3549 1404 quemdam
3580 1350 3806 1391 sermo-

2148 1435 2282 1475 nem
2316 1420 2409 1475 his
2440 1420 2541 1491 qui
2571 1425 2887 1492 praesentes
2917 1425 3104 1487 erant,
3135 1420 3251 1476 Deo
3282 1422 3559 1491 donante,
3592 1422 3805 1479 retuli-

2148 1522 2484 1579 mus,quem
2516 1508 2680 1564 vobis
2711 1508 2961 1579 dirigere
2990 1508 3389 1565 necessarium
3410 1512 3802 1567 aestimamus.

2144 1600 2265 1652 Heu
2295 1596 2465 1667 lquia
2492 1601 2631 1652 sunt
2660 1595 2831 1652 multi
2854 1597 2914 1651 in
2946 1597 3154 1652 vestris
3177 1598 3574 1671 partibus,qui
3598 1600 3808 1656 divina

2144 1685 2379 1741 servitia
2430 1690 2832 1753 contemnunt,
2865 1691 2921 1741 et
2968 1686 3234 1759 auguria,
3282 1687 3370 1742 vel
3422 1687 3549 1743 cmli
3603 1689 3801 1761 signa,

2146 1791 2249 1829 seu
2279 1791 2459 1829 vanas
2489 1777 2973 1845 praecantationes
3004 1775 3336 1842 intendunt,
3370 1791 3475 1832 nec
3523 1781 3809 1833 metuunt

2145 1860 2289 1916 illud
2322 1862 2473 1932 quod
2507 1862 2790 1917 Dominus
2821 1862 2892 1917 de
2915 1862 3135 1918 Judmis
3166 1864 3251 1919 ait
3281 1880 3298 1918 :
3330 1862 3371 1919 0
3401 1867 3687 1932 generatio
3716 1868 3807 1922 in-

2145 1949 2366 2005 credula
2419 1954 2470 2005 et
2521 1966 2794 2021 perversa,
2851 1952 3076 2020 signum
3131 1954 3331 2023 quaerit
3401 1952 3616 2013 (Matth.
3679 1970 3804 2027 xvr,

2147 2039 2223 2109 4),
2256 2043 2366 2093 etc.
2402 2038 2613 2094 Beatus
2664 2055 2897 2109 quoque
2926 2038 3146 2095 Paulus
3183 2040 3396 2095 clamat
3444 2041 3751 2113 apostolus
3787 2060 3805 2099 :

2151 2127 2328 2183 Videte
2356 2143 2425 2182 ne
2454 2130 2575 2200 quis
2601 2144 2690 2183 vos
2719 2129 2940 2183 seducat
2957 2145 3058 2200 per
3072 2129 3480 2201 philosophiam
3502 2134 3555 2186 et
3575 2134 3809 2188 inanem

2148 2217 2436 2285 fallaciam
2465 2218 2762 2272 secundum
2811 2219 3131 2273 traditiones
3161 2218 3467 2287 hominum,
3498 2220 3807 2276 secundum

2145 2306 2415 2361 elementa
2472 2307 2685 2376 mundi,
2734 2313 2789 2361 et
2836 2324 2947 2363 non
2992 2308 3289 2362 secundum
3351 2308 3627 2365 Christum
3672 2312 3805 2382 (Co-

2147 2395 2267 2450 loss.
2298 2412 2360 2463 ιι,
2394 2396 2469 2465 8).
2504 2397 2573 2451 Et
2619 2396 2757 2451 alibi
2793 2414 2806 2452 :
2841 2398 3117 2464 Quomodo
3164 2400 3551 2453 convertimini
3599 2401 3813 2455 item

2145 2484 2215 2536 ad
2246 2483 2471 2551 inﬁrma
2500 2492 2550 2539 et
2596 2500 2766 2551 egena
2812 2486 3100 2555 elementa,
3132 2486 3331 2556 quibus
3370 2486 3547 2541 denuo
3594 2490 3810 2546 servire

2145 2572 2351 2625 vultis?
2376 2573 2502 2626 Dies
2546 2574 2847 2628 observatis
2881 2582 2931 2628 et
2960 2590 3189 2641 menses,
3218 2580 3272 2629 et
3311 2578 3564 2645 tempora
3595 2582 3649 2632 et
3693 2595 3806 2633 an-

2144 2676 2282 2721 nos;
2313 2662 2477 2715 timeo
2506 2678 2577 2714 ne
2620 2664 2764 2731 forte
2790 2664 2911 2715 sine
2938 2678 3106 2717 causa
3152 2663 3518 2719 laboraverim
3547 2667 3607 2721 in
3649 2669 3807 2722 vobis

2147 2748 2294 2816 (Gal.
2330 2749 2487 2818 IV,9).
2522 2749 2836 2804 Psalmista
2869 2750 3085 2821 quippe
3116 2751 3293 2807 dicit:
3324 2754 3459 2808 Filii
3487 2753 3804 2828 hominum,

2150 2853 2427 2908 usquequo
2455 2854 2650 2907 graves
2673 2838 2872 2905 corde,-
2904 2843 2965 2893 ut
2995 2840 3130 2910 quid
3156 2840 3390 2911 diligitis
3421 2846 3809 2911 vanitatem,et

2149 2927 2396 2996 qumritis
2442 2928 2793 2981 mendacium
2823 2928 2994 2998 (Psal.
3027 2945 3101 2993 ιν,
3135 2930 3226 2999 3);
3261 2934 3318 2984 et
3363 2930 3578 2987 iterum
3615 2950 3629 2988 :
3658 2934 3808 2991 Bea-

2147 3023 2237 3070 tus
2267 3017 2359 3069 vir
2385 3016 2547 3085 cujus
2577 3024 2654 3069 est
2682 3032 2881 3070 nomen
2927 3016 3149 3071 Domini
3175 3033 3292 3089 spes
3321 3020 3457 3086 eius,
3487 3024 3538 3074 et
3565 3037 3679 3076 non
3712 3039 3809 3078 re-

2146 3105 2327 3174 spexit
2354 3103 2415 3158 in
2444 3106 2713 3159 vanitates
2744 3114 2797 3159 et
2830 3106 3080 3160 insanias
3107 3106 3289 3177 falsas
3319 3107 3697 3178 (Psal.xxx1x,
3724 3112 3805 3178 5).

2147 3192 2349 3248 Valete
2380 3192 2439 3248 in
2471 3193 2738 3248 Domino.
3464 3211 3507 3223 "

2726 3282 3072 3338 EPISTULA
3112 3284 3208 3338 III.

2551 3388 2623 3425 AD
2664 3388 2885 3426 PLEBEM
2926 3388 3241 3428 VERCELLEN
3249 3390 3379 3430 SEM.

2213 3465 2365 3514 Αττο
2413 3459 2629 3515 Christi
2680 3460 3082 3517 misericordia
3145 3461 3408 3518 humulis
3457 3464 3802 3536 episcopus,

2142 3555 2349 3604 cuncto
2379 3548 2594 3619 populo
2626 3554 2835 3605 nostrae
2879 3550 3141 3605 dimcesis
3173 3558 3384 3607 sanctze
3415 3553 3622 3609 matris
3652 3553 3803 3611 Ver-

2143 3637 2413 3693 cellensis
2462 3638 2750 3708 Ecclesiae,
2784 3640 3001 3694 nostris
3049 3638 3456 3697 dilectissimis
3489 3641 3627 3698 ﬁliis
3656 3658 3800 3714 pax,

2143 3726 2305 3781 salus
2338 3732 2395 3781 et
2422 3728 2704 3798 gaudium
2735 3726 2794 3781 in
2826 3728 3053 3784 Christo
3082 3731 3219 3785 Jesu
3249 3729 3499 3786 Domino
3531 3737 3761 3788 nostro.

2214 3815 2500 3870 Noveritis
2531 3815 2710 3886 igitur
2737 3815 2876 3887 quia
2906 3822 2962 3871 et
2990 3834 3093 3888 per
3122 3818 3315 3889 ipsum
3351 3818 3649 3875 Christum
3683 3820 3805 3876 Do-

2143 3904 2371 3960 minum
2430 3908 2604 3976 atque
2656 3910 2891 3959 sanctos
2944 3906 3239 3977 apostolos
3293 3923 3393 3962 seu
3455 3908 3810 3980 prophetas,

2143 3994 2261 4049 sive
2292 3998 2526 4049 sanctos
2557 3993 2812 4065 reliquos
2842 3994 3473 4060 doctores,audivimus
3507 3996 3809 4067 plurimos

2141 4088 2413 4138 venturos
2445 4098 2575 4137 esse
2608 4083 3306 4155 pseudoprophetas,qui,
3331 4085 3489 4156 quod
3517 4086 3810 4157 gravissi-

2144 4188 2305 4227 mum
2338 4176 2448 4237 est,
2480 4172 2814 4228 subvertere
2845 4190 2880 4228 a
2907 4173 3001 4228 via
3029 4174 3292 4229 veritatis
3336 4173 3557 4231 multos
3586 4176 3808 4232 stude-

2141 4261 2309 4324 bunt,
2344 4260 2425 4314 ita
2474 4264 2538 4314 ut
2567 4276 2666 4315 eos
2697 4261 2755 4315 in
2786 4261 3103 4332 perniciem
3150 4263 3493 4334 perducant,
3529 4264 3630 4336 qui
3680 4263 3811 4321 illis

2142 4347 2685 4404 crediderint.Unde
2714 4348 2852 4419 quia
2883 4365 2999 4404 non
3020 4348 3214 4405 solum
3245 4350 3514 4421 prodigia
3537 4351 3811 4407 diversa-

2141 4454 2254 4508 que
2279 4438 2450 4509 signa
2479 4441 2620 4493 tunc
2637 4438 2916 4509 temporis
2939 4436 3289 4494 facientibus
3314 4455 3416 4495 seu
3439 4439 3815 4511 philosophi-

2140 4527 2225 4581 cis
2242 4527 2618 4598 dogmatibus
2642 4526 3595 4597 falsadefendentibus(55),verum
3616 4528 3808 4586 etiam

2141 4630 2257 4668 non
2292 4617 2410 4668 tam
2442 4613 2611 4668 facile
2651 4615 2883 4684 justum
2916 4614 3165 4669 habetur
3190 4632 3308 4685 cor,
3340 4619 3404 4670 ut
3452 4616 3631 4670 etiam
3664 4616 3811 4688 qui-

2143 4703 2392 4758 busdam
2426 4702 2719 4775 simplicia
2740 4708 2912 4773 atque
2936 4703 3108 4759 bruta
3128 4705 3514 4760 referentibus
3542 4710 3818 4762 tantum-

2143 4793 2315 4848 modo
2346 4794 2520 4848 verba
2549 4793 2782 4847 credere
2811 4792 3050 4847 omnino
3083 4794 3390 4863 festinetis,
3424 4810 3661 4865 eosque,
3689 4794 3817 4852 heu

2144 4881 2493 4937 miserrimi!
2530 4879 2815 4937 diabolico
2846 4897 3040 4937 errore
3071 4882 3318 4954 decepti,
3343 4882 3663 4953 prophetas
3697 4901 3819 4945 no-

2145 4970 2400 5037 minetis,
2460 4969 2857 5039 relinquentes
2908 4976 3175 5026 sanctam
3240 4978 3492 5027 matrem
3544 4976 3821 5031 vestram

2145 5059 2482 5126 Ecclesiam,
2518 5075 2620 5113 seu
2671 5060 3002 5115 sacerdotes
3056 5077 3162 5131 per
3209 5077 3359 5131 quos
3401 5062 3473 5115 ad
3521 5066 3819 5120 teternam

2145 5149 2444 5220 pervenire
2457 5147 2681 5203 debetis
2703 5148 3264 5215 salutem.Quocirca
3286 5150 3381 5206 his
3400 5150 3545 5205 visis
3567 5150 3819 5222 litteris,

2144 5236 2363 5292 auditis
2394 5236 2479 5291 vel
2529 5238 2801 5309 cognitis,
2835 5238 2883 5293 si
2935 5240 3068 5309 quis
3115 5244 3376 5294 vestrum
3428 5240 3596 5306 forte,
3648 5244 3820 5312 quod

2146 5326 2319 5395 absit,
2352 5327 2626 5399 deinceps
2675 5328 3090 5399 hujuscemodi
3143 5331 3306 5384 nefas
3352 5330 3817 5400 perpetraverit,

2144 5416 2295 5472 sciat
2340 5432 2403 5472 se
2431 5416 2788 5474 omnimodis
2836 5418 3287 5487 diamnandum,
3322 5423 3380 5474 et
3424 5433 3543 5472 non
3594 5417 3827 5483 habeat

2144 5508 2442 5564 licentiam
2460 5510 2855 5566 manducandi
2878 5509 3018 5581 quid
3044 5514 3295 5578 coctum,
3326 5507 3438 5563 nisi
3457 5523 3825 5581 panem,nec
