  <div class='ocr_page' id='page_1' title='image "/cluster/home/n/w/nwhite01/storage/ocr_20150623/134-135/uc1.31175013627537/060.png"; bbox 0 0 3946 6408; ppageno 0'>
   <div class='ocr_carea' id='block_1_1' title="bbox 153 416 252 479">
    <p class='ocr_par' dir='ltr' id='par_1_1' title="bbox 153 416 252 479">
     <span class='ocr_line' id='line_1_1' title="bbox 153 416 252 479; baseline 0.02 -1"><span class='ocrx_word' id='word_1_1' title='bbox 153 416 252 479; x_wconf 72' lang='grc'>105</span> 
     </span>
    </p>
   </div>
   <div class='ocr_carea' id='block_1_2' title="bbox 1640 435 2074 506">
    <p class='ocr_par' dir='ltr' id='par_1_2' title="bbox 1640 435 2074 506">
     <span class='ocr_line' id='line_1_2' title="bbox 1640 435 2074 506; baseline 0.012 -7"><span class='ocrx_word' id='word_1_2' title='bbox 1640 435 2074 506; x_wconf 68' lang='lat' dir='ltr'>EPISTOLJE.</span> 
     </span>
    </p>
   </div>
   <div class='ocr_carea' id='block_1_3' title="bbox 3445 467 3564 534">
    <p class='ocr_par' dir='ltr' id='par_1_3' title="bbox 3445 467 3564 534">
     <span class='ocr_line' id='line_1_3' title="bbox 3445 467 3564 534; baseline 0 0"><span class='ocrx_word' id='word_1_3' title='bbox 3445 467 3564 534; x_wconf 73' lang='lat'>{06</span> 
     </span>
    </p>
   </div>
   <div class='ocr_carea' id='block_1_4' title="bbox 154 549 3565 663">
    <p class='ocr_par' dir='ltr' id='par_1_4' title="bbox 154 549 3565 663">
     <span class='ocr_line' id='line_1_4' title="bbox 154 549 3565 663; baseline 0.017 -58"><span class='ocrx_word' id='word_1_4' title='bbox 154 549 951 663; x_wconf 25' lang='lat' dir='ltr'>bibendir‘vi’numﬂuousq&#39;pe</span> <span class='ocrx_word' id='word_1_5' title='bbox 965 562 1036 663; x_wconf 80' lang='lat' dir='ltr'>ad</span> <span class='ocrx_word' id='word_1_6' title='bbox 1055 577 1225 663; x_wconf 74' lang='lat' dir='ltr'>suam</span> <span class='ocrx_word' id='word_1_7' title='bbox 1245 571 1509 624; x_wconf 84' lang='lat' dir='ltr'>sanctam</span> <span class='ocrx_word' id='word_1_8' title='bbox 1528 577 1798 645; x_wconf 78' lang='lat' dir='ltr'>matrem,</span> <span class='ocrx_word' id='word_1_9' title='bbox 1829 577 1885 644; x_wconf 79' lang='grc' dir='ltr'><strong>Α</strong></span> <span class='ocrx_word' id='word_1_10' title='bbox 1915 576 2151 648; x_wconf 83' lang='lat' dir='ltr'>injuria.</span> <span class='ocrx_word' id='word_1_11' title='bbox 2176 581 2381 656; x_wconf 81' lang='lat' dir='ltr'>Fugite</span> <span class='ocrx_word' id='word_1_12' title='bbox 2409 599 2566 659; x_wconf 86' lang='lat' dir='ltr'>ergo,</span> <span class='ocrx_word' id='word_1_13' title='bbox 2596 588 2825 663; x_wconf 80' lang='lat' dir='ltr'>fratres,</span> <span class='ocrx_word' id='word_1_14' title='bbox 2850 594 2922 650; x_wconf 90' lang='lat' dir='ltr'>ab</span> <span class='ocrx_word' id='word_1_15' title='bbox 2954 594 3066 652; x_wconf 87' lang='lat' dir='ltr'>hac</span> <span class='ocrx_word' id='word_1_16' title='bbox 3086 598 3340 659; x_wconf 81' lang='lat' dir='ltr'>stultitia</span> <span class='ocrx_word' id='word_1_17' title='bbox 3361 618 3375 657; x_wconf 90' lang='lat'><strong>:</strong></span> <span class='ocrx_word' id='word_1_18' title='bbox 3403 607 3565 662; x_wconf 79' lang='lat' dir='ltr'>suffi-</span> 
     </span>
    </p>
   </div>
   <div class='ocr_carea' id='block_1_5' title="bbox 155 640 1798 734">
    <p class='ocr_par' dir='ltr' id='par_1_5' title="bbox 155 640 1798 734">
     <span class='ocr_line' id='line_1_5' title="bbox 155 640 1798 734; baseline 0.013 -37"><span class='ocrx_word' id='word_1_19' title='bbox 155 640 367 698; x_wconf 85' lang='lat' dir='ltr'>scilicet</span> <span class='ocrx_word' id='word_1_20' title='bbox 394 641 825 704; x_wconf 89' lang='lat' dir='ltr'>Vercellensem</span> <span class='ocrx_word' id='word_1_21' title='bbox 860 649 1196 723; x_wconf 74' lang='lat' dir='ltr'>Ecclesium,</span> <span class='ocrx_word' id='word_1_22' title='bbox 1232 662 1616 731; x_wconf 83' lang='lat' dir='ltr'>nostramque</span> <span class='ocrx_word' id='word_1_23' title='bbox 1654 640 1798 734; x_wconf 51' lang='lat' dir='ltr'>prae;</span> 
     </span>
    </p>
   </div>
   <div class='ocr_carea' id='block_1_6' title="bbox 154 730 1799 820">
    <p class='ocr_par' dir='ltr' id='par_1_6' title="bbox 154 730 1799 820">
     <span class='ocr_line' id='line_1_6' title="bbox 154 730 1799 820; baseline 0.014 -36"><span class='ocrx_word' id='word_1_24' title='bbox 154 730 386 786; x_wconf 83' lang='lat' dir='ltr'>sentiam</span> <span class='ocrx_word' id='word_1_25' title='bbox 440 734 512 788; x_wconf 88' lang='lat' dir='ltr'>ad</span> <span class='ocrx_word' id='word_1_26' title='bbox 564 735 1045 810; x_wconf 75' lang='lat' dir='ltr'>satisfactionem,</span> <span class='ocrx_word' id='word_1_27' title='bbox 1078 759 1396 818; x_wconf 82' lang='lat' dir='ltr'>veramque</span> <span class='ocrx_word' id='word_1_28' title='bbox 1446 730 1799 820; x_wconf 56' lang='lat' dir='ltr'>paenitentiae</span> 
     </span>
    </p>
   </div>
   <div class='ocr_carea' id='block_1_7' title="bbox 151 819 1799 906">
    <p class='ocr_par' dir='ltr' id='par_1_7' title="bbox 151 819 1799 906">
     <span class='ocr_line' id='line_1_7' title="bbox 151 819 1799 906; baseline 0.015 -34"><span class='ocrx_word' id='word_1_29' title='bbox 151 819 536 878; x_wconf 75' lang='lat' dir='ltr'>humilitatem</span> <span class='ocrx_word' id='word_1_30' title='bbox 553 823 917 894; x_wconf 88' lang='lat' dir='ltr'>judicandus</span> <span class='ocrx_word' id='word_1_31' title='bbox 939 830 1229 889; x_wconf 85' lang='lat' dir='ltr'>adveniat.</span> <span class='ocrx_word' id='word_1_32' title='bbox 1251 835 1308 889; x_wconf 87' lang='lat' dir='ltr'><strong>Si</strong></span> <span class='ocrx_word' id='word_1_33' title='bbox 1330 819 1464 906; x_wconf 86' lang='lat' dir='ltr'>quis</span> <span class='ocrx_word' id='word_1_34' title='bbox 1485 843 1680 895; x_wconf 90' lang='lat' dir='ltr'>autem</span> <span class='ocrx_word' id='word_1_35' title='bbox 1706 856 1799 896; x_wconf 87' lang='lat' dir='ltr'>su-</span> 
     </span>
    </p>
   </div>
   <div class='ocr_carea' id='block_1_8' title="bbox 148 907 1796 995">
    <p class='ocr_par' dir='ltr' id='par_1_8' title="bbox 148 907 1796 995">
     <span class='ocr_line' id='line_1_8' title="bbox 148 907 1796 995; baseline 0.014 -31"><span class='ocrx_word' id='word_1_36' title='bbox 148 907 334 981; x_wconf 87' lang='lat' dir='ltr'>perbia</span> <span class='ocrx_word' id='word_1_37' title='bbox 366 910 614 968; x_wconf 85' lang='lat' dir='ltr'>inﬂatus</span> <span class='ocrx_word' id='word_1_38' title='bbox 628 910 834 972; x_wconf 88' lang='lat' dir='ltr'>contra</span> <span class='ocrx_word' id='word_1_39' title='bbox 863 917 972 974; x_wconf 89' lang='lat' dir='ltr'>hoc</span> <span class='ocrx_word' id='word_1_40' title='bbox 1002 935 1174 990; x_wconf 83' lang='lat' dir='ltr'>agere</span> <span class='ocrx_word' id='word_1_41' title='bbox 1203 927 1531 995; x_wconf 90' lang='lat' dir='ltr'>tentaverit,</span> <span class='ocrx_word' id='word_1_42' title='bbox 1557 929 1704 985; x_wconf 84' lang='lat' dir='ltr'>sciat</span> <span class='ocrx_word' id='word_1_43' title='bbox 1732 947 1796 986; x_wconf 91' lang='lat' dir='ltr'>se</span> 
     </span>
    </p>
   </div>
   <div class='ocr_carea' id='block_1_9' title="bbox 149 997 1797 1079">
    <p class='ocr_par' dir='ltr' id='par_1_9' title="bbox 149 997 1797 1079">
     <span class='ocr_line' id='line_1_9' title="bbox 149 997 1797 1079; baseline 0.015 -28"><span class='ocrx_word' id='word_1_44' title='bbox 149 997 213 1052; x_wconf 86' lang='lat' dir='ltr'>ab</span> <span class='ocrx_word' id='word_1_45' title='bbox 236 997 510 1055; x_wconf 65' lang='lat' dir='ltr'>Ecclesia:</span> <span class='ocrx_word' id='word_1_46' title='bbox 534 1000 846 1062; x_wconf 89' lang='lat' dir='ltr'>liminibus</span> <span class='ocrx_word' id='word_1_47' title='bbox 875 1007 1235 1079; x_wconf 89' lang='lat' dir='ltr'>pellendum,</span> <span class='ocrx_word' id='word_1_48' title='bbox 1260 1017 1318 1068; x_wconf 91' lang='lat' dir='ltr'>et</span> <span class='ocrx_word' id='word_1_49' title='bbox 1349 1032 1383 1068; x_wconf 90' lang='lat' dir='ltr'>a</span> <span class='ocrx_word' id='word_1_50' title='bbox 1414 1021 1618 1072; x_wconf 89' lang='lat' dir='ltr'>sancta</span> <span class='ocrx_word' id='word_1_51' title='bbox 1640 1034 1797 1075; x_wconf 91' lang='lat' dir='ltr'>com-</span> 
     </span>
    </p>
   </div>
   <div class='ocr_carea' id='block_1_10' title="bbox 146 1086 1792 1170">
    <p class='ocr_par' dir='ltr' id='par_1_10' title="bbox 146 1086 1792 1170">
     <span class='ocr_line' id='line_1_10' title="bbox 146 1086 1792 1170; baseline 0.015 -30"><span class='ocrx_word' id='word_1_52' title='bbox 146 1086 781 1148; x_wconf 57' lang='lat' dir='ltr'>munione&#39;extraneum</span> <span class='ocrx_word' id='word_1_53' title='bbox 809 1113 822 1163; x_wconf 92' lang='lat'>;</span> <span class='ocrx_word' id='word_1_54' title='bbox 855 1098 1250 1170; x_wconf 86' lang='lat' dir='ltr'>omnibusque</span> <span class='ocrx_word' id='word_1_55' title='bbox 1273 1102 1545 1161; x_wconf 86' lang='lat' dir='ltr'>ﬁdelibus</span> <span class='ocrx_word' id='word_1_56' title='bbox 1567 1108 1792 1163; x_wconf 89' lang='lat' dir='ltr'>abomi-</span> 
     </span>
    </p>
   </div>
   <div class='ocr_carea' id='block_1_11' title="bbox 143 1177 1788 1266">
    <p class='ocr_par' dir='ltr' id='par_1_11' title="bbox 143 1177 1788 1266">
     <span class='ocr_line' id='line_1_11' title="bbox 143 1177 1788 1266; baseline 0.014 -36"><span class='ocrx_word' id='word_1_57' title='bbox 143 1177 422 1246; x_wconf 87' lang='lat' dir='ltr'>nandum,</span> <span class='ocrx_word' id='word_1_58' title='bbox 453 1180 638 1238; x_wconf 79' lang='lat' dir='ltr'>donec</span> <span class='ocrx_word' id='word_1_59' title='bbox 685 1189 914 1240; x_wconf 70' lang='lat' dir='ltr'>sanctis</span> <span class='ocrx_word' id='word_1_60' title='bbox 941 1188 1214 1246; x_wconf 71' lang='lat' dir='ltr'>Ecclesiae</span> <span class='ocrx_word' id='word_1_61' title='bbox 1243 1194 1570 1266; x_wconf 77' lang='lat' dir='ltr'>susceperit</span> <span class='ocrx_word' id='word_1_62' title='bbox 1601 1212 1788 1253; x_wconf 85' lang='lat' dir='ltr'>corre-</span> 
     </span>
    </p>
   </div>
   <div class='ocr_carea' id='block_1_12' title="bbox 142 1265 1793 1353">
    <p class='ocr_par' dir='ltr' id='par_1_12' title="bbox 142 1265 1793 1353">
     <span class='ocr_line' id='line_1_12' title="bbox 142 1265 1793 1353; baseline 0.013 -33"><span class='ocrx_word' id='word_1_63' title='bbox 142 1265 411 1338; x_wconf 86' lang='lat' dir='ltr'>ptionem,</span> <span class='ocrx_word' id='word_1_64' title='bbox 436 1272 558 1325; x_wconf 74' lang='lat' dir='ltr'>tam</span> <span class='ocrx_word' id='word_1_65' title='bbox 591 1271 718 1343; x_wconf 88' lang='lat' dir='ltr'>ipse</span> <span class='ocrx_word' id='word_1_66' title='bbox 749 1289 926 1344; x_wconf 90' lang='lat' dir='ltr'>quam</span> <span class='ocrx_word' id='word_1_67' title='bbox 950 1291 1157 1334; x_wconf 89' lang='lat' dir='ltr'>omnes</span> <span class='ocrx_word' id='word_1_68' title='bbox 1188 1280 1290 1351; x_wconf 89' lang='lat' dir='ltr'>qui</span> <span class='ocrx_word' id='word_1_69' title='bbox 1322 1265 1437 1353; x_wconf 92' lang='lat' dir='ltr'>ipsi</span> <span class='ocrx_word' id='word_1_70' title='bbox 1467 1286 1793 1340; x_wconf 86' lang='lat' dir='ltr'>communi-</span> 
     </span>
    </p>
   </div>
   <div class='ocr_carea' id='block_1_13' title="bbox 139 1360 1788 1439">
    <p class='ocr_par' dir='ltr' id='par_1_13' title="bbox 139 1360 1788 1439">
     <span class='ocr_line' id='line_1_13' title="bbox 139 1360 1788 1439; baseline 0.012 -28"><span class='ocrx_word' id='word_1_71' title='bbox 139 1360 608 1431; x_wconf 86' lang='lat' dir='ltr'>cant,postquam</span> <span class='ocrx_word' id='word_1_72' title='bbox 625 1363 964 1420; x_wconf 59' lang='lat' dir='ltr'>eum&#39;talem</span> <span class='ocrx_word' id='word_1_73' title='bbox 986 1369 1395 1439; x_wconf 80' lang='lat' dir='ltr'>cognoverint;</span> <span class='ocrx_word' id='word_1_74' title='bbox 1418 1374 1788 1430; x_wconf 85' lang='lat' dir='ltr'>sacerdotum</span> 
     </span>
    </p>
   </div>
   <div class='ocr_carea' id='block_1_14' title="bbox 137 1447 1788 1529">
    <p class='ocr_par' dir='ltr' id='par_1_14' title="bbox 137 1447 1788 1529">
     <span class='ocr_line' id='line_1_14' title="bbox 137 1447 1788 1529; baseline 0.012 -29"><span class='ocrx_word' id='word_1_75' title='bbox 137 1455 258 1501; x_wconf 81' lang='lat' dir='ltr'>vero</span> <span class='ocrx_word' id='word_1_76' title='bbox 279 1447 337 1502; x_wconf 79' lang='lat' dir='ltr'>si</span> <span class='ocrx_word' id='word_1_77' title='bbox 360 1448 498 1520; x_wconf 86' lang='lat' dir='ltr'>quis</span> <span class='ocrx_word' id='word_1_78' title='bbox 522 1450 789 1520; x_wconf 81' lang='lat' dir='ltr'>fortasse,</span> <span class='ocrx_word' id='word_1_79' title='bbox 807 1454 965 1524; x_wconf 86' lang='lat' dir='ltr'>quod</span> <span class='ocrx_word' id='word_1_80' title='bbox 993 1455 1150 1512; x_wconf 90' lang='lat' dir='ltr'>Deus</span> <span class='ocrx_word' id='word_1_81' title='bbox 1174 1463 1417 1529; x_wconf 86' lang='lat' dir='ltr'>avertat,</span> <span class='ocrx_word' id='word_1_82' title='bbox 1440 1461 1541 1517; x_wconf 90' lang='lat' dir='ltr'>tali</span> <span class='ocrx_word' id='word_1_83' title='bbox 1563 1463 1788 1519; x_wconf 87' lang='lat' dir='ltr'>abomi-</span> 
     </span>
    </p>
   </div>
   <div class='ocr_carea' id='block_1_15' title="bbox 136 1534 1790 1610">
    <p class='ocr_par' dir='ltr' id='par_1_15' title="bbox 136 1534 1790 1610">
     <span class='ocr_line' id='line_1_15' title="bbox 136 1534 1790 1610; baseline 0.012 -21"><span class='ocrx_word' id='word_1_84' title='bbox 136 1534 360 1592; x_wconf 83' lang='lat' dir='ltr'>natione</span> <span class='ocrx_word' id='word_1_85' title='bbox 415 1536 680 1610; x_wconf 84' lang='lat' dir='ltr'>pollutus</span> <span class='ocrx_word' id='word_1_86' title='bbox 729 1541 925 1609; x_wconf 80' lang='lat' dir='ltr'>fuerit&quot;,</span> <span class='ocrx_word' id='word_1_87' title='bbox 972 1544 1204 1602; x_wconf 90' lang='lat' dir='ltr'>nullum</span> <span class='ocrx_word' id='word_1_88' title='bbox 1257 1547 1520 1606; x_wconf 90' lang='lat' dir='ltr'>divinum</span> <span class='ocrx_word' id='word_1_89' title='bbox 1575 1553 1790 1608; x_wconf 85' lang='lat' dir='ltr'>audeat</span> 
     </span>
    </p>
   </div>
   <div class='ocr_carea' id='block_1_16' title="bbox 137 1629 1786 1712">
    <p class='ocr_par' dir='ltr' id='par_1_16' title="bbox 137 1629 1786 1712">
     <span class='ocr_line' id='line_1_16' title="bbox 137 1629 1786 1712; baseline 0.012 -34"><span class='ocrx_word' id='word_1_90' title='bbox 137 1637 418 1698; x_wconf 88' lang='lat' dir='ltr'>usurpare</span> <span class='ocrx_word' id='word_1_91' title='bbox 465 1629 834 1701; x_wconf 80' lang='lat' dir='ltr'>mysterium,</span> <span class='ocrx_word' id='word_1_92' title='bbox 883 1631 1068 1689; x_wconf 88' lang='lat' dir='ltr'>donec</span> <span class='ocrx_word' id='word_1_93' title='bbox 1120 1635 1362 1708; x_wconf 82' lang='lat' dir='ltr'>dignam</span> <span class='ocrx_word' id='word_1_94' title='bbox 1414 1639 1551 1712; x_wconf 89' lang='lat' dir='ltr'>Deo,</span> <span class='ocrx_word' id='word_1_95' title='bbox 1585 1647 1786 1698; x_wconf 91' lang='lat' dir='ltr'>nostro</span> 
     </span>
    </p>
   </div>
   <div class='ocr_carea' id='block_1_17' title="bbox 127 1713 1212 1789">
    <p class='ocr_par' dir='ltr' id='par_1_17' title="bbox 127 1713 1212 1789">
     <span class='ocr_line' id='line_1_17' title="bbox 127 1713 1212 1789; baseline 0.011 -21"><span class='ocrx_word' id='word_1_96' title='bbox 127 1713 341 1783; x_wconf 85' lang='lat' dir='ltr'>judicio</span> <span class='ocrx_word' id='word_1_97' title='bbox 392 1716 688 1789; x_wconf 82' lang='lat' dir='ltr'>persolvat</span> <span class='ocrx_word' id='word_1_98' title='bbox 728 1721 1212 1780; x_wconf 75' lang='lat' dir='ltr'>satisfactionem.</span> 
     </span>
    </p>
   </div>
   <div class='ocr_carea' id='block_1_18' title="bbox 711 1808 1196 1867">
    <p class='ocr_par' dir='ltr' id='par_1_18' title="bbox 711 1808 1196 1867">
     <span class='ocr_line' id='line_1_18' title="bbox 711 1808 1196 1867; baseline 0.008 -4"><span class='ocrx_word' id='word_1_99' title='bbox 711 1808 1060 1866; x_wconf 85' lang='lat' dir='ltr'>EPISTOLA</span> <span class='ocrx_word' id='word_1_100' title='bbox 1100 1813 1196 1867; x_wconf 86' lang='lat' dir='ltr'>IV.</span> 
     </span>
    </p>
   </div>
   <div class='ocr_carea' id='block_1_19' title="bbox 415 1907 1493 1962">
    <p class='ocr_par' dir='ltr' id='par_1_19' title="bbox 415 1907 1493 1962">
     <span class='ocr_line' id='line_1_19' title="bbox 415 1907 1493 1962; baseline 0.011 -13"><span class='ocrx_word' id='word_1_101' title='bbox 415 1907 489 1950; x_wconf 72' lang='lat' dir='ltr'>AD</span> <span class='ocrx_word' id='word_1_102' title='bbox 529 1911 720 1952; x_wconf 79' lang='lat' dir='ltr'>OMNEB</span> <span class='ocrx_word' id='word_1_103' title='bbox 758 1913 1000 1956; x_wconf 74' lang='lat' dir='ltr'>FIDELES’</span> <span class='ocrx_word' id='word_1_104' title='bbox 1028 1916 1154 1957; x_wconf 66' lang='lat' dir='ltr'>SUAE</span> <span class='ocrx_word' id='word_1_105' title='bbox 1194 1919 1493 1962; x_wconf 80' lang='lat' dir='ltr'>DIOECESIS.</span> 
     </span>
    </p>
   </div>
   <div class='ocr_carea' id='block_1_20' title="bbox 196 1980 1782 2066">
    <p class='ocr_par' dir='ltr' id='par_1_20' title="bbox 196 1980 1782 2066">
     <span class='ocr_line' id='line_1_20' title="bbox 196 1980 1782 2066; baseline 0.011 -30"><span class='ocrx_word' id='word_1_106' title='bbox 196 1980 342 2038; x_wconf 77' lang='grc' dir='ltr'>Δπο</span> <span class='ocrx_word' id='word_1_107' title='bbox 394 1985 584 2056; x_wconf 77' lang='lat' dir='ltr'>gratia</span> <span class='ocrx_word' id='word_1_108' title='bbox 639 1985 741 2042; x_wconf 87' lang='lat' dir='ltr'><strong>Dei</strong></span> <span class='ocrx_word' id='word_1_109' title='bbox 798 1987 1044 2046; x_wconf 87' lang='lat' dir='ltr'>humilis</span> <span class='ocrx_word' id='word_1_110' title='bbox 1100 1992 1434 2066; x_wconf 89' lang='lat' dir='ltr'>episcopus,</span> <span class='ocrx_word' id='word_1_111' title='bbox 1487 1995 1782 2053; x_wconf 88' lang='lat' dir='ltr'>universis</span> 
     </span>
    </p>
   </div>
   <div class='ocr_carea' id='block_1_21' title="bbox 129 2067 1780 2154">
    <p class='ocr_par' dir='ltr' id='par_1_21' title="bbox 129 2067 1780 2154">
     <span class='ocr_line' id='line_1_21' title="bbox 129 2067 1780 2154; baseline 0.012 -30"><span class='ocrx_word' id='word_1_112' title='bbox 129 2067 396 2128; x_wconf 79' lang='lat' dir='ltr'>ﬁdelibus</span> <span class='ocrx_word' id='word_1_113' title='bbox 444 2078 656 2130; x_wconf 70' lang='lat' dir='ltr'>nostrae</span> <span class='ocrx_word' id='word_1_114' title='bbox 704 2076 992 2147; x_wconf 57' lang='lat' dir='ltr'>Ecclesia,</span> <span class='ocrx_word' id='word_1_115' title='bbox 1027 2080 1332 2154; x_wconf 89' lang='lat' dir='ltr'>notrisque</span> <span class='ocrx_word' id='word_1_116' title='bbox 1374 2083 1780 2143; x_wconf 89' lang='lat' dir='ltr'>dilectissimis</span> 
     </span>
    </p>
   </div>
   <div class='ocr_carea' id='block_1_22' title="bbox 129 2156 954 2234">
    <p class='ocr_par' dir='ltr' id='par_1_22' title="bbox 129 2156 954 2234">
     <span class='ocr_line' id='line_1_22' title="bbox 129 2156 954 2234; baseline 0.015 -24"><span class='ocrx_word' id='word_1_117' title='bbox 129 2156 259 2214; x_wconf 69' lang='lat' dir='ltr'>(iliis</span> <span class='ocrx_word' id='word_1_118' title='bbox 291 2175 412 2231; x_wconf 27' lang='lat' dir='ltr'>pax:</span> <span class='ocrx_word' id='word_1_119' title='bbox 435 2162 515 2218; x_wconf 87' lang='lat' dir='ltr'>sit</span> <span class='ocrx_word' id='word_1_120' title='bbox 551 2167 612 2219; x_wconf 87' lang='lat' dir='ltr'>et</span> <span class='ocrx_word' id='word_1_121' title='bbox 652 2165 954 2234; x_wconf 78' lang='lat' dir='ltr'>gaudium.</span> 
     </span>
    </p>
   </div>
   <div class='ocr_carea' id='block_1_23' title="bbox 191 2246 1782 2329">
    <p class='ocr_par' dir='ltr' id='par_1_23' title="bbox 191 2246 1782 2329">
     <span class='ocr_line' id='line_1_23' title="bbox 191 2246 1782 2329; baseline 0.01 -27"><span class='ocrx_word' id='word_1_122' title='bbox 191 2246 248 2302; x_wconf 90' lang='lat' dir='ltr'><strong>Si</strong></span> <span class='ocrx_word' id='word_1_123' title='bbox 299 2249 460 2305; x_wconf 89' lang='lat' dir='ltr'>enim</span> <span class='ocrx_word' id='word_1_124' title='bbox 508 2251 737 2308; x_wconf 81' lang='lat' dir='ltr'>sincero</span> <span class='ocrx_word' id='word_1_125' title='bbox 777 2255 953 2311; x_wconf 90' lang='lat' dir='ltr'>corde</span> <span class='ocrx_word' id='word_1_126' title='bbox 993 2269 1124 2329; x_wconf 78' lang='lat' dir='ltr'>quae</span> <span class='ocrx_word' id='word_1_127' title='bbox 1169 2275 1204 2313; x_wconf 89' lang='lat' dir='ltr'>a</span> <span class='ocrx_word' id='word_1_128' title='bbox 1253 2261 1475 2317; x_wconf 87' lang='lat' dir='ltr'>sanctis</span> <span class='ocrx_word' id='word_1_129' title='bbox 1503 2262 1782 2319; x_wconf 91' lang='lat' dir='ltr'>Patribus</span> 
     </span>
    </p>
   </div>
   <div class='ocr_carea' id='block_1_24' title="bbox 127 2335 1777 2417">
    <p class='ocr_par' dir='ltr' id='par_1_24' title="bbox 127 2335 1777 2417">
     <span class='ocr_line' id='line_1_24' title="bbox 127 2335 1777 2417; baseline 0.01 -29"><span class='ocrx_word' id='word_1_130' title='bbox 127 2335 340 2392; x_wconf 86' lang='lat' dir='ltr'>tradita</span> <span class='ocrx_word' id='word_1_131' title='bbox 371 2347 830 2411; x_wconf 84' lang='lat' dir='ltr'>cognoscuntur,</span> <span class='ocrx_word' id='word_1_132' title='bbox 864 2360 898 2398; x_wconf 92' lang='lat' dir='ltr'>a</span> <span class='ocrx_word' id='word_1_133' title='bbox 937 2345 1108 2401; x_wconf 80' lang='lat' dir='ltr'>vobis</span> <span class='ocrx_word' id='word_1_134' title='bbox 1141 2347 1418 2404; x_wconf 89' lang='lat' dir='ltr'>inviolata</span> <span class='ocrx_word' id='word_1_135' title='bbox 1449 2355 1777 2417; x_wconf 88' lang='lat' dir='ltr'>servantur,</span> 
     </span>
    </p>
   </div>
   <div class='ocr_carea' id='block_1_25' title="bbox 125 2429 1779 2504">
    <p class='ocr_par' dir='ltr' id='par_1_25' title="bbox 125 2429 1779 2504">
     <span class='ocr_line' id='line_1_25' title="bbox 125 2429 1779 2504; baseline 0.011 -27"><span class='ocrx_word' id='word_1_136' title='bbox 125 2437 402 2497; x_wconf 84' lang='lat' dir='ltr'>magnam</span> <span class='ocrx_word' id='word_1_137' title='bbox 434 2429 608 2484; x_wconf 82' lang='lat' dir='ltr'>nobis</span> <span class='ocrx_word' id='word_1_138' title='bbox 645 2429 706 2484; x_wconf 91' lang='lat' dir='ltr'>in</span> <span class='ocrx_word' id='word_1_139' title='bbox 747 2430 864 2486; x_wconf 90' lang='lat' dir='ltr'>hoc</span> <span class='ocrx_word' id='word_1_140' title='bbox 890 2434 1232 2504; x_wconf 71' lang='lat' dir='ltr'>pmpamtis</span> <span class='ocrx_word' id='word_1_141' title='bbox 1260 2435 1546 2493; x_wconf 66' lang='lat' dir='ltr'>laetitiam.</span> <span class='ocrx_word' id='word_1_142' title='bbox 1579 2438 1639 2494; x_wconf 89' lang='lat' dir='ltr'><strong>Si</strong></span> <span class='ocrx_word' id='word_1_143' title='bbox 1671 2455 1779 2494; x_wconf 77' lang='lat' dir='ltr'>au-</span> 
     </span>
    </p>
   </div>
   <div class='ocr_carea' id='block_1_26' title="bbox 121 2514 1782 2598">
    <p class='ocr_par' dir='ltr' id='par_1_26' title="bbox 121 2514 1782 2598">
     <span class='ocr_line' id='line_1_26' title="bbox 121 2514 1782 2598; baseline 0.011 -33"><span class='ocrx_word' id='word_1_144' title='bbox 121 2514 454 2586; x_wconf 63' lang='lat' dir='ltr'>tem,.quod</span> <span class='ocrx_word' id='word_1_145' title='bbox 487 2516 661 2583; x_wconf 89' lang='lat' dir='ltr'>absit,</span> <span class='ocrx_word' id='word_1_146' title='bbox 693 2518 942 2576; x_wconf 86' lang='lat' dir='ltr'>diversis</span> <span class='ocrx_word' id='word_1_147' title='bbox 973 2523 1272 2580; x_wconf 85' lang='lat' dir='ltr'>erroribus</span> <span class='ocrx_word' id='word_1_148' title='bbox 1299 2541 1403 2581; x_wconf 90' lang='lat' dir='ltr'>vos</span> <span class='ocrx_word' id='word_1_149' title='bbox 1439 2527 1782 2598; x_wconf 78' lang='lat' dir='ltr'>cognoveri-</span> 
     </span>
    </p>
   </div>
   <div class='ocr_carea' id='block_1_27' title="bbox 123 2603 1777 2679">
    <p class='ocr_par' dir='ltr' id='par_1_27' title="bbox 123 2603 1777 2679">
     <span class='ocr_line' id='line_1_27' title="bbox 123 2603 1777 2679; baseline 0.01 -23"><span class='ocrx_word' id='word_1_150' title='bbox 123 2615 258 2657; x_wconf 85' lang='lat' dir='ltr'>mus</span> <span class='ocrx_word' id='word_1_151' title='bbox 283 2603 660 2676; x_wconf 83' lang='lat' dir='ltr'>depravatae,</span> <span class='ocrx_word' id='word_1_152' title='bbox 693 2608 936 2679; x_wconf 85' lang='lat' dir='ltr'>grandis</span> <span class='ocrx_word' id='word_1_153' title='bbox 973 2610 1111 2666; x_wconf 90' lang='lat' dir='ltr'>inde</span> <span class='ocrx_word' id='word_1_154' title='bbox 1141 2627 1358 2668; x_wconf 67' lang='lat' dir='ltr'>maeror</span> <span class='ocrx_word' id='word_1_155' title='bbox 1387 2619 1587 2670; x_wconf 90' lang='lat' dir='ltr'>nostro</span> <span class='ocrx_word' id='word_1_156' title='bbox 1618 2617 1777 2672; x_wconf 91' lang='lat' dir='ltr'>cordi</span> 
     </span>
    </p>
   </div>
   <div class='ocr_carea' id='block_1_28' title="bbox 121 2692 1776 2777">
    <p class='ocr_par' dir='ltr' id='par_1_28' title="bbox 121 2692 1776 2777">
     <span class='ocr_line' id='line_1_28' title="bbox 121 2692 1776 2777; baseline 0.009 -33"><span class='ocrx_word' id='word_1_157' title='bbox 121 2692 612 2750; x_wconf 82' lang='lat' dir='ltr'>accumulabitur.</span> <span class='ocrx_word' id='word_1_158' title='bbox 646 2695 792 2751; x_wconf 84' lang='lat' dir='ltr'>Nam</span> <span class='ocrx_word' id='word_1_159' title='bbox 826 2697 1155 2768; x_wconf 57' lang='lat' dir='ltr'>siiabjectio</span> <span class='ocrx_word' id='word_1_160' title='bbox 1187 2702 1481 2774; x_wconf 86' lang='lat' dir='ltr'>discipuli,</span> <span class='ocrx_word' id='word_1_161' title='bbox 1507 2705 1776 2777; x_wconf 87' lang='lat' dir='ltr'>magistri</span> 
     </span>
    </p>
   </div>
   <div class='ocr_carea' id='block_1_29' title="bbox 119 2781 1775 2862">
    <p class='ocr_par' dir='ltr' id='par_1_29' title="bbox 119 2781 1775 2862">
     <span class='ocr_line' id='line_1_29' title="bbox 119 2781 1775 2862; baseline 0.01 -28"><span class='ocrx_word' id='word_1_162' title='bbox 119 2787 199 2835; x_wconf 87' lang='lat' dir='ltr'>est</span> <span class='ocrx_word' id='word_1_163' title='bbox 229 2781 683 2854; x_wconf 73' lang='lat' dir='ltr'>detrimentum,</span> <span class='ocrx_word' id='word_1_164' title='bbox 717 2790 939 2856; x_wconf 84' lang='lat' dir='ltr'>quanto</span> <span class='ocrx_word' id='word_1_165' title='bbox 970 2788 1161 2861; x_wconf 88' lang='lat' dir='ltr'>magis</span> <span class='ocrx_word' id='word_1_166' title='bbox 1201 2792 1594 2862; x_wconf 62' lang='lat' dir='ltr'>praevaricatio</span> <span class='ocrx_word' id='word_1_167' title='bbox 1625 2794 1775 2850; x_wconf 86' lang='lat' dir='ltr'>ﬁlio-</span> 
     </span>
    </p>
   </div>
   <div class='ocr_carea' id='block_1_30' title="bbox 119 2870 1776 2955">
    <p class='ocr_par' dir='ltr' id='par_1_30' title="bbox 119 2870 1776 2955">
     <span class='ocr_line' id='line_1_30' title="bbox 119 2870 1776 2955; baseline 0.01 -32"><span class='ocrx_word' id='word_1_168' title='bbox 119 2881 240 2925; x_wconf 86' lang='lat' dir='ltr'>rum</span> <span class='ocrx_word' id='word_1_169' title='bbox 273 2870 474 2942; x_wconf 84' lang='lat' dir='ltr'>patris&#39;</span> <span class='ocrx_word' id='word_1_170' title='bbox 493 2871 647 2928; x_wconf 88' lang='lat' dir='ltr'>valet</span> <span class='ocrx_word' id='word_1_171' title='bbox 675 2889 803 2930; x_wconf 90' lang='lat' dir='ltr'>esse</span> <span class='ocrx_word' id='word_1_172' title='bbox 837 2876 1164 2946; x_wconf 90' lang='lat' dir='ltr'>periculum</span> <span class='ocrx_word' id='word_1_173' title='bbox 1186 2879 1215 2933; x_wconf 86' lang='lat'><strong><em>?</em></strong></span> <span class='ocrx_word' id='word_1_174' title='bbox 1243 2880 1336 2935; x_wconf 92' lang='lat' dir='ltr'>Sic</span> <span class='ocrx_word' id='word_1_175' title='bbox 1369 2897 1475 2937; x_wconf 91' lang='lat' dir='ltr'>nos</span> <span class='ocrx_word' id='word_1_176' title='bbox 1506 2883 1776 2955; x_wconf 87' lang='lat' dir='ltr'>omnipo-</span> 
     </span>
    </p>
   </div>
   <div class='ocr_carea' id='block_1_31' title="bbox 119 2961 1774 3045">
    <p class='ocr_par' dir='ltr' id='par_1_31' title="bbox 119 2961 1774 3045">
     <span class='ocr_line' id='line_1_31' title="bbox 119 2961 1774 3045; baseline 0.01 -33"><span class='ocrx_word' id='word_1_177' title='bbox 119 2961 238 3014; x_wconf 86' lang='lat' dir='ltr'>tens</span> <span class='ocrx_word' id='word_1_178' title='bbox 267 2964 444 3031; x_wconf 84' lang='lat' dir='ltr'>pater</span> <span class='ocrx_word' id='word_1_179' title='bbox 472 2962 684 3034; x_wconf 85' lang='lat' dir='ltr'>degere</span> <span class='ocrx_word' id='word_1_180' title='bbox 713 2965 1013 3032; x_wconf 87' lang='lat' dir='ltr'>concedat,</span> <span class='ocrx_word' id='word_1_181' title='bbox 1047 2971 1114 3022; x_wconf 91' lang='lat' dir='ltr'>ut</span> <span class='ocrx_word' id='word_1_182' title='bbox 1152 2967 1388 3040; x_wconf 88' lang='lat' dir='ltr'>utrique</span> <span class='ocrx_word' id='word_1_183' title='bbox 1419 2971 1488 3026; x_wconf 93' lang='lat' dir='ltr'>de</span> <span class='ocrx_word' id='word_1_184' title='bbox 1519 2975 1774 3045; x_wconf 88' lang='lat' dir='ltr'>utroque</span> 
     </span>
    </p>
   </div>
   <div class='ocr_carea' id='block_1_32' title="bbox 119 3053 1773 3132">
    <p class='ocr_par' dir='ltr' id='par_1_32' title="bbox 119 3053 1773 3132">
     <span class='ocr_line' id='line_1_32' title="bbox 119 3053 1773 3132; baseline 0.01 -31"><span class='ocrx_word' id='word_1_185' title='bbox 119 3061 582 3120; x_wconf 87' lang='lat' dir='ltr'>remuneremur,</span> <span class='ocrx_word' id='word_1_186' title='bbox 597 3067 670 3107; x_wconf 92' lang='lat' dir='ltr'>ne</span> <span class='ocrx_word' id='word_1_187' title='bbox 690 3053 1009 3109; x_wconf 88' lang='lat' dir='ltr'>damnandi</span> <span class='ocrx_word' id='word_1_188' title='bbox 1027 3056 1383 3125; x_wconf 91' lang='lat' dir='ltr'>judicemur.</span> <span class='ocrx_word' id='word_1_189' title='bbox 1405 3060 1586 3132; x_wconf 86' lang='lat' dir='ltr'>Igitur</span> <span class='ocrx_word' id='word_1_190' title='bbox 1605 3062 1773 3117; x_wconf 90' lang='lat' dir='ltr'>audi-</span> 
     </span>
    </p>
   </div>
   <div class='ocr_carea' id='block_1_33' title="bbox 119 3135 1771 3215">
    <p class='ocr_par' dir='ltr' id='par_1_33' title="bbox 119 3135 1771 3215">
     <span class='ocr_line' id='line_1_33' title="bbox 119 3135 1771 3215; baseline 0.01 -25"><span class='ocrx_word' id='word_1_191' title='bbox 119 3135 304 3193; x_wconf 78' lang='lat' dir='ltr'>vimus</span> <span class='ocrx_word' id='word_1_192' title='bbox 333 3138 496 3194; x_wconf 83' lang='lat' dir='ltr'>inter</span> <span class='ocrx_word' id='word_1_193' title='bbox 519 3156 623 3195; x_wconf 89' lang='lat' dir='ltr'>vos</span> <span class='ocrx_word' id='word_1_194' title='bbox 653 3157 870 3198; x_wconf 88' lang='lat' dir='ltr'>novum</span> <span class='ocrx_word' id='word_1_195' title='bbox 902 3146 1221 3215; x_wconf 89' lang='lat' dir='ltr'>quemdam</span> <span class='ocrx_word' id='word_1_196' title='bbox 1261 3149 1584 3205; x_wconf 83' lang='lat' dir='ltr'>surrexisse</span> <span class='ocrx_word' id='word_1_197' title='bbox 1614 3167 1771 3207; x_wconf 90' lang='lat' dir='ltr'>erro-</span> 
     </span>
    </p>
   </div>
   <div class='ocr_carea' id='block_1_34' title="bbox 122 3228 1768 3307">
    <p class='ocr_par' dir='ltr' id='par_1_34' title="bbox 122 3228 1768 3307">
     <span class='ocr_line' id='line_1_34' title="bbox 122 3228 1768 3307; baseline 0.01 -28"><span class='ocrx_word' id='word_1_198' title='bbox 122 3240 254 3294; x_wconf 86' lang='lat' dir='ltr'>rem,</span> <span class='ocrx_word' id='word_1_199' title='bbox 287 3232 356 3282; x_wconf 88' lang='lat' dir='ltr'>ut</span> <span class='ocrx_word' id='word_1_200' title='bbox 401 3228 615 3284; x_wconf 89' lang='lat' dir='ltr'>dicatis</span> <span class='ocrx_word' id='word_1_201' title='bbox 664 3236 828 3286; x_wconf 84' lang='lat' dir='ltr'>sexta</span> <span class='ocrx_word' id='word_1_202' title='bbox 882 3233 1025 3288; x_wconf 82' lang='lat' dir='ltr'>feria</span> <span class='ocrx_word' id='word_1_203' title='bbox 1076 3235 1192 3290; x_wconf 91' lang='lat' dir='ltr'>otio</span> <span class='ocrx_word' id='word_1_204' title='bbox 1241 3253 1372 3293; x_wconf 90' lang='lat' dir='ltr'>esse</span> <span class='ocrx_word' id='word_1_205' title='bbox 1402 3239 1768 3307; x_wconf 84' lang='lat' dir='ltr'>vacandum,</span> 
     </span>
    </p>
   </div>
   <div class='ocr_carea' id='block_1_35' title="bbox 1911 667 3564 754">
    <p class='ocr_par' dir='ltr' id='par_1_35' title="bbox 1911 667 3564 754">
     <span class='ocr_line' id='line_1_35' title="bbox 1911 667 3564 754; baseline 0.018 -34"><span class='ocrx_word' id='word_1_206' title='bbox 1911 667 1986 720; x_wconf 86' lang='lat' dir='ltr'>cit</span> <span class='ocrx_word' id='word_1_207' title='bbox 2013 669 2168 725; x_wconf 91' lang='lat' dir='ltr'>enim</span> <span class='ocrx_word' id='word_1_208' title='bbox 2205 673 2368 728; x_wconf 89' lang='lat' dir='ltr'>vobis</span> <span class='ocrx_word' id='word_1_209' title='bbox 2400 675 2554 731; x_wconf 89' lang='lat' dir='ltr'>diem</span> <span class='ocrx_word' id='word_1_210' title='bbox 2578 677 2971 754; x_wconf 88' lang='lat' dir='ltr'>Dominicum,</span> <span class='ocrx_word' id='word_1_211' title='bbox 2995 689 3051 740; x_wconf 90' lang='lat' dir='ltr'>et</span> <span class='ocrx_word' id='word_1_212' title='bbox 3081 685 3226 744; x_wconf 90' lang='lat' dir='ltr'>alias</span> <span class='ocrx_word' id='word_1_213' title='bbox 3257 690 3564 750; x_wconf 52' lang='lat' dir='ltr'>celeberr’ia</span> 
     </span>
    </p>
   </div>
   <div class='ocr_carea' id='block_1_36' title="bbox 1910 763 3563 841">
    <p class='ocr_par' dir='ltr' id='par_1_36' title="bbox 1910 763 3563 841">
     <span class='ocr_line' id='line_1_36' title="bbox 1910 763 3563 841; baseline 0.018 -32"><span class='ocrx_word' id='word_1_214' title='bbox 1910 772 2038 811; x_wconf 90' lang='lat' dir='ltr'>mas</span> <span class='ocrx_word' id='word_1_215' title='bbox 2065 763 2120 813; x_wconf 88' lang='lat' dir='ltr'>et</span> <span class='ocrx_word' id='word_1_216' title='bbox 2140 777 2171 814; x_wconf 90' lang='lat' dir='ltr'>a</span> <span class='ocrx_word' id='word_1_217' title='bbox 2194 763 2604 822; x_wconf 83' lang='lat' dir='ltr'>sacerdotibus</span> <span class='ocrx_word' id='word_1_218' title='bbox 2623 772 2974 841; x_wconf 87' lang='lat' dir='ltr'>approbatas</span> <span class='ocrx_word' id='word_1_219' title='bbox 2999 775 3346 834; x_wconf 83' lang='lat' dir='ltr'>festivitates</span> <span class='ocrx_word' id='word_1_220' title='bbox 3368 782 3563 838; x_wconf 87' lang='lat' dir='ltr'>obser-</span> 
     </span>
    </p>
   </div>
   <div class='ocr_carea' id='block_1_37' title="bbox 1906 851 3649 931">
    <p class='ocr_par' dir='ltr' id='par_1_37' title="bbox 1906 851 3649 931">
     <span class='ocr_line' id='line_1_37' title="bbox 1906 851 3649 931; baseline 0.018 -33"><span class='ocrx_word' id='word_1_221' title='bbox 1906 861 2060 901; x_wconf 88' lang='lat' dir='ltr'>vare.</span> <span class='ocrx_word' id='word_1_222' title='bbox 2093 852 2154 902; x_wconf 88' lang='lat' dir='ltr'>In</span> <span class='ocrx_word' id='word_1_223' title='bbox 2188 851 2406 920; x_wconf 82' lang='lat' dir='ltr'>quibus</span> <span class='ocrx_word' id='word_1_224' title='bbox 2437 854 2566 911; x_wconf 91' lang='lat' dir='ltr'>ideo</span> <span class='ocrx_word' id='word_1_225' title='bbox 2600 857 2806 914; x_wconf 89' lang='lat' dir='ltr'>feriare</span> <span class='ocrx_word' id='word_1_226' title='bbox 2837 862 3076 931; x_wconf 85' lang='lat' dir='ltr'>debetis,</span> <span class='ocrx_word' id='word_1_227' title='bbox 3109 870 3174 920; x_wconf 93' lang='lat' dir='ltr'>ut</span> <span class='ocrx_word' id='word_1_228' title='bbox 3203 883 3237 922; x_wconf 87' lang='lat' dir='ltr'>a</span> <span class='ocrx_word' id='word_1_229' title='bbox 3265 869 3560 926; x_wconf 71' lang='lat' dir='ltr'>saeculari-</span> <span class='ocrx_word' id='word_1_230' title='bbox 3645 861 3649 864; x_wconf 53' lang='grc'><em>’</em></span> 
     </span>
    </p>
   </div>
   <div class='ocr_carea' id='block_1_38' title="bbox 1904 933 3560 1032">
    <p class='ocr_par' dir='ltr' id='par_1_38' title="bbox 1904 933 3560 1032">
     <span class='ocr_line' id='line_1_38' title="bbox 1904 933 3560 1032; baseline 0.019 -46"><span class='ocrx_word' id='word_1_231' title='bbox 1904 933 2018 989; x_wconf 89' lang='lat' dir='ltr'>bus</span> <span class='ocrx_word' id='word_1_232' title='bbox 2052 938 2300 1009; x_wconf 88' lang='lat' dir='ltr'>negotiis</span> <span class='ocrx_word' id='word_1_233' title='bbox 2344 945 2622 1015; x_wconf 80' lang='lat' dir='ltr'>expediti,</span> <span class='ocrx_word' id='word_1_234' title='bbox 2656 946 2898 1005; x_wconf 90' lang='lat' dir='ltr'>liberius</span> <span class='ocrx_word' id='word_1_235' title='bbox 2948 954 3263 1012; x_wconf 85' lang='lat' dir='ltr'>Dominum</span> <span class='ocrx_word' id='word_1_236' title='bbox 3314 959 3560 1032; x_wconf 87' lang='lat' dir='ltr'>ejusque</span> 
     </span>
    </p>
   </div>
   <div class='ocr_carea' id='block_1_39' title="bbox 1905 1027 3559 1115">
    <p class='ocr_par' dir='ltr' id='par_1_39' title="bbox 1905 1027 3559 1115">
     <span class='ocr_line' id='line_1_39' title="bbox 1905 1027 3559 1115; baseline 0.018 -39"><span class='ocrx_word' id='word_1_237' title='bbox 1905 1029 2142 1081; x_wconf 84' lang='lat' dir='ltr'>sanctos</span> <span class='ocrx_word' id='word_1_238' title='bbox 2171 1027 2508 1088; x_wconf 87' lang='lat' dir='ltr'>collaudare</span> <span class='ocrx_word' id='word_1_239' title='bbox 2538 1035 2624 1090; x_wconf 83' lang='lat' dir='ltr'>vel</span> <span class='ocrx_word' id='word_1_240' title='bbox 2670 1038 3006 1109; x_wconf 70' lang='lat' dir='ltr'>przedicare,</span> <span class='ocrx_word' id='word_1_241' title='bbox 3040 1042 3240 1115; x_wconf 89' lang='lat' dir='ltr'>eisque</span> <span class='ocrx_word' id='word_1_242' title='bbox 3268 1027 3559 1105; x_wconf 71' lang='lat' dir='ltr'>deservire</span> 
     </span>
    </p>
   </div>
   <div class='ocr_carea' id='block_1_40' title="bbox 1903 1113 3557 1206">
    <p class='ocr_par' dir='ltr' id='par_1_40' title="bbox 1903 1113 3557 1206">
     <span class='ocr_line' id='line_1_40' title="bbox 1903 1113 3557 1206; baseline 0.016 -40"><span class='ocrx_word' id='word_1_243' title='bbox 1903 1113 2164 1182; x_wconf 85' lang='lat' dir='ltr'>possitis.</span> <span class='ocrx_word' id='word_1_244' title='bbox 2180 1116 2328 1173; x_wconf 89' lang='lat' dir='ltr'>Nam</span> <span class='ocrx_word' id='word_1_245' title='bbox 2351 1125 2513 1176; x_wconf 85' lang='lat' dir='ltr'>sexta</span> <span class='ocrx_word' id='word_1_246' title='bbox 2531 1123 2674 1179; x_wconf 90' lang='lat' dir='ltr'>feria</span> <span class='ocrx_word' id='word_1_247' title='bbox 2695 1125 2908 1184; x_wconf 89' lang='lat' dir='ltr'>melius</span> <span class='ocrx_word' id='word_1_248' title='bbox 2927 1133 3018 1185; x_wconf 91' lang='lat' dir='ltr'>est</span> <span class='ocrx_word' id='word_1_249' title='bbox 3037 1113 3299 1189; x_wconf 81' lang='lat' dir='ltr'>laborare</span> <span class='ocrx_word' id='word_1_250' title='bbox 3319 1149 3557 1206; x_wconf 88' lang='lat' dir='ltr'>panem,</span> 
     </span>
    </p>
   </div>
   <div class='ocr_carea' id='block_1_41' title="bbox 1903 1203 3553 1292">
    <p class='ocr_par' dir='ltr' id='par_1_41' title="bbox 1903 1203 3553 1292">
     <span class='ocr_line' id='line_1_41' title="bbox 1903 1203 3553 1292; baseline 0.016 -38"><span class='ocrx_word' id='word_1_251' title='bbox 1903 1203 2060 1257; x_wconf 89' lang='lat' dir='ltr'>unde</span> <span class='ocrx_word' id='word_1_252' title='bbox 2102 1207 2158 1259; x_wconf 90' lang='lat' dir='ltr'>et</span> <span class='ocrx_word' id='word_1_253' title='bbox 2201 1209 2366 1264; x_wconf 88' lang='lat' dir='ltr'>tuam</span> <span class='ocrx_word' id='word_1_254' title='bbox 2406 1214 2461 1265; x_wconf 91' lang='lat' dir='ltr'>et</span> <span class='ocrx_word' id='word_1_255' title='bbox 2502 1211 2752 1269; x_wconf 88' lang='lat' dir='ltr'>alienam</span> <span class='ocrx_word' id='word_1_256' title='bbox 2788 1217 3023 1274; x_wconf 84' lang='lat' dir='ltr'>reﬁcere</span> <span class='ocrx_word' id='word_1_257' title='bbox 3053 1221 3246 1290; x_wconf 91' lang='lat' dir='ltr'>possis</span> <span class='ocrx_word' id='word_1_258' title='bbox 3274 1203 3553 1292; x_wconf 75' lang='lat' dir='ltr'>esuriem,</span> 
     </span>
    </p>
   </div>
   <div class='ocr_carea' id='block_1_42' title="bbox 1901 1293 3563 1384">
    <p class='ocr_par' dir='ltr' id='par_1_42' title="bbox 1901 1293 3563 1384">
     <span class='ocr_line' id='line_1_42' title="bbox 1901 1293 3563 1384; baseline 0.017 -42"><span class='ocrx_word' id='word_1_259' title='bbox 1901 1303 2078 1359; x_wconf 91' lang='lat' dir='ltr'>quam</span> <span class='ocrx_word' id='word_1_260' title='bbox 2097 1293 2304 1350; x_wconf 89' lang='lat' dir='ltr'>otiosis</span> <span class='ocrx_word' id='word_1_261' title='bbox 2322 1299 2600 1356; x_wconf 89' lang='lat' dir='ltr'>manibus</span> <span class='ocrx_word' id='word_1_262' title='bbox 2618 1305 2828 1359; x_wconf 88' lang='lat' dir='ltr'>sedens</span> <span class='ocrx_word' id='word_1_263' title='bbox 2845 1304 3050 1362; x_wconf 88' lang='lat' dir='ltr'>inanes</span> <span class='ocrx_word' id='word_1_264' title='bbox 3066 1307 3296 1367; x_wconf 70' lang='lat' dir='ltr'>fabulas</span> <span class='ocrx_word' id='word_1_265' title='bbox 3317 1313 3563 1384; x_wconf 84' lang='lat' dir='ltr'>garrulo</span> 
     </span>
    </p>
   </div>
   <div class='ocr_carea' id='block_1_43' title="bbox 1899 1379 2266 1451">
    <p class='ocr_par' dir='ltr' id='par_1_43' title="bbox 1899 1379 2266 1451">
     <span class='ocr_line' id='line_1_43' title="bbox 1899 1379 2266 1451; baseline 0.016 -19"><span class='ocrx_word' id='word_1_266' title='bbox 1899 1393 1997 1434; x_wconf 92' lang='lat' dir='ltr'>ore</span> <span class='ocrx_word' id='word_1_267' title='bbox 2021 1379 2266 1451; x_wconf 82' lang='lat' dir='ltr'>jactare.</span> 
     </span>
    </p>
   </div>
   <div class='ocr_carea' id='block_1_44' title="bbox 2494 1509 2956 1571">
    <p class='ocr_par' dir='ltr' id='par_1_44' title="bbox 2494 1509 2956 1571">
     <span class='ocr_line' id='line_1_44' title="bbox 2494 1509 2956 1571; baseline 0.006 -4"><span class='ocrx_word' id='word_1_268' title='bbox 2494 1509 2849 1570; x_wconf 84' lang='lat' dir='ltr'>EPISTOLA</span> <span class='ocrx_word' id='word_1_269' title='bbox 2886 1516 2956 1571; x_wconf 88' lang='lat' dir='ltr'>V.</span> 
     </span>
    </p>
   </div>
   <div class='ocr_carea' id='block_1_45' title="bbox 2362 1633 3089 1681">
    <p class='ocr_par' dir='ltr' id='par_1_45' title="bbox 2362 1633 3089 1681">
     <span class='ocr_line' id='line_1_45' title="bbox 2362 1633 3089 1681; baseline 0.012 -9"><span class='ocrx_word' id='word_1_270' title='bbox 2362 1633 2436 1672; x_wconf 81' lang='lat' dir='ltr'>AD</span> <span class='ocrx_word' id='word_1_271' title='bbox 2474 1635 2703 1676; x_wconf 81' lang='grc' dir='ltr'>ΑΖΟΝΕΜ</span> <span class='ocrx_word' id='word_1_272' title='bbox 2740 1638 3089 1681; x_wconf 82' lang='lat' dir='ltr'>EPISCOPUM.</span> 
     </span>
    </p>
   </div>
   <div class='ocr_carea' id='block_1_46' title="bbox 1966 1736 3555 1810">
    <p class='ocr_par' dir='ltr' id='par_1_46' title="bbox 1966 1736 3555 1810">
     <span class='ocr_line' id='line_1_46' title="bbox 1966 1736 3555 1810; baseline 0.013 -20"><span class='ocrx_word' id='word_1_273' title='bbox 1966 1736 2215 1793; x_wconf 90' lang='lat' dir='ltr'>Summa</span> <span class='ocrx_word' id='word_1_274' title='bbox 2243 1739 2548 1797; x_wconf 89' lang='lat' dir='ltr'>devotione</span> <span class='ocrx_word' id='word_1_275' title='bbox 2576 1742 2818 1800; x_wconf 90' lang='lat' dir='ltr'>colendo</span> <span class='ocrx_word' id='word_1_276' title='bbox 2848 1747 3066 1803; x_wconf 89' lang='lat' dir='ltr'>domno</span> <span class='ocrx_word' id='word_1_277' title='bbox 3084 1751 3262 1806; x_wconf 77' lang='lat' dir='ltr'>Azom</span> <span class='ocrx_word' id='word_1_278' title='bbox 3292 1757 3555 1810; x_wconf 79' lang='lat' dir='ltr'>reveren-</span> 
     </span>
    </p>
   </div>
   <div class='ocr_carea' id='block_1_47' title="bbox 1897 1825 3554 1911">
    <p class='ocr_par' dir='ltr' id='par_1_47' title="bbox 1897 1825 3554 1911">
     <span class='ocr_line' id='line_1_47' title="bbox 1897 1825 3554 1911; baseline 0.012 -32"><span class='ocrx_word' id='word_1_279' title='bbox 1897 1825 2144 1882; x_wconf 90' lang='lat' dir='ltr'>dissimo</span> <span class='ocrx_word' id='word_1_280' title='bbox 2177 1831 2234 1883; x_wconf 89' lang='lat' dir='ltr'>et</span> <span class='ocrx_word' id='word_1_281' title='bbox 2263 1831 2642 1888; x_wconf 90' lang='lat' dir='ltr'>sanctissimo</span> <span class='ocrx_word' id='word_1_282' title='bbox 2668 1835 3082 1905; x_wconf 65' lang='lat' dir='ltr'>praesuli-Amo</span> <span class='ocrx_word' id='word_1_283' title='bbox 3102 1839 3292 1911; x_wconf 89' lang='lat' dir='ltr'>gratia</span> <span class='ocrx_word' id='word_1_284' title='bbox 3317 1841 3418 1897; x_wconf 85' lang='lat' dir='ltr'>Dei</span> <span class='ocrx_word' id='word_1_285' title='bbox 3441 1841 3554 1899; x_wconf 86' lang='lat' dir='ltr'>hu-</span> 
     </span>
    </p>
   </div>
   <div class='ocr_carea' id='block_1_48' title="bbox 1813 1915 3550 2011">
    <p class='ocr_par' dir='ltr' id='par_1_48' title="bbox 1813 1915 3550 2011">
     <span class='ocr_line' id='line_1_48' title="bbox 1813 1915 3550 2011; baseline 0.012 -43"><span class='ocrx_word' id='word_1_286' title='bbox 1813 1945 1863 2011; x_wconf 80' lang='lat' dir='ltr'><strong>B</strong></span> <span class='ocrx_word' id='word_1_287' title='bbox 1895 1915 2056 1971; x_wconf 90' lang='lat' dir='ltr'>milis</span> <span class='ocrx_word' id='word_1_288' title='bbox 2087 1916 2419 1992; x_wconf 89' lang='lat' dir='ltr'>episcopus,</span> <span class='ocrx_word' id='word_1_289' title='bbox 2450 1924 2756 1994; x_wconf 88' lang='lat' dir='ltr'>vesterque</span> <span class='ocrx_word' id='word_1_290' title='bbox 2788 1924 3196 1997; x_wconf 84' lang='lat' dir='ltr'>ﬁdelissimus,</span> <span class='ocrx_word' id='word_1_291' title='bbox 3217 1930 3550 1989; x_wconf 85' lang='lat' dir='ltr'>orationum</span> 
     </span>
    </p>
   </div>
   <div class='ocr_carea' id='block_1_49' title="bbox 1892 2005 2976 2070">
    <p class='ocr_par' dir='ltr' id='par_1_49' title="bbox 1892 2005 2976 2070">
     <span class='ocr_line' id='line_1_49' title="bbox 1892 2005 2976 2070; baseline 0.009 -10"><span class='ocrx_word' id='word_1_292' title='bbox 1892 2005 2237 2062; x_wconf 89' lang='lat' dir='ltr'>instantiam</span> <span class='ocrx_word' id='word_1_293' title='bbox 2268 2023 2400 2064; x_wconf 90' lang='lat' dir='ltr'>cum</span> <span class='ocrx_word' id='word_1_294' title='bbox 2432 2010 2636 2067; x_wconf 93' lang='lat' dir='ltr'>devoto</span> <span class='ocrx_word' id='word_1_295' title='bbox 2667 2011 2976 2070; x_wconf 87' lang='lat' dir='ltr'>famulatu.</span> 
     </span>
    </p>
   </div>
   <div class='ocr_carea' id='block_1_50' title="bbox 1967 2095 3553 2174">
    <p class='ocr_par' dir='ltr' id='par_1_50' title="bbox 1967 2095 3553 2174">
     <span class='ocr_line' id='line_1_50' title="bbox 1967 2095 3553 2174; baseline 0.009 -24"><span class='ocrx_word' id='word_1_296' title='bbox 1967 2095 2117 2150; x_wconf 90' lang='lat' dir='ltr'>Deus</span> <span class='ocrx_word' id='word_1_297' title='bbox 2131 2097 2635 2170; x_wconf 86' lang='lat' dir='ltr'>omnipotens,qui</span> <span class='ocrx_word' id='word_1_298' title='bbox 2647 2096 2750 2156; x_wconf 87' lang='lat' dir='ltr'>vos</span> <span class='ocrx_word' id='word_1_299' title='bbox 2767 2101 2824 2156; x_wconf 94' lang='lat' dir='ltr'><strong>in</strong></span> <span class='ocrx_word' id='word_1_300' title='bbox 2841 2104 3116 2174; x_wconf 86' lang='lat' dir='ltr'>pastorali</span> <span class='ocrx_word' id='word_1_301' title='bbox 3130 2105 3342 2163; x_wconf 87' lang='lat' dir='ltr'>throno</span> <span class='ocrx_word' id='word_1_302' title='bbox 3355 2107 3553 2165; x_wconf 83' lang='lat' dir='ltr'>locare</span> 
     </span>
    </p>
   </div>
   <div class='ocr_carea' id='block_1_51' title="bbox 1892 2182 3549 2261">
    <p class='ocr_par' dir='ltr' id='par_1_51' title="bbox 1892 2182 3549 2261">
     <span class='ocr_line' id='line_1_51' title="bbox 1892 2182 3549 2261; baseline 0.011 -25"><span class='ocrx_word' id='word_1_303' title='bbox 1892 2182 2170 2254; x_wconf 89' lang='lat' dir='ltr'>dignatus</span> <span class='ocrx_word' id='word_1_304' title='bbox 2199 2188 2306 2251; x_wconf 90' lang='lat' dir='ltr'>est,</span> <span class='ocrx_word' id='word_1_305' title='bbox 2329 2185 2458 2257; x_wconf 91' lang='lat' dir='ltr'>ipse</span> <span class='ocrx_word' id='word_1_306' title='bbox 2485 2203 2588 2242; x_wconf 91' lang='lat' dir='ltr'>vos</span> <span class='ocrx_word' id='word_1_307' title='bbox 2611 2188 2741 2260; x_wconf 88' lang='lat' dir='ltr'>jugi</span> <span class='ocrx_word' id='word_1_308' title='bbox 2770 2190 3154 2261; x_wconf 88' lang='lat' dir='ltr'>cpitulatione</span> <span class='ocrx_word' id='word_1_309' title='bbox 3175 2195 3320 2252; x_wconf 83' lang='lat' dir='ltr'>adeo</span> <span class='ocrx_word' id='word_1_310' title='bbox 3352 2202 3549 2253; x_wconf 80' lang='lat' dir='ltr'>custo-</span> 
     </span>
    </p>
   </div>
   <div class='ocr_carea' id='block_1_52' title="bbox 1893 2271 3549 2342">
    <p class='ocr_par' dir='ltr' id='par_1_52' title="bbox 1893 2271 3549 2342">
     <span class='ocr_line' id='line_1_52' title="bbox 1893 2271 3549 2342; baseline 0.01 -19"><span class='ocrx_word' id='word_1_311' title='bbox 1893 2271 2017 2324; x_wconf 91' lang='lat' dir='ltr'>dire</span> <span class='ocrx_word' id='word_1_312' title='bbox 2042 2271 2338 2342; x_wconf 86' lang='lat' dir='ltr'>dignetur,</span> <span class='ocrx_word' id='word_1_313' title='bbox 2360 2276 2427 2325; x_wconf 91' lang='lat' dir='ltr'>ut</span> <span class='ocrx_word' id='word_1_314' title='bbox 2455 2274 2832 2330; x_wconf 88' lang='lat' dir='ltr'>sacerdotalis</span> <span class='ocrx_word' id='word_1_315' title='bbox 2855 2276 3043 2332; x_wconf 90' lang='lat' dir='ltr'>honor</span> <span class='ocrx_word' id='word_1_316' title='bbox 3063 2284 3308 2336; x_wconf 86' lang='lat' dir='ltr'>cunctos</span> <span class='ocrx_word' id='word_1_317' title='bbox 3322 2287 3549 2340; x_wconf 84' lang='lat' dir='ltr'>vestros</span> 
     </span>
    </p>
   </div>
   <div class='ocr_carea' id='block_1_53' title="bbox 1895 2357 3550 2432">
    <p class='ocr_par' dir='ltr' id='par_1_53' title="bbox 1895 2357 3550 2432">
     <span class='ocr_line' id='line_1_53' title="bbox 1895 2357 3550 2432; baseline 0.01 -20"><span class='ocrx_word' id='word_1_318' title='bbox 1895 2357 2111 2428; x_wconf 72' lang='lat' dir='ltr'>dirigat</span> <span class='ocrx_word' id='word_1_319' title='bbox 2127 2361 2495 2426; x_wconf 87' lang='lat' dir='ltr'>actus,rursu</span> <span class='ocrx_word' id='word_1_320' title='bbox 2505 2375 2680 2432; x_wconf 89' lang='lat' dir='ltr'>mque</span> <span class='ocrx_word' id='word_1_321' title='bbox 2691 2364 2901 2420; x_wconf 89' lang='lat' dir='ltr'>vestris</span> <span class='ocrx_word' id='word_1_322' title='bbox 2919 2367 3102 2422; x_wconf 88' lang='lat' dir='ltr'>sacris</span> <span class='ocrx_word' id='word_1_323' title='bbox 3115 2369 3344 2425; x_wconf 88' lang='lat' dir='ltr'>actibus</span> <span class='ocrx_word' id='word_1_324' title='bbox 3362 2385 3550 2427; x_wconf 82' lang='lat' dir='ltr'>sacer-</span> 
     </span>
    </p>
   </div>
   <div class='ocr_carea' id='block_1_54' title="bbox 1891 2446 3548 2529">
    <p class='ocr_par' dir='ltr' id='par_1_54' title="bbox 1891 2446 3548 2529">
     <span class='ocr_line' id='line_1_54' title="bbox 1891 2446 3548 2529; baseline 0.01 -29"><span class='ocrx_word' id='word_1_325' title='bbox 1891 2446 2106 2502; x_wconf 88' lang='lat' dir='ltr'>dotalis</span> <span class='ocrx_word' id='word_1_326' title='bbox 2129 2447 2269 2502; x_wconf 91' lang='lat' dir='ltr'>ordo</span> <span class='ocrx_word' id='word_1_327' title='bbox 2291 2449 2656 2521; x_wconf 75' lang='lat' dir='ltr'>praefulgent.</span> <span class='ocrx_word' id='word_1_328' title='bbox 2682 2451 2844 2514; x_wconf 87' lang='lat' dir='ltr'>Quod</span> <span class='ocrx_word' id='word_1_329' title='bbox 2867 2458 3062 2510; x_wconf 88' lang='lat' dir='ltr'>autem</span> <span class='ocrx_word' id='word_1_330' title='bbox 3083 2461 3276 2513; x_wconf 83' lang='lat' dir='ltr'>vestra</span> <span class='ocrx_word' id='word_1_331' title='bbox 3295 2459 3548 2529; x_wconf 88' lang='lat' dir='ltr'>pruden-</span> 
     </span>
    </p>
   </div>
   <div class='ocr_carea' id='block_1_55' title="bbox 1891 2535 3542 2618">
    <p class='ocr_par' dir='ltr' id='par_1_55' title="bbox 1891 2535 3542 2618">
     <span class='ocr_line' id='line_1_55' title="bbox 1891 2535 3542 2618; baseline 0.008 -27"><span class='ocrx_word' id='word_1_332' title='bbox 1891 2535 1974 2591; x_wconf 90' lang='lat' dir='ltr'>tia</span> <span class='ocrx_word' id='word_1_333' title='bbox 2004 2539 2266 2592; x_wconf 85' lang='lat' dir='ltr'>nostram</span> <span class='ocrx_word' id='word_1_334' title='bbox 2301 2536 2567 2594; x_wconf 89' lang='lat' dir='ltr'>hebetem</span> <span class='ocrx_word' id='word_1_335' title='bbox 2599 2538 2838 2612; x_wconf 88' lang='lat' dir='ltr'>dignata</span> <span class='ocrx_word' id='word_1_336' title='bbox 2883 2547 2973 2598; x_wconf 91' lang='lat' dir='ltr'>est</span> <span class='ocrx_word' id='word_1_337' title='bbox 3001 2544 3116 2616; x_wconf 86' lang='lat'>(56)</span> <span class='ocrx_word' id='word_1_338' title='bbox 3170 2547 3542 2618; x_wconf 81' lang='lat' dir='ltr'>parvitatem,</span> 
     </span>
    </p>
   </div>
   <div class='ocr_carea' id='block_1_56' title="bbox 1889 2625 3542 2696">
    <p class='ocr_par' dir='ltr' id='par_1_56' title="bbox 1889 2625 3542 2696">
     <span class='ocr_line' id='line_1_56' title="bbox 1889 2625 3542 2696; baseline 0.009 -17"><span class='ocrx_word' id='word_1_339' title='bbox 1889 2639 2068 2695; x_wconf 90' lang='lat' dir='ltr'>quare</span> <span class='ocrx_word' id='word_1_340' title='bbox 2096 2625 2411 2696; x_wconf 89' lang='lat' dir='ltr'>quemdem</span> <span class='ocrx_word' id='word_1_341' title='bbox 2434 2631 2647 2682; x_wconf 65' lang='lat' dir='ltr'>nostris</span> <span class='ocrx_word' id='word_1_342' title='bbox 2675 2628 3152 2688; x_wconf 75' lang='lat' dir='ltr'>Ecclesizcﬁlium</span> <span class='ocrx_word' id='word_1_343' title='bbox 3181 2635 3385 2690; x_wconf 10' lang='lat' dir='ltr'>avfiliae&#39;</span> <span class='ocrx_word' id='word_1_344' title='bbox 3409 2651 3542 2694; x_wconf 82' lang='lat' dir='ltr'>sus-</span> 
     </span>
    </p>
   </div>
   <div class='ocr_carea' id='block_1_57' title="bbox 1887 2713 3540 2794">
    <p class='ocr_par' dir='ltr' id='par_1_57' title="bbox 1887 2713 3540 2794">
     <span class='ocr_line' id='line_1_57' title="bbox 1887 2713 3540 2794; baseline 0.008 -27"><span class='ocrx_word' id='word_1_345' title='bbox 1887 2713 1934 2767; x_wconf 89' lang='lat' dir='ltr'>ci</span> <span class='ocrx_word' id='word_1_346' title='bbox 1943 2713 2155 2784; x_wconf 88' lang='lat' dir='ltr'>pientis</span> <span class='ocrx_word' id='word_1_347' title='bbox 2177 2729 2240 2768; x_wconf 88' lang='lat' dir='ltr'>se</span> <span class='ocrx_word' id='word_1_348' title='bbox 2261 2713 2332 2769; x_wconf 91' lang='lat' dir='ltr'>de</span> <span class='ocrx_word' id='word_1_349' title='bbox 2355 2730 2519 2770; x_wconf 92' lang='lat' dir='ltr'>sacro</span> <span class='ocrx_word' id='word_1_350' title='bbox 2543 2717 2702 2772; x_wconf 85' lang='lat' dir='ltr'>fonte</span> <span class='ocrx_word' id='word_1_351' title='bbox 2722 2719 3170 2789; x_wconf 87' lang='lat' dir='ltr'>prohiberemus</span> <span class='ocrx_word' id='word_1_352' title='bbox 3192 2723 3435 2794; x_wconf 86' lang='lat' dir='ltr'>nuptiis.</span> <span class='ocrx_word' id='word_1_353' title='bbox 3453 2725 3540 2780; x_wconf 84' lang='lat' dir='ltr'>ln-</span> 
     </span>
    </p>
   </div>
   <div class='ocr_carea' id='block_1_58' title="bbox 1887 2799 3538 2879">
    <p class='ocr_par' dir='ltr' id='par_1_58' title="bbox 1887 2799 3538 2879">
     <span class='ocr_line' id='line_1_58' title="bbox 1887 2799 3538 2879; baseline 0.008 -24"><span class='ocrx_word' id='word_1_354' title='bbox 1887 2815 2066 2872; x_wconf 87' lang='lat' dir='ltr'>super</span> <span class='ocrx_word' id='word_1_355' title='bbox 2113 2801 2161 2855; x_wconf 91' lang='lat' dir='ltr'>si</span> <span class='ocrx_word' id='word_1_356' title='bbox 2208 2799 2444 2872; x_wconf 89' lang='lat' dir='ltr'>aliquod</span> <span class='ocrx_word' id='word_1_357' title='bbox 2478 2803 2800 2874; x_wconf 89' lang='lat' dir='ltr'>capitulum</span> <span class='ocrx_word' id='word_1_358' title='bbox 2834 2811 3130 2878; x_wconf 89' lang='lat' dir='ltr'>repertum</span> <span class='ocrx_word' id='word_1_359' title='bbox 3161 2809 3538 2879; x_wconf 78' lang='lat' dir='ltr'>haberemus,</span> 
     </span>
    </p>
   </div>
   <div class='ocr_carea' id='block_1_59' title="bbox 1882 2888 3536 2972">
    <p class='ocr_par' dir='ltr' id='par_1_59' title="bbox 1882 2888 3536 2972">
     <span class='ocr_line' id='line_1_59' title="bbox 1882 2888 3536 2972; baseline 0.007 -28"><span class='ocrx_word' id='word_1_360' title='bbox 1882 2888 2048 2945; x_wconf 90' lang='lat' dir='ltr'>vobis</span> <span class='ocrx_word' id='word_1_361' title='bbox 2077 2888 2330 2961; x_wconf 89' lang='lat' dir='ltr'>dirigere</span> <span class='ocrx_word' id='word_1_362' title='bbox 2360 2892 2707 2948; x_wconf 89' lang='lat' dir='ltr'>mandastis.</span> <span class='ocrx_word' id='word_1_363' title='bbox 2741 2894 2937 2964; x_wconf 89' lang='lat' dir='ltr'>Scitis,</span> <span class='ocrx_word' id='word_1_364' title='bbox 2969 2897 3193 2954; x_wconf 85' lang='lat' dir='ltr'>domini</span> <span class='ocrx_word' id='word_1_365' title='bbox 3223 2899 3359 2967; x_wconf 88' lang='lat' dir='ltr'>mei,</span> <span class='ocrx_word' id='word_1_366' title='bbox 3394 2899 3536 2972; x_wconf 85' lang='lat' dir='ltr'>quia</span> 
     </span>
    </p>
   </div>
   <div class='ocr_carea' id='block_1_60' title="bbox 1884 2977 3540 3058">
    <p class='ocr_par' dir='ltr' id='par_1_60' title="bbox 1884 2977 3540 3058">
     <span class='ocr_line' id='line_1_60' title="bbox 1884 2977 3540 3058; baseline 0.007 -25"><span class='ocrx_word' id='word_1_367' title='bbox 1884 2978 1946 3033; x_wconf 93' lang='lat' dir='ltr'>in</span> <span class='ocrx_word' id='word_1_368' title='bbox 1978 2977 2314 3034; x_wconf 90' lang='lat' dir='ltr'>carnalibus</span> <span class='ocrx_word' id='word_1_369' title='bbox 2347 2980 2572 3051; x_wconf 90' lang='lat' dir='ltr'>nuptiis</span> <span class='ocrx_word' id='word_1_370' title='bbox 2616 2997 2734 3038; x_wconf 90' lang='lat' dir='ltr'>non</span> <span class='ocrx_word' id='word_1_371' title='bbox 2781 2987 3012 3040; x_wconf 89' lang='lat' dir='ltr'>tantum</span> <span class='ocrx_word' id='word_1_372' title='bbox 3058 2985 3404 3058; x_wconf 88' lang='lat' dir='ltr'>spiritualis,</span> <span class='ocrx_word' id='word_1_373' title='bbox 3436 2989 3540 3044; x_wconf 88' lang='lat' dir='ltr'>sed</span> 
     </span>
    </p>
   </div>
   <div class='ocr_carea' id='block_1_61' title="bbox 1885 3067 3541 3147">
    <p class='ocr_par' dir='ltr' id='par_1_61' title="bbox 1885 3067 3541 3147">
     <span class='ocr_line' id='line_1_61' title="bbox 1885 3067 3541 3147; baseline 0.007 -26"><span class='ocrx_word' id='word_1_374' title='bbox 1885 3067 2062 3122; x_wconf 89' lang='lat' dir='ltr'>etiam</span> <span class='ocrx_word' id='word_1_375' title='bbox 2085 3067 2382 3124; x_wconf 67' lang='lat' dir='ltr'>saecularis</span> <span class='ocrx_word' id='word_1_376' title='bbox 2404 3069 2495 3124; x_wconf 86' lang='lat' dir='ltr'>lex</span> <span class='ocrx_word' id='word_1_377' title='bbox 2516 3074 2606 3124; x_wconf 90' lang='lat' dir='ltr'>est</span> <span class='ocrx_word' id='word_1_378' title='bbox 2627 3070 2998 3142; x_wconf 84' lang='lat' dir='ltr'>inquirenda.</span> <span class='ocrx_word' id='word_1_379' title='bbox 3021 3073 3204 3145; x_wconf 87' lang='lat' dir='ltr'>Igitur</span> <span class='ocrx_word' id='word_1_380' title='bbox 3226 3075 3541 3147; x_wconf 86' lang='lat' dir='ltr'>Luitpran-</span> 
     </span>
    </p>
   </div>
   <div class='ocr_carea' id='block_1_62' title="bbox 1885 3154 3536 3234">
    <p class='ocr_par' dir='ltr' id='par_1_62' title="bbox 1885 3154 3536 3234">
     <span class='ocr_line' id='line_1_62' title="bbox 1885 3154 3536 3234; baseline 0.006 -25"><span class='ocrx_word' id='word_1_381' title='bbox 1885 3155 1996 3209; x_wconf 88' lang='lat' dir='ltr'>dus</span> <span class='ocrx_word' id='word_1_382' title='bbox 2027 3154 2356 3210; x_wconf 88' lang='lat' dir='ltr'>catholicus</span> <span class='ocrx_word' id='word_1_383' title='bbox 2383 3171 2483 3211; x_wconf 86' lang='lat' dir='ltr'><strong>rex</strong></span> <span class='ocrx_word' id='word_1_384' title='bbox 2522 3156 2700 3227; x_wconf 89' lang='lat' dir='ltr'>hujus</span> <span class='ocrx_word' id='word_1_385' title='bbox 2749 3159 2808 3214; x_wconf 90' lang='lat' dir='ltr'>in</span> <span class='ocrx_word' id='word_1_386' title='bbox 2854 3176 2970 3232; x_wconf 90' lang='lat' dir='ltr'>qua</span> <span class='ocrx_word' id='word_1_387' title='bbox 3008 3161 3279 3234; x_wconf 89' lang='lat' dir='ltr'>degimus</span> <span class='ocrx_word' id='word_1_388' title='bbox 3310 3164 3536 3234; x_wconf 74' lang='lat' dir='ltr'>patriai,</span> 
     </span>
    </p>
   </div>
   <div class='ocr_carea' id='block_1_63' title="bbox 1884 3242 3534 3321">
    <p class='ocr_par' dir='ltr' id='par_1_63' title="bbox 1884 3242 3534 3321">
     <span class='ocr_line' id='line_1_63' title="bbox 1884 3242 3534 3321; baseline 0.007 -24"><span class='ocrx_word' id='word_1_389' title='bbox 1884 3242 2000 3298; x_wconf 90' lang='lat' dir='ltr'>tale</span> <span class='ocrx_word' id='word_1_390' title='bbox 2049 3260 2181 3298; x_wconf 90' lang='lat' dir='ltr'>cum</span> <span class='ocrx_word' id='word_1_391' title='bbox 2234 3254 2524 3300; x_wconf 89' lang='lat' dir='ltr'>consensu</span> <span class='ocrx_word' id='word_1_392' title='bbox 2575 3245 2736 3303; x_wconf 90' lang='lat' dir='ltr'>illius</span> <span class='ocrx_word' id='word_1_393' title='bbox 2784 3249 3065 3321; x_wconf 90' lang='lat' dir='ltr'>temporis</span> <span class='ocrx_word' id='word_1_394' title='bbox 3108 3266 3415 3321; x_wconf 87' lang='lat' dir='ltr'>procerum</span> <span class='ocrx_word' id='word_1_395' title='bbox 3447 3251 3534 3308; x_wconf 87' lang='lat' dir='ltr'>vel</span> 
     </span>
    </p>
   </div>
   <div class='ocr_carea' id='block_1_64' title="bbox 119 3313 3535 3414">
    <p class='ocr_par' dir='ltr' id='par_1_64' title="bbox 119 3313 3535 3414">
     <span class='ocr_line' id='line_1_64' title="bbox 119 3313 3535 3414; baseline 0.009 -47"><span class='ocrx_word' id='word_1_396' title='bbox 119 3319 170 3368; x_wconf 85' lang='lat' dir='ltr'>et</span> <span class='ocrx_word' id='word_1_397' title='bbox 195 3316 407 3390; x_wconf 88' lang='lat' dir='ltr'>epulis,</span> <span class='ocrx_word' id='word_1_398' title='bbox 440 3317 533 3373; x_wconf 92' lang='lat' dir='ltr'>vel</span> <span class='ocrx_word' id='word_1_399' title='bbox 566 3321 846 3377; x_wconf 86' lang='lat' dir='ltr'>conviviis</span> <span class='ocrx_word' id='word_1_400' title='bbox 887 3323 1249 3379; x_wconf 89' lang='lat' dir='ltr'>abutendum</span> <span class='ocrx_word' id='word_1_401' title='bbox 1283 3343 1296 3394; x_wconf 91' lang='lat'><strong>;</strong></span> <span class='ocrx_word' id='word_1_402' title='bbox 1355 3331 1412 3381; x_wconf 92' lang='lat' dir='ltr'>et</span> <span class='ocrx_word' id='word_1_403' title='bbox 1464 3344 1597 3383; x_wconf 92' lang='lat' dir='ltr'>cum</span> <span class='ocrx_word' id='word_1_404' title='bbox 1645 3329 1771 3401; x_wconf 90' lang='lat' dir='ltr'>ipse</span> <span class='ocrx_word' id='word_1_405' title='bbox 1802 3313 1846 3380; x_wconf 84' lang='lat' dir='ltr'>C</span> <span class='ocrx_word' id='word_1_406' title='bbox 1877 3333 2149 3402; x_wconf 88' lang='lat' dir='ltr'>judicum</span> <span class='ocrx_word' id='word_1_407' title='bbox 2182 3333 2504 3404; x_wconf 89' lang='lat' dir='ltr'>capitulum</span> <span class='ocrx_word' id='word_1_408' title='bbox 2539 3313 2932 3410; x_wconf 78' lang='lat' dir='ltr'>promulgavit</span> <span class='ocrx_word' id='word_1_409' title='bbox 2961 3313 3308 3414; x_wconf 47' lang='lat' dir='ltr'>(Lam-Long.</span> <span class='ocrx_word' id='word_1_410' title='bbox 3338 3341 3443 3398; x_wconf 91' lang='lat' dir='ltr'>lib.</span> <span class='ocrx_word' id='word_1_411' title='bbox 3471 3359 3535 3411; x_wconf 80' lang='lat' dir='ltr'>1r,</span> 
     </span>
    </p>
   </div>
   <div class='ocr_carea' id='block_1_65' title="bbox 120 3405 1772 3488">
    <p class='ocr_par' dir='ltr' id='par_1_65' title="bbox 120 3405 1772 3488">
     <span class='ocr_line' id='line_1_65' title="bbox 120 3405 1772 3488; baseline 0.01 -31"><span class='ocrx_word' id='word_1_412' title='bbox 120 3405 375 3461; x_wconf 89' lang='lat' dir='ltr'>omnium</span> <span class='ocrx_word' id='word_1_413' title='bbox 410 3406 770 3481; x_wconf 80' lang='lat' dir='ltr'>Redemptor</span> <span class='ocrx_word' id='word_1_414' title='bbox 797 3413 1073 3466; x_wconf 90' lang='lat' dir='ltr'>eumdem</span> <span class='ocrx_word' id='word_1_415' title='bbox 1104 3413 1260 3468; x_wconf 90' lang='lat' dir='ltr'>diem</span> <span class='ocrx_word' id='word_1_416' title='bbox 1302 3415 1622 3472; x_wconf 89' lang='lat' dir='ltr'>tristiorem</span> <span class='ocrx_word' id='word_1_417' title='bbox 1655 3434 1772 3488; x_wconf 77' lang='lat' dir='ltr'>prae</span> 
     </span>
    </p>
   </div>
   <div class='ocr_carea' id='block_1_66' title="bbox 119 3494 1771 3575">
    <p class='ocr_par' dir='ltr' id='par_1_66' title="bbox 119 3494 1771 3575">
     <span class='ocr_line' id='line_1_66' title="bbox 119 3494 1771 3575; baseline 0.01 -30"><span class='ocrx_word' id='word_1_418' title='bbox 119 3494 338 3550; x_wconf 88' lang='lat' dir='ltr'>cunctis</span> <span class='ocrx_word' id='word_1_419' title='bbox 366 3496 624 3562; x_wconf 76' lang='lat' dir='ltr'>duxerit,</span> <span class='ocrx_word' id='word_1_420' title='bbox 649 3503 709 3554; x_wconf 88' lang='lat' dir='ltr'>et</span> <span class='ocrx_word' id='word_1_421' title='bbox 738 3501 902 3554; x_wconf 87' lang='lat' dir='ltr'>tanta</span> <span class='ocrx_word' id='word_1_422' title='bbox 924 3515 1027 3571; x_wconf 91' lang='lat' dir='ltr'>pro</span> <span class='ocrx_word' id='word_1_423' title='bbox 1053 3502 1221 3558; x_wconf 91' lang='lat' dir='ltr'>nobis</span> <span class='ocrx_word' id='word_1_424' title='bbox 1249 3505 1562 3575; x_wconf 90' lang='lat' dir='ltr'>opprobria</span> <span class='ocrx_word' id='word_1_425' title='bbox 1592 3507 1771 3562; x_wconf 86' lang='lat' dir='ltr'>susti-</span> 
     </span>
    </p>
   </div>
   <div class='ocr_carea' id='block_1_67' title="bbox 120 3582 1773 3657">
    <p class='ocr_par' dir='ltr' id='par_1_67' title="bbox 120 3582 1773 3657">
     <span class='ocr_line' id='line_1_67' title="bbox 120 3582 1773 3657; baseline 0.009 -22"><span class='ocrx_word' id='word_1_426' title='bbox 120 3582 320 3649; x_wconf 86' lang='lat' dir='ltr'>nuerit,</span> <span class='ocrx_word' id='word_1_427' title='bbox 352 3586 658 3656; x_wconf 84' lang='lat' dir='ltr'>vos‘jocis</span> <span class='ocrx_word' id='word_1_428' title='bbox 711 3587 1070 3657; x_wconf 89' lang='lat' dir='ltr'>incumbere,</span> <span class='ocrx_word' id='word_1_429' title='bbox 1105 3594 1162 3645; x_wconf 92' lang='lat' dir='ltr'>et</span> <span class='ocrx_word' id='word_1_430' title='bbox 1214 3591 1332 3647; x_wconf 89' lang='lat' dir='ltr'>otia</span> <span class='ocrx_word' id='word_1_431' title='bbox 1384 3595 1592 3649; x_wconf 90' lang='lat' dir='ltr'>sectari</span> <span class='ocrx_word' id='word_1_432' title='bbox 1648 3599 1773 3650; x_wconf 50' lang='lat' dir='ltr'>stus</span> 
     </span>
    </p>
   </div>
   <div class='ocr_carea' id='block_1_68' title="bbox 120 3669 1771 3751">
    <p class='ocr_par' dir='ltr' id='par_1_68' title="bbox 120 3669 1771 3751">
     <span class='ocr_line' id='line_1_68' title="bbox 120 3669 1771 3751; baseline 0.01 -28"><span class='ocrx_word' id='word_1_433' title='bbox 120 3669 311 3728; x_wconf 87' lang='lat' dir='ltr'>deatis.</span> <span class='ocrx_word' id='word_1_434' title='bbox 343 3674 614 3747; x_wconf 80' lang='lat' dir='ltr'>Apostoli</span> <span class='ocrx_word' id='word_1_435' title='bbox 652 3676 829 3732; x_wconf 90' lang='lat' dir='ltr'>etiam</span> <span class='ocrx_word' id='word_1_436' title='bbox 880 3679 1188 3751; x_wconf 67' lang='lat' dir='ltr'>caaterique</span> <span class='ocrx_word' id='word_1_437' title='bbox 1244 3681 1448 3737; x_wconf 80' lang='lat' dir='ltr'>fideles</span> <span class='ocrx_word' id='word_1_438' title='bbox 1495 3687 1617 3739; x_wconf 90' lang='lat' dir='ltr'>tam</span> <span class='ocrx_word' id='word_1_439' title='bbox 1666 3686 1771 3740; x_wconf 83' lang='lat' dir='ltr'>tri-</span> 
     </span>
    </p>
   </div>
   <div class='ocr_carea' id='block_1_69' title="bbox 121 3762 1771 3842">
    <p class='ocr_par' dir='ltr' id='par_1_69' title="bbox 121 3762 1771 3842">
     <span class='ocr_line' id='line_1_69' title="bbox 121 3762 1771 3842; baseline 0.01 -29"><span class='ocrx_word' id='word_1_440' title='bbox 121 3762 568 3820; x_wconf 79' lang='lat' dir='ltr'>stem&#39;eumdem</span> <span class='ocrx_word' id='word_1_441' title='bbox 591 3765 887 3822; x_wconf 84' lang='lat' dir='ltr'>duxerunt</span> <span class='ocrx_word' id='word_1_442' title='bbox 916 3767 1091 3833; x_wconf 89' lang='lat' dir='ltr'>diem,</span> <span class='ocrx_word' id='word_1_443' title='bbox 1119 3773 1184 3824; x_wconf 93' lang='lat' dir='ltr'>ut</span> <span class='ocrx_word' id='word_1_444' title='bbox 1214 3786 1318 3842; x_wconf 92' lang='lat' dir='ltr'>per</span> <span class='ocrx_word' id='word_1_445' title='bbox 1337 3771 1597 3828; x_wconf 89' lang='lat' dir='ltr'>diversas</span> <span class='ocrx_word' id='word_1_446' title='bbox 1629 3772 1771 3829; x_wconf 89' lang='lat' dir='ltr'>late-</span> 
     </span>
    </p>
   </div>
   <div class='ocr_carea' id='block_1_70' title="bbox 120 3845 1772 3932">
    <p class='ocr_par' dir='ltr' id='par_1_70' title="bbox 120 3845 1772 3932">
     <span class='ocr_line' id='line_1_70' title="bbox 120 3845 1772 3932; baseline 0.008 -26"><span class='ocrx_word' id='word_1_447' title='bbox 120 3845 248 3906; x_wconf 78' lang='lat' dir='ltr'>bras</span> <span class='ocrx_word' id='word_1_448' title='bbox 287 3851 617 3925; x_wconf 85' lang='lat' dir='ltr'>fugitantes</span> <span class='ocrx_word' id='word_1_449' title='bbox 669 3855 762 3910; x_wconf 80' lang='lat' dir='ltr'>vix</span> <span class='ocrx_word' id='word_1_450' title='bbox 810 3856 926 3912; x_wconf 92' lang='lat' dir='ltr'>duo</span> <span class='ocrx_word' id='word_1_451' title='bbox 974 3857 1152 3912; x_wconf 90' lang='lat' dir='ltr'>simul</span> <span class='ocrx_word' id='word_1_452' title='bbox 1206 3861 1620 3932; x_wconf 83' lang='lat' dir='ltr'>reperirentur.</span> <span class='ocrx_word' id='word_1_453' title='bbox 1656 3864 1772 3918; x_wconf 92' lang='lat' dir='ltr'>Nec</span> 
     </span>
    </p>
   </div>
   <div class='ocr_carea' id='block_1_71' title="bbox 122 3938 1772 4024">
    <p class='ocr_par' dir='ltr' id='par_1_71' title="bbox 122 3938 1772 4024">
     <span class='ocr_line' id='line_1_71' title="bbox 122 3938 1772 4024; baseline 0.01 -33"><span class='ocrx_word' id='word_1_454' title='bbox 122 3938 416 4008; x_wconf 85' lang='lat' dir='ltr'>epularum</span> <span class='ocrx_word' id='word_1_455' title='bbox 438 3947 671 4014; x_wconf 83' lang='lat' dir='ltr'>poterat</span> <span class='ocrx_word' id='word_1_456' title='bbox 685 3944 811 4001; x_wconf 82' lang='lat' dir='ltr'>fieri</span> <span class='ocrx_word' id='word_1_457' title='bbox 833 3947 1078 4014; x_wconf 89' lang='lat' dir='ltr'>mentio,</span> <span class='ocrx_word' id='word_1_458' title='bbox 1093 3948 1310 4019; x_wconf 91' lang='lat' dir='ltr'>quibus</span> <span class='ocrx_word' id='word_1_459' title='bbox 1330 3950 1462 4005; x_wconf 70' lang='lat' dir='ltr'>vitae</span> <span class='ocrx_word' id='word_1_460' title='bbox 1475 3952 1600 4022; x_wconf 88' lang='lat' dir='ltr'>jam</span> <span class='ocrx_word' id='word_1_461' title='bbox 1624 3969 1772 4024; x_wconf 89' lang='lat' dir='ltr'>pene</span> 
     </span>
    </p>
   </div>
   <div class='ocr_carea' id='block_1_72' title="bbox 125 4026 1771 4109">
    <p class='ocr_par' dir='ltr' id='par_1_72' title="bbox 125 4026 1771 4109">
     <span class='ocr_line' id='line_1_72' title="bbox 125 4026 1771 4109; baseline 0.01 -30"><span class='ocrx_word' id='word_1_462' title='bbox 125 4026 435 4088; x_wconf 69' lang='lat' dir='ltr'>adhaeserat</span> <span class='ocrx_word' id='word_1_463' title='bbox 464 4033 820 4104; x_wconf 86' lang='lat' dir='ltr'>desperatio.</span> <span class='ocrx_word' id='word_1_464' title='bbox 851 4035 1066 4091; x_wconf 89' lang='lat' dir='ltr'>Eadem</span> <span class='ocrx_word' id='word_1_465' title='bbox 1099 4053 1336 4109; x_wconf 89' lang='lat' dir='ltr'>quoque</span> <span class='ocrx_word' id='word_1_466' title='bbox 1365 4039 1459 4093; x_wconf 87' lang='lat' dir='ltr'>die</span> <span class='ocrx_word' id='word_1_467' title='bbox 1490 4039 1574 4095; x_wconf 90' lang='lat' dir='ltr'>sol</span> <span class='ocrx_word' id='word_1_468' title='bbox 1605 4044 1771 4096; x_wconf 86' lang='lat' dir='ltr'>tene-</span> 
     </span>
    </p>
   </div>
   <div class='ocr_carea' id='block_1_73' title="bbox 128 4113 1774 4198">
    <p class='ocr_par' dir='ltr' id='par_1_73' title="bbox 128 4113 1774 4198">
     <span class='ocr_line' id='line_1_73' title="bbox 128 4113 1774 4198; baseline 0.012 -31"><span class='ocrx_word' id='word_1_469' title='bbox 128 4113 236 4172; x_wconf 90' lang='lat' dir='ltr'>bris</span> <span class='ocrx_word' id='word_1_470' title='bbox 251 4119 508 4178; x_wconf 73' lang='lat' dir='ltr'>amictae</span> <span class='ocrx_word' id='word_1_471' title='bbox 529 4121 734 4178; x_wconf 90' lang='lat' dir='ltr'>lumen</span> <span class='ocrx_word' id='word_1_472' title='bbox 756 4123 1020 4190; x_wconf 82' lang='lat' dir='ltr'>obduxit,</span> <span class='ocrx_word' id='word_1_473' title='bbox 1036 4129 1092 4180; x_wconf 91' lang='lat' dir='ltr'>et</span> <span class='ocrx_word' id='word_1_474' title='bbox 1113 4126 1240 4198; x_wconf 91' lang='lat' dir='ltr'>ipsa</span> <span class='ocrx_word' id='word_1_475' title='bbox 1264 4126 1555 4184; x_wconf 88' lang='lat' dir='ltr'>elementa</span> <span class='ocrx_word' id='word_1_476' title='bbox 1578 4131 1774 4186; x_wconf 84' lang='lat' dir='ltr'>turba-</span> 
     </span>
    </p>
   </div>
   <div class='ocr_carea' id='block_1_74' title="bbox 125 4205 1771 4275">
    <p class='ocr_par' dir='ltr' id='par_1_74' title="bbox 125 4205 1771 4275">
     <span class='ocr_line' id='line_1_74' title="bbox 125 4205 1771 4275; baseline 0.01 -17"><span class='ocrx_word' id='word_1_477' title='bbox 125 4205 176 4258; x_wconf 81' lang='lat' dir='ltr'>ta</span> <span class='ocrx_word' id='word_1_478' title='bbox 201 4209 601 4268; x_wconf 89' lang='lat' dir='ltr'>turbationem</span> <span class='ocrx_word' id='word_1_479' title='bbox 634 4212 819 4269; x_wconf 88' lang='lat' dir='ltr'>totius</span> <span class='ocrx_word' id='word_1_480' title='bbox 848 4215 1235 4270; x_wconf 89' lang='lat' dir='ltr'>ostenderunt</span> <span class='ocrx_word' id='word_1_481' title='bbox 1267 4218 1492 4274; x_wconf 89' lang='lat' dir='ltr'>mundi.</span> <span class='ocrx_word' id='word_1_482' title='bbox 1526 4219 1674 4274; x_wconf 86' lang='lat' dir='ltr'>Nam</span> <span class='ocrx_word' id='word_1_483' title='bbox 1721 4220 1771 4275; x_wconf 90' lang='lat' dir='ltr'>si</span> 
     </span>
    </p>
   </div>
   <div class='ocr_carea' id='block_1_75' title="bbox 126 4292 1771 4364">
    <p class='ocr_par' dir='ltr' id='par_1_75' title="bbox 126 4292 1771 4364">
     <span class='ocr_line' id='line_1_75' title="bbox 126 4292 1771 4364; baseline 0.011 -18"><span class='ocrx_word' id='word_1_484' title='bbox 126 4292 263 4352; x_wconf 89' lang='lat' dir='ltr'>diem</span> <span class='ocrx_word' id='word_1_485' title='bbox 296 4299 672 4356; x_wconf 86' lang='lat' dir='ltr'>Dominicum</span> <span class='ocrx_word' id='word_1_486' title='bbox 715 4303 788 4358; x_wconf 86' lang='lat' dir='ltr'>ob</span> <span class='ocrx_word' id='word_1_487' title='bbox 837 4302 1232 4360; x_wconf 87' lang='lat' dir='ltr'>venerabilem</span> <span class='ocrx_word' id='word_1_488' title='bbox 1264 4306 1771 4364; x_wconf 85' lang='lat' dir='ltr'>Resurrectionem</span> 
     </span>
    </p>
   </div>
   <div class='ocr_carea' id='block_1_76' title="bbox 129 4379 1774 4466">
    <p class='ocr_par' dir='ltr' id='par_1_76' title="bbox 129 4379 1774 4466">
     <span class='ocr_line' id='line_1_76' title="bbox 129 4379 1774 4466; baseline 0.013 -32"><span class='ocrx_word' id='word_1_489' title='bbox 129 4379 343 4443; x_wconf 88' lang='lat' dir='ltr'>Domini</span> <span class='ocrx_word' id='word_1_490' title='bbox 377 4391 570 4446; x_wconf 85' lang='lat' dir='ltr'>nostri</span> <span class='ocrx_word' id='word_1_491' title='bbox 599 4391 741 4447; x_wconf 86' lang='lat' dir='ltr'>Jesu</span> <span class='ocrx_word' id='word_1_492' title='bbox 771 4392 1010 4464; x_wconf 83' lang='lat' dir='ltr'>Christi,</span> <span class='ocrx_word' id='word_1_493' title='bbox 1039 4410 1139 4449; x_wconf 89' lang='lat' dir='ltr'>seu</span> <span class='ocrx_word' id='word_1_494' title='bbox 1176 4395 1574 4466; x_wconf 86' lang='lat' dir='ltr'>apostolorum</span> <span class='ocrx_word' id='word_1_495' title='bbox 1607 4403 1774 4454; x_wconf 62' lang='lat' dir='ltr'>caete-</span> 
     </span>
    </p>
   </div>
   <div class='ocr_carea' id='block_1_77' title="bbox 130 4478 1776 4550">
    <p class='ocr_par' dir='ltr' id='par_1_77' title="bbox 130 4478 1776 4550">
     <span class='ocr_line' id='line_1_77' title="bbox 130 4478 1776 4550; baseline 0.01 -23"><span class='ocrx_word' id='word_1_496' title='bbox 130 4485 432 4550; x_wconf 87' lang='lat' dir='ltr'>rorumque</span> <span class='ocrx_word' id='word_1_497' title='bbox 464 4478 736 4536; x_wconf 82' lang='lat' dir='ltr'>ﬁdelium</span> <span class='ocrx_word' id='word_1_498' title='bbox 767 4480 1029 4538; x_wconf 68' lang='lat' dir='ltr'>laetitiam</span> <span class='ocrx_word' id='word_1_499' title='bbox 1061 4499 1178 4539; x_wconf 93' lang='lat' dir='ltr'>non</span> <span class='ocrx_word' id='word_1_500' title='bbox 1211 4485 1402 4540; x_wconf 91' lang='lat' dir='ltr'>solum</span> <span class='ocrx_word' id='word_1_501' title='bbox 1445 4487 1505 4540; x_wconf 91' lang='lat' dir='ltr'>in</span> <span class='ocrx_word' id='word_1_502' title='bbox 1551 4487 1776 4544; x_wconf 89' lang='lat' dir='ltr'>Pascha</span> 
     </span>
    </p>
   </div>
   <div class='ocr_carea' id='block_1_78' title="bbox 129 4561 1774 4646">
    <p class='ocr_par' dir='ltr' id='par_1_78' title="bbox 129 4561 1774 4646">
     <span class='ocr_line' id='line_1_78' title="bbox 129 4561 1774 4646; baseline 0.01 -31"><span class='ocrx_word' id='word_1_503' title='bbox 129 4561 499 4638; x_wconf 81' lang='lat' dir='ltr'>celebramus,</span> <span class='ocrx_word' id='word_1_504' title='bbox 556 4581 762 4625; x_wconf 79' lang='lat' dir='ltr'>verum</span> <span class='ocrx_word' id='word_1_505' title='bbox 816 4570 994 4626; x_wconf 90' lang='lat' dir='ltr'>etiam</span> <span class='ocrx_word' id='word_1_506' title='bbox 1053 4587 1157 4643; x_wconf 90' lang='lat' dir='ltr'>per</span> <span class='ocrx_word' id='word_1_507' title='bbox 1211 4573 1474 4646; x_wconf 89' lang='lat' dir='ltr'>singulos</span> <span class='ocrx_word' id='word_1_508' title='bbox 1523 4576 1774 4634; x_wconf 88' lang='lat' dir='ltr'>circulos</span> 
     </span>
    </p>
   </div>
   <div class='ocr_carea' id='block_1_79' title="bbox 1883 3420 3540 3500">
    <p class='ocr_par' dir='ltr' id='par_1_79' title="bbox 1883 3420 3540 3500">
     <span class='ocr_line' id='line_1_79' title="bbox 1883 3420 3540 3500; baseline 0.008 -27"><span class='ocrx_word' id='word_1_509' title='bbox 1883 3421 1972 3474; x_wconf 86' lang='lat' dir='ltr'>tit.</span> <span class='ocrx_word' id='word_1_510' title='bbox 2004 3422 2058 3487; x_wconf 90' lang='lat'>8,</span> <span class='ocrx_word' id='word_1_511' title='bbox 2089 3420 2128 3473; x_wconf 92' lang='lat' dir='ltr'>l.</span> <span class='ocrx_word' id='word_1_512' title='bbox 2151 3421 2207 3492; x_wconf 89' lang='lat'>5)</span> <span class='ocrx_word' id='word_1_513' title='bbox 2235 3438 2247 3475; x_wconf 89' lang='lat'>:</span> <span class='ocrx_word' id='word_1_514' title='bbox 2282 3445 2308 3470; x_wconf 85' lang='lat'><strong>«</strong></span> <span class='ocrx_word' id='word_1_515' title='bbox 2335 3424 2454 3476; x_wconf 89' lang='lat' dir='ltr'>Hoc</span> <span class='ocrx_word' id='word_1_516' title='bbox 2480 3424 2820 3481; x_wconf 88' lang='lat' dir='ltr'>censuimus</span> <span class='ocrx_word' id='word_1_517' title='bbox 2846 3431 3021 3497; x_wconf 90' lang='lat' dir='ltr'>atque</span> <span class='ocrx_word' id='word_1_518' title='bbox 3042 3429 3452 3500; x_wconf 62' lang='lat' dir='ltr'>pracepimus,’</span> <span class='ocrx_word' id='word_1_519' title='bbox 3473 3433 3540 3486; x_wconf 86' lang='lat' dir='ltr'>ut</span> 
     </span>
    </p>
   </div>
   <div class='ocr_carea' id='block_1_80' title="bbox 1884 3507 3535 3588">
    <p class='ocr_par' dir='ltr' id='par_1_80' title="bbox 1884 3507 3535 3588">
     <span class='ocr_line' id='line_1_80' title="bbox 1884 3507 3535 3588; baseline 0.007 -26"><span class='ocrx_word' id='word_1_520' title='bbox 1884 3507 2087 3562; x_wconf 88' lang='lat' dir='ltr'>nullus</span> <span class='ocrx_word' id='word_1_521' title='bbox 2107 3514 2830 3578; x_wconf 54' lang='lat' dir='ltr'>prazsumat&#39;commatrem</span> <span class='ocrx_word' id='word_1_522' title='bbox 2854 3530 3024 3569; x_wconf 87' lang='lat' dir='ltr'>suam</span> <span class='ocrx_word' id='word_1_523' title='bbox 3048 3531 3286 3572; x_wconf 85' lang='lat' dir='ltr'>uxorem</span> <span class='ocrx_word' id='word_1_524' title='bbox 3305 3518 3535 3588; x_wconf 88' lang='lat' dir='ltr'>ducere,</span> 
     </span>
    </p>
   </div>
   <div class='ocr_carea' id='block_1_81' title="bbox 1883 3595 3536 3677">
    <p class='ocr_par' dir='ltr' id='par_1_81' title="bbox 1883 3595 3536 3677">
     <span class='ocr_line' id='line_1_81' title="bbox 1883 3595 3536 3677; baseline 0.008 -28"><span class='ocrx_word' id='word_1_525' title='bbox 1883 3596 1982 3651; x_wconf 90' lang='lat' dir='ltr'>sed</span> <span class='ocrx_word' id='word_1_526' title='bbox 2016 3613 2120 3651; x_wconf 92' lang='lat' dir='ltr'>nec</span> <span class='ocrx_word' id='word_1_527' title='bbox 2154 3595 2336 3651; x_wconf 81' lang='lat' dir='ltr'>filiam</span> <span class='ocrx_word' id='word_1_528' title='bbox 2369 3614 2546 3668; x_wconf 90' lang='lat' dir='ltr'>quam</span> <span class='ocrx_word' id='word_1_529' title='bbox 2579 3600 2650 3655; x_wconf 91' lang='lat' dir='ltr'>de</span> <span class='ocrx_word' id='word_1_530' title='bbox 2681 3616 2846 3657; x_wconf 88' lang='lat' dir='ltr'>sacro</span> <span class='ocrx_word' id='word_1_531' title='bbox 2879 3602 3036 3658; x_wconf 88' lang='lat' dir='ltr'>fonte</span> <span class='ocrx_word' id='word_1_532' title='bbox 3064 3603 3311 3673; x_wconf 85' lang='lat' dir='ltr'>levavit;</span> <span class='ocrx_word' id='word_1_533' title='bbox 3345 3617 3536 3677; x_wconf 86' lang='lat' dir='ltr'>neque</span> 
     </span>
    </p>
   </div>
   <div class='ocr_carea' id='block_1_82' title="bbox 1883 3683 3534 3767">
    <p class='ocr_par' dir='ltr' id='par_1_82' title="bbox 1883 3683 3534 3767">
     <span class='ocr_line' id='line_1_82' title="bbox 1883 3683 3534 3767; baseline 0.008 -29"><span class='ocrx_word' id='word_1_534' title='bbox 1883 3683 2043 3739; x_wconf 83' lang='lat' dir='ltr'>filius</span> <span class='ocrx_word' id='word_1_535' title='bbox 2093 3685 2224 3754; x_wconf 90' lang='lat' dir='ltr'>ejus</span> <span class='ocrx_word' id='word_1_536' title='bbox 2269 3691 2593 3757; x_wconf 69' lang='lat' dir='ltr'>praesumat</span> <span class='ocrx_word' id='word_1_537' title='bbox 2622 3687 2804 3744; x_wconf 81' lang='lat' dir='ltr'>filiam</span> <span class='ocrx_word' id='word_1_538' title='bbox 2837 3689 2998 3747; x_wconf 91' lang='lat' dir='ltr'>illius</span> <span class='ocrx_word' id='word_1_539' title='bbox 3028 3708 3268 3748; x_wconf 84' lang='lat' dir='ltr'>uxorem</span> <span class='ocrx_word' id='word_1_540' title='bbox 3300 3695 3534 3767; x_wconf 79' lang='lat' dir='ltr'>ducere,</span> 
     </span>
    </p>
   </div>
   <div class='ocr_carea' id='block_1_83' title="bbox 1881 3773 3538 3856">
    <p class='ocr_par' dir='ltr' id='par_1_83' title="bbox 1881 3773 3538 3856">
     <span class='ocr_line' id='line_1_83' title="bbox 1881 3773 3538 3856; baseline 0.008 -30"><span class='ocrx_word' id='word_1_541' title='bbox 1881 3773 1982 3844; x_wconf 91' lang='lat' dir='ltr'>qui</span> <span class='ocrx_word' id='word_1_542' title='bbox 2008 3789 2142 3828; x_wconf 91' lang='lat' dir='ltr'>eum</span> <span class='ocrx_word' id='word_1_543' title='bbox 2167 3775 2238 3829; x_wconf 90' lang='lat' dir='ltr'>de</span> <span class='ocrx_word' id='word_1_544' title='bbox 2263 3775 2420 3830; x_wconf 80' lang='lat' dir='ltr'>fonte</span> <span class='ocrx_word' id='word_1_545' title='bbox 2441 3777 2731 3849; x_wconf 89' lang='lat' dir='ltr'>suscepit;</span> <span class='ocrx_word' id='word_1_546' title='bbox 2755 3779 2891 3848; x_wconf 91' lang='lat' dir='ltr'>quia</span> <span class='ocrx_word' id='word_1_547' title='bbox 2911 3780 3249 3852; x_wconf 85' lang='lat' dir='ltr'>spirituaies</span> <span class='ocrx_word' id='word_1_548' title='bbox 3271 3782 3538 3856; x_wconf 84' lang='lat' dir='ltr'>germani</span> 
     </span>
    </p>
   </div>
   <div class='ocr_carea' id='block_1_84' title="bbox 1881 3865 3539 3942">
    <p class='ocr_par' dir='ltr' id='par_1_84' title="bbox 1881 3865 3539 3942">
     <span class='ocr_line' id='line_1_84' title="bbox 1881 3865 3539 3942; baseline 0.007 -25"><span class='ocrx_word' id='word_1_549' title='bbox 1881 3879 2010 3918; x_wconf 91' lang='lat' dir='ltr'>esse</span> <span class='ocrx_word' id='word_1_550' title='bbox 2032 3867 2393 3919; x_wconf 89' lang='lat' dir='ltr'>noscuntur:</span> <span class='ocrx_word' id='word_1_551' title='bbox 2419 3869 2476 3919; x_wconf 92' lang='lat' dir='ltr'>et</span> <span class='ocrx_word' id='word_1_552' title='bbox 2496 3865 2596 3936; x_wconf 92' lang='lat' dir='ltr'>qui</span> <span class='ocrx_word' id='word_1_553' title='bbox 2621 3865 2730 3921; x_wconf 91' lang='lat' dir='ltr'>hoc</span> <span class='ocrx_word' id='word_1_554' title='bbox 2752 3867 2976 3923; x_wconf 89' lang='lat' dir='ltr'>malum</span> <span class='ocrx_word' id='word_1_555' title='bbox 2998 3869 3187 3926; x_wconf 87' lang='lat' dir='ltr'>facere</span> <span class='ocrx_word' id='word_1_556' title='bbox 3206 3872 3539 3942; x_wconf 83' lang='lat' dir='ltr'>tentaverit,</span> 
     </span>
    </p>
   </div>
   <div class='ocr_carea' id='block_1_85' title="bbox 1881 3953 3537 4031">
    <p class='ocr_par' dir='ltr' id='par_1_85' title="bbox 1881 3953 3537 4031">
     <span class='ocr_line' id='line_1_85' title="bbox 1881 3953 3537 4031; baseline 0.006 -23"><span class='ocrx_word' id='word_1_557' title='bbox 1881 3953 2088 4024; x_wconf 89' lang='lat' dir='ltr'>perdat</span> <span class='ocrx_word' id='word_1_558' title='bbox 2111 3969 2346 4008; x_wconf 90' lang='lat' dir='ltr'>omnem</span> <span class='ocrx_word' id='word_1_559' title='bbox 2378 3955 2769 4011; x_wconf 88' lang='lat' dir='ltr'>substantiam</span> <span class='ocrx_word' id='word_1_560' title='bbox 2798 3974 2990 4012; x_wconf 92' lang='lat' dir='ltr'>suam.</span> <span class='ocrx_word' id='word_1_561' title='bbox 3010 3959 3079 4014; x_wconf 92' lang='lat' dir='ltr'>Et</span> <span class='ocrx_word' id='word_1_562' title='bbox 3096 3959 3200 4014; x_wconf 83' lang='lat' dir='ltr'>lilii</span> <span class='ocrx_word' id='word_1_563' title='bbox 3217 3960 3412 4031; x_wconf 72' lang='lat' dir='ltr'>qui&#39;de</span> <span class='ocrx_word' id='word_1_564' title='bbox 3430 3961 3537 4018; x_wconf 84' lang='lat' dir='ltr'>tali</span> 
     </span>
    </p>
   </div>
   <div class='ocr_carea' id='block_1_86' title="bbox 1880 4041 3536 4117">
    <p class='ocr_par' dir='ltr' id='par_1_86' title="bbox 1880 4041 3536 4117">
     <span class='ocr_line' id='line_1_86' title="bbox 1880 4041 3536 4117; baseline 0.007 -23"><span class='ocrx_word' id='word_1_565' title='bbox 1880 4041 2082 4096; x_wconf 87' lang='lat' dir='ltr'>illicito</span> <span class='ocrx_word' id='word_1_566' title='bbox 2127 4041 2502 4097; x_wconf 89' lang='lat' dir='ltr'>matrimonio</span> <span class='ocrx_word' id='word_1_567' title='bbox 2552 4049 2894 4117; x_wconf 87' lang='lat' dir='ltr'>nascuntur,</span> <span class='ocrx_word' id='word_1_568' title='bbox 2928 4045 3189 4103; x_wconf 73' lang='lat' dir='ltr'>hteredes</span> <span class='ocrx_word' id='word_1_569' title='bbox 3239 4054 3368 4104; x_wconf 83' lang='lat' dir='ltr'>esse</span> <span class='ocrx_word' id='word_1_570' title='bbox 3418 4057 3536 4105; x_wconf 89' lang='lat' dir='ltr'>n‘on</span> 
     </span>
    </p>
   </div>
   <div class='ocr_carea' id='block_1_87' title="bbox 1885 4129 3535 4203">
    <p class='ocr_par' dir='ltr' id='par_1_87' title="bbox 1885 4129 3535 4203">
     <span class='ocr_line' id='line_1_87' title="bbox 1885 4129 3535 4203; baseline 0.005 -18"><span class='ocrx_word' id='word_1_571' title='bbox 1885 4130 2118 4198; x_wconf 89' lang='lat' dir='ltr'>debent,</span> <span class='ocrx_word' id='word_1_572' title='bbox 2144 4130 2245 4184; x_wconf 90' lang='lat' dir='ltr'>sed</span> <span class='ocrx_word' id='word_1_573' title='bbox 2278 4129 2592 4202; x_wconf 88' lang='lat' dir='ltr'>propinqui</span> <span class='ocrx_word' id='word_1_574' title='bbox 2624 4137 2917 4203; x_wconf 90' lang='lat' dir='ltr'>parentes.</span> <span class='ocrx_word' id='word_1_575' title='bbox 2949 4135 3057 4190; x_wconf 92' lang='lat' dir='ltr'>Ubi</span> <span class='ocrx_word' id='word_1_576' title='bbox 3090 4140 3285 4192; x_wconf 87' lang='lat' dir='ltr'>autem</span> <span class='ocrx_word' id='word_1_577' title='bbox 3316 4136 3535 4194; x_wconf 89' lang='lat' dir='ltr'>inventi</span> 
     </span>
    </p>
   </div>
   <div class='ocr_carea' id='block_1_88' title="bbox 1884 4219 3537 4296">
    <p class='ocr_par' dir='ltr' id='par_1_88' title="bbox 1884 4219 3537 4296">
     <span class='ocr_line' id='line_1_88' title="bbox 1884 4219 3537 4296; baseline 0.007 -23"><span class='ocrx_word' id='word_1_578' title='bbox 1884 4219 2125 4285; x_wconf 88' lang='lat' dir='ltr'>fuerint,</span> <span class='ocrx_word' id='word_1_579' title='bbox 2150 4220 2246 4291; x_wconf 91' lang='lat' dir='ltr'>qui</span> <span class='ocrx_word' id='word_1_580' title='bbox 2283 4235 2348 4274; x_wconf 92' lang='lat' dir='ltr'>su</span> <span class='ocrx_word' id='word_1_581' title='bbox 2360 4235 2464 4291; x_wconf 87' lang='lat' dir='ltr'>pra</span> <span class='ocrx_word' id='word_1_582' title='bbox 2484 4220 2703 4292; x_wconf 88' lang='lat' dir='ltr'>scripta</span> <span class='ocrx_word' id='word_1_583' title='bbox 2723 4221 2926 4279; x_wconf 88' lang='lat' dir='ltr'>illicita</span> <span class='ocrx_word' id='word_1_584' title='bbox 2944 4225 3217 4296; x_wconf 76' lang='lat' dir='ltr'>conjugis</span> <span class='ocrx_word' id='word_1_585' title='bbox 3238 4232 3537 4284; x_wconf 51' lang='lat' dir='ltr'>contrusi</span> 
     </span>
    </p>
   </div>
   <div class='ocr_carea' id='block_1_89' title="bbox 1883 4308 3536 4387">
    <p class='ocr_par' dir='ltr' id='par_1_89' title="bbox 1883 4308 3536 4387">
     <span class='ocr_line' id='line_1_89' title="bbox 1883 4308 3536 4387; baseline 0.005 -24"><span class='ocrx_word' id='word_1_586' title='bbox 1883 4309 2023 4374; x_wconf 91' lang='lat' dir='ltr'>rint,</span> <span class='ocrx_word' id='word_1_587' title='bbox 2050 4308 2110 4362; x_wconf 90' lang='lat' dir='ltr'>in</span> <span class='ocrx_word' id='word_1_588' title='bbox 2146 4309 2419 4379; x_wconf 62' lang='lat' dir='ltr'>praesenti</span> <span class='ocrx_word' id='word_1_589' title='bbox 2446 4317 2814 4383; x_wconf 87' lang='lat' dir='ltr'>separentur,</span> <span class='ocrx_word' id='word_1_590' title='bbox 2841 4317 2898 4368; x_wconf 92' lang='lat' dir='ltr'>et</span> <span class='ocrx_word' id='word_1_591' title='bbox 2919 4329 3102 4384; x_wconf 69' lang='lat' dir='ltr'>poenae</span> <span class='ocrx_word' id='word_1_592' title='bbox 3123 4315 3536 4387; x_wconf 66' lang='lat' dir='ltr'>suprascripta</span> 
     </span>
    </p>
   </div>
   <div class='ocr_carea' id='block_1_90' title="bbox 1883 4398 2305 4468">
    <p class='ocr_par' dir='ltr' id='par_1_90' title="bbox 1883 4398 2305 4468">
     <span class='ocr_line' id='line_1_90' title="bbox 1883 4398 2305 4468; baseline -0.014 -14"><span class='ocrx_word' id='word_1_593' title='bbox 1883 4415 1948 4454; x_wconf 88' lang='lat' dir='ltr'>su</span> <span class='ocrx_word' id='word_1_594' title='bbox 1960 4398 2246 4468; x_wconf 87' lang='lat' dir='ltr'>bjaceant.</span> <span class='ocrx_word' id='word_1_595' title='bbox 2276 4417 2305 4448; x_wconf 76' lang='grc' dir='ltr'>ι)</span> 
     </span>
    </p>
   </div>
   <div class='ocr_carea' id='block_1_91' title="bbox 1956 4486 3537 4559">
    <p class='ocr_par' dir='ltr' id='par_1_91' title="bbox 1956 4486 3537 4559">
     <span class='ocr_line' id='line_1_91' title="bbox 1956 4486 3537 4559; baseline 0.005 -19"><span class='ocrx_word' id='word_1_596' title='bbox 1956 4487 2069 4540; x_wconf 86' lang='lat' dir='ltr'>Lex</span> <span class='ocrx_word' id='word_1_597' title='bbox 2117 4486 2316 4553; x_wconf 88' lang='lat' dir='ltr'>etiam,</span> <span class='ocrx_word' id='word_1_598' title='bbox 2365 4502 2492 4557; x_wconf 82' lang='lat' dir='ltr'>quae</span> <span class='ocrx_word' id='word_1_599' title='bbox 2541 4486 2732 4542; x_wconf 89' lang='lat' dir='ltr'>Salica</span> <span class='ocrx_word' id='word_1_600' title='bbox 2786 4487 3021 4559; x_wconf 91' lang='lat' dir='ltr'>dicitur,</span> <span class='ocrx_word' id='word_1_601' title='bbox 3072 4489 3184 4544; x_wconf 87' lang='lat' dir='ltr'>hoc</span> <span class='ocrx_word' id='word_1_602' title='bbox 3233 4489 3537 4548; x_wconf 89' lang='lat' dir='ltr'>continet:</span> 
     </span>
    </p>
   </div>
   <div class='ocr_carea' id='block_1_92' title="bbox 1887 4573 3538 4651">
    <p class='ocr_par' dir='ltr' id='par_1_92' title="bbox 1887 4573 3538 4651">
     <span class='ocr_line' id='line_1_92' title="bbox 1887 4573 3538 4651; baseline 0.007 -26"><span class='ocrx_word' id='word_1_603' title='bbox 1887 4597 1916 4626; x_wconf 87' lang='grc'>‹‹</span> <span class='ocrx_word' id='word_1_604' title='bbox 1947 4575 2190 4631; x_wconf 83' lang='lat' dir='ltr'>Uxorem</span> <span class='ocrx_word' id='word_1_605' title='bbox 2221 4573 2404 4646; x_wconf 85' lang='lat' dir='ltr'>patris</span> <span class='ocrx_word' id='word_1_606' title='bbox 2425 4575 2474 4628; x_wconf 88' lang='lat' dir='ltr'>si</span> <span class='ocrx_word' id='word_1_607' title='bbox 2498 4575 2631 4644; x_wconf 89' lang='lat' dir='ltr'>quis</span> <span class='ocrx_word' id='word_1_608' title='bbox 2652 4576 2960 4647; x_wconf 90' lang='lat' dir='ltr'>acceperit,</span> <span class='ocrx_word' id='word_1_609' title='bbox 2982 4578 3189 4634; x_wconf 89' lang='lat' dir='ltr'>mortis</span> <span class='ocrx_word' id='word_1_610' title='bbox 3211 4578 3538 4651; x_wconf 89' lang='lat' dir='ltr'>periculum</span> 
     </span>
    </p>
   </div>
   <div class='ocr_carea' id='block_1_93' title="bbox 131 4646 3540 4750">
    <p class='ocr_par' dir='ltr' id='par_1_93' title="bbox 131 4646 3540 4750">
     <span class='ocr_line' id='line_1_93' title="bbox 131 4646 3540 4750; baseline 0.007 -48"><span class='ocrx_word' id='word_1_611' title='bbox 131 4646 624 4715; x_wconf 85' lang='lat' dir='ltr'>hebdomadarum</span> <span class='ocrx_word' id='word_1_612' title='bbox 673 4657 864 4730; x_wconf 91' lang='lat' dir='ltr'>ipsius</span> <span class='ocrx_word' id='word_1_613' title='bbox 909 4659 1022 4715; x_wconf 87' lang='lat' dir='ltr'>diei</span> <span class='ocrx_word' id='word_1_614' title='bbox 1072 4660 1392 4734; x_wconf 87' lang='lat' dir='ltr'>imaginem</span> <span class='ocrx_word' id='word_1_615' title='bbox 1438 4664 1774 4736; x_wconf 90' lang='lat' dir='ltr'>frequenta-</span> <span class='ocrx_word' id='word_1_616' title='bbox 1809 4683 1855 4750; x_wconf 82' lang='lat' dir='ltr'><strong>D</strong></span> <span class='ocrx_word' id='word_1_617' title='bbox 1886 4665 2169 4732; x_wconf 89' lang='lat' dir='ltr'>incurrat,</span> <span class='ocrx_word' id='word_1_618' title='bbox 2199 4667 2257 4718; x_wconf 91' lang='lat' dir='ltr'>et</span> <span class='ocrx_word' id='word_1_619' title='bbox 2286 4663 2358 4716; x_wconf 91' lang='lat' dir='ltr'>de</span> <span class='ocrx_word' id='word_1_620' title='bbox 2387 4662 2695 4733; x_wconf 68' lang='lat' dir='ltr'>praeteritis</span> <span class='ocrx_word' id='word_1_621' title='bbox 2727 4646 3268 4739; x_wconf 77' lang='lat' dir='ltr'>conjunctionibus,</span> <span class='ocrx_word' id='word_1_622' title='bbox 3291 4686 3420 4739; x_wconf 66' lang='lat' dir='ltr'>qua</span> <span class='ocrx_word' id='word_1_623' title='bbox 3450 4670 3540 4726; x_wconf 56' lang='lat' dir='ltr'>in.</span> 
     </span>
    </p>
   </div>
   <div class='ocr_carea' id='block_1_94' title="bbox 133 4747 3543 4830">
    <p class='ocr_par' dir='ltr' id='par_1_94' title="bbox 133 4747 3543 4830">
     <span class='ocr_line' id='line_1_94' title="bbox 133 4747 3543 4830; baseline 0.006 -36"><span class='ocrx_word' id='word_1_624' title='bbox 133 4754 252 4798; x_wconf 87' lang='lat' dir='ltr'>mus</span> <span class='ocrx_word' id='word_1_625' title='bbox 276 4762 289 4811; x_wconf 86' lang='lat'><strong>;</strong></span> <span class='ocrx_word' id='word_1_626' title='bbox 321 4747 576 4804; x_wconf 86' lang='lat' dir='ltr'>demens</span> <span class='ocrx_word' id='word_1_627' title='bbox 595 4751 706 4820; x_wconf 90' lang='lat' dir='ltr'>est,</span> <span class='ocrx_word' id='word_1_628' title='bbox 729 4748 830 4820; x_wconf 89' lang='lat' dir='ltr'>qui</span> <span class='ocrx_word' id='word_1_629' title='bbox 857 4755 1078 4805; x_wconf 81' lang='lat' dir='ltr'>sextam</span> <span class='ocrx_word' id='word_1_630' title='bbox 1105 4750 1332 4822; x_wconf 85' lang='lat' dir='ltr'>feriam,</span> <span class='ocrx_word' id='word_1_631' title='bbox 1359 4768 1472 4824; x_wconf 91' lang='lat' dir='ltr'>qua</span> <span class='ocrx_word' id='word_1_632' title='bbox 1495 4754 1779 4811; x_wconf 89' lang='lat' dir='ltr'>Dominus</span> <span class='ocrx_word' id='word_1_633' title='bbox 1809 4747 1841 4750; x_wconf 18' lang='grc' dir='ltr'><strong><em>ᾖ</em></strong></span> <span class='ocrx_word' id='word_1_634' title='bbox 1891 4757 2062 4809; x_wconf 75' lang='lat' dir='ltr'>castae</span> <span class='ocrx_word' id='word_1_635' title='bbox 2092 4767 2221 4808; x_wconf 89' lang='lat' dir='ltr'>esse</span> <span class='ocrx_word' id='word_1_636' title='bbox 2249 4751 2556 4822; x_wconf 68' lang='lat' dir='ltr'>videntur,</span> <span class='ocrx_word' id='word_1_637' title='bbox 2574 4768 2677 4824; x_wconf 90' lang='lat' dir='ltr'>per</span> <span class='ocrx_word' id='word_1_638' title='bbox 2705 4755 3099 4825; x_wconf 91' lang='lat' dir='ltr'>precationem</span> <span class='ocrx_word' id='word_1_639' title='bbox 3132 4757 3543 4830; x_wconf 88' lang='lat' dir='ltr'>episcoporum</span> 
     </span>
    </p>
   </div>
   <div class='ocr_carea' id='block_1_95' title="bbox 135 4833 1781 4908">
    <p class='ocr_par' dir='ltr' id='par_1_95' title="bbox 135 4833 1781 4908">
     <span class='ocr_line' id='line_1_95' title="bbox 135 4833 1781 4908; baseline 0.009 -24"><span class='ocrx_word' id='word_1_640' title='bbox 135 4833 428 4892; x_wconf 79' lang='lat' dir='ltr'>cruciﬁxus</span> <span class='ocrx_word' id='word_1_641' title='bbox 482 4841 598 4905; x_wconf 88' lang='lat' dir='ltr'>est,</span> <span class='ocrx_word' id='word_1_642' title='bbox 632 4852 734 4908; x_wconf 90' lang='lat' dir='ltr'>per</span> <span class='ocrx_word' id='word_1_643' title='bbox 783 4853 990 4894; x_wconf 90' lang='lat' dir='ltr'>omnes</span> <span class='ocrx_word' id='word_1_644' title='bbox 1037 4839 1439 4897; x_wconf 89' lang='lat' dir='ltr'>hebdomadas</span> <span class='ocrx_word' id='word_1_645' title='bbox 1491 4843 1564 4897; x_wconf 94' lang='lat' dir='ltr'>ob</span> <span class='ocrx_word' id='word_1_646' title='bbox 1618 4842 1781 4900; x_wconf 92' lang='lat' dir='ltr'>illius</span> 
     </span>
    </p>
   </div>
   <div class='ocr_carea' id='block_1_96' title="bbox 136 4915 1779 5002">
    <p class='ocr_par' dir='ltr' id='par_1_96' title="bbox 136 4915 1779 5002">
     <span class='ocr_line' id='line_1_96' title="bbox 136 4915 1779 5002; baseline 0.009 -29"><span class='ocrx_word' id='word_1_647' title='bbox 136 4915 434 4992; x_wconf 87' lang='lat' dir='ltr'>imaginem</span> <span class='ocrx_word' id='word_1_648' title='bbox 471 4942 612 4982; x_wconf 89' lang='lat' dir='ltr'>cum</span> <span class='ocrx_word' id='word_1_649' title='bbox 645 4926 1004 4983; x_wconf 86' lang='lat' dir='ltr'>abstinentia</span> <span class='ocrx_word' id='word_1_650' title='bbox 1055 4933 1112 4984; x_wconf 90' lang='lat' dir='ltr'>et</span> <span class='ocrx_word' id='word_1_651' title='bbox 1161 4931 1610 5002; x_wconf 90' lang='lat' dir='ltr'>compunctione</span> <span class='ocrx_word' id='word_1_652' title='bbox 1638 4949 1779 4987; x_wconf 60' lang='lat' dir='ltr'>mmo</span> 
     </span>
    </p>
   </div>
   <div class='ocr_carea' id='block_1_97' title="bbox 139 5009 1781 5094">
    <p class='ocr_par' dir='ltr' id='par_1_97' title="bbox 139 5009 1781 5094">
     <span class='ocr_line' id='line_1_97' title="bbox 139 5009 1781 5094; baseline 0.01 -33"><span class='ocrx_word' id='word_1_653' title='bbox 139 5009 274 5065; x_wconf 85' lang='lat' dir='ltr'>roris</span> <span class='ocrx_word' id='word_1_654' title='bbox 303 5013 564 5089; x_wconf 88' lang='lat' dir='ltr'>abnegat</span> <span class='ocrx_word' id='word_1_655' title='bbox 595 5016 1037 5073; x_wconf 90' lang='lat' dir='ltr'>celebrandum.</span> <span class='ocrx_word' id='word_1_656' title='bbox 1073 5019 1259 5074; x_wconf 79' lang='lat' dir='ltr'>Labor</span> <span class='ocrx_word' id='word_1_657' title='bbox 1297 5020 1548 5092; x_wconf 87' lang='lat' dir='ltr'>denique</span> <span class='ocrx_word' id='word_1_658' title='bbox 1595 5021 1781 5094; x_wconf 85' lang='lat' dir='ltr'>impe-</span> 
     </span>
    </p>
   </div>
   <div class='ocr_carea' id='block_1_98' title="bbox 141 5095 1783 5180">
    <p class='ocr_par' dir='ltr' id='par_1_98' title="bbox 141 5095 1783 5180">
     <span class='ocr_line' id='line_1_98' title="bbox 141 5095 1783 5180; baseline 0.012 -32"><span class='ocrx_word' id='word_1_659' title='bbox 141 5095 449 5160; x_wconf 90' lang='lat' dir='ltr'>dimentum</span> <span class='ocrx_word' id='word_1_660' title='bbox 503 5105 744 5162; x_wconf 87' lang='lat' dir='ltr'>dicitur.</span> <span class='ocrx_word' id='word_1_661' title='bbox 780 5108 841 5162; x_wconf 91' lang='lat' dir='ltr'>In</span> <span class='ocrx_word' id='word_1_662' title='bbox 895 5123 1109 5180; x_wconf 88' lang='lat' dir='ltr'>magno</span> <span class='ocrx_word' id='word_1_663' title='bbox 1162 5123 1298 5180; x_wconf 87' lang='lat' dir='ltr'>ergo</span> <span class='ocrx_word' id='word_1_664' title='bbox 1353 5126 1420 5165; x_wconf 91' lang='lat' dir='ltr'>eo</span> <span class='ocrx_word' id='word_1_665' title='bbox 1475 5110 1568 5166; x_wconf 91' lang='lat' dir='ltr'>die</span> <span class='ocrx_word' id='word_1_666' title='bbox 1618 5111 1783 5166; x_wconf 86' lang='lat' dir='ltr'><strong>Chri-</strong></span> 
     </span>
    </p>
   </div>
   <div class='ocr_carea' id='block_1_99' title="bbox 142 5188 1786 5271">
    <p class='ocr_par' dir='ltr' id='par_1_99' title="bbox 142 5188 1786 5271">
     <span class='ocr_line' id='line_1_99' title="bbox 142 5188 1786 5271; baseline 0.01 -33"><span class='ocrx_word' id='word_1_667' title='bbox 142 5188 252 5242; x_wconf 83' lang='lat' dir='ltr'>stus</span> <span class='ocrx_word' id='word_1_668' title='bbox 271 5190 461 5248; x_wconf 84' lang='lat' dir='ltr'>fuerat</span> <span class='ocrx_word' id='word_1_669' title='bbox 481 5193 707 5260; x_wconf 91' lang='lat' dir='ltr'>labore,</span> <span class='ocrx_word' id='word_1_670' title='bbox 721 5195 824 5266; x_wconf 90' lang='lat' dir='ltr'>qui</span> <span class='ocrx_word' id='word_1_671' title='bbox 847 5199 1009 5250; x_wconf 89' lang='lat' dir='ltr'>tanta</span> <span class='ocrx_word' id='word_1_672' title='bbox 1029 5196 1101 5250; x_wconf 87' lang='lat' dir='ltr'>ab</span> <span class='ocrx_word' id='word_1_673' title='bbox 1125 5195 1325 5268; x_wconf 90' lang='lat' dir='ltr'>impiis</span> <span class='ocrx_word' id='word_1_674' title='bbox 1347 5201 1642 5254; x_wconf 89' lang='lat' dir='ltr'>tormenta</span> <span class='ocrx_word' id='word_1_675' title='bbox 1663 5215 1786 5271; x_wconf 89' lang='lat' dir='ltr'>per-</span> 
     </span>
    </p>
   </div>
   <div class='ocr_carea' id='block_1_100' title="bbox 145 5273 1785 5358">
    <p class='ocr_par' dir='ltr' id='par_1_100' title="bbox 145 5273 1785 5358">
     <span class='ocr_line' id='line_1_100' title="bbox 145 5273 1785 5358; baseline 0.01 -33"><span class='ocrx_word' id='word_1_676' title='bbox 145 5273 357 5336; x_wconf 83' lang='lat' dir='ltr'>tulerat.</span> <span class='ocrx_word' id='word_1_677' title='bbox 373 5282 669 5339; x_wconf 88' lang='lat' dir='ltr'>Similiter</span> <span class='ocrx_word' id='word_1_678' title='bbox 691 5284 866 5339; x_wconf 90' lang='lat' dir='ltr'>etiam</span> <span class='ocrx_word' id='word_1_679' title='bbox 891 5299 1098 5340; x_wconf 89' lang='lat' dir='ltr'>omnes</span> <span class='ocrx_word' id='word_1_680' title='bbox 1119 5286 1249 5354; x_wconf 88' lang='lat' dir='ltr'>ejus</span> <span class='ocrx_word' id='word_1_681' title='bbox 1266 5284 1490 5354; x_wconf 83' lang='lat' dir='ltr'>ﬁdeles,</span> <span class='ocrx_word' id='word_1_682' title='bbox 1516 5288 1670 5358; x_wconf 91' lang='lat' dir='ltr'>quod</span> <span class='ocrx_word' id='word_1_683' title='bbox 1696 5287 1785 5342; x_wconf 85' lang='lat' dir='ltr'>fu-</span> 
     </span>
    </p>
   </div>
   <div class='ocr_carea' id='block_1_101' title="bbox 149 5362 1787 5447">
    <p class='ocr_par' dir='ltr' id='par_1_101' title="bbox 149 5362 1787 5447">
     <span class='ocr_line' id='line_1_101' title="bbox 149 5362 1787 5447; baseline 0.01 -31"><span class='ocrx_word' id='word_1_684' title='bbox 149 5362 350 5430; x_wconf 82' lang='lat' dir='ltr'>gientes</span> <span class='ocrx_word' id='word_1_685' title='bbox 381 5371 550 5428; x_wconf 86' lang='lat' dir='ltr'>intus</span> <span class='ocrx_word' id='word_1_686' title='bbox 580 5371 767 5442; x_wconf 90' lang='lat' dir='ltr'>dolor,</span> <span class='ocrx_word' id='word_1_687' title='bbox 792 5390 827 5428; x_wconf 91' lang='lat' dir='ltr'>a</span> <span class='ocrx_word' id='word_1_688' title='bbox 855 5371 997 5428; x_wconf 86' lang='lat' dir='ltr'>foris</span> <span class='ocrx_word' id='word_1_689' title='bbox 1027 5373 1330 5444; x_wconf 86' lang='lat' dir='ltr'>premebat</span> <span class='ocrx_word' id='word_1_690' title='bbox 1359 5376 1655 5447; x_wconf 90' lang='lat' dir='ltr'>angustia,</span> <span class='ocrx_word' id='word_1_691' title='bbox 1681 5392 1787 5432; x_wconf 91' lang='lat' dir='ltr'>nec</span> 
     </span>
    </p>
   </div>
   <div class='ocr_carea' id='block_1_102' title="bbox 1885 4840 3544 4917">
    <p class='ocr_par' dir='ltr' id='par_1_102' title="bbox 1885 4840 3544 4917">
     <span class='ocr_line' id='line_1_102' title="bbox 1885 4840 3544 4917; baseline 0.004 -19"><span class='ocrx_word' id='word_1_692' title='bbox 1885 4841 2183 4915; x_wconf 91' lang='lat' dir='ltr'>jussimus</span> <span class='ocrx_word' id='word_1_693' title='bbox 2207 4840 2540 4896; x_wconf 88' lang='lat' dir='ltr'>emendare.</span> <span class='ocrx_word' id='word_1_694' title='bbox 2564 4842 2671 4905; x_wconf 88' lang='lat' dir='ltr'>Qui</span> <span class='ocrx_word' id='word_1_695' title='bbox 2703 4860 2838 4900; x_wconf 89' lang='lat' dir='ltr'>vero</span> <span class='ocrx_word' id='word_1_696' title='bbox 2861 4845 3201 4917; x_wconf 89' lang='lat' dir='ltr'>episcopum</span> <span class='ocrx_word' id='word_1_697' title='bbox 3234 4864 3408 4902; x_wconf 89' lang='lat' dir='ltr'>suum</span> <span class='ocrx_word' id='word_1_698' title='bbox 3440 4864 3544 4904; x_wconf 81' lang='lat' dir='ltr'>no-</span> 
     </span>
    </p>
   </div>
   <div class='ocr_carea' id='block_1_103' title="bbox 1891 4930 3542 5007">
    <p class='ocr_par' dir='ltr' id='par_1_103' title="bbox 1891 4930 3542 5007">
     <span class='ocr_line' id='line_1_103' title="bbox 1891 4930 3542 5007; baseline 0.003 -20"><span class='ocrx_word' id='word_1_699' title='bbox 1891 4932 2066 4987; x_wconf 89' lang='lat' dir='ltr'>luerit</span> <span class='ocrx_word' id='word_1_700' title='bbox 2099 4930 2321 4997; x_wconf 89' lang='lat' dir='ltr'>audire,</span> <span class='ocrx_word' id='word_1_701' title='bbox 2347 4935 2405 4987; x_wconf 91' lang='lat' dir='ltr'>et</span> <span class='ocrx_word' id='word_1_702' title='bbox 2433 4933 2978 4989; x_wconf 80' lang='lat' dir='ltr'>excommunicatus</span> <span class='ocrx_word' id='word_1_703' title='bbox 3007 4935 3201 5005; x_wconf 87' lang='lat' dir='ltr'>fuerit,</span> <span class='ocrx_word' id='word_1_704' title='bbox 3226 4952 3542 5007; x_wconf 86' lang='lat' dir='ltr'>perennem</span> 
     </span>
    </p>
   </div>
   <div class='ocr_carea' id='block_1_104' title="bbox 1894 5020 3544 5096">
    <p class='ocr_par' dir='ltr' id='par_1_104' title="bbox 1894 5020 3544 5096">
     <span class='ocr_line' id='line_1_104' title="bbox 1894 5020 3544 5096; baseline 0.003 -20"><span class='ocrx_word' id='word_1_705' title='bbox 1894 5020 2285 5078; x_wconf 89' lang='lat' dir='ltr'>conditionem</span> <span class='ocrx_word' id='word_1_706' title='bbox 2310 5022 2420 5090; x_wconf 87' lang='grc'>(57)</span> <span class='ocrx_word' id='word_1_707' title='bbox 2445 5021 2599 5092; x_wconf 89' lang='lat' dir='ltr'>apud</span> <span class='ocrx_word' id='word_1_708' title='bbox 2623 5021 2805 5077; x_wconf 89' lang='lat' dir='ltr'>Deum</span> <span class='ocrx_word' id='word_1_709' title='bbox 2829 5023 3138 5090; x_wconf 89' lang='lat' dir='ltr'>sustineat,</span> <span class='ocrx_word' id='word_1_710' title='bbox 3159 5024 3305 5080; x_wconf 89' lang='lat' dir='ltr'>etde</span> <span class='ocrx_word' id='word_1_711' title='bbox 3327 5024 3544 5096; x_wconf 87' lang='lat' dir='ltr'>palatio</span> 
     </span>
    </p>
   </div>
   <div class='ocr_carea' id='block_1_105' title="bbox 1894 5108 3548 5181">
    <p class='ocr_par' dir='ltr' id='par_1_105' title="bbox 1894 5108 3548 5181">
     <span class='ocr_line' id='line_1_105' title="bbox 1894 5108 3548 5181; baseline 0.004 -17"><span class='ocrx_word' id='word_1_712' title='bbox 1894 5114 2092 5165; x_wconf 89' lang='lat' dir='ltr'>nostro</span> <span class='ocrx_word' id='word_1_713' title='bbox 2125 5109 2366 5165; x_wconf 91' lang='lat' dir='ltr'>omnino</span> <span class='ocrx_word' id='word_1_714' title='bbox 2414 5108 2494 5165; x_wconf 88' lang='lat' dir='ltr'>sit</span> <span class='ocrx_word' id='word_1_715' title='bbox 2536 5115 2868 5181; x_wconf 76' lang='lat' dir='ltr'>extraneas,</span> <span class='ocrx_word' id='word_1_716' title='bbox 2902 5117 2960 5166; x_wconf 91' lang='lat' dir='ltr'>et</span> <span class='ocrx_word' id='word_1_717' title='bbox 3011 5127 3218 5168; x_wconf 90' lang='lat' dir='ltr'>omnes</span> <span class='ocrx_word' id='word_1_718' title='bbox 3264 5128 3358 5169; x_wconf 90' lang='lat' dir='ltr'>res</span> <span class='ocrx_word' id='word_1_719' title='bbox 3406 5130 3548 5171; x_wconf 82' lang='lat' dir='ltr'>suas</span> 
     </span>
    </p>
   </div>
   <div class='ocr_carea' id='block_1_106' title="bbox 1896 5197 3550 5274">
    <p class='ocr_par' dir='ltr' id='par_1_106' title="bbox 1896 5197 3550 5274">
     <span class='ocr_line' id='line_1_106' title="bbox 1896 5197 3550 5274; baseline 0 -18"><span class='ocrx_word' id='word_1_720' title='bbox 1896 5199 2239 5273; x_wconf 88' lang='lat' dir='ltr'>parentibus</span> <span class='ocrx_word' id='word_1_721' title='bbox 2262 5197 2539 5270; x_wconf 86' lang='lat' dir='ltr'>legitimis</span> <span class='ocrx_word' id='word_1_722' title='bbox 2557 5199 2806 5254; x_wconf 89' lang='lat' dir='ltr'>amittat.</span> <span class='ocrx_word' id='word_1_723' title='bbox 2825 5222 2852 5249; x_wconf 71' lang='grc' dir='ltr'>υ</span> <span class='ocrx_word' id='word_1_724' title='bbox 2875 5199 3122 5256; x_wconf 82' lang='lat' dir='ltr'>Romani</span> <span class='ocrx_word' id='word_1_725' title='bbox 3140 5218 3372 5274; x_wconf 88' lang='lat' dir='ltr'>quoque</span> <span class='ocrx_word' id='word_1_726' title='bbox 3393 5202 3550 5274; x_wconf 65' lang='lat' dir='ltr'>priua-</span> 
     </span>
    </p>
   </div>
   <div class='ocr_carea' id='block_1_107' title="bbox 1895 5288 3549 5363">
    <p class='ocr_par' dir='ltr' id='par_1_107' title="bbox 1895 5288 3549 5363">
     <span class='ocr_line' id='line_1_107' title="bbox 1895 5288 3549 5363; baseline 0.001 -18"><span class='ocrx_word' id='word_1_727' title='bbox 1895 5291 2057 5361; x_wconf 87' lang='lat' dir='ltr'>cipes</span> <span class='ocrx_word' id='word_1_728' title='bbox 2091 5289 2271 5344; x_wconf 90' lang='lat' dir='ltr'>totius</span> <span class='ocrx_word' id='word_1_729' title='bbox 2311 5302 2458 5359; x_wconf 91' lang='lat' dir='ltr'>pene</span> <span class='ocrx_word' id='word_1_730' title='bbox 2487 5288 2839 5343; x_wconf 74' lang='lat' dir='ltr'>monarchizn</span> <span class='ocrx_word' id='word_1_731' title='bbox 2871 5289 3262 5359; x_wconf 89' lang='lat' dir='ltr'>dominantes,</span> <span class='ocrx_word' id='word_1_732' title='bbox 3297 5297 3549 5363; x_wconf 86' lang='lat' dir='ltr'>quorum</span> 
     </span>
    </p>
   </div>
   <div class='ocr_carea' id='block_1_108' title="bbox 1899 5375 3554 5451">
    <p class='ocr_par' dir='ltr' id='par_1_108' title="bbox 1899 5375 3554 5451">
     <span class='ocr_line' id='line_1_108' title="bbox 1899 5375 3554 5451; baseline 0.002 -19"><span class='ocrx_word' id='word_1_733' title='bbox 1899 5379 2086 5451; x_wconf 86' lang='lat' dir='ltr'>legem</span> <span class='ocrx_word' id='word_1_734' title='bbox 2116 5378 2290 5433; x_wconf 90' lang='lat' dir='ltr'>etiam</span> <span class='ocrx_word' id='word_1_735' title='bbox 2325 5375 2494 5430; x_wconf 88' lang='lat' dir='ltr'>nobis</span> <span class='ocrx_word' id='word_1_736' title='bbox 2525 5377 2928 5434; x_wconf 89' lang='lat' dir='ltr'>sacerdotibus</span> <span class='ocrx_word' id='word_1_737' title='bbox 2959 5378 3018 5434; x_wconf 92' lang='lat' dir='ltr'>in</span> <span class='ocrx_word' id='word_1_738' title='bbox 3051 5379 3257 5435; x_wconf 89' lang='lat' dir='ltr'>multis</span> <span class='ocrx_word' id='word_1_739' title='bbox 3281 5379 3554 5436; x_wconf 86' lang='lat' dir='ltr'>convenit</span> 
     </span>
    </p>
   </div>
   <div class='ocr_carea' id='block_1_109' title="bbox 147 5448 3554 5541">
    <p class='ocr_par' dir='ltr' id='par_1_109' title="bbox 147 5448 3554 5541">
     <span class='ocr_line' id='line_1_109' title="bbox 147 5448 3554 5541; baseline 0.004 -33"><span class='ocrx_word' id='word_1_740' title='bbox 147 5448 368 5514; x_wconf 74' lang='lat' dir='ltr'>feriendi</span> <span class='ocrx_word' id='word_1_741' title='bbox 416 5462 719 5518; x_wconf 86' lang='lat' dir='ltr'>dabantur</span> <span class='ocrx_word' id='word_1_742' title='bbox 759 5461 1030 5528; x_wconf 70' lang='lat' dir='ltr'>induciae,</span> <span class='ocrx_word' id='word_1_743' title='bbox 1061 5462 1279 5533; x_wconf 91' lang='lat' dir='ltr'>quibus</span> <span class='ocrx_word' id='word_1_744' title='bbox 1309 5461 1444 5518; x_wconf 88' lang='lat' dir='ltr'>talis</span> <span class='ocrx_word' id='word_1_745' title='bbox 1473 5465 1791 5536; x_wconf 88' lang='lat' dir='ltr'>parabatur</span> <span class='ocrx_word' id='word_1_746' title='bbox 1899 5448 2227 5532; x_wconf 70' lang='lat' dir='ltr'>observare,</span> <span class='ocrx_word' id='word_1_747' title='bbox 2254 5464 2396 5520; x_wconf 84' lang='lat' dir='ltr'>talia</span> <span class='ocrx_word' id='word_1_748' title='bbox 2418 5465 2688 5521; x_wconf 88' lang='lat' dir='ltr'>instituta</span> <span class='ocrx_word' id='word_1_749' title='bbox 2708 5465 2780 5522; x_wconf 90' lang='lat' dir='ltr'>de</span> <span class='ocrx_word' id='word_1_750' title='bbox 2810 5467 3100 5540; x_wconf 89' lang='lat' dir='ltr'>conjugiis</span> <span class='ocrx_word' id='word_1_751' title='bbox 3123 5467 3432 5541; x_wconf 83' lang='lat' dir='ltr'>loquentes</span> <span class='ocrx_word' id='word_1_752' title='bbox 3451 5467 3554 5523; x_wconf 74' lang='lat' dir='ltr'>de-</span> 
     </span>
    </p>
   </div>
   <div class='ocr_carea' id='block_1_110' title="bbox 211 5652 1788 5735">
    <p class='ocr_par' dir='ltr' id='par_1_110' title="bbox 211 5652 1788 5735">
     <span class='ocr_line' id='line_1_110' title="bbox 211 5652 1788 5735; baseline 0.006 -24"><span class='ocrx_word' id='word_1_753' title='bbox 211 5652 313 5735; x_wconf 88' lang='lat'>(_56)</span> <span class='ocrx_word' id='word_1_754' title='bbox 342 5658 587 5735; x_wconf 80' lang='lat' dir='ltr'>Dignata</span> <span class='ocrx_word' id='word_1_755' title='bbox 617 5667 716 5716; x_wconf 75' lang='lat' dir='ltr'>est.</span> <span class='ocrx_word' id='word_1_756' title='bbox 749 5657 908 5735; x_wconf 81' lang='lat' dir='ltr'>Vidit</span> <span class='ocrx_word' id='word_1_757' title='bbox 937 5659 1231 5735; x_wconf 27' lang='lat' dir='ltr'>Acherius‘</span> <span class='ocrx_word' id='word_1_758' title='bbox 1259 5676 1457 5718; x_wconf 89' lang='lat' dir='ltr'>vocem</span> <span class='ocrx_word' id='word_1_759' title='bbox 1505 5660 1788 5735; x_wconf 88' lang='lat' dir='ltr'>aliquam,</span> 
     </span>
    </p>
   </div>
   <div class='ocr_carea' id='block_1_111' title="bbox 154 5718 1362 5805">
    <p class='ocr_par' dir='ltr' id='par_1_111' title="bbox 154 5718 1362 5805">
     <span class='ocr_line' id='line_1_111' title="bbox 154 5718 1362 5805; baseline 0.006 -23"><span class='ocrx_word' id='word_1_760' title='bbox 154 5718 377 5786; x_wconf 72' lang='lat' dir='ltr'>fortasse</span> <span class='ocrx_word' id='word_1_761' title='bbox 405 5718 804 5805; x_wconf 63' lang='lat' dir='ltr'>interrogasse,</span> <span class='ocrx_word' id='word_1_762' title='bbox 841 5733 1048 5788; x_wconf 87' lang='lat' dir='ltr'>deesse</span> <span class='ocrx_word' id='word_1_763' title='bbox 1075 5732 1185 5789; x_wconf 91' lang='lat' dir='ltr'>hoc</span> <span class='ocrx_word' id='word_1_764' title='bbox 1217 5731 1362 5789; x_wconf 88' lang='lat' dir='ltr'>loco.</span> 
     </span>
    </p>
   </div>
   <div class='ocr_carea' id='block_1_112' title="bbox 448 5858 1094 5924">
    <p class='ocr_par' dir='ltr' id='par_1_112' title="bbox 448 5858 1094 5924">
     <span class='ocr_line' id='line_1_112' title="bbox 448 5858 1094 5924; baseline 0.005 -3"><span class='ocrx_word' id='word_1_765' title='bbox 448 5859 723 5924; x_wconf 75' lang='lat' dir='ltr'>PATBOL.</span> <span class='ocrx_word' id='word_1_766' title='bbox 767 5858 1094 5924; x_wconf 82' lang='lat' dir='ltr'>CXXXIV.</span> 
     </span>
    </p>
   </div>
   <div class='ocr_carea' id='block_1_113' title="bbox 1973 5660 3556 5738">
    <p class='ocr_par' dir='ltr' id='par_1_113' title="bbox 1973 5660 3556 5738">
     <span class='ocr_line' id='line_1_113' title="bbox 1973 5660 3556 5738; baseline 0.001 -20"><span class='ocrx_word' id='word_1_767' title='bbox 1973 5664 2087 5734; x_wconf 90' lang='lat'>(57)</span> <span class='ocrx_word' id='word_1_768' title='bbox 2119 5661 2513 5738; x_wconf 63' lang='lat' dir='ltr'>Conditionem.</span> <span class='ocrx_word' id='word_1_769' title='bbox 2545 5660 2927 5736; x_wconf 86' lang='lat' dir='ltr'>Perspicuum</span> <span class='ocrx_word' id='word_1_770' title='bbox 2958 5667 3049 5720; x_wconf 89' lang='lat' dir='ltr'>cst</span> <span class='ocrx_word' id='word_1_771' title='bbox 3086 5663 3183 5721; x_wconf 92' lang='lat' dir='ltr'>hic</span> <span class='ocrx_word' id='word_1_772' title='bbox 3221 5663 3335 5738; x_wconf 91' lang='lat' dir='ltr'>legi</span> <span class='ocrx_word' id='word_1_773' title='bbox 3381 5669 3556 5738; x_wconf 73' lang='lat' dir='ltr'>opor-</span> 
     </span>
    </p>
   </div>
   <div class='ocr_carea' id='block_1_114' title="bbox 1902 5733 2592 5793">
    <p class='ocr_par' dir='ltr' id='par_1_114' title="bbox 1902 5733 2592 5793">
     <span class='ocr_line' id='line_1_114' title="bbox 1902 5733 2592 5793; baseline -0.003 -1"><span class='ocrx_word' id='word_1_774' title='bbox 1902 5740 2026 5793; x_wconf 90' lang='lat' dir='ltr'>tere</span> <span class='ocrx_word' id='word_1_775' title='bbox 2065 5733 2592 5793; x_wconf 76' lang='lat' dir='ltr'>condemnationem.</span> 
     </span>
    </p>
   </div>
   <div class='ocr_carea' id='block_1_115' title="bbox 3196 5863 3236 5921">
    <p class='ocr_par' dir='ltr' id='par_1_115' title="bbox 3196 5863 3236 5921">
     <span class='ocr_line' id='line_1_115' title="bbox 3196 5863 3236 5921; baseline 0 0"><span class='ocrx_word' id='word_1_776' title='bbox 3196 5863 3236 5921; x_wconf 78' lang='grc'><strong>4</strong></span> 
     </span>
    </p>
   </div>
  </div>
