3946 6408
422 430 535 489 1οη

1423 417 1757 481 ATTONIS
1800 413 2383 479 VERCELLENSIS
2429 413 2785 476 EPISCOPI

3724 420 3847 482 ΠΒ

421 558 577 614 dere.
635 576 657 605 ι
690 557 803 613 Sed
834 556 884 612 si
914 573 1031 627 qua
1061 572 1164 627 per
1193 552 1565 624 adoptionem
1598 566 1764 606 soror
1793 547 1900 603 tibi
1934 563 2064 602 esse
2093 547 2149 613 Α
2178 546 2576 616 quierant.Sed
2596 560 2784 617 neque
2797 546 3013 602 summi
3036 547 3342 619 pontiﬁces
3355 548 3843 624 saecularesleges

420 645 677 717 cmperit,
692 644 957 717 quandiu
979 644 1217 717 quidem
1241 645 1469 698 constat
1487 637 1895 709 adoptic,sane
1916 635 2069 690 inter

420 736 478 789 te
499 736 557 789 et
575 748 705 790 eam
732 733 950 805 nuptiae
972 731 1290 788 consistere
1313 745 1427 785 non
1454 731 1722 799 possunt.
1741 746 1768 775 ι)
1798 725 1866 780 Et
1890 724 2063 779 item:

422 843 453 875 (ς
483 821 545 877 Si
588 821 868 879 adversus
895 836 965 877 ea
992 837 1119 893 quae
1150 818 1405 874 diximus
1436 814 1622 886 aliqui
1654 813 1927 883 coierint,
1961 826 2068 867 nec

420 908 531 977 vir,
564 925 670 965 nec
717 925 881 977 uxor,
915 925 1022 966 nec
1050 906 1288 978 nuptias,
1318 919 1427 960 nec
1459 901 1928 967 matrimonium,
1962 915 2068 954 nec

422 998 530 1055 dos
557 997 923 1070 intelligitur.
952 998 1152 1067 Itaque
1181 993 1283 1066 qui
1314 1010 1384 1049 ex
1411 991 1517 1047 tali
1544 991 1699 1048 coitu
1721 992 2065 1055 nascuntur,

421 1085 483 1142 in
512 1090 800 1158 potestate
829 1085 1011 1158 patris
1042 1100 1160 1140 non
1192 1086 1351 1151 sunt,
1384 1082 1484 1137 sed
1515 1079 1661 1136 tales
1692 1082 1850 1148 sunt,
1879 1093 2065 1148 quan-

418 1178 547 1230 tum
569 1175 642 1230 ad
672 1172 923 1246 patriam
957 1175 1306 1245 potestatem
1334 1170 1603 1243 pertinet,
1627 1167 1833 1240 quales
1856 1170 1997 1222 sunt
2027 1163 2069 1218 ii

412 1278 566 1333 quos
591 1266 779 1318 mater
795 1260 970 1333 vulgo
993 1260 1275 1332 concepit.
1304 1258 1585 1330 Sequitur
1606 1273 1742 1328 ergo
1768 1260 1834 1311 ut
1855 1260 1913 1310 et
1942 1254 2068 1309 dis-

419 1349 611 1406 soluto
642 1349 820 1420 coitu,
851 1365 957 1405 nec
987 1348 1141 1404 dotis
1172 1346 1459 1403 exactioni
1488 1345 1653 1401 locus
1692 1345 1788 1410 sit,
1820 1348 1878 1398 et
1924 1342 2068 1397 alias

419 1455 623 1511 poenas
645 1438 968 1511 patiantur,
989 1453 1121 1507 quae
1145 1437 1328 1493 sacris
1350 1433 1868 1491 constitutionibus
1890 1430 2069 1486 conti-

419 1530 657 1583 nentur.
690 1548 719 1577 »
764 1525 937 1582 Nulla
964 1525 1217 1596 denique
1246 1524 1481 1595 adoptio
1509 1522 1645 1578 talis
1675 1537 1802 1577 esse
1832 1518 2067 1592 poterit,
2100 1532 2107 1542 “

422 1631 601 1688 quam
632 1615 755 1671 haec
802 1630 903 1687 per
933 1629 1111 1686 quam
1143 1613 1413 1669 homines
1440 1611 1545 1666 ﬁlii
1579 1611 1675 1665 Dei
1707 1610 2065 1664 efﬁciuntur.

420 1703 551 1760 Hinc
579 1707 671 1760 est
694 1704 852 1760 enim
878 1703 1138 1775 adoptio,
1167 1718 1296 1774 qua
1318 1699 1677 1772 emancipari
1706 1714 1823 1753 non
1857 1700 2065 1768 potest.

420 1792 586 1849 Unde
614 1788 819 1849 beatus
840 1791 1060 1848 Paulus
1091 1791 1174 1847 ait
1191 1789 1494 1863 apostolus
1519 1805 1533 1844 :
1565 1789 1678 1857 Qui
1701 1786 2066 1858 praedestina-

421 1883 501 1938 vit
550 1883 612 1937 in
664 1881 1007 1952 adoptionem
1047 1881 1296 1951 ﬁliorum
1333 1895 1434 1951 per
1466 1877 1745 1933 Christum
1772 1878 1976 1941 Iesum,
2010 1877 2070 1929 in

418 1972 599 2042 ipsum
622 1969 919 2026 secundum
940 1971 1281 2041 propositum
1308 1968 1605 2023 voluntatis
1625 1980 1740 2021 suae
1760 1967 1821 2020 in
1845 1964 2067 2019 laudem

414 2060 609 2128 gloria
654 2060 861 2129 gratiae
904 2072 1023 2116 suae
1070 2059 1282 2129 (Ephes.
1325 2074 1365 2124 ι,
1405 2057 1482 2127 5).
1522 2056 1705 2125 Cujus
1733 2053 2067 2124 adoptionis

415 2148 760 2220 participem
787 2163 959 2203 nemo
981 2146 1229 2218 ambigit
1245 2161 1379 2202 eum
1403 2145 1503 2216 qui
1531 2144 1857 2199 secundum
1878 2158 2067 2197 sacra-

416 2240 748 2292 mentorum
768 2236 1035 2291 ordinem
1060 2250 1270 2307 pueros
1286 2231 1722 2305 baptizantibus
1741 2233 1925 2297 offert,
1941 2231 2067 2301 qui-

415 2340 531 2395 que
551 2340 654 2396 pro
669 2324 815 2396 ipsis
836 2324 1161 2380 secundum
1178 2322 1474 2378 catholica:
1494 2322 1627 2376 ﬁdei
1650 2336 2064 2385 normam,non

416 2413 918 2485 quemadmodum
954 2413 1028 2468 de
1064 2411 1269 2480 altera,
1300 2411 1401 2467 sed
1435 2412 1588 2466 sicut
1615 2410 1687 2465 de
1715 2409 1969 2481 prepria,
2002 2408 2063 2463 in

415 2501 609 2575 prima
626 2516 876 2573 persona
894 2500 1266 2572 respondent,
1280 2500 1421 2570 quia
1436 2514 1539 2571 per
1561 2514 1789 2554 sacram
1807 2497 2066 2568 adoptio-

417 2606 554 2647 nem
562 2590 690 2661 jam
705 2588 943 2645 illorum
955 2589 1304 2659 conjunctus
1316 2592 1405 2643 est
1420 2586 2065 2659 spiritus.Rursumque

418 2695 489 2735 ex
516 2694 681 2735 sacro
712 2678 893 2748 fonte,
925 2677 1094 2750 quasi
1143 2693 1214 2733 ex
1261 2676 1467 2732 matris
1514 2680 1679 2731 utero
1712 2678 1843 2746 post
1872 2674 2063 2745 bapti-

418 2783 617 2827 smum
638 2783 675 2822 a
693 2765 1096 2823 sacerdotibus
1111 2765 1257 2837 ipsis
1273 2766 1346 2820 ad
1369 2764 1781 2820 instruendum
1802 2761 2065 2818 commit-

416 2859 644 2912 tuntur.
675 2858 825 2910 Nam
856 2854 1009 2910 sicut
1033 2852 1296 2910 carnales
1324 2853 1508 2908 nostri
1552 2856 1825 2924 parentes
1852 2855 2064 2906 nostris

418 2943 808 3017 generationis
840 2942 1093 2998 ministri
1124 2947 1281 3013 sunt,
1314 2942 1641 2997 secundum
1673 2941 1825 3011 quod
1859 2942 2063 2995 beatus

416 3032 685 3089 Clemens
709 3033 770 3087 in
791 3032 917 3087 suis
938 3031 1336 3088 Decretalibus
1361 3030 1591 3099 asserit,
1615 3031 1701 3085 sic
1721 3030 1820 3100 huj
1832 3028 2063 3085 usmodi

416 3121 673 3179 ministri
704 3125 845 3178 sunt
873 3137 1048 3177 sacrae
1078 3120 1556 3193 regenerationis.
1592 3121 1742 3175 Deus
1771 3123 1972 3174 auctor
2002 3117 2062 3172 in

418 3210 684 3281 utrisque
714 3210 1004 3278 consistit,
1038 3209 1192 3264 sicut
1232 3209 1517 3280 scriptum
1566 3214 1655 3264 est
1684 3225 1697 3263 :
1755 3209 2064 3279 Unicuique

2177 634 2320 688 adeo
2335 634 2662 705 respuendo
2675 635 3152 706 contrivere,cum
3167 642 3367 694 noster
3378 643 3553 710 atque
3564 639 3839 711 ipsorum

2175 721 2462 777 Dominus
2485 738 2552 777 ac
2579 722 2857 794 Magister
2879 724 3035 779 dicat
3060 742 3073 780 :
3106 730 3228 782 Non
3254 728 3384 783 veni
3413 728 3585 799 legem
3603 728 3835 794 solvere,

2175 810 2271 865 sed
2293 810 2602 881 adimplere
2622 811 2836 881 (Matth.
2860 830 2916 877 v,
2944 814 3050 883 17).
3074 813 3217 870 Item
3243 816 3661 872 sanctissimus
3682 834 3836 890 papa

2177 898 2436 955 Calixtus
2464 900 2643 971 (epist.
2666 903 2719 970 2,
2750 902 2825 956 ad
2852 916 3035 958 omnes
3062 902 3374 960 Galliarum
3401 906 3587 976 episc.)
3616 923 3629 961 :
3663 929 3691 956 ‹‹
3716 907 3835 962 Nec

2178 1004 2278 1043 eos
2309 988 2483 1058 viros,
2508 1005 2655 1060 quos
2687 988 2843 1060 leges
2864 990 3062 1046 saeculi
3085 993 3376 1064 rejiciunt,
3401 995 3701 1067 suscipere
3730 997 3834 1052 de-

2177 1077 2405 1131 bemus.
2430 1080 2626 1147 Ipsam
2654 1094 2887 1149 quoque
2911 1079 3238 1147 infamiam,
3260 1097 3381 1154 qua
3408 1083 3634 1155 aspersi
3665 1089 3830 1152 sunt,

2176 1164 2369 1220 delere
2392 1182 2507 1220 non
2539 1182 2879 1237 possumus,
2904 1170 3005 1224 sed
3036 1171 3265 1227 animas
3288 1188 3492 1227 eorum
3519 1188 3623 1245 per
3646 1174 3833 1245 pceni-

2175 1254 2421 1307 tentiam
2446 1254 2738 1324 publicam
2763 1260 2819 1310 et
2843 1256 3111 1312 Ecclesia:
3134 1258 3595 1317 satisfactionem
3620 1278 3835 1318 sanam

2179 1342 2475 1413 cupimus.
2506 1364 2534 1391 »
2567 1344 2707 1398 Item
2735 1344 3049 1417 Dionysius
3076 1364 3089 1403 :
3123 1369 3151 1397 ‹‹
3185 1349 3436 1405 Infames
3466 1366 3672 1407 omnes
3702 1368 3834 1408 esse

2179 1446 2485 1486 censemus
2544 1432 2644 1503 qui
2705 1449 2872 1489 suam
2927 1434 3321 1493 Christianam
3378 1439 3836 1509 praevaricantur

2178 1517 2386 1591 legem.
2408 1540 2437 1569 »
2460 1524 2607 1574 Item
2630 1521 3030 1593 Entychianus
3052 1540 3064 1579 :
3090 1547 3117 1574 «
3144 1524 3428 1582 Similiter
3444 1527 3834 1599 prohibemus

2179 1613 2245 1661 ut
2277 1607 2447 1663 nulla:
2479 1625 2667 1664 causai
2699 1626 2733 1664 a
2755 1610 3058 1681 judieibus
3078 1613 3491 1671 ecclesiasticis
3513 1617 3836 1673 audiantur

2178 1712 2306 1767 quae
2327 1696 2555 1768 legibus
2577 1714 2693 1753 non
2720 1699 3093 1756 continentur
3110 1701 3200 1758 vel
3221 1719 3349 1774 quas
3373 1704 3681 1776 prohibitus
3701 1723 3833 1764 esse

2180 1791 2521 1840 noscuntur.
2554 1808 2584 1838 »
2630 1788 2735 1841 Hic
2766 1791 2823 1843 et
2852 1790 3265 1847 sanctissimus
3293 1793 3484 1848 Julius
3515 1810 3670 1867 papa
3697 1811 3833 1851 con-

2178 1874 2391 1929 ﬁrmat.
2410 1874 2795 1930 Beatissimus
2816 1877 2992 1933 etiam
3009 1878 3325 1951 Gregorius
3344 1881 3533 1938 multa
3551 1886 3828 1940 Romana:

2174 1961 2321 2032 legis
2370 1963 2628 2035 capitula
2676 1966 3056 2035 conﬁrmans,
3095 1984 3203 2024 suo
3257 1968 3509 2025 inseruit
3554 1970 3826 2044 registro.

2178 2056 2343 2122 Ergo,
2360 2052 2596 2108 domine
2623 2054 2724 2121 mi,
2741 2054 3027 2112 absonum
3051 2072 3182 2112 esse
3199 2058 3529 2127 videtur,ut
3545 2060 3829 2131 spiritalis

2176 2142 2436 2195 afﬁnitas
2458 2142 2794 2198 carnalibus
2818 2144 3187 2216 amplexibus
3219 2147 3508 2203 deservire
3538 2155 3787 2220 cogatur
3811 2166 3825 2204 :

2176 2230 2259 2284 ait
2280 2231 2435 2284 enim
2460 2231 2665 2287 beatus
2681 2230 2898 2287 Paulus
2922 2234 3223 2304 apostolus
3247 2253 3261 2292 :
3296 2238 3389 2292 Vos
3409 2237 3558 2292 enim
3580 2240 3644 2293 in
3666 2239 3827 2294 liber-

2175 2325 2284 2372 tate
2304 2322 2482 2373 vocati
2500 2322 2650 2386 estis,
2662 2323 2897 2391 fratres;
2920 2330 3137 2378 tantum
3154 2339 3223 2379 ne
3243 2325 3557 2381 libertatem
3583 2329 3647 2381 in
3674 2343 3826 2384 occa-

2171 2410 2325 2462 sione
2353 2408 2489 2463 delis
2515 2412 2702 2465 carnis
2734 2410 2873 2481 (Gal.
2907 2429 2959 2478 v,
2990 2414 3103 2483 13),
3137 2418 3196 2468 et
3226 2413 3437 2470 iterum
3473 2431 3488 2471 :
3521 2416 3635 2485 Qui
3658 2419 3828 2473 semi-

2171 2506 2269 2551 nat
2299 2498 2358 2552 in
2387 2513 2552 2553 carne
2577 2513 2703 2568 sua,
2734 2500 2802 2554 de
2829 2516 2997 2556 carne
3024 2504 3187 2556 metet
3223 2506 3633 2575 corruptionem
3664 2523 3684 2560 :
3732 2508 3827 2578 qui

2172 2587 2354 2639 autem
2381 2587 2616 2640 seminat
2637 2588 2697 2640 in
2718 2588 2941 2657 spiritu,
2968 2589 3032 2644 de
3058 2591 3265 2661 spiritu
3282 2600 3444 2649 metet
3469 2595 3643 2650 vitam
3660 2604 3824 2652 aeter-

2171 2690 2303 2728 nam
2332 2672 2473 2744 (Gal.
2504 2692 2580 2742 v1,
2612 2675 2687 2743 8).
2721 2676 2791 2731 Et
2823 2694 3029 2734 rursus
3059 2695 3073 2734 :
3125 2680 3225 2736 Ubi
3248 2683 3507 2753 spiritus,
3539 2683 3622 2739 ibi
3656 2685 3823 2740 liber-

2172 2769 2255 2816 tas
2286 2762 2359 2832 (II
2386 2762 2506 2817 Cor.
2540 2780 2624 2826 ιιι,
2659 2765 2768 2835 17).
2802 2769 2868 2820 Et
2895 2766 2955 2821 in
2986 2766 3235 2823 Levitico
3265 2786 3279 2825 :
3313 2769 3504 2827 Omnis
3531 2786 3826 2829 consecra-

2170 2852 2247 2904 tio
2267 2866 2387 2921 quae
2405 2854 2658 2924 offertur,
2673 2854 2740 2907 ab
2761 2853 2977 2911 homine
2994 2871 3104 2911 non
3126 2857 3632 2931 redimetur(Levit.
3646 2878 3828 2930 xxvu,

2170 2940 2282 3010 29),
2318 2956 2389 2995 ne
2420 2940 2635 2997 nostris
2666 2943 2873 2998 usibus
2905 2946 3363 3013 succumbendo,
3394 2953 3694 3006 sacratum
3729 2967 3829 3007 ex-

2173 3028 2456 3084 secrabile
2488 3030 2610 3085 ﬁat.

2243 3118 2350 3173 Sed
2404 3124 2460 3173 et
2508 3118 2557 3174 si
2607 3119 2727 3175 haec
2768 3126 2990 3201 cuncta
3017 3138 3144 3193 quae
3174 3125 3449 3197 superius
3476 3126 3597 3183 tale
3625 3145 3834 3201 repre-

2171 3205 2492 3262 hendentes
2522 3209 2865 3279 conjugium
2896 3199 3176 3279 diximus,
3208 3214 3541 3282 deﬁcerent,
3574 3199 3726 3275 satis
3758 3220 3829 3275 ad

418 3300 561 3354 sicut
579 3298 841 3353 Dominus
869 3298 1037 3353 dedit.
1058 3299 1165 3368 Ego
1190 3298 1463 3368 plantavi,
1498 3296 1689 3368 Apollo
1717 3299 1939 3368 rigavit,
1965 3296 2061 3353 sed
2090 3282 2133 3349 C
2173 3295 2231 3349 id
2254 3296 2693 3366 reprimendum
2712 3298 2890 3354 etiam
2912 3307 3299 3358 remanerent.
3316 3303 3462 3359 Nam
3479 3305 3625 3362 adeo
3642 3306 3831 3379 hujus

418 3388 558 3444 Deus
584 3388 977 3443 incrementum
1007 3387 1156 3443 dedit
1189 3389 1231 3455 υ
1260 3387 1385 3441 Cor.
1421 3403 1505 3454 ιιι,
1537 3387 1614 3456 6).
1648 3385 1736 3440 Illi
1786 3401 2062 3456 namque,

420 3477 624 3549 qui,ut
653 3476 923 3549 superius
953 3476 1231 3546 diximus,
1254 3491 1391 3547 erga
1421 3491 1634 3546 pueros
1663 3480 1864 3545 agunt,
1889 3474 2061 3545 spiri-

415 3564 654 3621 tualiter
681 3564 969 3636 plantant,
993 3569 1050 3619 et
1078 3568 1271 3636 patres
1293 3568 1452 3618 sunt.
1476 3562 1584 3627 Qui
1614 3567 1811 3618 autem
1846 3564 2059 3634 rigant,

421 3655 679 3713 ministri
710 3653 1090 3710 ecclesiarum
1121 3656 1279 3719 sunt,
1304 3655 1672 3707 sacramenta
1701 3651 2062 3706 conferentes

416 3742 813 3817 baptismatis.
856 3741 1121 3796 Dominus
1169 3743 1354 3794 autem
1408 3740 1806 3794 incrementum
1853 3739 1954 3794 dat
2000 3740 2061 3795 in

418 3832 720 3899 omnibus,
750 3830 871 3887 sive
913 3830 975 3885 in
1026 3827 1454 3901 spiritualibus,
1487 3826 1606 3883 sive
1637 3827 1696 3882 in
1727 3827 2060 3884 carnalibus

411 3921 791 3995 profectibus.

484 4010 723 4083 Legitur
751 4009 927 4067 etiam
959 4009 1020 4065 in
1051 4007 1200 4064 libro
1218 4008 1515 4077 Codicum,
1540 4007 1694 4079 quod
1724 4010 1812 4062 est
1844 4007 2056 4062 Roma-

410 4116 499 4156 na!
529 4098 694 4172 legis,
718 4099 800 4154 ita
832 4116 845 4154 :
886 4118 913 4151 α
938 4096 1096 4153 Nihil
1117 4096 1279 4153 aliud
1308 4096 1392 4152 sic
1423 4096 1698 4152 inducere
1729 4100 1919 4167 potest
1953 4113 2053 4167 pa-

406 4193 636 4245 ternam
666 4187 1051 4254 affectionem,
1081 4190 1139 4241 et
1162 4186 1385 4257 justam
1420 4184 1760 4256 nuptiarum
1792 4184 2052 4255 prohibi-

404 4275 648 4344 tionem,
672 4291 849 4347 quam
883 4272 1224 4346 hujusmodi
1248 4288 1454 4338 nexus,
1478 4288 1581 4344 per
1599 4287 1777 4342 quem
1800 4277 1911 4327 Deo
1934 4272 2055 4327 ani-

404 4381 512 4422 mm
533 4380 737 4423 eorum
757 4362 1037 4437 copulate:
1058 4365 1263 4418 sunt.»
1287 4362 1429 4417 [tem
1452 4360 1766 4416 exNovella
1781 4360 1944 4432 (Nov.
1964 4363 2050 4432 12,

400 4471 453 4511 c.
488 4456 539 4526 1)
570 4471 585 4511 :
645 4474 673 4509 α
700 4453 760 4510 Si
798 4453 897 4526 qui
940 4452 1229 4509 nefarium
1262 4456 1438 4522 atque
1467 4450 1814 4505 damnatum
1848 4450 2048 4505 matri-

402 4543 666 4599 monium
693 4542 1108 4611 contraxerint,
1131 4545 1190 4596 et
1219 4557 1288 4597 ex
1308 4540 1487 4613 priori
1512 4539 1889 4595 matrimonio
1911 4539 2051 4594 libo-

2172 3383 2472 3455 religionis
2495 3402 2673 3441 causa
2698 3387 2980 3444 hactenus
3003 3394 3093 3444 est
3121 3390 3432 3461 abolitum,
3455 3397 3522 3448 ut
3547 3410 3666 3450 non
3696 3401 3832 3452 tan-

2168 3476 2295 3528 tum
2318 3473 2711 3543 litteratis,vel
2736 3477 3144 3548 prudentibus,
3160 3480 3261 3534 sed
3279 3479 3457 3536 etiam
3477 3481 3625 3553 ipsis
3647 3485 3833 3541 rusti-

2166 3561 2253 3617 cis
2286 3564 2467 3619 moris
2496 3580 2673 3619 causa
2703 3566 3013 3636 profanum
3042 3568 3171 3638 jam
3200 3568 3484 3637 videatur,
3518 3575 3585 3626 ut
3627 3572 3829 3630 sicubi

2172 3653 2425 3721 peccatis
2474 3652 2840 3723 exigentibus
2888 3654 3109 3727 aliquid
3168 3657 3283 3713 tale
3333 3660 3654 3732 audierint,
3689 3662 3826 3719 ideo

2169 3739 2656 3797 scandalizentur.
2686 3742 2847 3799 Unde
2876 3760 3049 3816 grave
3079 3746 3585 3804 committentibus
3616 3767 3827 3822 pecca-

2168 3831 2295 3883 tum
2325 3830 2599 3885 exoritur.
2634 3832 2727 3886 Ait
2756 3833 2913 3888 enim
2956 3834 3243 3891 Dominus
3274 3852 3287 3890 :
3342 3838 3425 3893 Vae
3468 3838 3693 3896 homini
3741 3843 3833 3896 illi

2164 3934 2265 3989 per
2291 3934 2449 3989 quem
2474 3919 2800 3975 scandalum
2827 3924 2979 3978 venit
3007 3923 3234 3994 (Matth.
3266 3940 3428 3993 xvul,
3460 3927 3518 3997 7)
3542 3944 3555 3993 ;
3586 3933 3644 3983 et
3686 3929 3829 3986 bea-

2170 4012 2262 4063 tus
2284 4006 2536 4064 Paulus:
2568 4009 2926 4066 Providemus
2954 4013 3105 4066 enim
3130 4012 3271 4068 bona
3296 4029 3406 4071 non
3431 4016 3614 4071 solum
3634 4032 3829 4074 coram

2163 4097 2289 4164 Deo,
2321 4097 2417 4152 sed
2460 4099 2627 4152 etiam
2674 4114 2859 4153 coram
2903 4099 3216 4156 hominibus
3263 4102 3337 4173 (II
3366 4102 3488 4160 Cor.
3520 4121 3647 4176 VIII,
3680 4107 3777 4179 21)
3808 4125 3821 4175 ;

2163 4189 2219 4239 et
2250 4185 2391 4239 item
2423 4202 2437 4239 :
2491 4186 2625 4240 Sine
2665 4189 2960 4257 o/fensione
2987 4194 3158 4247 estote
3187 4191 3412 4260 Iudaeis,
3444 4201 3497 4249 et
3539 4197 3824 4265 gentibus,

2162 4276 2211 4328 et
2259 4274 2515 4329 Ecclesiae
2550 4275 2649 4329 Dei
2689 4276 2733 4345 (ι
2768 4278 2906 4332 Cor.
2938 4295 2993 4348 x,
3027 4280 3117 4349 32)
3146 4296 3159 4343 ;
3193 4284 3250 4335 et
3281 4297 3487 4337 rursus
3524 4298 3538 4337 :
3588 4284 3653 4339 Si
3694 4301 3825 4342 esca

2156 4363 2501 4417 scandalizat
2528 4364 2764 4433 fratrem
2800 4382 3002 4433 meum,
3033 4383 3141 4423 non
3190 4370 3532 4426 manducabo
3581 4388 3823 4431 carnem

2159 4454 2221 4507 in
2266 4456 2551 4517 mternum,
2584 4469 2654 4508 ne
2696 4455 2933 4524 fratrem
2981 4471 3162 4513 meum
3199 4459 3577 4517 scandalizem
3604 4464 3656 4531 (I
3685 4463 3815 4526 Cor.

2156 4558 2282 4608 VIII,
2316 4541 2441 4611 13);
2496 4545 2553 4596 et
2581 4542 2796 4599 iterum
2830 4560 2842 4600 :
2896 4546 3063 4600 Nemo
3105 4547 3246 4617 quod
3273 4563 3437 4604 suum
3464 4553 3544 4605 est
3572 4559 3813 4621 quaerat,

400 4646 499 4686 ros
519 4646 634 4686 non
659 4630 993 4696 habuerint,
1019 4630 1216 4685 statim
1239 4629 1363 4685 suis
1385 4629 1763 4685 facultatibus
1786 4632 2043 4700 careant,
2075 4647 2123 4711 D
2154 4629 2245 4684 sed
2278 4631 2418 4701 quod
2463 4629 2698 4686 alterius
2728 4634 2773 4700 (l
2803 4633 2924 4689 Cor.
2958 4651 3013 4702 x,
3045 4635 3157 4703 24).
3209 4635 3411 4692 Plures
3461 4654 3676 4711 nempe
3725 4641 3818 4696 of-

400 4721 459 4774 et
486 4718 592 4775 dos
622 4718 747 4773 ﬁsci
773 4718 1010 4788 juribus
1038 4717 1383 4771 vindicetur.
1416 4722 1553 4773 Post
1584 4717 2041 4789 publicationem

397 4810 616 4876 autem,
650 4810 707 4861 et
738 4804 958 4877 cinguli
1002 4804 1093 4859 sui
1142 4804 1437 4875 patiantur
1464 4806 1861 4875 amissionem,
1894 4811 1952 4862 et
1981 4807 2037 4862 in

395 4894 598 4951 exsilio
619 4894 960 4967 puniantur.
986 4892 1147 4956 Quod
1170 4892 1219 4947 si
1252 4891 1421 4946 vilior
1442 4893 1517 4947 sit
1542 4910 1808 4964 persona,
1833 4912 2036 4967 corpo-

392 4982 501 5038 rali
532 4983 841 5055 quaestioni
874 4981 1181 5048 subsistat,
1213 4984 1270 5035 et
1317 4996 1461 5034 uxor
1490 4982 1617 5050 ejus
1649 4988 1852 5037 contra
1882 4984 2037 5055 leges

390 5075 578 5142 nupta
606 5071 839 5127 easdem
874 5086 1075 5141 poenas
1107 5068 1381 5140 patiatur.
1413 5068 1543 5123 Haec
1573 5074 1704 5139 post
1736 5069 2033 5126 biennium

386 5159 650 5226 valeant;
684 5174 820 5213 nam
853 5157 1071 5213 biennii
1098 5156 1467 5228 indulgentia
1496 5155 1613 5211 illis
1643 5158 1899 5227 praestita
1924 5164 2031 5227 est,

386 5245 488 5317 qui
509 5246 637 5316 jam
669 5251 1082 5301 contraxerunt
1111 5252 1316 5302 contra
1343 5245 1499 5317 leges
1542 5246 1934 5315 matrimonia,
1968 5253 2034 5304 ut

384 5332 541 5389 infra
571 5333 872 5389 biennium
897 5338 1258 5405 separentur.
1284 5335 1447 5399 Quod
1482 5334 1532 5388 si
1562 5350 1680 5387 non
1706 5334 1920 5389 fuerint
1948 5352 2031 5391 se-

381 5421 591 5492 parati,
622 5422 723 5477 sed
756 5420 1253 5494 perseveraverint
1291 5422 1351 5476 in
1398 5426 1518 5476 toto
1553 5421 1810 5488 biennio,
1842 5424 2030 5493 poenis

380 5509 442 5565 in
472 5509 663 5582 primo
694 5510 880 5582 capite
912 5509 1083 5565 dictis
1121 5509 1531 5580 subjiciantur.
1564 5531 1591 5559 »
1644 5508 1822 5565 Valde
1869 5512 2026 5567 enim

377 5600 550 5670 turpe
581 5603 693 5667 est,
715 5602 782 5654 ut
811 5598 966 5669 quod
999 5598 1298 5670 religionis
1325 5614 1501 5653 causa
1531 5598 1837 5655 saeculares
1866 5599 2025 5673 leges

376 5687 672 5749 custodire
692 5687 1072 5763 contendunt,
1097 5686 1206 5745 hoc
1233 5688 1563 5747 sacerdotes
1583 5688 1683 5745 Dei
1705 5688 2024 5775 infringere

2154 4717 2356 4787 fendit,
2386 4718 2485 4791 qui
2508 4720 2782 4791 antiquas
2805 4724 3261 4780 consuetudines
3287 4742 3321 4781 a
3342 4726 3817 4799 religiosissimis

2152 4812 2208 4861 et
2236 4809 2621 4879 prudentibus
2652 4810 2990 4867 observatas
3022 4814 3339 4869 immutare
3388 4814 3475 4871 vel
3525 4817 3817 4875 abradere

2150 4898 2453 4966 prmsumit
2486 4915 2497 4952 :
2531 4914 2664 4952 cum
2698 4900 2903 4954 beatus
2935 4901 3095 4958 dicat
3123 4902 3383 4958 Isidorus
3413 4904 3538 4975 (lib.
3576 4922 3616 4960 ιι
3648 4907 3814 4978 Orig.

2147 5000 2195 5039 c.
2232 4986 2365 5054 10):
2423 5009 2442 5033 ‹ι
2479 4985 2848 5042 Consuetudo
2895 4994 2985 5043 est
3028 4992 3130 5060 jus
3178 4992 3475 5062 quoddam
3530 4995 3809 5054 moribus

2145 5071 2507 5137 institutum,
2542 5076 2695 5144 quod
2731 5091 2834 5147 per
2861 5077 3045 5149 legem
3080 5081 3403 5151 suscipitur
3433 5098 3570 5138 cum
3600 5084 3812 5143 deﬁcit

2144 5159 2255 5215 lex.
2269 5160 2392 5215 Non
2412 5162 2605 5215 differt
2623 5167 2817 5219 utrum
2842 5168 3132 5239 scriptura
3148 5186 3221 5224 an
3247 5170 3469 5226 ratione
3488 5173 3809 5244 consistat,

2142 5250 2377 5320 quando
2408 5254 2464 5304 et
2493 5249 2681 5322 legem
2709 5254 2855 5309 ratio
2878 5259 3272 5315 commendat.
3300 5264 3475 5316 Porro
3495 5261 3547 5316 si
3569 5262 3809 5321 ratione

2139 5336 2231 5392 lex
2260 5344 2507 5407 constat,
2532 5340 2624 5395 lex
2650 5342 2762 5396 erit
2786 5361 2957 5400 omne
2979 5348 3105 5416 jam
3140 5349 3296 5420 quod
3327 5349 3553 5406 ratione
3576 5354 3808 5409 consti-

2138 5427 2291 5497 terit,
2314 5428 2597 5483 duntaxat
2617 5433 2772 5500 quod
2805 5433 3084 5506 religione
3106 5444 3409 5510 congruat,
3434 5440 3594 5510 quod
3618 5440 3810 5498 disci-

2136 5514 2308 5584 plinae
2357 5518 2685 5587 conveniat,
2735 5523 2891 5592 quod
2941 5525 3115 5580 saluti
3174 5528 3461 5598 proﬁciat.
3499 5549 3521 5578 ι
3577 5528 3804 5589 Beatus

2135 5618 2369 5675 quoque
2401 5622 2550 5677 papa
2575 5606 2908 5681 Gregorius,
2932 5614 3103 5684 cujus
3133 5614 3613 5674 institutionibus
3642 5635 3803 5691 pene

2134 5695 2292 5752 totus
2323 5694 2622 5768 regulatur
2648 5699 2830 5772 orbis,
2863 5702 2946 5759 ait
2974 5703 3208 5780 registri
3237 5710 3403 5785 parte
3429 5706 3630 5782 prima
3661 5708 3801 5790 (lib.
