  <div class='ocr_page' id='page_1' title='image "/cluster/home/n/w/nwhite01/storage/ocr_20150623/134-135/uc1.31175013627537/062.png"; bbox 0 0 3946 6426; ppageno 0'>
   <div class='ocr_carea' id='block_1_1' title="bbox 108 434 208 497">
    <p class='ocr_par' dir='ltr' id='par_1_1' title="bbox 108 434 208 497">
     <span class='ocr_line' id='line_1_1' title="bbox 108 434 208 497; baseline 0.02 -2"><span class='ocrx_word' id='word_1_1' title='bbox 108 434 208 497; x_wconf 82' lang='grc'><strong>109</strong></span> 
     </span>
    </p>
   </div>
   <div class='ocr_carea' id='block_1_2' title="bbox 104 656 1748 729">
    <p class='ocr_par' dir='ltr' id='par_1_2' title="bbox 104 656 1748 729">
     <span class='ocr_line' id='line_1_2' title="bbox 104 656 1748 729; baseline 0.003 -16"><span class='ocrx_word' id='word_1_2' title='bbox 104 656 730 729; x_wconf 66' lang='lat' dir='ltr'><strong>consuetudinem,quaa</strong></span> <span class='ocrx_word' id='word_1_3' title='bbox 748 662 945 714; x_wconf 89' lang='lat' dir='ltr'><strong>tamen</strong></span> <span class='ocrx_word' id='word_1_4' title='bbox 968 665 1171 717; x_wconf 86' lang='lat' dir='ltr'><strong>contra</strong></span> <span class='ocrx_word' id='word_1_5' title='bbox 1200 661 1377 716; x_wconf 80' lang='lat' dir='ltr'><strong>fidem</strong></span> <span class='ocrx_word' id='word_1_6' title='bbox 1399 661 1748 718; x_wconf 80' lang='lat' dir='ltr'><strong>catholicam</strong></span> 
     </span>
    </p>
   </div>
   <div class='ocr_carea' id='block_1_3' title="bbox 102 744 1751 823">
    <p class='ocr_par' dir='ltr' id='par_1_3' title="bbox 102 744 1751 823">
     <span class='ocr_line' id='line_1_3' title="bbox 102 744 1751 823; baseline 0.004 -23"><span class='ocrx_word' id='word_1_7' title='bbox 102 744 234 801; x_wconf 83' lang='lat' dir='ltr'><strong>nihil</strong></span> <span class='ocrx_word' id='word_1_8' title='bbox 263 762 553 819; x_wconf 88' lang='lat' dir='ltr'><strong>usurpare</strong></span> <span class='ocrx_word' id='word_1_9' title='bbox 609 746 997 819; x_wconf 79' lang='lat' dir='ltr'><strong>dignoscitur,</strong></span> <span class='ocrx_word' id='word_1_10' title='bbox 1056 749 1363 805; x_wconf 88' lang='lat' dir='ltr'><strong>immotam</strong></span> <span class='ocrx_word' id='word_1_11' title='bbox 1407 766 1751 823; x_wconf 82' lang='lat' dir='ltr'><strong>permanere</strong></span> 
     </span>
    </p>
   </div>
   <div class='ocr_carea' id='block_1_4' title="bbox 102 834 1749 909">
    <p class='ocr_par' dir='ltr' id='par_1_4' title="bbox 102 834 1749 909">
     <span class='ocr_line' id='line_1_4' title="bbox 102 834 1749 909; baseline 0.002 -18"><span class='ocrx_word' id='word_1_12' title='bbox 102 834 489 902; x_wconf 88' lang='lat' dir='ltr'><strong>concedimus,</strong></span> <span class='ocrx_word' id='word_1_13' title='bbox 517 835 640 892; x_wconf 88' lang='lat' dir='ltr'><strong>sive</strong></span> <span class='ocrx_word' id='word_1_14' title='bbox 660 837 733 891; x_wconf 93' lang='lat' dir='ltr'><strong>de</strong></span> <span class='ocrx_word' id='word_1_15' title='bbox 755 836 1111 909; x_wconf 83' lang='lat' dir='ltr'><strong>primatibus</strong></span> <span class='ocrx_word' id='word_1_16' title='bbox 1132 838 1557 896; x_wconf 82' lang='lat' dir='ltr'><strong>constituendis</strong></span> <span class='ocrx_word' id='word_1_17' title='bbox 1581 844 1749 895; x_wconf 73' lang='lat' dir='ltr'><strong>caete-</strong></span> 
     </span>
    </p>
   </div>
   <div class='ocr_carea' id='block_1_5' title="bbox 102 924 1749 1000">
    <p class='ocr_par' dir='ltr' id='par_1_5' title="bbox 102 924 1749 1000">
     <span class='ocr_line' id='line_1_5' title="bbox 102 924 1749 1000; baseline 0.002 -19"><span class='ocrx_word' id='word_1_18' title='bbox 102 924 285 994; x_wconf 90' lang='lat' dir='ltr'><strong>risque</strong></span> <span class='ocrx_word' id='word_1_19' title='bbox 314 924 618 998; x_wconf 89' lang='lat' dir='ltr'><strong>capitulis,</strong></span> <span class='ocrx_word' id='word_1_20' title='bbox 649 927 905 998; x_wconf 85' lang='lat' dir='ltr'><strong>exceptis</strong></span> <span class='ocrx_word' id='word_1_21' title='bbox 935 927 1031 982; x_wconf 89' lang='lat' dir='ltr'><strong>his</strong></span> <span class='ocrx_word' id='word_1_22' title='bbox 1061 928 1161 1000; x_wconf 89' lang='lat' dir='ltr'><strong>qui</strong></span> <span class='ocrx_word' id='word_1_23' title='bbox 1201 943 1271 983; x_wconf 88' lang='lat' dir='ltr'><strong>ex</strong></span> <span class='ocrx_word' id='word_1_24' title='bbox 1325 928 1647 986; x_wconf 90' lang='lat' dir='ltr'><strong>Donatistis</strong></span> <span class='ocrx_word' id='word_1_25' title='bbox 1675 929 1749 985; x_wconf 90' lang='lat' dir='ltr'><strong>ad</strong></span> 
     </span>
    </p>
   </div>
   <div class='ocr_carea' id='block_1_6' title="bbox 98 1014 1748 1091">
    <p class='ocr_par' dir='ltr' id='par_1_6' title="bbox 98 1014 1748 1091">
     <span class='ocr_line' id='line_1_6' title="bbox 98 1014 1748 1091; baseline 0.002 -21"><span class='ocrx_word' id='word_1_26' title='bbox 98 1014 490 1086; x_wconf 79' lang='lat' dir='ltr'><strong>episcopatum</strong></span> <span class='ocrx_word' id='word_1_27' title='bbox 510 1014 878 1088; x_wconf 90' lang='lat' dir='ltr'><strong>perveniunt.</strong></span> <span class='ocrx_word' id='word_1_28' title='bbox 899 1038 928 1066; x_wconf 86' lang='grc'><strong>››</strong></span> <span class='ocrx_word' id='word_1_29' title='bbox 953 1017 1063 1073; x_wconf 90' lang='lat' dir='ltr'><strong>Sed</strong></span> <span class='ocrx_word' id='word_1_30' title='bbox 1088 1023 1144 1072; x_wconf 91' lang='lat' dir='ltr'><strong>et</strong></span> <span class='ocrx_word' id='word_1_31' title='bbox 1156 1018 1536 1074; x_wconf 84' lang='lat' dir='ltr'><strong>beatissimus</strong></span> <span class='ocrx_word' id='word_1_32' title='bbox 1550 1024 1748 1091; x_wconf 84' lang='lat' dir='ltr'><strong>Augu-</strong></span> 
     </span>
    </p>
   </div>
   <div class='ocr_carea' id='block_1_7' title="bbox 99 1103 1749 1177">
    <p class='ocr_par' dir='ltr' id='par_1_7' title="bbox 99 1103 1749 1177">
     <span class='ocr_line' id='line_1_7' title="bbox 99 1103 1749 1177; baseline 0.002 -18"><span class='ocrx_word' id='word_1_33' title='bbox 99 1103 304 1171; x_wconf 89' lang='lat' dir='ltr'><strong>stinus,</strong></span> <span class='ocrx_word' id='word_1_34' title='bbox 335 1104 408 1159; x_wconf 91' lang='lat' dir='ltr'><strong>de</strong></span> <span class='ocrx_word' id='word_1_35' title='bbox 440 1104 612 1175; x_wconf 88' lang='lat' dir='ltr'><strong>cujus</strong></span> <span class='ocrx_word' id='word_1_36' title='bbox 643 1104 795 1177; x_wconf 89' lang='lat' dir='ltr'><strong>prati</strong></span> <span class='ocrx_word' id='word_1_37' title='bbox 856 1104 1112 1161; x_wconf 87' lang='lat' dir='ltr'><strong>oleribus</strong></span> <span class='ocrx_word' id='word_1_38' title='bbox 1167 1107 1363 1162; x_wconf 92' lang='lat' dir='ltr'><strong>omnis</strong></span> <span class='ocrx_word' id='word_1_39' title='bbox 1409 1107 1749 1163; x_wconf 89' lang='lat' dir='ltr'><strong>Dominicus</strong></span> 
     </span>
    </p>
   </div>
   <div class='ocr_carea' id='block_1_8' title="bbox 94 1192 1747 1266">
    <p class='ocr_par' dir='ltr' id='par_1_8' title="bbox 94 1192 1747 1266">
     <span class='ocr_line' id='line_1_8' title="bbox 94 1192 1747 1266; baseline 0.001 -18"><span class='ocrx_word' id='word_1_40' title='bbox 94 1192 347 1265; x_wconf 88' lang='lat' dir='ltr'><strong>pascitur</strong></span> <span class='ocrx_word' id='word_1_41' title='bbox 375 1208 537 1265; x_wconf 88' lang='lat' dir='ltr'><strong>grex,</strong></span> <span class='ocrx_word' id='word_1_42' title='bbox 595 1192 804 1250; x_wconf 89' lang='lat' dir='ltr'><strong>scribit</strong></span> <span class='ocrx_word' id='word_1_43' title='bbox 862 1194 935 1250; x_wconf 90' lang='lat' dir='ltr'><strong>ad</strong></span> <span class='ocrx_word' id='word_1_44' title='bbox 996 1194 1441 1266; x_wconf 87' lang='lat' dir='ltr'><strong>inquisitionem</strong></span> <span class='ocrx_word' id='word_1_45' title='bbox 1479 1195 1747 1252; x_wconf 79' lang='lat' dir='ltr'><strong>Januarii</strong></span> 
     </span>
    </p>
   </div>
   <div class='ocr_carea' id='block_1_9' title="bbox 94 1281 1748 1357">
    <p class='ocr_par' dir='ltr' id='par_1_9' title="bbox 94 1281 1748 1357">
     <span class='ocr_line' id='line_1_9' title="bbox 94 1281 1748 1357; baseline 0.002 -20"><span class='ocrx_word' id='word_1_46' title='bbox 94 1281 257 1353; x_wconf 88' lang='lat' dir='ltr'><strong>(epist.</strong></span> <span class='ocrx_word' id='word_1_47' title='bbox 296 1282 423 1350; x_wconf 91' lang='grc'>118,</span> <span class='ocrx_word' id='word_1_48' title='bbox 458 1281 535 1337; x_wconf 87' lang='lat' dir='ltr'><strong>ad</strong></span> <span class='ocrx_word' id='word_1_49' title='bbox 587 1283 888 1354; x_wconf 86' lang='lat' dir='ltr'><strong>Januar.):</strong></span> <span class='ocrx_word' id='word_1_50' title='bbox 926 1311 954 1334; x_wconf 75' lang='grc' dir='ltr'>ιι</span> <span class='ocrx_word' id='word_1_51' title='bbox 1012 1283 1148 1356; x_wconf 89' lang='lat' dir='ltr'><strong>Ipsa</strong></span> <span class='ocrx_word' id='word_1_52' title='bbox 1204 1300 1442 1357; x_wconf 88' lang='lat' dir='ltr'><strong>quoque</strong></span> <span class='ocrx_word' id='word_1_53' title='bbox 1500 1285 1748 1341; x_wconf 85' lang='lat' dir='ltr'><strong>mutatio</strong></span> 
     </span>
    </p>
   </div>
   <div class='ocr_carea' id='block_1_10' title="bbox 91 1370 1749 1444">
    <p class='ocr_par' dir='ltr' id='par_1_10' title="bbox 91 1370 1749 1444">
     <span class='ocr_line' id='line_1_10' title="bbox 91 1370 1749 1444; baseline 0.002 -17"><span class='ocrx_word' id='word_1_54' title='bbox 91 1370 551 1442; x_wconf 85' lang='lat' dir='ltr'><strong>consuetudinis,</strong></span> <span class='ocrx_word' id='word_1_55' title='bbox 576 1371 755 1427; x_wconf 89' lang='lat' dir='ltr'><strong>etiam</strong></span> <span class='ocrx_word' id='word_1_56' title='bbox 782 1388 910 1444; x_wconf 66' lang='lat' dir='ltr'><strong>quas</strong></span> <span class='ocrx_word' id='word_1_57' title='bbox 930 1372 1171 1444; x_wconf 87' lang='lat' dir='ltr'><strong>adjuvat</strong></span> <span class='ocrx_word' id='word_1_58' title='bbox 1188 1372 1461 1442; x_wconf 83' lang='lat' dir='ltr'><strong>utilitate,</strong></span> <span class='ocrx_word' id='word_1_59' title='bbox 1493 1374 1749 1430; x_wconf 86' lang='lat' dir='ltr'><strong>novitate</strong></span> 
     </span>
    </p>
   </div>
   <div class='ocr_carea' id='block_1_11' title="bbox 92 1458 1749 1535">
    <p class='ocr_par' dir='ltr' id='par_1_11' title="bbox 92 1458 1749 1535">
     <span class='ocr_line' id='line_1_11' title="bbox 92 1458 1749 1535; baseline 0.002 -20"><span class='ocrx_word' id='word_1_60' title='bbox 92 1460 411 1531; x_wconf 87' lang='lat' dir='ltr'><strong>perturbat.</strong></span> <span class='ocrx_word' id='word_1_61' title='bbox 446 1481 477 1510; x_wconf 85' lang='grc'><strong>››</strong></span> <span class='ocrx_word' id='word_1_62' title='bbox 511 1458 878 1533; x_wconf 85' lang='lat' dir='ltr'><strong>Quapropter</strong></span> <span class='ocrx_word' id='word_1_63' title='bbox 906 1477 1034 1532; x_wconf 66' lang='lat' dir='ltr'><strong>quas</strong></span> <span class='ocrx_word' id='word_1_64' title='bbox 1065 1460 1230 1518; x_wconf 88' lang='lat' dir='ltr'><strong>utilis</strong></span> <span class='ocrx_word' id='word_1_65' title='bbox 1260 1478 1378 1518; x_wconf 89' lang='lat' dir='ltr'><strong>non</strong></span> <span class='ocrx_word' id='word_1_66' title='bbox 1410 1467 1749 1535; x_wconf 86' lang='lat' dir='ltr'><strong>est,pertur-</strong></span> 
     </span>
    </p>
   </div>
   <div class='ocr_carea' id='block_1_12' title="bbox 88 1547 1749 1624">
    <p class='ocr_par' dir='ltr' id='par_1_12' title="bbox 88 1547 1749 1624">
     <span class='ocr_line' id='line_1_12' title="bbox 88 1547 1749 1624; baseline 0.003 -22"><span class='ocrx_word' id='word_1_67' title='bbox 88 1547 315 1604; x_wconf 89' lang='lat' dir='ltr'><strong>batioue</strong></span> <span class='ocrx_word' id='word_1_68' title='bbox 346 1548 736 1615; x_wconf 72' lang='lat' dir='ltr'><strong>infructuosa,</strong></span> <span class='ocrx_word' id='word_1_69' title='bbox 768 1554 1195 1621; x_wconf 89' lang='lat' dir='ltr'><strong>consequenter</strong></span> <span class='ocrx_word' id='word_1_70' title='bbox 1223 1550 1397 1607; x_wconf 85' lang='lat' dir='ltr'><strong>noxia</strong></span> <span class='ocrx_word' id='word_1_71' title='bbox 1424 1555 1531 1607; x_wconf 90' lang='lat' dir='ltr'><strong>est.</strong></span> <span class='ocrx_word' id='word_1_72' title='bbox 1556 1558 1749 1624; x_wconf 82' lang='lat' dir='ltr'><strong>Appa-</strong></span> 
     </span>
    </p>
   </div>
   <div class='ocr_carea' id='block_1_13' title="bbox 87 1638 1745 1710">
    <p class='ocr_par' dir='ltr' id='par_1_13' title="bbox 87 1638 1745 1710">
     <span class='ocr_line' id='line_1_13' title="bbox 87 1638 1745 1710; baseline 0.002 -19"><span class='ocrx_word' id='word_1_73' title='bbox 87 1640 168 1692; x_wconf 86' lang='lat' dir='ltr'><strong>ret</strong></span> <span class='ocrx_word' id='word_1_74' title='bbox 191 1652 333 1710; x_wconf 89' lang='lat' dir='ltr'><strong>ergo</strong></span> <span class='ocrx_word' id='word_1_75' title='bbox 365 1638 525 1709; x_wconf 91' lang='lat' dir='ltr'><strong>quod</strong></span> <span class='ocrx_word' id='word_1_76' title='bbox 555 1638 921 1693; x_wconf 84' lang='lat' dir='ltr'><strong>consuetudo</strong></span> <span class='ocrx_word' id='word_1_77' title='bbox 954 1656 1082 1709; x_wconf 84' lang='lat' dir='ltr'><strong>quas</strong></span> <span class='ocrx_word' id='word_1_78' title='bbox 1113 1639 1248 1695; x_wconf 81' lang='lat' dir='ltr'><strong>ﬁdei</strong></span> <span class='ocrx_word' id='word_1_79' title='bbox 1306 1638 1626 1707; x_wconf 84' lang='lat' dir='ltr'><strong>catholicas,</strong></span> <span class='ocrx_word' id='word_1_80' title='bbox 1657 1639 1745 1696; x_wconf 85' lang='lat' dir='ltr'><strong>vel</strong></span> 
     </span>
    </p>
   </div>
   <div class='ocr_carea' id='block_1_14' title="bbox 85 1725 1749 1801">
    <p class='ocr_par' dir='ltr' id='par_1_14' title="bbox 85 1725 1749 1801">
     <span class='ocr_line' id='line_1_14' title="bbox 85 1725 1749 1801; baseline 0.001 -18"><span class='ocrx_word' id='word_1_81' title='bbox 85 1725 465 1784; x_wconf 68' lang='lat' dir='ltr'><strong>saecularibus</strong></span> <span class='ocrx_word' id='word_1_82' title='bbox 492 1726 724 1801; x_wconf 82' lang='lat' dir='ltr'><strong>legibus</strong></span> <span class='ocrx_word' id='word_1_83' title='bbox 746 1744 862 1783; x_wconf 93' lang='lat' dir='ltr'><strong>non</strong></span> <span class='ocrx_word' id='word_1_84' title='bbox 886 1728 1440 1797; x_wconf 87' lang='lat' dir='ltr'><strong>obest,omnimodis</strong></span> <span class='ocrx_word' id='word_1_85' title='bbox 1460 1729 1749 1785; x_wconf 83' lang='lat' dir='ltr'><strong>servanda</strong></span> 
     </span>
    </p>
   </div>
   <div class='ocr_carea' id='block_1_15' title="bbox 85 1815 1745 1889">
    <p class='ocr_par' dir='ltr' id='par_1_15' title="bbox 85 1815 1745 1889">
     <span class='ocr_line' id='line_1_15' title="bbox 85 1815 1745 1889; baseline 0.001 -17"><span class='ocrx_word' id='word_1_86' title='bbox 85 1815 175 1882; x_wconf 91' lang='lat' dir='ltr'><strong>sit,</strong></span> <span class='ocrx_word' id='word_1_87' title='bbox 207 1817 367 1889; x_wconf 91' lang='lat' dir='ltr'><strong>quod</strong></span> <span class='ocrx_word' id='word_1_88' title='bbox 401 1815 810 1873; x_wconf 90' lang='lat' dir='ltr'><strong>Theodosiano</strong></span> <span class='ocrx_word' id='word_1_89' title='bbox 842 1818 1231 1874; x_wconf 85' lang='lat' dir='ltr'><strong>conﬁrmatur</strong></span> <span class='ocrx_word' id='word_1_90' title='bbox 1249 1817 1460 1875; x_wconf 91' lang='lat' dir='ltr'><strong>edicto.</strong></span> <span class='ocrx_word' id='word_1_91' title='bbox 1485 1818 1594 1874; x_wconf 88' lang='lat' dir='ltr'><strong>Sed</strong></span> <span class='ocrx_word' id='word_1_92' title='bbox 1619 1817 1745 1874; x_wconf 67' lang='lat' dir='ltr'><strong>haec</strong></span> 
     </span>
    </p>
   </div>
   <div class='ocr_carea' id='block_1_16' title="bbox 84 1904 1822 2015">
    <p class='ocr_par' dir='ltr' id='par_1_16' title="bbox 84 1904 1822 2015">
     <span class='ocr_line' id='line_1_16' title="bbox 84 1904 1822 2015; baseline 0 -54"><span class='ocrx_word' id='word_1_93' title='bbox 84 1904 149 1961; x_wconf 89' lang='lat' dir='ltr'><strong>de</strong></span> <span class='ocrx_word' id='word_1_94' title='bbox 169 1921 291 1978; x_wconf 89' lang='lat' dir='ltr'><strong>qua</strong></span> <span class='ocrx_word' id='word_1_95' title='bbox 311 1921 470 1962; x_wconf 90' lang='lat' dir='ltr'><strong>nunc</strong></span> <span class='ocrx_word' id='word_1_96' title='bbox 492 1906 689 1979; x_wconf 88' lang='lat' dir='ltr'><strong>agitur</strong></span> <span class='ocrx_word' id='word_1_97' title='bbox 709 1907 1092 1978; x_wconf 89' lang='lat' dir='ltr'><strong>consuetudo,</strong></span> <span class='ocrx_word' id='word_1_98' title='bbox 1127 1923 1233 1963; x_wconf 89' lang='lat' dir='ltr'><strong>nec</strong></span> <span class='ocrx_word' id='word_1_99' title='bbox 1255 1906 1552 1963; x_wconf 73' lang='lat' dir='ltr'><strong>catholica:</strong></span> <span class='ocrx_word' id='word_1_100' title='bbox 1586 1907 1742 1978; x_wconf 83' lang='lat' dir='ltr'><strong>ﬁdei,</strong></span> <span class='ocrx_word' id='word_1_101' title='bbox 1774 1949 1822 2015; x_wconf 84' lang='lat' dir='ltr'><strong>B</strong></span> 
     </span>
     <span class='ocr_line' id='line_1_17' title="bbox 84 1993 1741 2015; baseline 0 -2"><span class='ocrx_word' id='word_1_102' title='bbox 84 2009 179 2015; x_wconf 58' lang='grc' dir='ltr'><strong>η,</strong></span> <span class='ocrx_word' id='word_1_103' title='bbox 205 1994 309 2015; x_wconf 63' lang='grc' dir='ltr'><strong>--.ιε</strong></span> <span class='ocrx_word' id='word_1_104' title='bbox 345 1993 803 2015; x_wconf 22' lang='lat' dir='ltr'><strong>“Longum”-</strong></span> <span class='ocrx_word' id='word_1_105' title='bbox 842 1995 952 2015; x_wconf 39' lang='grc' dir='ltr'><strong>.-με</strong></span> <span class='ocrx_word' id='word_1_106' title='bbox 980 2013 1003 2015; x_wconf 27' lang='grc' dir='ltr'><em>Α</em></span> <span class='ocrx_word' id='word_1_107' title='bbox 1233 1996 1537 2015; x_wconf 22' lang='grc' dir='ltr'><strong>.--μμ-Α.</strong></span> <span class='ocrx_word' id='word_1_108' title='bbox 1586 1996 1609 2015; x_wconf 70' lang='grc' dir='ltr'><strong>τ</strong></span> 
     </span>
    </p>
   </div>
   <div class='ocr_carea' id='block_1_17' title="bbox 80 1993 1747 2069">
    <p class='ocr_par' dir='ltr' id='par_1_17' title="bbox 80 1993 1747 2069">
     <span class='ocr_line' id='line_1_18' title="bbox 80 1993 1747 2069; baseline 0.001 -20"><span class='ocrx_word' id='word_1_109' title='bbox 80 2009 183 2050; x_wconf 87' lang='lat' dir='ltr'><strong>nec</strong></span> <span class='ocrx_word' id='word_1_110' title='bbox 205 1994 312 2050; x_wconf 83' lang='lat' dir='ltr'><strong>ulli</strong></span> <span class='ocrx_word' id='word_1_111' title='bbox 344 1993 812 2053; x_wconf 87' lang='lat' dir='ltr'><strong>Christianorum</strong></span> <span class='ocrx_word' id='word_1_112' title='bbox 842 1995 954 2069; x_wconf 85' lang='lat' dir='ltr'><strong>legi</strong></span> <span class='ocrx_word' id='word_1_113' title='bbox 976 1995 1210 2069; x_wconf 86' lang='lat' dir='ltr'><strong>penitus</strong></span> <span class='ocrx_word' id='word_1_114' title='bbox 1232 1996 1560 2069; x_wconf 83' lang='lat' dir='ltr'><strong>impugnat.</strong></span> <span class='ocrx_word' id='word_1_115' title='bbox 1586 1995 1747 2052; x_wconf 90' lang='lat' dir='ltr'><strong>Licet</strong></span> 
     </span>
    </p>
   </div>
   <div class='ocr_carea' id='block_1_18' title="bbox 82 2083 1745 2157">
    <p class='ocr_par' dir='ltr' id='par_1_18' title="bbox 82 2083 1745 2157">
     <span class='ocr_line' id='line_1_19' title="bbox 82 2083 1745 2157; baseline 0.002 -20"><span class='ocrx_word' id='word_1_116' title='bbox 82 2086 272 2139; x_wconf 85' lang='lat' dir='ltr'><strong>tamen</strong></span> <span class='ocrx_word' id='word_1_117' title='bbox 299 2085 573 2156; x_wconf 65' lang='lat' dir='ltr'><strong>quadam</strong></span> <span class='ocrx_word' id='word_1_118' title='bbox 595 2083 754 2157; x_wconf 89' lang='lat' dir='ltr'><strong>leges</strong></span> <span class='ocrx_word' id='word_1_119' title='bbox 784 2084 906 2140; x_wconf 89' lang='lat' dir='ltr'><strong>sint</strong></span> <span class='ocrx_word' id='word_1_120' title='bbox 935 2086 995 2139; x_wconf 92' lang='lat' dir='ltr'><strong>in</strong></span> <span class='ocrx_word' id='word_1_121' title='bbox 1026 2086 1246 2157; x_wconf 88' lang='lat' dir='ltr'><strong>quibus</strong></span> <span class='ocrx_word' id='word_1_122' title='bbox 1268 2084 1390 2141; x_wconf 72' lang='lat' dir='ltr'><strong>haec</strong></span> <span class='ocrx_word' id='word_1_123' title='bbox 1409 2083 1745 2157; x_wconf 89' lang='lat' dir='ltr'><strong>specialiter</strong></span> 
     </span>
    </p>
   </div>
   <div class='ocr_carea' id='block_1_19' title="bbox 79 2173 1757 2247">
    <p class='ocr_par' dir='ltr' id='par_1_19' title="bbox 79 2173 1757 2247">
     <span class='ocr_line' id='line_1_20' title="bbox 79 2173 1757 2247; baseline 0.002 -21"><span class='ocrx_word' id='word_1_124' title='bbox 79 2188 188 2227; x_wconf 90' lang='lat' dir='ltr'><strong>non</strong></span> <span class='ocrx_word' id='word_1_125' title='bbox 221 2173 769 2242; x_wconf 84' lang='lat' dir='ltr'><strong>contineantur,sed</strong></span> <span class='ocrx_word' id='word_1_126' title='bbox 792 2173 1057 2230; x_wconf 89' lang='lat' dir='ltr'><strong>nullaest</strong></span> <span class='ocrx_word' id='word_1_127' title='bbox 1076 2191 1204 2246; x_wconf 71' lang='lat' dir='ltr'><strong>quae</strong></span> <span class='ocrx_word' id='word_1_128' title='bbox 1226 2174 1364 2230; x_wconf 89' lang='lat' dir='ltr'><strong>huic</strong></span> <span class='ocrx_word' id='word_1_129' title='bbox 1384 2174 1757 2247; x_wconf 77' lang='lat' dir='ltr'><strong>[impugnare</strong></span> 
     </span>
    </p>
   </div>
   <div class='ocr_carea' id='block_1_20' title="bbox 76 2260 1746 2334">
    <p class='ocr_par' dir='ltr' id='par_1_20' title="bbox 76 2260 1746 2334">
     <span class='ocr_line' id='line_1_21' title="bbox 76 2260 1746 2334; baseline 0.002 -19"><span class='ocrx_word' id='word_1_130' title='bbox 76 2260 363 2317; x_wconf 87' lang='lat' dir='ltr'><strong>videatur.</strong></span> <span class='ocrx_word' id='word_1_131' title='bbox 400 2262 767 2334; x_wconf 78' lang='lat' dir='ltr'><strong>Quapropter</strong></span> <span class='ocrx_word' id='word_1_132' title='bbox 796 2263 926 2318; x_wconf 92' lang='lat' dir='ltr'><strong>ideo</strong></span> <span class='ocrx_word' id='word_1_133' title='bbox 946 2263 1019 2318; x_wconf 90' lang='lat' dir='ltr'><strong>de</strong></span> <span class='ocrx_word' id='word_1_134' title='bbox 1075 2263 1186 2318; x_wconf 92' lang='lat' dir='ltr'><strong>hac</strong></span> <span class='ocrx_word' id='word_1_135' title='bbox 1241 2262 1459 2318; x_wconf 90' lang='lat' dir='ltr'><strong>multos</strong></span> <span class='ocrx_word' id='word_1_136' title='bbox 1486 2262 1746 2318; x_wconf 88' lang='lat' dir='ltr'><strong>tacuisse</strong></span> 
     </span>
    </p>
   </div>
   <div class='ocr_carea' id='block_1_21' title="bbox 76 2349 1746 2422">
    <p class='ocr_par' dir='ltr' id='par_1_21' title="bbox 76 2349 1746 2422">
     <span class='ocr_line' id='line_1_22' title="bbox 76 2349 1746 2422; baseline 0.001 -18"><span class='ocrx_word' id='word_1_137' title='bbox 76 2350 416 2422; x_wconf 89' lang='lat' dir='ltr'><strong>antiquitus</strong></span> <span class='ocrx_word' id='word_1_138' title='bbox 436 2351 757 2421; x_wconf 88' lang='lat' dir='ltr'><strong>credimus,</strong></span> <span class='ocrx_word' id='word_1_139' title='bbox 790 2350 931 2422; x_wconf 89' lang='lat' dir='ltr'><strong>quia</strong></span> <span class='ocrx_word' id='word_1_140' title='bbox 957 2349 1018 2406; x_wconf 91' lang='lat' dir='ltr'><strong>in</strong></span> <span class='ocrx_word' id='word_1_141' title='bbox 1048 2367 1199 2406; x_wconf 90' lang='lat' dir='ltr'><strong>nova</strong></span> <span class='ocrx_word' id='word_1_142' title='bbox 1254 2351 1424 2422; x_wconf 88' lang='lat' dir='ltr'><strong>quasi</strong></span> <span class='ocrx_word' id='word_1_143' title='bbox 1462 2350 1746 2422; x_wconf 88' lang='lat' dir='ltr'><strong>religione</strong></span> 
     </span>
    </p>
   </div>
   <div class='ocr_carea' id='block_1_22' title="bbox 75 2436 1744 2511">
    <p class='ocr_par' dir='ltr' id='par_1_22' title="bbox 75 2436 1744 2511">
     <span class='ocr_line' id='line_1_23' title="bbox 75 2436 1744 2511; baseline 0.002 -19"><span class='ocrx_word' id='word_1_144' title='bbox 75 2436 483 2510; x_wconf 87' lang='lat' dir='ltr'><strong>baptismatis,</strong></span> <span class='ocrx_word' id='word_1_145' title='bbox 506 2438 709 2494; x_wconf 89' lang='lat' dir='ltr'><strong>nullus</strong></span> <span class='ocrx_word' id='word_1_146' title='bbox 729 2438 1099 2494; x_wconf 89' lang='lat' dir='ltr'><strong>Christianus</strong></span> <span class='ocrx_word' id='word_1_147' title='bbox 1119 2438 1261 2495; x_wconf 89' lang='lat' dir='ltr'><strong>talia</strong></span> <span class='ocrx_word' id='word_1_148' title='bbox 1279 2455 1633 2511; x_wconf 74' lang='lat' dir='ltr'><strong>praesumere</strong></span> <span class='ocrx_word' id='word_1_149' title='bbox 1653 2455 1744 2495; x_wconf 90' lang='lat' dir='ltr'><strong>co-</strong></span> 
     </span>
    </p>
   </div>
   <div class='ocr_carea' id='block_1_23' title="bbox 75 2526 1742 2599">
    <p class='ocr_par' dir='ltr' id='par_1_23' title="bbox 75 2526 1742 2599">
     <span class='ocr_line' id='line_1_24' title="bbox 75 2526 1742 2599; baseline 0.001 -18"><span class='ocrx_word' id='word_1_150' title='bbox 75 2527 345 2584; x_wconf 88' lang='lat' dir='ltr'><strong>nabatur</strong></span> <span class='ocrx_word' id='word_1_151' title='bbox 370 2545 385 2596; x_wconf 89' lang='lat'><strong>;</strong></span> <span class='ocrx_word' id='word_1_152' title='bbox 419 2542 527 2583; x_wconf 87' lang='lat' dir='ltr'><strong>nec</strong></span> <span class='ocrx_word' id='word_1_153' title='bbox 550 2526 892 2598; x_wconf 87' lang='lat' dir='ltr'><strong>judicavere</strong></span> <span class='ocrx_word' id='word_1_154' title='bbox 921 2526 1411 2595; x_wconf 88' lang='lat' dir='ltr'><strong>interdicendum,</strong></span> <span class='ocrx_word' id='word_1_155' title='bbox 1441 2528 1594 2599; x_wconf 92' lang='lat' dir='ltr'><strong>quod</strong></span> <span class='ocrx_word' id='word_1_156' title='bbox 1625 2544 1742 2583; x_wconf 91' lang='lat' dir='ltr'><strong>non</strong></span> 
     </span>
    </p>
   </div>
   <div class='ocr_carea' id='block_1_24' title="bbox 72 2616 1747 2688">
    <p class='ocr_par' dir='ltr' id='par_1_24' title="bbox 72 2616 1747 2688">
     <span class='ocr_line' id='line_1_25' title="bbox 72 2616 1747 2688; baseline 0.001 -18"><span class='ocrx_word' id='word_1_157' title='bbox 72 2616 397 2672; x_wconf 89' lang='lat' dir='ltr'><strong>credebant</strong></span> <span class='ocrx_word' id='word_1_158' title='bbox 425 2616 933 2688; x_wconf 64' lang='lat' dir='ltr'><strong>praesumendum.</strong></span> <span class='ocrx_word' id='word_1_159' title='bbox 984 2617 1126 2671; x_wconf 89' lang='lat' dir='ltr'><strong>Nam</strong></span> <span class='ocrx_word' id='word_1_160' title='bbox 1171 2616 1323 2686; x_wconf 84' lang='lat' dir='ltr'><strong>justo</strong></span> <span class='ocrx_word' id='word_1_161' title='bbox 1380 2617 1473 2671; x_wconf 77' lang='lat' dir='ltr'><strong>lea:</strong></span> <span class='ocrx_word' id='word_1_162' title='bbox 1525 2632 1636 2672; x_wconf 87' lang='lat' dir='ltr'><strong>non</strong></span> <span class='ocrx_word' id='word_1_163' title='bbox 1669 2624 1747 2673; x_wconf 88' lang='lat' dir='ltr'><strong>cst</strong></span> 
     </span>
    </p>
   </div>
   <div class='ocr_carea' id='block_1_25' title="bbox 68 2703 1739 2775">
    <p class='ocr_par' dir='ltr' id='par_1_25' title="bbox 68 2703 1739 2775">
     <span class='ocr_line' id='line_1_26' title="bbox 68 2703 1739 2775; baseline -0.001 -14"><span class='ocrx_word' id='word_1_164' title='bbox 68 2705 263 2775; x_wconf 80' lang='lat' dir='ltr'><strong>posita,</strong></span> <span class='ocrx_word' id='word_1_165' title='bbox 300 2703 404 2759; x_wconf 88' lang='lat' dir='ltr'><strong>sed</strong></span> <span class='ocrx_word' id='word_1_166' title='bbox 439 2704 664 2774; x_wconf 87' lang='lat' dir='ltr'><strong>injustis</strong></span> <span class='ocrx_word' id='word_1_167' title='bbox 696 2704 744 2775; x_wconf 94' lang='lat' dir='ltr'><strong>(I</strong></span> <span class='ocrx_word' id='word_1_168' title='bbox 803 2704 937 2758; x_wconf 86' lang='lat' dir='ltr'><strong>Tim.</strong></span> <span class='ocrx_word' id='word_1_169' title='bbox 998 2721 1037 2774; x_wconf 85' lang='grc' dir='ltr'><strong>ι,</strong></span> <span class='ocrx_word' id='word_1_170' title='bbox 1095 2705 1172 2773; x_wconf 89' lang='lat'><strong>9).</strong></span> <span class='ocrx_word' id='word_1_171' title='bbox 1244 2708 1517 2760; x_wconf 84' lang='lat' dir='ltr'><strong>Attamen</strong></span> <span class='ocrx_word' id='word_1_172' title='bbox 1548 2703 1739 2775; x_wconf 85' lang='lat' dir='ltr'><strong>nobis,</strong></span> 
     </span>
    </p>
   </div>
   <div class='ocr_carea' id='block_1_26' title="bbox 69 2791 1740 2865">
    <p class='ocr_par' dir='ltr' id='par_1_26' title="bbox 69 2791 1740 2865">
     <span class='ocr_line' id='line_1_27' title="bbox 69 2791 1740 2865; baseline 0.001 -17"><span class='ocrx_word' id='word_1_173' title='bbox 69 2792 284 2863; x_wconf 87' lang='lat' dir='ltr'><strong>quibus</strong></span> <span class='ocrx_word' id='word_1_174' title='bbox 318 2791 462 2847; x_wconf 88' lang='lat' dir='ltr'><strong>licet</strong></span> <span class='ocrx_word' id='word_1_175' title='bbox 491 2791 751 2865; x_wconf 90' lang='lat' dir='ltr'><strong>indignis</strong></span> <span class='ocrx_word' id='word_1_176' title='bbox 781 2792 1151 2848; x_wconf 88' lang='lat' dir='ltr'><strong>discernendi</strong></span> <span class='ocrx_word' id='word_1_177' title='bbox 1184 2792 1461 2864; x_wconf 88' lang='lat' dir='ltr'><strong>imposita</strong></span> <span class='ocrx_word' id='word_1_178' title='bbox 1492 2796 1581 2849; x_wconf 90' lang='lat' dir='ltr'><strong>est</strong></span> <span class='ocrx_word' id='word_1_179' title='bbox 1601 2810 1740 2849; x_wconf 91' lang='lat' dir='ltr'><strong>con-</strong></span> 
     </span>
    </p>
   </div>
   <div class='ocr_carea' id='block_1_27' title="bbox 67 2880 1743 2954">
    <p class='ocr_par' dir='ltr' id='par_1_27' title="bbox 67 2880 1743 2954">
     <span class='ocr_line' id='line_1_28' title="bbox 67 2880 1743 2954; baseline 0.001 -18"><span class='ocrx_word' id='word_1_180' title='bbox 67 2880 232 2954; x_wconf 87' lang='lat' dir='ltr'><strong>ditio,</strong></span> <span class='ocrx_word' id='word_1_181' title='bbox 260 2885 335 2937; x_wconf 88' lang='lat' dir='ltr'><strong>ut</strong></span> <span class='ocrx_word' id='word_1_182' title='bbox 356 2881 696 2937; x_wconf 89' lang='lat' dir='ltr'><strong>dividamus</strong></span> <span class='ocrx_word' id='word_1_183' title='bbox 717 2880 869 2937; x_wconf 89' lang='lat' dir='ltr'><strong>inter</strong></span> <span class='ocrx_word' id='word_1_184' title='bbox 888 2882 1178 2938; x_wconf 90' lang='lat' dir='ltr'><strong>mundum</strong></span> <span class='ocrx_word' id='word_1_185' title='bbox 1203 2886 1261 2938; x_wconf 89' lang='lat' dir='ltr'><strong>et</strong></span> <span class='ocrx_word' id='word_1_186' title='bbox 1279 2882 1743 2953; x_wconf 91' lang='lat' dir='ltr'><strong>immundum,et</strong></span> 
     </span>
    </p>
   </div>
   <div class='ocr_carea' id='block_1_28' title="bbox 68 2968 1740 3043">
    <p class='ocr_par' dir='ltr' id='par_1_28' title="bbox 68 2968 1740 3043">
     <span class='ocr_line' id='line_1_29' title="bbox 68 2968 1740 3043; baseline 0.003 -20"><span class='ocrx_word' id='word_1_187' title='bbox 68 2969 318 3043; x_wconf 88' lang='lat' dir='ltr'><strong>lepram,</strong></span> <span class='ocrx_word' id='word_1_188' title='bbox 354 2969 502 3026; x_wconf 85' lang='lat' dir='ltr'><strong>talia</strong></span> <span class='ocrx_word' id='word_1_189' title='bbox 559 2970 830 3026; x_wconf 88' lang='lat' dir='ltr'><strong>convenit</strong></span> <span class='ocrx_word' id='word_1_190' title='bbox 884 2968 1235 3040; x_wconf 88' lang='lat' dir='ltr'><strong>declamare,</strong></span> <span class='ocrx_word' id='word_1_191' title='bbox 1286 2987 1360 3027; x_wconf 89' lang='lat' dir='ltr'><strong>ne</strong></span> <span class='ocrx_word' id='word_1_192' title='bbox 1414 2975 1674 3027; x_wconf 88' lang='lat' dir='ltr'><strong>tacentes</strong></span> <span class='ocrx_word' id='word_1_193' title='bbox 1705 2988 1740 3028; x_wconf 90' lang='lat' dir='ltr'><strong>a</strong></span> 
     </span>
    </p>
   </div>
   <div class='ocr_carea' id='block_1_29' title="bbox 67 3058 1740 3132">
    <p class='ocr_par' dir='ltr' id='par_1_29' title="bbox 67 3058 1740 3132">
     <span class='ocr_line' id='line_1_30' title="bbox 67 3058 1740 3132; baseline 0 -17"><span class='ocrx_word' id='word_1_194' title='bbox 67 3058 317 3116; x_wconf 90' lang='lat' dir='ltr'><strong>Domino</strong></span> <span class='ocrx_word' id='word_1_195' title='bbox 350 3075 461 3132; x_wconf 90' lang='lat' dir='ltr'><strong>per</strong></span> <span class='ocrx_word' id='word_1_196' title='bbox 490 3058 836 3132; x_wconf 90' lang='lat' dir='ltr'><strong>prophetam</strong></span> <span class='ocrx_word' id='word_1_197' title='bbox 868 3075 1212 3132; x_wconf 90' lang='lat' dir='ltr'><strong>arguamur,</strong></span> <span class='ocrx_word' id='word_1_198' title='bbox 1266 3060 1532 3116; x_wconf 89' lang='lat' dir='ltr'><strong>dicente:</strong></span> <span class='ocrx_word' id='word_1_199' title='bbox 1569 3062 1740 3117; x_wconf 91' lang='lat' dir='ltr'><strong>Canes</strong></span> 
     </span>
    </p>
   </div>
   <div class='ocr_carea' id='block_1_30' title="bbox 65 3148 1737 3222">
    <p class='ocr_par' dir='ltr' id='par_1_30' title="bbox 65 3148 1737 3222">
     <span class='ocr_line' id='line_1_31' title="bbox 65 3148 1737 3222; baseline 0 -19"><span class='ocrx_word' id='word_1_200' title='bbox 65 3151 202 3204; x_wconf 83' lang='lat' dir='ltr'><strong>muti</strong></span> <span class='ocrx_word' id='word_1_201' title='bbox 232 3165 350 3205; x_wconf 84' lang='lat' dir='ltr'><strong>non</strong></span> <span class='ocrx_word' id='word_1_202' title='bbox 381 3149 628 3204; x_wconf 79' lang='lat' dir='ltr'><strong>valentes</strong></span> <span class='ocrx_word' id='word_1_203' title='bbox 659 3148 866 3204; x_wconf 88' lang='lat' dir='ltr'><strong>latrare</strong></span> <span class='ocrx_word' id='word_1_204' title='bbox 895 3148 1047 3220; x_wconf 90' lang='lat' dir='ltr'><strong>(Isai.</strong></span> <span class='ocrx_word' id='word_1_205' title='bbox 1094 3166 1203 3220; x_wconf 84' lang='lat' dir='ltr'><strong>LVI,</strong></span> <span class='ocrx_word' id='word_1_206' title='bbox 1264 3148 1374 3221; x_wconf 90' lang='grc'><strong>10),</strong></span> <span class='ocrx_word' id='word_1_207' title='bbox 1434 3165 1507 3204; x_wconf 92' lang='lat' dir='ltr'><strong>ne</strong></span> <span class='ocrx_word' id='word_1_208' title='bbox 1536 3148 1737 3222; x_wconf 91' lang='lat' dir='ltr'><strong>populi</strong></span> 
     </span>
    </p>
   </div>
   <div class='ocr_carea' id='block_1_31' title="bbox 70 3235 1738 3309">
    <p class='ocr_par' dir='ltr' id='par_1_31' title="bbox 70 3235 1738 3309">
     <span class='ocr_line' id='line_1_32' title="bbox 70 3235 1738 3309; baseline 0.001 -18"><span class='ocrx_word' id='word_1_209' title='bbox 70 3238 413 3294; x_wconf 85' lang='lat' dir='ltr'><strong>consentire</strong></span> <span class='ocrx_word' id='word_1_210' title='bbox 471 3236 713 3309; x_wconf 87' lang='lat' dir='ltr'><strong>ﬂagitiis</strong></span> <span class='ocrx_word' id='word_1_211' title='bbox 771 3236 1096 3301; x_wconf 89' lang='lat' dir='ltr'><strong>videamur,</strong></span> <span class='ocrx_word' id='word_1_212' title='bbox 1157 3240 1217 3292; x_wconf 91' lang='lat' dir='ltr'><strong>et</strong></span> <span class='ocrx_word' id='word_1_213' title='bbox 1245 3235 1738 3308; x_wconf 89' lang='lat' dir='ltr'><strong>reprehensibiles</strong></span> 
     </span>
    </p>
   </div>
   <div class='ocr_carea' id='block_1_32' title="bbox 1591 438 2022 504">
    <p class='ocr_par' dir='ltr' id='par_1_32' title="bbox 1591 438 2022 504">
     <span class='ocr_line' id='line_1_33' title="bbox 1591 438 2022 504; baseline 0.007 -3"><span class='ocrx_word' id='word_1_214' title='bbox 1591 438 2022 504; x_wconf 68' lang='lat' dir='ltr'><strong>EPISTOLJE.</strong></span> 
     </span>
    </p>
   </div>
   <div class='ocr_carea' id='block_1_33' title="bbox 110 566 3483 662">
    <p class='ocr_par' dir='ltr' id='par_1_33' title="bbox 110 566 3483 662">
     <span class='ocr_line' id='line_1_34' title="bbox 110 566 3483 662; baseline 0.006 -39"><span class='ocrx_word' id='word_1_215' title='bbox 110 585 144 635; x_wconf 85' lang='grc' dir='ltr'><strong>ι,</strong></span> <span class='ocrx_word' id='word_1_216' title='bbox 169 568 322 639; x_wconf 84' lang='lat' dir='ltr'><strong>epist.</strong></span> <span class='ocrx_word' id='word_1_217' title='bbox 464 583 478 623; x_wconf 88' lang='lat'><strong>:</strong></span> <span class='ocrx_word' id='word_1_218' title='bbox 505 587 534 618; x_wconf 85' lang='lat'><strong><em>«</em></strong></span> <span class='ocrx_word' id='word_1_219' title='bbox 562 566 630 623; x_wconf 88' lang='lat' dir='ltr'><strong>Et</strong></span> <span class='ocrx_word' id='word_1_220' title='bbox 657 583 765 624; x_wconf 90' lang='lat' dir='ltr'><strong>nos</strong></span> <span class='ocrx_word' id='word_1_221' title='bbox 782 568 951 640; x_wconf 83' lang='lat' dir='ltr'><strong>juxta</strong></span> <span class='ocrx_word' id='word_1_222' title='bbox 974 570 1185 627; x_wconf 89' lang='lat' dir='ltr'><strong>seriem</strong></span> <span class='ocrx_word' id='word_1_223' title='bbox 1208 570 1509 662; x_wconf 86' lang='lat' dir='ltr'><strong>relationis</strong></span> <span class='ocrx_word' id='word_1_224' title='bbox 1556 576 1761 662; x_wconf 71' lang='lat' dir='ltr'><strong>vestrae</strong></span> <span class='ocrx_word' id='word_1_225' title='bbox 1791 574 1847 641; x_wconf 83' lang='grc' dir='ltr'><strong>Α</strong></span> <span class='ocrx_word' id='word_1_226' title='bbox 1876 577 2107 647; x_wconf 79' lang='lat' dir='ltr'><strong>accipiet</strong></span> <span class='ocrx_word' id='word_1_227' title='bbox 2127 580 2177 633; x_wconf 88' lang='lat' dir='ltr'><strong>et</strong></span> <span class='ocrx_word' id='word_1_228' title='bbox 2205 579 2380 634; x_wconf 77' lang='lat' dir='ltr'><strong>vitam</strong></span> <span class='ocrx_word' id='word_1_229' title='bbox 2392 586 2662 637; x_wconf 57' lang='lat' dir='ltr'><strong>(aeternam</strong></span> <span class='ocrx_word' id='word_1_230' title='bbox 2677 582 2971 653; x_wconf 79' lang='lat' dir='ltr'><strong>possidebit</strong></span> <span class='ocrx_word' id='word_1_231' title='bbox 2995 587 3215 655; x_wconf 79' lang='lat' dir='ltr'><strong>(Matth.</strong></span> <span class='ocrx_word' id='word_1_232' title='bbox 3248 604 3366 657; x_wconf 69' lang='lat' dir='ltr'><strong>xm,</strong></span> <span class='ocrx_word' id='word_1_233' title='bbox 3393 589 3483 662; x_wconf 88' lang='lat'><strong>29)</strong></span> 
     </span>
    </p>
   </div>
   <div class='ocr_carea' id='block_1_34' title="bbox 3404 460 3522 521">
    <p class='ocr_par' dir='ltr' id='par_1_34' title="bbox 3404 460 3522 521">
     <span class='ocr_line' id='line_1_35' title="bbox 3404 460 3522 521; baseline 0.017 -2"><span class='ocrx_word' id='word_1_234' title='bbox 3404 460 3522 521; x_wconf 83' lang='grc'><strong>110</strong></span> 
     </span>
    </p>
   </div>
   <div class='ocr_carea' id='block_1_35' title="bbox 1864 664 3524 750">
    <p class='ocr_par' dir='ltr' id='par_1_35' title="bbox 1864 664 3524 750">
     <span class='ocr_line' id='line_1_36' title="bbox 1864 664 3524 750; baseline 0.01 -33"><span class='ocrx_word' id='word_1_235' title='bbox 1864 669 1926 719; x_wconf 87' lang='lat' dir='ltr'><strong>ut</strong></span> <span class='ocrx_word' id='word_1_236' title='bbox 1957 664 2170 722; x_wconf 88' lang='lat' dir='ltr'><strong>Paulus</strong></span> <span class='ocrx_word' id='word_1_237' title='bbox 2192 667 2491 738; x_wconf 87' lang='lat' dir='ltr'><strong>apostolus</strong></span> <span class='ocrx_word' id='word_1_238' title='bbox 2516 687 2529 725; x_wconf 93' lang='lat'><strong>:</strong></span> <span class='ocrx_word' id='word_1_239' title='bbox 2554 670 2672 726; x_wconf 88' lang='lat' dir='ltr'><strong>Non</strong></span> <span class='ocrx_word' id='word_1_240' title='bbox 2686 680 2764 727; x_wconf 87' lang='lat' dir='ltr'><strong>est</strong></span> <span class='ocrx_word' id='word_1_241' title='bbox 2792 674 2940 727; x_wconf 87' lang='lat' dir='ltr'><strong>enim</strong></span> <span class='ocrx_word' id='word_1_242' title='bbox 2969 677 3223 732; x_wconf 81' lang='lat' dir='ltr'><strong>servituti</strong></span> <span class='ocrx_word' id='word_1_243' title='bbox 3246 677 3524 750; x_wconf 82' lang='lat' dir='ltr'><strong>subjectus</strong></span> 
     </span>
    </p>
   </div>
   <div class='ocr_carea' id='block_1_36' title="bbox 1858 752 3524 833">
    <p class='ocr_par' dir='ltr' id='par_1_36' title="bbox 1858 752 3524 833">
     <span class='ocr_line' id='line_1_37' title="bbox 1858 752 3524 833; baseline 0.01 -27"><span class='ocrx_word' id='word_1_244' title='bbox 1858 752 2043 824; x_wconf 84' lang='lat' dir='ltr'><strong>frater</strong></span> <span class='ocrx_word' id='word_1_245' title='bbox 2069 762 2167 809; x_wconf 85' lang='lat' dir='ltr'><strong>aut</strong></span> <span class='ocrx_word' id='word_1_246' title='bbox 2193 771 2351 811; x_wconf 86' lang='lat' dir='ltr'><strong>soror</strong></span> <span class='ocrx_word' id='word_1_247' title='bbox 2405 759 2467 812; x_wconf 86' lang='lat' dir='ltr'><strong>in</strong></span> <span class='ocrx_word' id='word_1_248' title='bbox 2497 759 2808 829; x_wconf 86' lang='lat' dir='ltr'><strong>ejusmodi;</strong></span> <span class='ocrx_word' id='word_1_249' title='bbox 2836 762 2893 816; x_wconf 91' lang='lat' dir='ltr'><strong>in</strong></span> <span class='ocrx_word' id='word_1_250' title='bbox 2921 779 3056 833; x_wconf 86' lang='lat' dir='ltr'><strong>pace</strong></span> <span class='ocrx_word' id='word_1_251' title='bbox 3093 773 3278 820; x_wconf 87' lang='lat' dir='ltr'><strong>autem</strong></span> <span class='ocrx_word' id='word_1_252' title='bbox 3306 767 3524 822; x_wconf 86' lang='lat' dir='ltr'><strong>vocavit</strong></span> 
     </span>
    </p>
   </div>
   <div class='ocr_carea' id='block_1_37' title="bbox 1858 843 3519 920">
    <p class='ocr_par' dir='ltr' id='par_1_37' title="bbox 1858 843 3519 920">
     <span class='ocr_line' id='line_1_38' title="bbox 1858 843 3519 920; baseline 0.009 -25"><span class='ocrx_word' id='word_1_253' title='bbox 1858 858 1960 897; x_wconf 85' lang='lat' dir='ltr'><strong>nos</strong></span> <span class='ocrx_word' id='word_1_254' title='bbox 1990 843 2256 899; x_wconf 78' lang='lat' dir='ltr'><strong>Dominus</strong></span> <span class='ocrx_word' id='word_1_255' title='bbox 2289 845 2333 915; x_wconf 91' lang='grc'><strong>(1</strong></span> <span class='ocrx_word' id='word_1_256' title='bbox 2366 844 2488 902; x_wconf 90' lang='lat' dir='ltr'><strong>Cor.</strong></span> <span class='ocrx_word' id='word_1_257' title='bbox 2520 864 2627 916; x_wconf 82' lang='lat' dir='ltr'><strong>v11,</strong></span> <span class='ocrx_word' id='word_1_258' title='bbox 2657 849 2767 920; x_wconf 80' lang='grc'>14).</span> <span class='ocrx_word' id='word_1_259' title='bbox 2801 848 3089 908; x_wconf 88' lang='lat' dir='ltr'><strong>Dominus</strong></span> <span class='ocrx_word' id='word_1_260' title='bbox 3119 852 3296 908; x_wconf 88' lang='lat' dir='ltr'><strong>etiam</strong></span> <span class='ocrx_word' id='word_1_261' title='bbox 3327 853 3519 911; x_wconf 90' lang='lat' dir='ltr'><strong>divor-</strong></span> 
     </span>
    </p>
   </div>
   <div class='ocr_carea' id='block_1_38' title="bbox 1858 929 3517 1014">
    <p class='ocr_par' dir='ltr' id='par_1_38' title="bbox 1858 929 3517 1014">
     <span class='ocr_line' id='line_1_39' title="bbox 1858 929 3517 1014; baseline 0.008 -30"><span class='ocrx_word' id='word_1_262' title='bbox 1858 929 2009 986; x_wconf 90' lang='lat' dir='ltr'><strong>tium</strong></span> <span class='ocrx_word' id='word_1_263' title='bbox 2041 932 2380 1004; x_wconf 91' lang='lat' dir='ltr'><strong>prohibens,</strong></span> <span class='ocrx_word' id='word_1_264' title='bbox 2414 935 2820 994; x_wconf 85' lang='lat' dir='ltr'><strong>fornicationis</strong></span> <span class='ocrx_word' id='word_1_265' title='bbox 2851 955 3091 997; x_wconf 90' lang='lat' dir='ltr'><strong>causam</strong></span> <span class='ocrx_word' id='word_1_266' title='bbox 3152 942 3397 1014; x_wconf 88' lang='lat' dir='ltr'><strong>excepit,</strong></span> <span class='ocrx_word' id='word_1_267' title='bbox 3429 943 3517 999; x_wconf 88' lang='lat' dir='ltr'><strong>di-</strong></span> 
     </span>
    </p>
   </div>
   <div class='ocr_carea' id='block_1_39' title="bbox 1859 1026 3513 1103">
    <p class='ocr_par' dir='ltr' id='par_1_39' title="bbox 1859 1026 3513 1103">
     <span class='ocr_line' id='line_1_40' title="bbox 1859 1026 3513 1103; baseline 0.008 -29"><span class='ocrx_word' id='word_1_268' title='bbox 1859 1035 2062 1077; x_wconf 71' lang='lat' dir='ltr'><strong>cens:</strong></span> <span class='ocrx_word' id='word_1_269' title='bbox 2093 1026 2332 1094; x_wconf 70' lang='lat' dir='ltr'><strong>Excepta</strong></span> <span class='ocrx_word' id='word_1_270' title='bbox 2385 1027 2775 1095; x_wconf 78' lang='lat' dir='ltr'><strong>fornicationis</strong></span> <span class='ocrx_word' id='word_1_271' title='bbox 2828 1044 2996 1085; x_wconf 88' lang='lat' dir='ltr'><strong>causa</strong></span> <span class='ocrx_word' id='word_1_272' title='bbox 3050 1028 3268 1100; x_wconf 83' lang='lat' dir='ltr'><strong>(Matth.</strong></span> <span class='ocrx_word' id='word_1_273' title='bbox 3311 1048 3368 1100; x_wconf 88' lang='lat' dir='ltr'><strong>v,</strong></span> <span class='ocrx_word' id='word_1_274' title='bbox 3401 1031 3513 1103; x_wconf 89' lang='lat'><strong>32),</strong></span> 
     </span>
    </p>
   </div>
   <div class='ocr_carea' id='block_1_40' title="bbox 1858 1109 3518 1193">
    <p class='ocr_par' dir='ltr' id='par_1_40' title="bbox 1858 1109 3518 1193">
     <span class='ocr_line' id='line_1_41' title="bbox 1858 1109 3518 1193; baseline 0.009 -31"><span class='ocrx_word' id='word_1_275' title='bbox 1858 1109 2123 1181; x_wconf 90' lang='lat' dir='ltr'><strong>cujus,ut</strong></span> <span class='ocrx_word' id='word_1_276' title='bbox 2143 1112 2451 1179; x_wconf 90' lang='lat' dir='ltr'><strong>scitis,duo</strong></span> <span class='ocrx_word' id='word_1_277' title='bbox 2472 1120 2614 1171; x_wconf 92' lang='lat' dir='ltr'><strong>sunt</strong></span> <span class='ocrx_word' id='word_1_278' title='bbox 2634 1131 2869 1188; x_wconf 90' lang='lat' dir='ltr'><strong>genera,</strong></span> <span class='ocrx_word' id='word_1_279' title='bbox 2892 1118 2964 1173; x_wconf 92' lang='lat' dir='ltr'><strong>de</strong></span> <span class='ocrx_word' id='word_1_280' title='bbox 2984 1118 3202 1189; x_wconf 89' lang='lat' dir='ltr'><strong>quibus</strong></span> <span class='ocrx_word' id='word_1_281' title='bbox 3222 1119 3391 1177; x_wconf 90' lang='lat' dir='ltr'><strong>nobis</strong></span> <span class='ocrx_word' id='word_1_282' title='bbox 3414 1137 3518 1193; x_wconf 91' lang='lat' dir='ltr'><strong>per</strong></span> 
     </span>
    </p>
   </div>
   <div class='ocr_carea' id='block_1_41' title="bbox 1859 1198 3515 1277">
    <p class='ocr_par' dir='ltr' id='par_1_41' title="bbox 1859 1198 3515 1277">
     <span class='ocr_line' id='line_1_42' title="bbox 1859 1198 3515 1277; baseline 0.009 -27"><span class='ocrx_word' id='word_1_283' title='bbox 1859 1198 2057 1253; x_wconf 90' lang='lat' dir='ltr'><strong>omnia</strong></span> <span class='ocrx_word' id='word_1_284' title='bbox 2086 1200 2261 1256; x_wconf 91' lang='lat' dir='ltr'><strong>modo</strong></span> <span class='ocrx_word' id='word_1_285' title='bbox 2284 1217 2399 1256; x_wconf 92' lang='lat' dir='ltr'><strong>non</strong></span> <span class='ocrx_word' id='word_1_286' title='bbox 2424 1204 2694 1259; x_wconf 89' lang='lat' dir='ltr'><strong>convenit</strong></span> <span class='ocrx_word' id='word_1_287' title='bbox 2713 1204 3038 1277; x_wconf 87' lang='lat' dir='ltr'><strong>disputare.</strong></span> <span class='ocrx_word' id='word_1_288' title='bbox 3060 1205 3335 1263; x_wconf 88' lang='lat' dir='ltr'><strong>Vestrum</strong></span> <span class='ocrx_word' id='word_1_289' title='bbox 3358 1209 3515 1265; x_wconf 89' lang='lat' dir='ltr'><strong>unde</strong></span> 
     </span>
    </p>
   </div>
   <div class='ocr_carea' id='block_1_42' title="bbox 1859 1284 3539 1363">
    <p class='ocr_par' dir='ltr' id='par_1_42' title="bbox 1859 1284 3539 1363">
     <span class='ocr_line' id='line_1_43' title="bbox 1859 1284 3539 1363; baseline 0.008 -24"><span class='ocrx_word' id='word_1_290' title='bbox 1859 1284 2389 1352; x_wconf 85' lang='lat' dir='ltr'><strong>ﬁdelem,nostrum</strong></span> <span class='ocrx_word' id='word_1_291' title='bbox 2417 1291 2641 1347; x_wconf 90' lang='lat' dir='ltr'><strong>scilicet</strong></span> <span class='ocrx_word' id='word_1_292' title='bbox 2660 1292 2871 1361; x_wconf 80' lang='lat' dir='ltr'><strong>ﬁlium,</strong></span> <span class='ocrx_word' id='word_1_293' title='bbox 2890 1309 2922 1348; x_wconf 93' lang='grc' dir='ltr'>ο</span> <span class='ocrx_word' id='word_1_294' title='bbox 2951 1294 3187 1352; x_wconf 91' lang='lat' dir='ltr'><strong>domine</strong></span> <span class='ocrx_word' id='word_1_295' title='bbox 3207 1294 3539 1363; x_wconf 73' lang='lat' dir='ltr'><strong>mi,verbis‘</strong></span> 
     </span>
    </p>
   </div>
   <div class='ocr_carea' id='block_1_43' title="bbox 1858 1368 3519 1450">
    <p class='ocr_par' dir='ltr' id='par_1_43' title="bbox 1858 1368 3519 1450">
     <span class='ocr_line' id='line_1_44' title="bbox 1858 1368 3519 1450; baseline 0.008 -22"><span class='ocrx_word' id='word_1_296' title='bbox 1858 1372 2195 1431; x_wconf 77' lang='lat' dir='ltr'><strong>aﬂ‘abilibus</strong></span> <span class='ocrx_word' id='word_1_297' title='bbox 2215 1380 2273 1431; x_wconf 91' lang='lat' dir='ltr'><strong>et</strong></span> <span class='ocrx_word' id='word_1_298' title='bbox 2291 1376 2615 1449; x_wconf 85' lang='lat' dir='ltr'><strong>melliﬂuis,</strong></span> <span class='ocrx_word' id='word_1_299' title='bbox 2641 1368 2795 1435; x_wconf 82' lang='lat' dir='ltr'><strong>sicut</strong></span> <span class='ocrx_word' id='word_1_300' title='bbox 2815 1380 2962 1437; x_wconf 88' lang='lat' dir='ltr'><strong>bene</strong></span> <span class='ocrx_word' id='word_1_301' title='bbox 2983 1382 3190 1450; x_wconf 89' lang='lat' dir='ltr'><strong>nostis,</strong></span> <span class='ocrx_word' id='word_1_302' title='bbox 3211 1384 3519 1441; x_wconf 88' lang='lat' dir='ltr'><strong>consulere</strong></span> 
     </span>
    </p>
   </div>
   <div class='ocr_carea' id='block_1_44' title="bbox 1859 1463 3511 1542">
    <p class='ocr_par' dir='ltr' id='par_1_44' title="bbox 1859 1463 3511 1542">
     <span class='ocr_line' id='line_1_45' title="bbox 1859 1463 3511 1542; baseline 0.007 -24"><span class='ocrx_word' id='word_1_303' title='bbox 1859 1478 1976 1518; x_wconf 94' lang='lat' dir='ltr'><strong>non</strong></span> <span class='ocrx_word' id='word_1_304' title='bbox 2008 1463 2447 1537; x_wconf 87' lang='lat' dir='ltr'><strong>dedignemini:</strong></span> <span class='ocrx_word' id='word_1_305' title='bbox 2483 1472 2776 1538; x_wconf 86' lang='lat' dir='ltr'><strong>quatenus</strong></span> <span class='ocrx_word' id='word_1_306' title='bbox 2834 1468 3053 1527; x_wconf 87' lang='lat' dir='ltr'><strong>relictis</strong></span> <span class='ocrx_word' id='word_1_307' title='bbox 3107 1469 3407 1542; x_wconf 91' lang='lat' dir='ltr'><strong>prioribus</strong></span> <span class='ocrx_word' id='word_1_308' title='bbox 3438 1474 3511 1529; x_wconf 93' lang='lat' dir='ltr'><strong>ad</strong></span> 
     </span>
    </p>
   </div>
   <div class='ocr_carea' id='block_1_45' title="bbox 1857 1551 3518 1632">
    <p class='ocr_par' dir='ltr' id='par_1_45' title="bbox 1857 1551 3518 1632">
     <span class='ocr_line' id='line_1_46' title="bbox 1857 1551 3518 1632; baseline 0.007 -26"><span class='ocrx_word' id='word_1_309' title='bbox 1857 1551 2095 1608; x_wconf 90' lang='lat' dir='ltr'><strong>meliora</strong></span> <span class='ocrx_word' id='word_1_310' title='bbox 2126 1555 2457 1627; x_wconf 88' lang='lat' dir='ltr'><strong>pertingere</strong></span> <span class='ocrx_word' id='word_1_311' title='bbox 2490 1560 2684 1628; x_wconf 90' lang='lat' dir='ltr'><strong>queat.</strong></span> <span class='ocrx_word' id='word_1_312' title='bbox 2719 1557 2871 1613; x_wconf 88' lang='lat' dir='ltr'><strong>Bene</strong></span> <span class='ocrx_word' id='word_1_313' title='bbox 2902 1574 3160 1631; x_wconf 87' lang='lat' dir='ltr'><strong>namque</strong></span> <span class='ocrx_word' id='word_1_314' title='bbox 3192 1559 3357 1617; x_wconf 91' lang='lat' dir='ltr'><strong>scitis</strong></span> <span class='ocrx_word' id='word_1_315' title='bbox 3377 1559 3518 1632; x_wconf 88' lang='lat' dir='ltr'><strong>quia</strong></span> 
     </span>
    </p>
   </div>
   <div class='ocr_carea' id='block_1_46' title="bbox 1857 1640 3521 1717">
    <p class='ocr_par' dir='ltr' id='par_1_46' title="bbox 1857 1640 3521 1717">
     <span class='ocr_line' id='line_1_47' title="bbox 1857 1640 3521 1717; baseline 0.006 -21"><span class='ocrx_word' id='word_1_316' title='bbox 1857 1642 2037 1697; x_wconf 86' lang='lat' dir='ltr'><strong>omnis</strong></span> <span class='ocrx_word' id='word_1_317' title='bbox 2064 1640 2363 1715; x_wconf 84' lang='lat' dir='ltr'><strong>disciplina</strong></span> <span class='ocrx_word' id='word_1_318' title='bbox 2393 1646 2454 1699; x_wconf 85' lang='lat' dir='ltr'><strong>in</strong></span> <span class='ocrx_word' id='word_1_319' title='bbox 2480 1646 2742 1717; x_wconf 66' lang='lat' dir='ltr'><strong>praesenti</strong></span> <span class='ocrx_word' id='word_1_320' title='bbox 2769 1646 2991 1717; x_wconf 84' lang='lat' dir='ltr'><strong>quidem</strong></span> <span class='ocrx_word' id='word_1_321' title='bbox 3020 1647 3237 1704; x_wconf 87' lang='lat' dir='ltr'><strong>videtur</strong></span> <span class='ocrx_word' id='word_1_322' title='bbox 3262 1665 3373 1705; x_wconf 87' lang='lat' dir='ltr'><strong>non</strong></span> <span class='ocrx_word' id='word_1_323' title='bbox 3405 1665 3521 1706; x_wconf 87' lang='lat' dir='ltr'><strong>esse</strong></span> 
     </span>
    </p>
   </div>
   <div class='ocr_carea' id='block_1_47' title="bbox 1853 1728 3516 1809">
    <p class='ocr_par' dir='ltr' id='par_1_47' title="bbox 1853 1728 3516 1809">
     <span class='ocr_line' id='line_1_48' title="bbox 1853 1728 3516 1809; baseline 0.006 -26"><span class='ocrx_word' id='word_1_324' title='bbox 1853 1728 2064 1798; x_wconf 85' lang='lat' dir='ltr'><strong>gaudii,</strong></span> <span class='ocrx_word' id='word_1_325' title='bbox 2090 1731 2184 1786; x_wconf 85' lang='lat' dir='ltr'><strong>sed</strong></span> <span class='ocrx_word' id='word_1_326' title='bbox 2220 1734 2514 1800; x_wconf 68' lang='lat' dir='ltr'><strong>maeroris;</strong></span> <span class='ocrx_word' id='word_1_327' title='bbox 2535 1736 2724 1805; x_wconf 89' lang='lat' dir='ltr'><strong>postea</strong></span> <span class='ocrx_word' id='word_1_328' title='bbox 2773 1737 2957 1790; x_wconf 88' lang='lat' dir='ltr'><strong>autem</strong></span> <span class='ocrx_word' id='word_1_329' title='bbox 3010 1737 3253 1807; x_wconf 82' lang='lat' dir='ltr'><strong>fructum</strong></span> <span class='ocrx_word' id='word_1_330' title='bbox 3274 1738 3516 1809; x_wconf 86' lang='lat' dir='ltr'><strong>pacatis-</strong></span> 
     </span>
    </p>
   </div>
   <div class='ocr_carea' id='block_1_48' title="bbox 1853 1818 3509 1897">
    <p class='ocr_par' dir='ltr' id='par_1_48' title="bbox 1853 1818 3509 1897">
     <span class='ocr_line' id='line_1_49' title="bbox 1853 1818 3509 1897; baseline 0.005 -24"><span class='ocrx_word' id='word_1_331' title='bbox 1853 1818 2061 1874; x_wconf 80' lang='lat' dir='ltr'><strong>simam</strong></span> <span class='ocrx_word' id='word_1_332' title='bbox 2087 1823 2409 1877; x_wconf 77' lang='lat' dir='ltr'><strong>exercitatis</strong></span> <span class='ocrx_word' id='word_1_333' title='bbox 2432 1838 2534 1893; x_wconf 88' lang='lat' dir='ltr'><strong>per</strong></span> <span class='ocrx_word' id='word_1_334' title='bbox 2562 1838 2688 1878; x_wconf 87' lang='lat' dir='ltr'><strong>eam</strong></span> <span class='ocrx_word' id='word_1_335' title='bbox 2718 1823 2902 1880; x_wconf 86' lang='lat' dir='ltr'><strong>reddet</strong></span> <span class='ocrx_word' id='word_1_336' title='bbox 2919 1824 3160 1894; x_wconf 78' lang='lat' dir='ltr'><strong>justitize</strong></span> <span class='ocrx_word' id='word_1_337' title='bbox 3189 1825 3371 1897; x_wconf 85' lang='lat' dir='ltr'><strong>(Hebr.</strong></span> <span class='ocrx_word' id='word_1_338' title='bbox 3403 1842 3509 1895; x_wconf 80' lang='lat' dir='ltr'><strong>xu,</strong></span> 
     </span>
    </p>
   </div>
   <div class='ocr_carea' id='block_1_49' title="bbox 1856 1907 3517 1987">
    <p class='ocr_par' dir='ltr' id='par_1_49' title="bbox 1856 1907 3517 1987">
     <span class='ocr_line' id='line_1_50' title="bbox 1856 1907 3517 1987; baseline 0.005 -26"><span class='ocrx_word' id='word_1_339' title='bbox 1856 1907 1965 1979; x_wconf 92' lang='grc'>11).</span> <span class='ocrx_word' id='word_1_340' title='bbox 2001 1908 2069 1964; x_wconf 92' lang='lat' dir='ltr'><strong>Et</strong></span> <span class='ocrx_word' id='word_1_341' title='bbox 2098 1908 2355 1965; x_wconf 86' lang='lat' dir='ltr'><strong>Jacobus</strong></span> <span class='ocrx_word' id='word_1_342' title='bbox 2385 1910 2723 1982; x_wconf 88' lang='lat' dir='ltr'><strong>apostolus:</strong></span> <span class='ocrx_word' id='word_1_343' title='bbox 2758 1912 2910 1969; x_wconf 84' lang='lat' dir='ltr'><strong>Scire</strong></span> <span class='ocrx_word' id='word_1_344' title='bbox 2937 1912 3110 1983; x_wconf 88' lang='lat' dir='ltr'><strong>debet,</strong></span> <span class='ocrx_word' id='word_1_345' title='bbox 3133 1916 3393 1987; x_wconf 87' lang='lat' dir='ltr'><strong>quoniam</strong></span> <span class='ocrx_word' id='word_1_346' title='bbox 3415 1914 3517 1986; x_wconf 85' lang='lat' dir='ltr'><strong>qui</strong></span> 
     </span>
    </p>
   </div>
   <div class='ocr_carea' id='block_1_50' title="bbox 1851 1998 3511 2070">
    <p class='ocr_par' dir='ltr' id='par_1_50' title="bbox 1851 1998 3511 2070">
     <span class='ocr_line' id='line_1_51' title="bbox 1851 1998 3511 2070; baseline 0.003 -18"><span class='ocrx_word' id='word_1_347' title='bbox 1851 1998 2095 2053; x_wconf 85' lang='lat' dir='ltr'><strong>converti</strong></span> <span class='ocrx_word' id='word_1_348' title='bbox 2147 2000 2343 2069; x_wconf 82' lang='lat' dir='ltr'><strong>fecerit</strong></span> <span class='ocrx_word' id='word_1_349' title='bbox 2366 2002 2703 2070; x_wconf 88' lang='lat' dir='ltr'><strong>peccatorem</strong></span> <span class='ocrx_word' id='word_1_350' title='bbox 2723 2000 2792 2055; x_wconf 88' lang='lat' dir='ltr'><strong>ab</strong></span> <span class='ocrx_word' id='word_1_351' title='bbox 2809 2016 2993 2056; x_wconf 85' lang='lat' dir='ltr'><strong>errore</strong></span> <span class='ocrx_word' id='word_1_352' title='bbox 3012 2001 3113 2056; x_wconf 72' lang='lat' dir='ltr'><strong>viae</strong></span> <span class='ocrx_word' id='word_1_353' title='bbox 3131 2002 3511 2070; x_wconf 63' lang='lat' dir='ltr'><strong>suw,salvavit</strong></span> 
     </span>
    </p>
   </div>
   <div class='ocr_carea' id='block_1_51' title="bbox 1850 2086 3631 2161">
    <p class='ocr_par' dir='ltr' id='par_1_51' title="bbox 1850 2086 3631 2161">
     <span class='ocr_line' id='line_1_52' title="bbox 1850 2086 3631 2161; baseline 0.003 -21"><span class='ocrx_word' id='word_1_354' title='bbox 1850 2086 2098 2141; x_wconf 88' lang='lat' dir='ltr'><strong>animam</strong></span> <span class='ocrx_word' id='word_1_355' title='bbox 2124 2088 2243 2158; x_wconf 83' lang='lat' dir='ltr'><strong>ejus</strong></span> <span class='ocrx_word' id='word_1_356' title='bbox 2271 2103 2306 2142; x_wconf 81' lang='grc' dir='ltr'><em>α</em></span> <span class='ocrx_word' id='word_1_357' title='bbox 2334 2089 2529 2155; x_wconf 88' lang='lat' dir='ltr'><strong>morte,</strong></span> <span class='ocrx_word' id='word_1_358' title='bbox 2562 2092 2613 2143; x_wconf 89' lang='lat' dir='ltr'><strong>et</strong></span> <span class='ocrx_word' id='word_1_359' title='bbox 2642 2090 2819 2159; x_wconf 88' lang='lat' dir='ltr'><strong>operit</strong></span> <span class='ocrx_word' id='word_1_360' title='bbox 2868 2089 3283 2145; x_wconf 85' lang='lat' dir='ltr'><strong>multitudinem</strong></span> <span class='ocrx_word' id='word_1_361' title='bbox 3316 2105 3505 2161; x_wconf 80' lang='lat' dir='ltr'><strong>pecca-</strong></span> <span class='ocrx_word' id='word_1_362' title='bbox 3618 2127 3631 2139; x_wconf 82' lang='lat'><strong>.</strong></span> 
     </span>
    </p>
   </div>
   <div class='ocr_carea' id='block_1_52' title="bbox 1852 2176 2435 2247">
    <p class='ocr_par' dir='ltr' id='par_1_52' title="bbox 1852 2176 2435 2247">
     <span class='ocr_line' id='line_1_53' title="bbox 1852 2176 2435 2247; baseline 0.003 -19"><span class='ocrx_word' id='word_1_363' title='bbox 1852 2182 2036 2229; x_wconf 88' lang='lat' dir='ltr'><strong>torum</strong></span> <span class='ocrx_word' id='word_1_364' title='bbox 2065 2176 2203 2242; x_wconf 87' lang='lat' dir='ltr'><strong>(Jac.</strong></span> <span class='ocrx_word' id='word_1_365' title='bbox 2235 2192 2289 2243; x_wconf 83' lang='grc' dir='ltr'><strong>ν,</strong></span> <span class='ocrx_word' id='word_1_366' title='bbox 2321 2176 2435 2247; x_wconf 84' lang='grc'>20).</span> 
     </span>
    </p>
   </div>
   <div class='ocr_carea' id='block_1_53' title="bbox 1923 2262 3511 2339">
    <p class='ocr_par' dir='ltr' id='par_1_53' title="bbox 1923 2262 3511 2339">
     <span class='ocr_line' id='line_1_54' title="bbox 1923 2262 3511 2339; baseline 0.004 -22"><span class='ocrx_word' id='word_1_367' title='bbox 1923 2262 2092 2325; x_wconf 87' lang='lat' dir='ltr'><strong>Quod</strong></span> <span class='ocrx_word' id='word_1_368' title='bbox 2122 2268 2319 2318; x_wconf 90' lang='lat' dir='ltr'><strong>autem</strong></span> <span class='ocrx_word' id='word_1_369' title='bbox 2350 2267 2544 2319; x_wconf 89' lang='lat' dir='ltr'><strong>vestra</strong></span> <span class='ocrx_word' id='word_1_370' title='bbox 2571 2264 2744 2319; x_wconf 90' lang='lat' dir='ltr'><strong>nobis</strong></span> <span class='ocrx_word' id='word_1_371' title='bbox 2773 2264 3033 2320; x_wconf 89' lang='lat' dir='ltr'><strong>innotuit</strong></span> <span class='ocrx_word' id='word_1_372' title='bbox 3070 2264 3511 2339; x_wconf 80' lang='lat' dir='ltr'><strong>magniﬁcentia</strong></span> 
     </span>
    </p>
   </div>
   <div class='ocr_carea' id='block_1_54' title="bbox 1855 2349 3506 2427">
    <p class='ocr_par' dir='ltr' id='par_1_54' title="bbox 1855 2349 3506 2427">
     <span class='ocr_line' id='line_1_55' title="bbox 1855 2349 3506 2427; baseline 0.003 -23"><span class='ocrx_word' id='word_1_373' title='bbox 1855 2350 1994 2421; x_wconf 89' lang='lat' dir='ltr'><strong>quia</strong></span> <span class='ocrx_word' id='word_1_374' title='bbox 2021 2349 2196 2405; x_wconf 90' lang='lat' dir='ltr'><strong>multi</strong></span> <span class='ocrx_word' id='word_1_375' title='bbox 2227 2351 2482 2422; x_wconf 89' lang='lat' dir='ltr'><strong>majores</strong></span> <span class='ocrx_word' id='word_1_376' title='bbox 2508 2355 2566 2406; x_wconf 90' lang='lat' dir='ltr'><strong>et</strong></span> <span class='ocrx_word' id='word_1_377' title='bbox 2594 2350 2900 2407; x_wconf 88' lang='lat' dir='ltr'><strong>inferiores</strong></span> <span class='ocrx_word' id='word_1_378' title='bbox 2931 2352 2989 2407; x_wconf 90' lang='lat' dir='ltr'><strong>in</strong></span> <span class='ocrx_word' id='word_1_379' title='bbox 3022 2352 3133 2409; x_wconf 90' lang='lat' dir='ltr'><strong>hoc</strong></span> <span class='ocrx_word' id='word_1_380' title='bbox 3163 2369 3341 2427; x_wconf 89' lang='lat' dir='ltr'><strong>regno</strong></span> <span class='ocrx_word' id='word_1_381' title='bbox 3364 2354 3506 2419; x_wconf 90' lang='lat' dir='ltr'><strong>sint,</strong></span> 
     </span>
    </p>
   </div>
   <div class='ocr_carea' id='block_1_55' title="bbox 1855 2437 3509 2511">
    <p class='ocr_par' dir='ltr' id='par_1_55' title="bbox 1855 2437 3509 2511">
     <span class='ocr_line' id='line_1_56' title="bbox 1855 2437 3509 2511; baseline 0.004 -19"><span class='ocrx_word' id='word_1_382' title='bbox 1855 2437 1957 2509; x_wconf 88' lang='lat' dir='ltr'><strong>qui</strong></span> <span class='ocrx_word' id='word_1_383' title='bbox 1988 2437 2137 2494; x_wconf 87' lang='lat' dir='ltr'><strong>tales</strong></span> <span class='ocrx_word' id='word_1_384' title='bbox 2167 2455 2379 2496; x_wconf 87' lang='lat' dir='ltr'><strong>uxores</strong></span> <span class='ocrx_word' id='word_1_385' title='bbox 2408 2439 2647 2507; x_wconf 88' lang='lat' dir='ltr'><strong>habent,</strong></span> <span class='ocrx_word' id='word_1_386' title='bbox 2673 2456 2823 2511; x_wconf 89' lang='lat' dir='ltr'><strong>quos</strong></span> <span class='ocrx_word' id='word_1_387' title='bbox 2844 2440 3021 2496; x_wconf 91' lang='lat' dir='ltr'><strong>etiam</strong></span> <span class='ocrx_word' id='word_1_388' title='bbox 3048 2441 3509 2500; x_wconf 86' lang='lat' dir='ltr'><strong>nobisintimare</strong></span> 
     </span>
    </p>
   </div>
   <div class='ocr_carea' id='block_1_56' title="bbox 1852 2525 3515 2603">
    <p class='ocr_par' dir='ltr' id='par_1_56' title="bbox 1852 2525 3515 2603">
     <span class='ocr_line' id='line_1_57' title="bbox 1852 2525 3515 2603; baseline 0.004 -22"><span class='ocrx_word' id='word_1_389' title='bbox 1852 2525 2097 2598; x_wconf 91' lang='lat' dir='ltr'><strong>polliciti</strong></span> <span class='ocrx_word' id='word_1_390' title='bbox 2126 2526 2291 2591; x_wconf 88' lang='lat' dir='ltr'><strong>estis,</strong></span> <span class='ocrx_word' id='word_1_391' title='bbox 2349 2527 2467 2583; x_wconf 90' lang='lat' dir='ltr'><strong>Deo</strong></span> <span class='ocrx_word' id='word_1_392' title='bbox 2521 2531 2691 2595; x_wconf 90' lang='lat' dir='ltr'><strong>teste,</strong></span> <span class='ocrx_word' id='word_1_393' title='bbox 2752 2528 2863 2584; x_wconf 91' lang='lat' dir='ltr'><strong>hoc</strong></span> <span class='ocrx_word' id='word_1_394' title='bbox 2919 2528 3285 2603; x_wconf 85' lang='lat' dir='ltr'><strong>incognitum</strong></span> <span class='ocrx_word' id='word_1_395' title='bbox 3314 2535 3515 2588; x_wconf 90' lang='lat' dir='ltr'><strong>manet</strong></span> 
     </span>
    </p>
   </div>
   <div class='ocr_carea' id='block_1_57' title="bbox 1852 2614 3514 2691">
    <p class='ocr_par' dir='ltr' id='par_1_57' title="bbox 1852 2614 3514 2691">
     <span class='ocr_line' id='line_1_58' title="bbox 1852 2614 3514 2691; baseline 0.004 -21"><span class='ocrx_word' id='word_1_396' title='bbox 1852 2616 2004 2685; x_wconf 92' lang='lat' dir='ltr'><strong>apud</strong></span> <span class='ocrx_word' id='word_1_397' title='bbox 2042 2631 2170 2687; x_wconf 90' lang='lat' dir='ltr'><strong>nos,</strong></span> <span class='ocrx_word' id='word_1_398' title='bbox 2205 2619 2262 2671; x_wconf 91' lang='lat' dir='ltr'><strong>et</strong></span> <span class='ocrx_word' id='word_1_399' title='bbox 2289 2614 2457 2672; x_wconf 90' lang='lat' dir='ltr'><strong>valde</strong></span> <span class='ocrx_word' id='word_1_400' title='bbox 2488 2632 2704 2672; x_wconf 90' lang='lat' dir='ltr'><strong>novum</strong></span> <span class='ocrx_word' id='word_1_401' title='bbox 2729 2616 2982 2673; x_wconf 91' lang='lat' dir='ltr'><strong>videtur.</strong></span> <span class='ocrx_word' id='word_1_402' title='bbox 3015 2618 3128 2674; x_wconf 92' lang='lat' dir='ltr'><strong>Sed</strong></span> <span class='ocrx_word' id='word_1_403' title='bbox 3159 2617 3210 2674; x_wconf 91' lang='lat' dir='ltr'><strong>si</strong></span> <span class='ocrx_word' id='word_1_404' title='bbox 3264 2619 3367 2691; x_wconf 90' lang='lat' dir='ltr'><strong>qui</strong></span> <span class='ocrx_word' id='word_1_405' title='bbox 3393 2620 3514 2676; x_wconf 90' lang='lat' dir='ltr'><strong>sint</strong></span> 
     </span>
    </p>
   </div>
   <div class='ocr_carea' id='block_1_58' title="bbox 1850 2703 3509 2778">
    <p class='ocr_par' dir='ltr' id='par_1_58' title="bbox 1850 2703 3509 2778">
     <span class='ocr_line' id='line_1_59' title="bbox 1850 2703 3509 2778; baseline 0.003 -20"><span class='ocrx_word' id='word_1_406' title='bbox 1850 2703 1952 2774; x_wconf 92' lang='lat' dir='ltr'><strong>qui</strong></span> <span class='ocrx_word' id='word_1_407' title='bbox 1981 2703 2120 2758; x_wconf 87' lang='lat' dir='ltr'><strong>talia</strong></span> <span class='ocrx_word' id='word_1_408' title='bbox 2151 2708 2353 2778; x_wconf 86' lang='lat' dir='ltr'><strong>agunt,</strong></span> <span class='ocrx_word' id='word_1_409' title='bbox 2387 2709 2490 2760; x_wconf 90' lang='lat' dir='ltr'><strong>aut</strong></span> <span class='ocrx_word' id='word_1_410' title='bbox 2519 2705 2760 2762; x_wconf 87' lang='lat' dir='ltr'><strong>raritate</strong></span> <span class='ocrx_word' id='word_1_411' title='bbox 2816 2705 2989 2761; x_wconf 84' lang='lat' dir='ltr'><strong>nobis</strong></span> <span class='ocrx_word' id='word_1_412' title='bbox 3045 2707 3363 2763; x_wconf 87' lang='lat' dir='ltr'><strong>obscurum</strong></span> <span class='ocrx_word' id='word_1_413' title='bbox 3397 2712 3509 2777; x_wconf 88' lang='lat' dir='ltr'><strong>est,</strong></span> 
     </span>
    </p>
   </div>
   <div class='ocr_carea' id='block_1_59' title="bbox 1850 2792 3504 2853">
    <p class='ocr_par' dir='ltr' id='par_1_59' title="bbox 1850 2792 3504 2853">
     <span class='ocr_line' id='line_1_60' title="bbox 1850 2792 3504 2853; baseline 0.004 -7"><span class='ocrx_word' id='word_1_414' title='bbox 1850 2796 1952 2848; x_wconf 91' lang='lat' dir='ltr'><strong>aut</strong></span> <span class='ocrx_word' id='word_1_415' title='bbox 1981 2792 2453 2850; x_wconf 88' lang='lat' dir='ltr'><strong>dissimulatione</strong></span> <span class='ocrx_word' id='word_1_416' title='bbox 2480 2794 3264 2852; x_wconf 89' lang='lat' dir='ltr'><strong>contectum.Verumtamen</strong></span> <span class='ocrx_word' id='word_1_417' title='bbox 3291 2796 3349 2851; x_wconf 91' lang='lat' dir='ltr'><strong>in</strong></span> <span class='ocrx_word' id='word_1_418' title='bbox 3370 2796 3504 2853; x_wconf 89' lang='lat' dir='ltr'><strong>istis</strong></span> 
     </span>
    </p>
   </div>
   <div class='ocr_carea' id='block_1_60' title="bbox 1849 2881 3504 2956">
    <p class='ocr_par' dir='ltr' id='par_1_60' title="bbox 1849 2881 3504 2956">
     <span class='ocr_line' id='line_1_61' title="bbox 1849 2881 3504 2956; baseline 0.002 -19"><span class='ocrx_word' id='word_1_419' title='bbox 1849 2881 2116 2953; x_wconf 90' lang='lat' dir='ltr'><strong>partibus</strong></span> <span class='ocrx_word' id='word_1_420' title='bbox 2133 2882 2365 2937; x_wconf 91' lang='lat' dir='ltr'><strong>nullum</strong></span> <span class='ocrx_word' id='word_1_421' title='bbox 2384 2886 2594 2954; x_wconf 68' lang='lat' dir='ltr'><strong>praeter</strong></span> <span class='ocrx_word' id='word_1_422' title='bbox 2616 2882 2775 2939; x_wconf 91' lang='lat' dir='ltr'><strong>hunc</strong></span> <span class='ocrx_word' id='word_1_423' title='bbox 2797 2882 3113 2956; x_wconf 81' lang='lat' dir='ltr'><strong>aliquando</strong></span> <span class='ocrx_word' id='word_1_424' title='bbox 3136 2884 3504 2942; x_wconf 89' lang='lat' dir='ltr'><strong>audivimus:</strong></span> 
     </span>
    </p>
   </div>
   <div class='ocr_carea' id='block_1_61' title="bbox 1848 2970 3506 3044">
    <p class='ocr_par' dir='ltr' id='par_1_61' title="bbox 1848 2970 3506 3044">
     <span class='ocr_line' id='line_1_62' title="bbox 1848 2970 3506 3044; baseline 0.002 -19"><span class='ocrx_word' id='word_1_425' title='bbox 1848 2973 2047 3026; x_wconf 91' lang='lat' dir='ltr'><strong>tamen</strong></span> <span class='ocrx_word' id='word_1_426' title='bbox 2079 2975 2136 3026; x_wconf 88' lang='lat' dir='ltr'><strong>et</strong></span> <span class='ocrx_word' id='word_1_427' title='bbox 2164 2971 2215 3026; x_wconf 91' lang='lat' dir='ltr'><strong>si</strong></span> <span class='ocrx_word' id='word_1_428' title='bbox 2246 2970 2419 3027; x_wconf 90' lang='lat' dir='ltr'><strong>multi</strong></span> <span class='ocrx_word' id='word_1_429' title='bbox 2449 2975 2651 3028; x_wconf 90' lang='lat' dir='ltr'><strong>essent</strong></span> <span class='ocrx_word' id='word_1_430' title='bbox 2676 2972 2779 3043; x_wconf 91' lang='lat' dir='ltr'><strong>qui</strong></span> <span class='ocrx_word' id='word_1_431' title='bbox 2800 2971 2909 3027; x_wconf 89' lang='lat' dir='ltr'><strong>hoc</strong></span> <span class='ocrx_word' id='word_1_432' title='bbox 2929 2976 3171 3044; x_wconf 89' lang='lat' dir='ltr'><strong>agerent</strong></span> <span class='ocrx_word' id='word_1_433' title='bbox 3198 2972 3506 3029; x_wconf 88' lang='lat' dir='ltr'><strong>Dominica</strong></span> 
     </span>
    </p>
   </div>
   <div class='ocr_carea' id='block_1_62' title="bbox 1848 3058 3508 3131">
    <p class='ocr_par' dir='ltr' id='par_1_62' title="bbox 1848 3058 3508 3131">
     <span class='ocr_line' id='line_1_63' title="bbox 1848 3058 3508 3131; baseline 0.002 -18"><span class='ocrx_word' id='word_1_434' title='bbox 1848 3058 2132 3115; x_wconf 90' lang='lat' dir='ltr'><strong>debuerat</strong></span> <span class='ocrx_word' id='word_1_435' title='bbox 2156 3059 2483 3131; x_wconf 67' lang='lat' dir='ltr'><strong>praecellere</strong></span> <span class='ocrx_word' id='word_1_436' title='bbox 2504 3060 2832 3115; x_wconf 90' lang='lat' dir='ltr'><strong>sententia:</strong></span> <span class='ocrx_word' id='word_1_437' title='bbox 2861 3060 2982 3115; x_wconf 86' lang='lat' dir='ltr'><strong>Non</strong></span> <span class='ocrx_word' id='word_1_438' title='bbox 3008 3061 3253 3131; x_wconf 84' lang='lat' dir='ltr'><strong>sequeris</strong></span> <span class='ocrx_word' id='word_1_439' title='bbox 3283 3061 3508 3117; x_wconf 85' lang='lat' dir='ltr'><strong>turbam</strong></span> 
     </span>
    </p>
   </div>
   <div class='ocr_carea' id='block_1_63' title="bbox 1847 3147 3507 3220">
    <p class='ocr_par' dir='ltr' id='par_1_63' title="bbox 1847 3147 3507 3220">
     <span class='ocr_line' id='line_1_64' title="bbox 1847 3147 3507 3220; baseline 0.001 -17"><span class='ocrx_word' id='word_1_440' title='bbox 1847 3147 1919 3203; x_wconf 88' lang='lat' dir='ltr'><strong>ad</strong></span> <span class='ocrx_word' id='word_1_441' title='bbox 1947 3148 2266 3218; x_wconf 79' lang='lat' dir='ltr'><strong>faciendum</strong></span> <span class='ocrx_word' id='word_1_442' title='bbox 2320 3148 2554 3219; x_wconf 89' lang='lat' dir='ltr'><strong>malum,</strong></span> <span class='ocrx_word' id='word_1_443' title='bbox 2608 3163 2710 3203; x_wconf 89' lang='lat' dir='ltr'><strong>nec</strong></span> <span class='ocrx_word' id='word_1_444' title='bbox 2762 3149 2825 3203; x_wconf 87' lang='lat' dir='ltr'><strong>in</strong></span> <span class='ocrx_word' id='word_1_445' title='bbox 2871 3148 3091 3219; x_wconf 88' lang='lat' dir='ltr'><strong>judicio</strong></span> <span class='ocrx_word' id='word_1_446' title='bbox 3128 3149 3507 3220; x_wconf 88' lang='lat' dir='ltr'><strong>plurimorum</strong></span> 
     </span>
    </p>
   </div>
   <div class='ocr_carea' id='block_1_64' title="bbox 1848 3237 3506 3310">
    <p class='ocr_par' dir='ltr' id='par_1_64' title="bbox 1848 3237 3506 3310">
     <span class='ocr_line' id='line_1_65' title="bbox 1848 3237 3506 3310; baseline 0.001 -19"><span class='ocrx_word' id='word_1_447' title='bbox 1848 3238 2161 3308; x_wconf 86' lang='lat' dir='ltr'><strong>acquiesces</strong></span> <span class='ocrx_word' id='word_1_448' title='bbox 2187 3239 2501 3305; x_wconf 71' lang='lat' dir='ltr'><strong>sententiae,</strong></span> <span class='ocrx_word' id='word_1_449' title='bbox 2532 3240 2592 3292; x_wconf 90' lang='lat' dir='ltr'><strong>ut</strong></span> <span class='ocrx_word' id='word_1_450' title='bbox 2639 3254 2674 3292; x_wconf 89' lang='lat' dir='ltr'><strong>a</strong></span> <span class='ocrx_word' id='word_1_451' title='bbox 2727 3253 2856 3293; x_wconf 83' lang='lat' dir='ltr'><strong>vero</strong></span> <span class='ocrx_word' id='word_1_452' title='bbox 2906 3238 3089 3294; x_wconf 78' lang='lat' dir='ltr'><strong>decies</strong></span> <span class='ocrx_word' id='word_1_453' title='bbox 3117 3237 3313 3310; x_wconf 74' lang='lat' dir='ltr'><strong>(Exod.</strong></span> <span class='ocrx_word' id='word_1_454' title='bbox 3344 3254 3506 3307; x_wconf 84' lang='lat' dir='ltr'><strong>xxm,</strong></span> 
     </span>
    </p>
   </div>
   <div class='ocr_carea' id='block_1_65' title="bbox 68 3314 3510 3399">
    <p class='ocr_par' dir='ltr' id='par_1_65' title="bbox 68 3314 3510 3399">
     <span class='ocr_line' id='line_1_66' title="bbox 68 3314 3510 3399; baseline 0.001 -20"><span class='ocrx_word' id='word_1_455' title='bbox 68 3325 428 3394; x_wconf 82' lang='lat' dir='ltr'><strong>efficiamur,</strong></span> <span class='ocrx_word' id='word_1_456' title='bbox 462 3324 608 3380; x_wconf 91' lang='lat' dir='ltr'><strong>dum</strong></span> <span class='ocrx_word' id='word_1_457' title='bbox 640 3324 890 3381; x_wconf 91' lang='lat' dir='ltr'><strong>aliorum</strong></span> <span class='ocrx_word' id='word_1_458' title='bbox 952 3324 1379 3397; x_wconf 87' lang='lat' dir='ltr'><strong>reprehendere</strong></span> <span class='ocrx_word' id='word_1_459' title='bbox 1418 3325 1743 3397; x_wconf 87' lang='lat' dir='ltr'><strong>nequitiam</strong></span> <span class='ocrx_word' id='word_1_460' title='bbox 1775 3314 1818 3382; x_wconf 86' lang='lat' dir='ltr'>C</span> <span class='ocrx_word' id='word_1_461' title='bbox 1855 3325 1951 3397; x_wconf 84' lang='lat'><strong>2);</strong></span> <span class='ocrx_word' id='word_1_462' title='bbox 1984 3329 2042 3381; x_wconf 90' lang='lat' dir='ltr'><strong>et</strong></span> <span class='ocrx_word' id='word_1_463' title='bbox 2072 3323 2290 3381; x_wconf 90' lang='lat' dir='ltr'><strong>Paulus</strong></span> <span class='ocrx_word' id='word_1_464' title='bbox 2313 3342 2327 3381; x_wconf 93' lang='lat'><strong>:</strong></span> <span class='ocrx_word' id='word_1_465' title='bbox 2352 3325 2414 3381; x_wconf 87' lang='lat' dir='ltr'><strong>Si</strong></span> <span class='ocrx_word' id='word_1_466' title='bbox 2431 3326 2621 3382; x_wconf 87' lang='lat' dir='ltr'><strong>adhuc</strong></span> <span class='ocrx_word' id='word_1_467' title='bbox 2638 3326 2954 3382; x_wconf 87' lang='lat' dir='ltr'><strong>hominibus</strong></span> <span class='ocrx_word' id='word_1_468' title='bbox 2976 3326 3273 3399; x_wconf 81' lang='lat' dir='ltr'><strong>placerem,</strong></span> <span class='ocrx_word' id='word_1_469' title='bbox 3303 3326 3510 3383; x_wconf 79' lang='lat' dir='ltr'><strong>Christi</strong></span> 
     </span>
    </p>
   </div>
   <div class='ocr_carea' id='block_1_66' title="bbox 67 3413 1743 3472">
    <p class='ocr_par' dir='ltr' id='par_1_66' title="bbox 67 3413 1743 3472">
     <span class='ocr_line' id='line_1_67' title="bbox 67 3413 1743 3472; baseline -0.001 -2"><span class='ocrx_word' id='word_1_470' title='bbox 67 3413 551 3472; x_wconf 89' lang='lat' dir='ltr'><strong>dissimulamus.</strong></span> <span class='ocrx_word' id='word_1_471' title='bbox 573 3415 682 3470; x_wconf 87' lang='lat' dir='ltr'><strong>Sed</strong></span> <span class='ocrx_word' id='word_1_472' title='bbox 729 3416 791 3469; x_wconf 86' lang='lat' dir='ltr'><strong>in</strong></span> <span class='ocrx_word' id='word_1_473' title='bbox 815 3414 1070 3470; x_wconf 86' lang='lat' dir='ltr'><strong>omnibus</strong></span> <span class='ocrx_word' id='word_1_474' title='bbox 1099 3415 1455 3471; x_wconf 73' lang='lat' dir='ltr'><strong>exhibeamus</strong></span> <span class='ocrx_word' id='word_1_475' title='bbox 1484 3429 1585 3469; x_wconf 81' lang='lat' dir='ltr'><strong>nos</strong></span> <span class='ocrx_word' id='word_1_476' title='bbox 1604 3417 1743 3469; x_wconf 81' lang='lat' dir='ltr'><strong>sicut</strong></span> 
     </span>
    </p>
   </div>
   <div class='ocr_carea' id='block_1_67' title="bbox 67 3502 1743 3576">
    <p class='ocr_par' dir='ltr' id='par_1_67' title="bbox 67 3502 1743 3576">
     <span class='ocr_line' id='line_1_68' title="bbox 67 3502 1743 3576; baseline 0 -18"><span class='ocrx_word' id='word_1_477' title='bbox 67 3502 160 3559; x_wconf 90' lang='lat' dir='ltr'><strong>Dei</strong></span> <span class='ocrx_word' id='word_1_478' title='bbox 174 3505 477 3561; x_wconf 78' lang='lat' dir='ltr'><strong>ministros</strong></span> <span class='ocrx_word' id='word_1_479' title='bbox 525 3504 603 3576; x_wconf 85' lang='lat' dir='ltr'><strong>(II</strong></span> <span class='ocrx_word' id='word_1_480' title='bbox 629 3504 751 3560; x_wconf 91' lang='lat' dir='ltr'><strong>Cor.</strong></span> <span class='ocrx_word' id='word_1_481' title='bbox 783 3520 862 3570; x_wconf 74' lang='lat' dir='ltr'><strong>vx,</strong></span> <span class='ocrx_word' id='word_1_482' title='bbox 892 3504 985 3573; x_wconf 69' lang='lat'><strong>4);</strong></span> <span class='ocrx_word' id='word_1_483' title='bbox 1018 3502 1159 3575; x_wconf 90' lang='lat' dir='ltr'><strong>quia</strong></span> <span class='ocrx_word' id='word_1_484' title='bbox 1187 3502 1475 3574; x_wconf 90' lang='lat' dir='ltr'><strong>scriptum</strong></span> <span class='ocrx_word' id='word_1_485' title='bbox 1507 3507 1634 3558; x_wconf 87' lang='lat' dir='ltr'><strong>est:</strong></span> <span class='ocrx_word' id='word_1_486' title='bbox 1667 3504 1743 3558; x_wconf 88' lang='lat' dir='ltr'><strong>Ne</strong></span> 
     </span>
    </p>
   </div>
   <div class='ocr_carea' id='block_1_68' title="bbox 67 3590 1742 3665">
    <p class='ocr_par' dir='ltr' id='par_1_68' title="bbox 67 3590 1742 3665">
     <span class='ocr_line' id='line_1_69' title="bbox 67 3590 1742 3665; baseline 0 -17"><span class='ocrx_word' id='word_1_487' title='bbox 67 3596 572 3651; x_wconf 76' lang='lat' dir='ltr'><strong>communicaverzt</strong></span> <span class='ocrx_word' id='word_1_488' title='bbox 622 3594 858 3665; x_wconf 80' lang='lat' dir='ltr'><strong>peccatis</strong></span> <span class='ocrx_word' id='word_1_489' title='bbox 915 3590 1121 3647; x_wconf 84' lang='lat' dir='ltr'><strong>alienis</strong></span> <span class='ocrx_word' id='word_1_490' title='bbox 1178 3593 1229 3660; x_wconf 91' lang='grc' dir='ltr'><strong>(Ι</strong></span> <span class='ocrx_word' id='word_1_491' title='bbox 1256 3592 1387 3647; x_wconf 88' lang='lat' dir='ltr'><strong>Tim.</strong></span> <span class='ocrx_word' id='word_1_492' title='bbox 1421 3608 1477 3663; x_wconf 91' lang='lat' dir='ltr'><strong>v,</strong></span> <span class='ocrx_word' id='word_1_493' title='bbox 1520 3592 1653 3660; x_wconf 84' lang='lat'><strong><em>22);</em></strong></span> <span class='ocrx_word' id='word_1_494' title='bbox 1683 3597 1742 3648; x_wconf 89' lang='lat' dir='ltr'><strong>et</strong></span> 
     </span>
    </p>
   </div>
   <div class='ocr_carea' id='block_1_69' title="bbox 68 3680 1734 3753">
    <p class='ocr_par' dir='ltr' id='par_1_69' title="bbox 68 3680 1734 3753">
     <span class='ocr_line' id='line_1_70' title="bbox 68 3680 1734 3753; baseline 0.001 -18"><span class='ocrx_word' id='word_1_495' title='bbox 68 3698 272 3740; x_wconf 82' lang='lat' dir='ltr'><strong>rursus</strong></span> <span class='ocrx_word' id='word_1_496' title='bbox 298 3686 412 3740; x_wconf 90' lang='lat' dir='ltr'><strong>:Et</strong></span> <span class='ocrx_word' id='word_1_497' title='bbox 440 3682 884 3739; x_wconf 84' lang='lat' dir='ltr'><strong>immundumne</strong></span> <span class='ocrx_word' id='word_1_498' title='bbox 909 3683 1207 3750; x_wconf 85' lang='lat' dir='ltr'><strong>tetigeritis</strong></span> <span class='ocrx_word' id='word_1_499' title='bbox 1246 3680 1312 3753; x_wconf 90' lang='lat' dir='ltr'><strong>(II</strong></span> <span class='ocrx_word' id='word_1_500' title='bbox 1357 3682 1479 3737; x_wconf 88' lang='lat' dir='ltr'><strong>Cor.</strong></span> <span class='ocrx_word' id='word_1_501' title='bbox 1512 3698 1588 3752; x_wconf 82' lang='lat' dir='ltr'><strong>v1,</strong></span> <span class='ocrx_word' id='word_1_502' title='bbox 1626 3681 1734 3753; x_wconf 92' lang='grc'>17).</span> 
     </span>
    </p>
   </div>
   <div class='ocr_carea' id='block_1_70' title="bbox 133 3770 1738 3839">
    <p class='ocr_par' dir='ltr' id='par_1_70' title="bbox 133 3770 1738 3839">
     <span class='ocr_line' id='line_1_71' title="bbox 133 3770 1738 3839; baseline -0.002 -9"><span class='ocrx_word' id='word_1_503' title='bbox 133 3771 300 3837; x_wconf 86' lang='lat' dir='ltr'><strong>Quod</strong></span> <span class='ocrx_word' id='word_1_504' title='bbox 333 3778 544 3830; x_wconf 87' lang='lat' dir='ltr'><strong>autem</strong></span> <span class='ocrx_word' id='word_1_505' title='bbox 578 3788 649 3828; x_wconf 83' lang='lat' dir='ltr'><strong>ex</strong></span> <span class='ocrx_word' id='word_1_506' title='bbox 677 3770 911 3829; x_wconf 91' lang='lat' dir='ltr'><strong>Domini</strong></span> <span class='ocrx_word' id='word_1_507' title='bbox 971 3770 1262 3827; x_wconf 87' lang='lat' dir='ltr'><strong>sententia</strong></span> <span class='ocrx_word' id='word_1_508' title='bbox 1316 3770 1549 3827; x_wconf 88' lang='lat' dir='ltr'><strong>dicitis:</strong></span> <span class='ocrx_word' id='word_1_509' title='bbox 1586 3770 1738 3839; x_wconf 84' lang='lat' dir='ltr'><strong>Quod</strong></span> 
     </span>
    </p>
   </div>
   <div class='ocr_carea' id='block_1_71' title="bbox 62 3859 1736 3935">
    <p class='ocr_par' dir='ltr' id='par_1_71' title="bbox 62 3859 1736 3935">
     <span class='ocr_line' id='line_1_72' title="bbox 62 3859 1736 3935; baseline 0.001 -22"><span class='ocrx_word' id='word_1_510' title='bbox 62 3860 193 3919; x_wconf 82' lang='lat' dir='ltr'><strong>Deus</strong></span> <span class='ocrx_word' id='word_1_511' title='bbox 215 3863 550 3935; x_wconf 66' lang='lat' dir='ltr'><strong>conjunxit,</strong></span> <span class='ocrx_word' id='word_1_512' title='bbox 574 3860 732 3916; x_wconf 87' lang='lat' dir='ltr'><strong>homo</strong></span> <span class='ocrx_word' id='word_1_513' title='bbox 750 3875 862 3916; x_wconf 88' lang='lat' dir='ltr'><strong>non</strong></span> <span class='ocrx_word' id='word_1_514' title='bbox 879 3872 1093 3932; x_wconf 83' lang='lat' dir='ltr'><strong>separet</strong></span> <span class='ocrx_word' id='word_1_515' title='bbox 1123 3860 1333 3930; x_wconf 78' lang='lat' dir='ltr'><strong>(Matth.</strong></span> <span class='ocrx_word' id='word_1_516' title='bbox 1355 3876 1472 3927; x_wconf 78' lang='lat' dir='ltr'><strong>XIX,</strong></span> <span class='ocrx_word' id='word_1_517' title='bbox 1503 3859 1580 3930; x_wconf 86' lang='lat'><strong>6),</strong></span> <span class='ocrx_word' id='word_1_518' title='bbox 1614 3860 1736 3916; x_wconf 82' lang='lat' dir='ltr'><strong>haec</strong></span> 
     </span>
    </p>
   </div>
   <div class='ocr_carea' id='block_1_72' title="bbox 63 3948 1732 4024">
    <p class='ocr_par' dir='ltr' id='par_1_72' title="bbox 63 3948 1732 4024">
     <span class='ocr_line' id='line_1_73' title="bbox 63 3948 1732 4024; baseline 0 -20"><span class='ocrx_word' id='word_1_519' title='bbox 63 3948 255 4024; x_wconf 86' lang='lat' dir='ltr'><strong>religio</strong></span> <span class='ocrx_word' id='word_1_520' title='bbox 280 3952 493 4009; x_wconf 89' lang='lat' dir='ltr'><strong>modis</strong></span> <span class='ocrx_word' id='word_1_521' title='bbox 506 3949 788 4006; x_wconf 91' lang='lat' dir='ltr'><strong>omnibus</strong></span> <span class='ocrx_word' id='word_1_522' title='bbox 808 3948 1194 4005; x_wconf 87' lang='lat' dir='ltr'><strong>custodienda</strong></span> <span class='ocrx_word' id='word_1_523' title='bbox 1209 3948 1467 4015; x_wconf 90' lang='lat' dir='ltr'><strong>videtur;</strong></span> <span class='ocrx_word' id='word_1_524' title='bbox 1494 3949 1590 4003; x_wconf 90' lang='lat' dir='ltr'><strong>sed</strong></span> <span class='ocrx_word' id='word_1_525' title='bbox 1618 3966 1732 4005; x_wconf 92' lang='lat' dir='ltr'><strong>non</strong></span> 
     </span>
    </p>
   </div>
   <div class='ocr_carea' id='block_1_73' title="bbox 64 4037 1732 4113">
    <p class='ocr_par' dir='ltr' id='par_1_73' title="bbox 64 4037 1732 4113">
     <span class='ocr_line' id='line_1_74' title="bbox 64 4037 1732 4113; baseline 0 -20"><span class='ocrx_word' id='word_1_526' title='bbox 64 4054 258 4096; x_wconf 89' lang='lat' dir='ltr'><strong>omnes</strong></span> <span class='ocrx_word' id='word_1_527' title='bbox 276 4040 387 4113; x_wconf 89' lang='lat' dir='ltr'><strong>qui</strong></span> <span class='ocrx_word' id='word_1_528' title='bbox 401 4038 711 4111; x_wconf 84' lang='lat' dir='ltr'><strong>conjuncti</strong></span> <span class='ocrx_word' id='word_1_529' title='bbox 727 4041 867 4094; x_wconf 89' lang='lat' dir='ltr'><strong>sunt</strong></span> <span class='ocrx_word' id='word_1_530' title='bbox 879 4037 1163 4093; x_wconf 87' lang='lat' dir='ltr'><strong>Dominus</strong></span> <span class='ocrx_word' id='word_1_531' title='bbox 1188 4037 1732 4108; x_wconf 85' lang='lat' dir='ltr'><strong>conjunxit.Eorum</strong></span> 
     </span>
    </p>
   </div>
   <div class='ocr_carea' id='block_1_74' title="bbox 64 4124 1734 4204">
    <p class='ocr_par' dir='ltr' id='par_1_74' title="bbox 64 4124 1734 4204">
     <span class='ocr_line' id='line_1_75' title="bbox 64 4124 1734 4204; baseline 0 -21"><span class='ocrx_word' id='word_1_532' title='bbox 64 4130 248 4186; x_wconf 85' lang='lat' dir='ltr'><strong>tamen</strong></span> <span class='ocrx_word' id='word_1_533' title='bbox 264 4128 574 4204; x_wconf 89' lang='lat' dir='ltr'><strong>quosipse</strong></span> <span class='ocrx_word' id='word_1_534' title='bbox 586 4127 1051 4199; x_wconf 88' lang='lat' dir='ltr'><strong>conjunxitbona</strong></span> <span class='ocrx_word' id='word_1_535' title='bbox 1064 4130 1153 4182; x_wconf 90' lang='lat' dir='ltr'><strong>est</strong></span> <span class='ocrx_word' id='word_1_536' title='bbox 1164 4124 1734 4199; x_wconf 89' lang='lat' dir='ltr'><strong>copula,quippenec</strong></span> 
     </span>
    </p>
   </div>
   <div class='ocr_carea' id='block_1_75' title="bbox 64 4214 1731 4290">
    <p class='ocr_par' dir='ltr' id='par_1_75' title="bbox 64 4214 1731 4290">
     <span class='ocr_line' id='line_1_76' title="bbox 64 4214 1731 4290; baseline 0.001 -20"><span class='ocrx_word' id='word_1_537' title='bbox 64 4214 284 4290; x_wconf 89' lang='lat' dir='ltr'><strong>legibus</strong></span> <span class='ocrx_word' id='word_1_538' title='bbox 300 4219 504 4286; x_wconf 89' lang='lat' dir='ltr'><strong>obest,</strong></span> <span class='ocrx_word' id='word_1_539' title='bbox 521 4232 632 4273; x_wconf 89' lang='lat' dir='ltr'><strong>nec</strong></span> <span class='ocrx_word' id='word_1_540' title='bbox 653 4214 1076 4273; x_wconf 89' lang='lat' dir='ltr'><strong>catholicorum</strong></span> <span class='ocrx_word' id='word_1_541' title='bbox 1100 4232 1246 4271; x_wconf 90' lang='lat' dir='ltr'><strong>usus</strong></span> <span class='ocrx_word' id='word_1_542' title='bbox 1268 4214 1597 4270; x_wconf 83' lang='lat' dir='ltr'><strong>conturbat.</strong></span> <span class='ocrx_word' id='word_1_543' title='bbox 1619 4215 1731 4271; x_wconf 91' lang='lat' dir='ltr'><strong>Sed</strong></span> 
     </span>
    </p>
   </div>
   <div class='ocr_carea' id='block_1_76' title="bbox 66 4304 1729 4373">
    <p class='ocr_par' dir='ltr' id='par_1_76' title="bbox 66 4304 1729 4373">
     <span class='ocr_line' id='line_1_77' title="bbox 66 4304 1729 4373; baseline 0 -14"><span class='ocrx_word' id='word_1_544' title='bbox 66 4309 145 4359; x_wconf 84' lang='lat' dir='ltr'><strong>est</strong></span> <span class='ocrx_word' id='word_1_545' title='bbox 163 4306 918 4365; x_wconf 82' lang='lat' dir='ltr'><strong>honorabileconnubiumet</strong></span> <span class='ocrx_word' id='word_1_546' title='bbox 930 4309 1080 4361; x_wconf 82' lang='lat' dir='ltr'><strong>torus</strong></span> <span class='ocrx_word' id='word_1_547' title='bbox 1109 4304 1505 4360; x_wconf 84' lang='lat' dir='ltr'><strong>immaculatus</strong></span> <span class='ocrx_word' id='word_1_548' title='bbox 1537 4304 1729 4373; x_wconf 85' lang='lat' dir='ltr'><strong>(Hebr.</strong></span> 
     </span>
    </p>
   </div>
   <div class='ocr_carea' id='block_1_77' title="bbox 65 4391 1731 4469">
    <p class='ocr_par' dir='ltr' id='par_1_77' title="bbox 65 4391 1731 4469">
     <span class='ocr_line' id='line_1_78' title="bbox 65 4391 1731 4469; baseline 0.001 -21"><span class='ocrx_word' id='word_1_549' title='bbox 65 4409 180 4464; x_wconf 79' lang='lat' dir='ltr'><strong>xm,</strong></span> <span class='ocrx_word' id='word_1_550' title='bbox 201 4398 279 4469; x_wconf 80' lang='grc'><strong>4).</strong></span> <span class='ocrx_word' id='word_1_551' title='bbox 314 4397 482 4453; x_wconf 87' lang='lat' dir='ltr'><strong>sicut</strong></span> <span class='ocrx_word' id='word_1_552' title='bbox 512 4396 726 4451; x_wconf 87' lang='lat' dir='ltr'><strong>beatus</strong></span> <span class='ocrx_word' id='word_1_553' title='bbox 750 4394 968 4450; x_wconf 89' lang='lat' dir='ltr'><strong>Paulus</strong></span> <span class='ocrx_word' id='word_1_554' title='bbox 988 4395 1071 4449; x_wconf 90' lang='lat' dir='ltr'><strong>ait</strong></span> <span class='ocrx_word' id='word_1_555' title='bbox 1086 4391 1390 4466; x_wconf 88' lang='lat' dir='ltr'><strong>apostolus</strong></span> <span class='ocrx_word' id='word_1_556' title='bbox 1414 4410 1427 4449; x_wconf 92' lang='lat'><strong>:</strong></span> <span class='ocrx_word' id='word_1_557' title='bbox 1463 4395 1558 4449; x_wconf 80' lang='lat' dir='ltr'><strong>His</strong></span> <span class='ocrx_word' id='word_1_558' title='bbox 1572 4409 1731 4449; x_wconf 90' lang='lat' dir='ltr'><strong>nam-</strong></span> 
     </span>
    </p>
   </div>
   <div class='ocr_carea' id='block_1_78' title="bbox 67 4470 1730 4557">
    <p class='ocr_par' dir='ltr' id='par_1_78' title="bbox 67 4470 1730 4557">
     <span class='ocr_line' id='line_1_79' title="bbox 67 4470 1730 4557; baseline -0.001 -17"><span class='ocrx_word' id='word_1_559' title='bbox 67 4499 158 4555; x_wconf 80' lang='lat' dir='ltr'><strong>que</strong></span> <span class='ocrx_word' id='word_1_560' title='bbox 181 4488 280 4557; x_wconf 86' lang='lat' dir='ltr'><strong>qui</strong></span> <span class='ocrx_word' id='word_1_561' title='bbox 306 4485 689 4543; x_wconf 84' lang='lat' dir='ltr'><strong>matrimonio</strong></span> <span class='ocrx_word' id='word_1_562' title='bbox 731 4486 916 4557; x_wconf 89' lang='lat' dir='ltr'><strong>juncti</strong></span> <span class='ocrx_word' id='word_1_563' title='bbox 941 4488 1094 4551; x_wconf 85' lang='lat' dir='ltr'><strong>sunt,</strong></span> <span class='ocrx_word' id='word_1_564' title='bbox 1149 4470 1435 4555; x_wconf 54' lang='lat' dir='ltr'><strong>pracipio,</strong></span> <span class='ocrx_word' id='word_1_565' title='bbox 1475 4500 1589 4540; x_wconf 89' lang='lat' dir='ltr'><strong>non</strong></span> <span class='ocrx_word' id='word_1_566' title='bbox 1615 4499 1730 4555; x_wconf 88' lang='lat' dir='ltr'><strong>ego,</strong></span> 
     </span>
    </p>
   </div>
   <div class='ocr_carea' id='block_1_79' title="bbox 68 4572 1735 4646">
    <p class='ocr_par' dir='ltr' id='par_1_79' title="bbox 68 4572 1735 4646">
     <span class='ocr_line' id='line_1_80' title="bbox 68 4572 1735 4646; baseline 0.001 -20"><span class='ocrx_word' id='word_1_567' title='bbox 68 4574 154 4628; x_wconf 71' lang='lat' dir='ltr'><strong>sed</strong></span> <span class='ocrx_word' id='word_1_568' title='bbox 180 4576 485 4646; x_wconf 85' lang='lat' dir='ltr'><strong>Dominus,</strong></span> <span class='ocrx_word' id='word_1_569' title='bbox 516 4589 752 4631; x_wconf 73' lang='lat' dir='ltr'><strong>uxorem</strong></span> <span class='ocrx_word' id='word_1_570' title='bbox 783 4590 817 4629; x_wconf 88' lang='lat' dir='ltr'><strong>a</strong></span> <span class='ocrx_word' id='word_1_571' title='bbox 844 4574 966 4629; x_wconf 90' lang='lat' dir='ltr'><strong>viro</strong></span> <span class='ocrx_word' id='word_1_572' title='bbox 1021 4587 1119 4627; x_wconf 89' lang='lat' dir='ltr'><strong>suo</strong></span> <span class='ocrx_word' id='word_1_573' title='bbox 1164 4587 1277 4628; x_wconf 86' lang='lat' dir='ltr'><strong>non</strong></span> <span class='ocrx_word' id='word_1_574' title='bbox 1332 4572 1606 4628; x_wconf 85' lang='lat' dir='ltr'><strong>discedere</strong></span> <span class='ocrx_word' id='word_1_575' title='bbox 1638 4589 1651 4628; x_wconf 92' lang='lat'><strong>:</strong></span> <span class='ocrx_word' id='word_1_576' title='bbox 1682 4580 1735 4628; x_wconf 88' lang='lat' dir='ltr'><strong>et</strong></span> 
     </span>
    </p>
   </div>
   <div class='ocr_carea' id='block_1_80' title="bbox 1851 3413 3508 3487">
    <p class='ocr_par' dir='ltr' id='par_1_80' title="bbox 1851 3413 3508 3487">
     <span class='ocr_line' id='line_1_81' title="bbox 1851 3413 3508 3487; baseline 0.001 -18"><span class='ocrx_word' id='word_1_577' title='bbox 1851 3430 2040 3470; x_wconf 86' lang='lat' dir='ltr'><strong>servus</strong></span> <span class='ocrx_word' id='word_1_578' title='bbox 2068 3430 2182 3470; x_wconf 84' lang='lat' dir='ltr'><strong>non</strong></span> <span class='ocrx_word' id='word_1_579' title='bbox 2209 3430 2380 3471; x_wconf 90' lang='lat' dir='ltr'><strong>essem</strong></span> <span class='ocrx_word' id='word_1_580' title='bbox 2413 3413 2553 3485; x_wconf 86' lang='lat' dir='ltr'><strong>(Gal.</strong></span> <span class='ocrx_word' id='word_1_581' title='bbox 2588 3431 2627 3481; x_wconf 78' lang='grc' dir='ltr'><strong>ι,</strong></span> <span class='ocrx_word' id='word_1_582' title='bbox 2662 3415 2751 3485; x_wconf 92' lang='grc'>10)</span> <span class='ocrx_word' id='word_1_583' title='bbox 2781 3432 2795 3482; x_wconf 89' lang='grc'>;</span> <span class='ocrx_word' id='word_1_584' title='bbox 2827 3419 2886 3471; x_wconf 92' lang='lat' dir='ltr'><strong>et</strong></span> <span class='ocrx_word' id='word_1_585' title='bbox 2911 3416 3165 3472; x_wconf 89' lang='lat' dir='ltr'><strong>Jacobus</strong></span> <span class='ocrx_word' id='word_1_586' title='bbox 3204 3415 3508 3487; x_wconf 90' lang='lat' dir='ltr'><strong>apostolus</strong></span> 
     </span>
    </p>
   </div>
   <div class='ocr_carea' id='block_1_81' title="bbox 1853 3501 3510 3573">
    <p class='ocr_par' dir='ltr' id='par_1_81' title="bbox 1853 3501 3510 3573">
     <span class='ocr_line' id='line_1_82' title="bbox 1853 3501 3510 3573; baseline 0.001 -15"><span class='ocrx_word' id='word_1_587' title='bbox 1853 3501 1962 3558; x_wconf 90' lang='lat' dir='ltr'><strong>ait:</strong></span> <span class='ocrx_word' id='word_1_588' title='bbox 1997 3502 2321 3573; x_wconf 83' lang='lat' dir='ltr'><strong>Quicunque</strong></span> <span class='ocrx_word' id='word_1_589' title='bbox 2345 3518 2472 3573; x_wconf 89' lang='lat' dir='ltr'><strong>ergo</strong></span> <span class='ocrx_word' id='word_1_590' title='bbox 2501 3503 2737 3559; x_wconf 88' lang='lat' dir='ltr'><strong>voluerit</strong></span> <span class='ocrx_word' id='word_1_591' title='bbox 2762 3505 2972 3559; x_wconf 86' lang='lat' dir='ltr'><strong>amicus</strong></span> <span class='ocrx_word' id='word_1_592' title='bbox 3028 3519 3141 3560; x_wconf 89' lang='lat' dir='ltr'><strong>esse</strong></span> <span class='ocrx_word' id='word_1_593' title='bbox 3191 3504 3382 3561; x_wconf 59' lang='lat' dir='ltr'><strong>seculi</strong></span> <span class='ocrx_word' id='word_1_594' title='bbox 3410 3503 3510 3560; x_wconf 82' lang='lat' dir='ltr'><strong>hu-</strong></span> 
     </span>
    </p>
   </div>
   <div class='ocr_carea' id='block_1_82' title="bbox 1840 3590 3505 3664">
    <p class='ocr_par' dir='ltr' id='par_1_82' title="bbox 1840 3590 3505 3664">
     <span class='ocr_line' id='line_1_83' title="bbox 1840 3590 3505 3664; baseline 0.001 -18"><span class='ocrx_word' id='word_1_595' title='bbox 1840 3590 1959 3662; x_wconf 85' lang='lat' dir='ltr'><strong>jus,</strong></span> <span class='ocrx_word' id='word_1_596' title='bbox 1983 3591 2248 3646; x_wconf 88' lang='lat' dir='ltr'><strong>inimicus</strong></span> <span class='ocrx_word' id='word_1_597' title='bbox 2277 3592 2374 3646; x_wconf 85' lang='lat' dir='ltr'><strong>Dei</strong></span> <span class='ocrx_word' id='word_1_598' title='bbox 2402 3592 2757 3646; x_wconf 83' lang='lat' dir='ltr'><strong>constituitur</strong></span> <span class='ocrx_word' id='word_1_599' title='bbox 2787 3592 2922 3663; x_wconf 82' lang='lat' dir='ltr'><strong>(Jac.</strong></span> <span class='ocrx_word' id='word_1_600' title='bbox 2956 3607 3031 3662; x_wconf 84' lang='lat' dir='ltr'><strong>1v,</strong></span> <span class='ocrx_word' id='word_1_601' title='bbox 3064 3590 3141 3659; x_wconf 78' lang='grc'><strong>4).</strong></span> <span class='ocrx_word' id='word_1_602' title='bbox 3182 3591 3253 3646; x_wconf 91' lang='lat' dir='ltr'><strong>Et</strong></span> <span class='ocrx_word' id='word_1_603' title='bbox 3278 3590 3505 3664; x_wconf 82' lang='lat' dir='ltr'><strong>Moyses</strong></span> 
     </span>
    </p>
   </div>
   <div class='ocr_carea' id='block_1_83' title="bbox 1849 3678 3503 3753">
    <p class='ocr_par' dir='ltr' id='par_1_83' title="bbox 1849 3678 3503 3753">
     <span class='ocr_line' id='line_1_84' title="bbox 1849 3678 3503 3753; baseline 0.001 -18"><span class='ocrx_word' id='word_1_604' title='bbox 1849 3680 2082 3752; x_wconf 91' lang='lat' dir='ltr'><strong>negavit</strong></span> <span class='ocrx_word' id='word_1_605' title='bbox 2108 3696 2171 3735; x_wconf 89' lang='lat' dir='ltr'><strong>se</strong></span> <span class='ocrx_word' id='word_1_606' title='bbox 2202 3695 2329 3735; x_wconf 91' lang='lat' dir='ltr'><strong>esse</strong></span> <span class='ocrx_word' id='word_1_607' title='bbox 2346 3678 2533 3734; x_wconf 83' lang='lat' dir='ltr'><strong>ﬁlium</strong></span> <span class='ocrx_word' id='word_1_608' title='bbox 2567 3679 2698 3735; x_wconf 69' lang='lat' dir='ltr'><strong>ﬁlia:</strong></span> <span class='ocrx_word' id='word_1_609' title='bbox 2720 3680 3259 3753; x_wconf 87' lang='lat' dir='ltr'><strong>Pharaonis,magis</strong></span> <span class='ocrx_word' id='word_1_610' title='bbox 3281 3680 3503 3753; x_wconf 86' lang='lat' dir='ltr'><strong>eligens</strong></span> 
     </span>
    </p>
   </div>
   <div class='ocr_carea' id='block_1_84' title="bbox 1847 3767 3498 3842">
    <p class='ocr_par' dir='ltr' id='par_1_84' title="bbox 1847 3767 3498 3842">
     <span class='ocr_line' id='line_1_85' title="bbox 1847 3767 3498 3842; baseline 0.001 -19"><span class='ocrx_word' id='word_1_611' title='bbox 1847 3768 2030 3842; x_wconf 82' lang='lat' dir='ltr'><strong>afﬂigi</strong></span> <span class='ocrx_word' id='word_1_612' title='bbox 2051 3784 2184 3824; x_wconf 91' lang='lat' dir='ltr'><strong>cum</strong></span> <span class='ocrx_word' id='word_1_613' title='bbox 2205 3767 2420 3840; x_wconf 78' lang='lat' dir='ltr'><strong>populo</strong></span> <span class='ocrx_word' id='word_1_614' title='bbox 2441 3768 2751 3841; x_wconf 89' lang='lat' dir='ltr'><strong>Dei,quam</strong></span> <span class='ocrx_word' id='word_1_615' title='bbox 2772 3768 3113 3841; x_wconf 89' lang='lat' dir='ltr'><strong>temporalis</strong></span> <span class='ocrx_word' id='word_1_616' title='bbox 3136 3770 3356 3841; x_wconf 91' lang='lat' dir='ltr'><strong>peccati</strong></span> <span class='ocrx_word' id='word_1_617' title='bbox 3388 3769 3498 3826; x_wconf 84' lang='lat' dir='ltr'><strong>ha-</strong></span> 
     </span>
    </p>
   </div>
   <div class='ocr_carea' id='block_1_85' title="bbox 1842 3857 3496 3929">
    <p class='ocr_par' dir='ltr' id='par_1_85' title="bbox 1842 3857 3496 3929">
     <span class='ocr_line' id='line_1_86' title="bbox 1842 3857 3496 3929; baseline 0.002 -17"><span class='ocrx_word' id='word_1_618' title='bbox 1842 3857 1981 3913; x_wconf 90' lang='lat' dir='ltr'><strong>bere</strong></span> <span class='ocrx_word' id='word_1_619' title='bbox 2001 3857 2456 3929; x_wconf 86' lang='lat' dir='ltr'><strong>jocunditatem,</strong></span> <span class='ocrx_word' id='word_1_620' title='bbox 2492 3858 2748 3929; x_wconf 87' lang='lat' dir='ltr'><strong>majores</strong></span> <span class='ocrx_word' id='word_1_621' title='bbox 2777 3858 3012 3914; x_wconf 89' lang='lat' dir='ltr'><strong>divitias</strong></span> <span class='ocrx_word' id='word_1_622' title='bbox 3040 3859 3338 3915; x_wconf 80' lang='lat' dir='ltr'><strong>aestimans</strong></span> <span class='ocrx_word' id='word_1_623' title='bbox 3366 3858 3496 3915; x_wconf 89' lang='lat' dir='ltr'><strong>the-</strong></span> 
     </span>
    </p>
   </div>
   <div class='ocr_carea' id='block_1_86' title="bbox 1844 3946 3494 4019">
    <p class='ocr_par' dir='ltr' id='par_1_86' title="bbox 1844 3946 3494 4019">
     <span class='ocr_line' id='line_1_87' title="bbox 1844 3946 3494 4019; baseline 0.001 -17"><span class='ocrx_word' id='word_1_624' title='bbox 1844 3963 2019 4002; x_wconf 89' lang='lat' dir='ltr'><strong>sauro</strong></span> <span class='ocrx_word' id='word_1_625' title='bbox 2065 3946 2466 4019; x_wconf 66' lang='lat' dir='ltr'><strong>[Egyptiorum</strong></span> <span class='ocrx_word' id='word_1_626' title='bbox 2511 3948 2913 4018; x_wconf 87' lang='lat' dir='ltr'><strong>improperium</strong></span> <span class='ocrx_word' id='word_1_627' title='bbox 2961 3946 3169 4003; x_wconf 85' lang='lat' dir='ltr'><strong>Christi</strong></span> <span class='ocrx_word' id='word_1_628' title='bbox 3198 3948 3386 4018; x_wconf 82' lang='lat' dir='ltr'><strong>(Hebr.</strong></span> <span class='ocrx_word' id='word_1_629' title='bbox 3417 3963 3494 4017; x_wconf 76' lang='grc' dir='ltr'><strong>ιν,</strong></span> 
     </span>
    </p>
   </div>
   <div class='ocr_carea' id='block_1_87' title="bbox 1840 4034 3491 4108">
    <p class='ocr_par' dir='ltr' id='par_1_87' title="bbox 1840 4034 3491 4108">
     <span class='ocr_line' id='line_1_88' title="bbox 1840 4034 3491 4108; baseline 0.002 -19"><span class='ocrx_word' id='word_1_630' title='bbox 1840 4035 1953 4107; x_wconf 80' lang='grc'>24).</span> <span class='ocrx_word' id='word_1_631' title='bbox 1984 4036 2319 4090; x_wconf 89' lang='lat' dir='ltr'><strong>Secundum</strong></span> <span class='ocrx_word' id='word_1_632' title='bbox 2367 4034 2666 4091; x_wconf 90' lang='lat' dir='ltr'><strong>decretum</strong></span> <span class='ocrx_word' id='word_1_633' title='bbox 2726 4039 2919 4091; x_wconf 88' lang='lat' dir='ltr'><strong>autem</strong></span> <span class='ocrx_word' id='word_1_634' title='bbox 2981 4035 3274 4091; x_wconf 85' lang='lat' dir='ltr'><strong>Caelestini</strong></span> <span class='ocrx_word' id='word_1_635' title='bbox 3305 4051 3491 4108; x_wconf 68' lang='lat' dir='ltr'><strong>papae,</strong></span> 
     </span>
    </p>
   </div>
   <div class='ocr_carea' id='block_1_88' title="bbox 1842 4123 3495 4196">
    <p class='ocr_par' dir='ltr' id='par_1_88' title="bbox 1842 4123 3495 4196">
     <span class='ocr_line' id='line_1_89' title="bbox 1842 4123 3495 4196; baseline 0.001 -16"><span class='ocrx_word' id='word_1_636' title='bbox 1842 4125 2141 4181; x_wconf 90' lang='lat' dir='ltr'><strong>docendus</strong></span> <span class='ocrx_word' id='word_1_637' title='bbox 2172 4128 2261 4179; x_wconf 90' lang='lat' dir='ltr'><strong>est</strong></span> <span class='ocrx_word' id='word_1_638' title='bbox 2288 4123 2564 4196; x_wconf 90' lang='lat' dir='ltr'><strong>populus,</strong></span> <span class='ocrx_word' id='word_1_639' title='bbox 2587 4140 2703 4180; x_wconf 91' lang='lat' dir='ltr'><strong>non</strong></span> <span class='ocrx_word' id='word_1_640' title='bbox 2725 4124 3082 4195; x_wconf 89' lang='lat' dir='ltr'><strong>sequendus.</strong></span> <span class='ocrx_word' id='word_1_641' title='bbox 3101 4124 3213 4181; x_wconf 89' lang='lat' dir='ltr'><strong>Sed</strong></span> <span class='ocrx_word' id='word_1_642' title='bbox 3231 4128 3290 4181; x_wconf 90' lang='lat' dir='ltr'><strong>et</strong></span> <span class='ocrx_word' id='word_1_643' title='bbox 3317 4123 3367 4182; x_wconf 90' lang='lat' dir='ltr'><strong>si</strong></span> <span class='ocrx_word' id='word_1_644' title='bbox 3388 4141 3495 4182; x_wconf 91' lang='lat' dir='ltr'><strong>nec</strong></span> 
     </span>
    </p>
   </div>
   <div class='ocr_carea' id='block_1_89' title="bbox 1842 4212 3495 4287">
    <p class='ocr_par' dir='ltr' id='par_1_89' title="bbox 1842 4212 3495 4287">
     <span class='ocr_line' id='line_1_90' title="bbox 1842 4212 3495 4287; baseline 0.002 -18"><span class='ocrx_word' id='word_1_645' title='bbox 1842 4213 1935 4269; x_wconf 84' lang='lat' dir='ltr'><strong>lex</strong></span> <span class='ocrx_word' id='word_1_646' title='bbox 1962 4213 2137 4283; x_wconf 87' lang='lat' dir='ltr'><strong>valet,</strong></span> <span class='ocrx_word' id='word_1_647' title='bbox 2171 4230 2277 4269; x_wconf 91' lang='lat' dir='ltr'><strong>nec</strong></span> <span class='ocrx_word' id='word_1_648' title='bbox 2299 4214 2663 4270; x_wconf 88' lang='lat' dir='ltr'><strong>consuetudo</strong></span> <span class='ocrx_word' id='word_1_649' title='bbox 2688 4213 2939 4285; x_wconf 79' lang='lat' dir='ltr'><strong>proficit,</strong></span> <span class='ocrx_word' id='word_1_650' title='bbox 2964 4212 3173 4271; x_wconf 88' lang='lat' dir='ltr'><strong>saltem</strong></span> <span class='ocrx_word' id='word_1_651' title='bbox 3194 4214 3325 4287; x_wconf 90' lang='lat' dir='ltr'><strong>ipsa</strong></span> <span class='ocrx_word' id='word_1_652' title='bbox 3344 4215 3495 4273; x_wconf 92' lang='lat' dir='ltr'><strong>ratio</strong></span> 
     </span>
    </p>
   </div>
   <div class='ocr_carea' id='block_1_90' title="bbox 1840 4304 2135 4377">
    <p class='ocr_par' dir='ltr' id='par_1_90' title="bbox 1840 4304 2135 4377">
     <span class='ocr_line' id='line_1_91' title="bbox 1840 4304 2135 4377; baseline 0 -18"><span class='ocrx_word' id='word_1_653' title='bbox 1840 4304 2135 4377; x_wconf 90' lang='lat' dir='ltr'><strong>procedat.</strong></span> 
     </span>
    </p>
   </div>
   <div class='ocr_carea' id='block_1_91' title="bbox 1912 4389 3498 4464">
    <p class='ocr_par' dir='ltr' id='par_1_91' title="bbox 1912 4389 3498 4464">
     <span class='ocr_line' id='line_1_92' title="bbox 1912 4389 3498 4464; baseline 0.001 -18"><span class='ocrx_word' id='word_1_654' title='bbox 1912 4397 2072 4448; x_wconf 90' lang='lat' dir='ltr'><strong>Inter</strong></span> <span class='ocrx_word' id='word_1_655' title='bbox 2100 4396 2431 4464; x_wconf 91' lang='lat' dir='ltr'><strong>compatres</strong></span> <span class='ocrx_word' id='word_1_656' title='bbox 2489 4393 2547 4447; x_wconf 89' lang='lat' dir='ltr'><strong>et</strong></span> <span class='ocrx_word' id='word_1_657' title='bbox 2604 4394 2958 4447; x_wconf 89' lang='lat' dir='ltr'><strong>commatres</strong></span> <span class='ocrx_word' id='word_1_658' title='bbox 3013 4389 3325 4445; x_wconf 89' lang='lat' dir='ltr'><strong>interdicta</strong></span> <span class='ocrx_word' id='word_1_659' title='bbox 3368 4405 3498 4447; x_wconf 87' lang='lat' dir='ltr'><strong>esse</strong></span> 
     </span>
    </p>
   </div>
   <div class='ocr_carea' id='block_1_92' title="bbox 1842 4476 3499 4553">
    <p class='ocr_par' dir='ltr' id='par_1_92' title="bbox 1842 4476 3499 4553">
     <span class='ocr_line' id='line_1_93' title="bbox 1842 4476 3499 4553; baseline -0.001 -16"><span class='ocrx_word' id='word_1_660' title='bbox 1842 4481 2117 4553; x_wconf 89' lang='lat' dir='ltr'><strong>conjugia</strong></span> <span class='ocrx_word' id='word_1_661' title='bbox 2136 4482 2433 4537; x_wconf 88' lang='lat' dir='ltr'><strong>evidenter</strong></span> <span class='ocrx_word' id='word_1_662' title='bbox 2452 4495 2657 4535; x_wconf 90' lang='lat' dir='ltr'><strong>omnes</strong></span> <span class='ocrx_word' id='word_1_663' title='bbox 2678 4478 3012 4534; x_wconf 82' lang='lat' dir='ltr'><strong>testificant.</strong></span> <span class='ocrx_word' id='word_1_664' title='bbox 3035 4479 3179 4534; x_wconf 91' lang='lat' dir='ltr'><strong>Cum</strong></span> <span class='ocrx_word' id='word_1_665' title='bbox 3204 4476 3383 4549; x_wconf 91' lang='lat' dir='ltr'><strong>hujus</strong></span> <span class='ocrx_word' id='word_1_666' title='bbox 3404 4494 3499 4535; x_wconf 90' lang='lat' dir='ltr'><strong>sa-</strong></span> 
     </span>
    </p>
   </div>
   <div class='ocr_carea' id='block_1_93' title="bbox 1842 4564 3497 4639">
    <p class='ocr_par' dir='ltr' id='par_1_93' title="bbox 1842 4564 3497 4639">
     <span class='ocr_line' id='line_1_94' title="bbox 1842 4564 3497 4639; baseline -0.002 -13"><span class='ocrx_word' id='word_1_667' title='bbox 1842 4569 2124 4626; x_wconf 87' lang='lat' dir='ltr'><strong>cramenti</strong></span> <span class='ocrx_word' id='word_1_668' title='bbox 2157 4567 2506 4639; x_wconf 82' lang='lat' dir='ltr'><strong>mysterium</strong></span> <span class='ocrx_word' id='word_1_669' title='bbox 2538 4583 2653 4622; x_wconf 91' lang='lat' dir='ltr'><strong>non</strong></span> <span class='ocrx_word' id='word_1_670' title='bbox 2686 4564 3019 4638; x_wconf 88' lang='lat' dir='ltr'><strong>specialiter</strong></span> <span class='ocrx_word' id='word_1_671' title='bbox 3047 4566 3106 4622; x_wconf 88' lang='lat' dir='ltr'><strong>in</strong></span> <span class='ocrx_word' id='word_1_672' title='bbox 3137 4565 3414 4639; x_wconf 90' lang='lat' dir='ltr'><strong>ipsis,sed</strong></span> <span class='ocrx_word' id='word_1_673' title='bbox 3436 4566 3497 4623; x_wconf 91' lang='lat' dir='ltr'><strong>in</strong></span> 
     </span>
    </p>
   </div>
   <div class='ocr_carea' id='block_1_94' title="bbox 73 4654 3501 4744">
    <p class='ocr_par' dir='ltr' id='par_1_94' title="bbox 73 4654 3501 4744">
     <span class='ocr_line' id='line_1_95' title="bbox 73 4654 3501 4744; baseline -0.002 -27"><span class='ocrx_word' id='word_1_674' title='bbox 73 4663 146 4717; x_wconf 86' lang='lat' dir='ltr'><strong>vir</strong></span> <span class='ocrx_word' id='word_1_675' title='bbox 171 4680 416 4723; x_wconf 71' lang='lat' dir='ltr'><strong>uxorem</strong></span> <span class='ocrx_word' id='word_1_676' title='bbox 439 4681 609 4722; x_wconf 87' lang='lat' dir='ltr'><strong>suam</strong></span> <span class='ocrx_word' id='word_1_677' title='bbox 635 4679 747 4719; x_wconf 90' lang='lat' dir='ltr'><strong>non</strong></span> <span class='ocrx_word' id='word_1_678' title='bbox 781 4664 1026 4720; x_wconf 85' lang='lat' dir='ltr'><strong>dimittat</strong></span> <span class='ocrx_word' id='word_1_679' title='bbox 1054 4661 1101 4733; x_wconf 90' lang='lat' dir='ltr'><strong>(I</strong></span> <span class='ocrx_word' id='word_1_680' title='bbox 1122 4660 1242 4717; x_wconf 92' lang='lat' dir='ltr'><strong>Cor.</strong></span> <span class='ocrx_word' id='word_1_681' title='bbox 1275 4677 1377 4727; x_wconf 88' lang='lat' dir='ltr'><strong>vu,</strong></span> <span class='ocrx_word' id='word_1_682' title='bbox 1410 4661 1733 4732; x_wconf 78' lang='lat' dir='ltr'><strong>IO).Videte</strong></span> <span class='ocrx_word' id='word_1_683' title='bbox 1767 4679 1815 4744; x_wconf 83' lang='lat' dir='ltr'><strong>D</strong></span> <span class='ocrx_word' id='word_1_684' title='bbox 1844 4674 2045 4716; x_wconf 91' lang='lat' dir='ltr'><strong>eorum</strong></span> <span class='ocrx_word' id='word_1_685' title='bbox 2079 4656 2217 4712; x_wconf 88' lang='lat' dir='ltr'><strong>filiis</strong></span> <span class='ocrx_word' id='word_1_686' title='bbox 2247 4655 2593 4744; x_wconf 89' lang='lat' dir='ltr'><strong>celebratur.</strong></span> <span class='ocrx_word' id='word_1_687' title='bbox 2656 4658 2803 4711; x_wconf 86' lang='lat' dir='ltr'><strong>Nam</strong></span> <span class='ocrx_word' id='word_1_688' title='bbox 2830 4660 2888 4711; x_wconf 92' lang='lat' dir='ltr'><strong>et</strong></span> <span class='ocrx_word' id='word_1_689' title='bbox 2941 4654 3055 4728; x_wconf 90' lang='lat' dir='ltr'><strong>ipsi</strong></span> <span class='ocrx_word' id='word_1_690' title='bbox 3087 4655 3501 4728; x_wconf 86' lang='lat' dir='ltr'><strong>sequestratim</strong></span> 
     </span>
    </p>
   </div>
   <div class='ocr_carea' id='block_1_95' title="bbox 72 4750 1736 4825">
    <p class='ocr_par' dir='ltr' id='par_1_95' title="bbox 72 4750 1736 4825">
     <span class='ocr_line' id='line_1_96' title="bbox 72 4750 1736 4825; baseline -0.001 -17"><span class='ocrx_word' id='word_1_691' title='bbox 72 4755 213 4823; x_wconf 86' lang='lat' dir='ltr'><strong>quod</strong></span> <span class='ocrx_word' id='word_1_692' title='bbox 244 4755 397 4813; x_wconf 88' lang='lat' dir='ltr'><strong>dicit</strong></span> <span class='ocrx_word' id='word_1_693' title='bbox 424 4755 521 4812; x_wconf 90' lang='lat' dir='ltr'><strong>his</strong></span> <span class='ocrx_word' id='word_1_694' title='bbox 544 4755 646 4825; x_wconf 88' lang='lat' dir='ltr'><strong>qui</strong></span> <span class='ocrx_word' id='word_1_695' title='bbox 669 4754 1025 4809; x_wconf 84' lang='lat' dir='ltr'><strong>matrimonio</strong></span> <span class='ocrx_word' id='word_1_696' title='bbox 1054 4752 1234 4818; x_wconf 79' lang='lat' dir='ltr'><strong>iuncti</strong></span> <span class='ocrx_word' id='word_1_697' title='bbox 1261 4757 1410 4807; x_wconf 90' lang='lat' dir='ltr'><strong>sunt.</strong></span> <span class='ocrx_word' id='word_1_698' title='bbox 1442 4750 1736 4807; x_wconf 91' lang='lat' dir='ltr'><strong>Matrimo-</strong></span> 
     </span>
    </p>
   </div>
   <div class='ocr_carea' id='block_1_96' title="bbox 74 4838 1745 4914">
    <p class='ocr_par' dir='ltr' id='par_1_96' title="bbox 74 4838 1745 4914">
     <span class='ocr_line' id='line_1_97' title="bbox 74 4838 1745 4914; baseline 0 -21"><span class='ocrx_word' id='word_1_699' title='bbox 74 4840 226 4899; x_wconf 88' lang='lat' dir='ltr'><strong>nium</strong></span> <span class='ocrx_word' id='word_1_700' title='bbox 257 4844 426 4901; x_wconf 88' lang='lat' dir='ltr'><strong>enim</strong></span> <span class='ocrx_word' id='word_1_701' title='bbox 458 4846 561 4900; x_wconf 86' lang='lat' dir='ltr'><strong>est</strong></span> <span class='ocrx_word' id='word_1_702' title='bbox 588 4841 1091 4914; x_wconf 88' lang='lat' dir='ltr'><strong>conjugumjusta</strong></span> <span class='ocrx_word' id='word_1_703' title='bbox 1119 4840 1423 4896; x_wconf 88' lang='lat' dir='ltr'><strong>conventio</strong></span> <span class='ocrx_word' id='word_1_704' title='bbox 1454 4844 1513 4895; x_wconf 91' lang='lat' dir='ltr'><strong>et</strong></span> <span class='ocrx_word' id='word_1_705' title='bbox 1538 4838 1745 4894; x_wconf 85' lang='lat' dir='ltr'><strong>condi-</strong></span> 
     </span>
    </p>
   </div>
   <div class='ocr_carea' id='block_1_97' title="bbox 76 4928 1745 5004">
    <p class='ocr_par' dir='ltr' id='par_1_97' title="bbox 76 4928 1745 5004">
     <span class='ocr_line' id='line_1_98' title="bbox 76 4928 1745 5004; baseline -0.001 -19"><span class='ocrx_word' id='word_1_706' title='bbox 76 4928 175 4999; x_wconf 84' lang='lat' dir='ltr'><strong>tio;</strong></span> <span class='ocrx_word' id='word_1_707' title='bbox 206 4948 306 4990; x_wconf 90' lang='lat' dir='ltr'><strong>eos</strong></span> <span class='ocrx_word' id='word_1_708' title='bbox 336 4949 481 4990; x_wconf 86' lang='lat' dir='ltr'><strong>vero</strong></span> <span class='ocrx_word' id='word_1_709' title='bbox 516 4930 621 5004; x_wconf 92' lang='lat' dir='ltr'><strong>qui</strong></span> <span class='ocrx_word' id='word_1_710' title='bbox 654 4930 874 4987; x_wconf 82' lang='lat' dir='ltr'><strong>nefario</strong></span> <span class='ocrx_word' id='word_1_711' title='bbox 906 4934 965 4985; x_wconf 91' lang='lat' dir='ltr'><strong>et</strong></span> <span class='ocrx_word' id='word_1_712' title='bbox 993 4928 1336 4986; x_wconf 86' lang='lat' dir='ltr'><strong>exsecrabili</strong></span> <span class='ocrx_word' id='word_1_713' title='bbox 1368 4928 1522 4982; x_wconf 90' lang='lat' dir='ltr'><strong>coitu</strong></span> <span class='ocrx_word' id='word_1_714' title='bbox 1541 4931 1745 4984; x_wconf 91' lang='lat' dir='ltr'><strong>contra</strong></span> 
     </span>
    </p>
   </div>
   <div class='ocr_carea' id='block_1_98' title="bbox 83 5014 1741 5093">
    <p class='ocr_par' dir='ltr' id='par_1_98' title="bbox 83 5014 1741 5093">
     <span class='ocr_line' id='line_1_99' title="bbox 83 5014 1741 5093; baseline -0.001 -21"><span class='ocrx_word' id='word_1_715' title='bbox 83 5014 228 5091; x_wconf 86' lang='lat' dir='ltr'><strong>leges</strong></span> <span class='ocrx_word' id='word_1_716' title='bbox 258 5026 318 5076; x_wconf 89' lang='lat' dir='ltr'><strong>et</strong></span> <span class='ocrx_word' id='word_1_717' title='bbox 340 5037 553 5078; x_wconf 87' lang='lat' dir='ltr'><strong>mores</strong></span> <span class='ocrx_word' id='word_1_718' title='bbox 573 5017 1272 5093; x_wconf 87' lang='lat' dir='ltr'><strong>permiscentur,omnino</strong></span> <span class='ocrx_word' id='word_1_719' title='bbox 1292 5016 1550 5089; x_wconf 88' lang='lat' dir='ltr'><strong>separari</strong></span> <span class='ocrx_word' id='word_1_720' title='bbox 1572 5033 1741 5089; x_wconf 90' lang='lat' dir='ltr'><strong>opor-</strong></span> 
     </span>
    </p>
   </div>
   <div class='ocr_carea' id='block_1_99' title="bbox 79 5104 1744 5183">
    <p class='ocr_par' dir='ltr' id='par_1_99' title="bbox 79 5104 1744 5183">
     <span class='ocr_line' id='line_1_100' title="bbox 79 5104 1744 5183; baseline -0.001 -22"><span class='ocrx_word' id='word_1_721' title='bbox 79 5110 168 5180; x_wconf 86' lang='lat' dir='ltr'><strong>tet,</strong></span> <span class='ocrx_word' id='word_1_722' title='bbox 199 5110 494 5183; x_wconf 86' lang='lat' dir='ltr'><strong>quoniam</strong></span> <span class='ocrx_word' id='word_1_723' title='bbox 532 5125 642 5165; x_wconf 88' lang='lat' dir='ltr'><strong>nec</strong></span> <span class='ocrx_word' id='word_1_724' title='bbox 673 5107 762 5163; x_wconf 91' lang='lat' dir='ltr'><strong>vir</strong></span> <span class='ocrx_word' id='word_1_725' title='bbox 792 5123 900 5163; x_wconf 89' lang='lat' dir='ltr'><strong>nec</strong></span> <span class='ocrx_word' id='word_1_726' title='bbox 928 5123 1076 5163; x_wconf 90' lang='lat' dir='ltr'><strong>uxor</strong></span> <span class='ocrx_word' id='word_1_727' title='bbox 1107 5106 1320 5178; x_wconf 90' lang='lat' dir='ltr'><strong>poterit</strong></span> <span class='ocrx_word' id='word_1_728' title='bbox 1376 5121 1505 5161; x_wconf 91' lang='lat' dir='ltr'><strong>esse</strong></span> <span class='ocrx_word' id='word_1_729' title='bbox 1535 5105 1597 5161; x_wconf 93' lang='lat' dir='ltr'><strong>in</strong></span> <span class='ocrx_word' id='word_1_730' title='bbox 1629 5104 1744 5160; x_wconf 92' lang='lat' dir='ltr'><strong>hu-</strong></span> 
     </span>
    </p>
   </div>
   <div class='ocr_carea' id='block_1_100' title="bbox 78 5195 1747 5268">
    <p class='ocr_par' dir='ltr' id='par_1_100' title="bbox 78 5195 1747 5268">
     <span class='ocr_line' id='line_1_101' title="bbox 78 5195 1747 5268; baseline 0 -18"><span class='ocrx_word' id='word_1_731' title='bbox 78 5195 347 5265; x_wconf 72' lang='lat' dir='ltr'><strong>iusmodi.</strong></span> <span class='ocrx_word' id='word_1_732' title='bbox 371 5200 475 5255; x_wconf 84' lang='lat' dir='ltr'><strong>Ait</strong></span> <span class='ocrx_word' id='word_1_733' title='bbox 486 5197 655 5255; x_wconf 89' lang='lat' dir='ltr'><strong>enim</strong></span> <span class='ocrx_word' id='word_1_734' title='bbox 673 5197 1032 5253; x_wconf 89' lang='lat' dir='ltr'><strong>Dominusin</strong></span> <span class='ocrx_word' id='word_1_735' title='bbox 1051 5195 1361 5268; x_wconf 84' lang='lat' dir='ltr'><strong>Evangelia</strong></span> <span class='ocrx_word' id='word_1_736' title='bbox 1386 5212 1399 5251; x_wconf 90' lang='lat'><strong>:</strong></span> <span class='ocrx_word' id='word_1_737' title='bbox 1427 5195 1487 5252; x_wconf 90' lang='lat' dir='ltr'><strong>Si</strong></span> <span class='ocrx_word' id='word_1_738' title='bbox 1515 5196 1747 5251; x_wconf 66' lang='lat' dir='ltr'><strong>dextera</strong></span> 
     </span>
    </p>
   </div>
   <div class='ocr_carea' id='block_1_101' title="bbox 84 5283 1749 5357">
    <p class='ocr_par' dir='ltr' id='par_1_101' title="bbox 84 5283 1749 5357">
     <span class='ocr_line' id='line_1_102' title="bbox 84 5283 1749 5357; baseline -0.001 -18"><span class='ocrx_word' id='word_1_739' title='bbox 84 5301 265 5345; x_wconf 78' lang='lat' dir='ltr'><strong>manus</strong></span> <span class='ocrx_word' id='word_1_740' title='bbox 287 5299 387 5346; x_wconf 88' lang='lat' dir='ltr'><strong>tua</strong></span> <span class='ocrx_word' id='word_1_741' title='bbox 406 5286 766 5347; x_wconf 81' lang='lat' dir='ltr'><strong>scandalth</strong></span> <span class='ocrx_word' id='word_1_742' title='bbox 803 5293 871 5351; x_wconf 87' lang='lat' dir='ltr'><strong>te,</strong></span> <span class='ocrx_word' id='word_1_743' title='bbox 904 5285 1121 5342; x_wconf 76' lang='lat' dir='ltr'><strong>abscide</strong></span> <span class='ocrx_word' id='word_1_744' title='bbox 1150 5301 1271 5342; x_wconf 90' lang='lat' dir='ltr'><strong>eam</strong></span> <span class='ocrx_word' id='word_1_745' title='bbox 1300 5288 1351 5340; x_wconf 88' lang='lat' dir='ltr'><strong>et</strong></span> <span class='ocrx_word' id='word_1_746' title='bbox 1401 5287 1613 5357; x_wconf 85' lang='lat' dir='ltr'><strong>projice</strong></span> <span class='ocrx_word' id='word_1_747' title='bbox 1654 5283 1749 5339; x_wconf 85' lang='lat' dir='ltr'><strong>abs</strong></span> 
     </span>
    </p>
   </div>
   <div class='ocr_carea' id='block_1_102' title="bbox 88 5372 1749 5451">
    <p class='ocr_par' dir='ltr' id='par_1_102' title="bbox 88 5372 1749 5451">
     <span class='ocr_line' id='line_1_103' title="bbox 88 5372 1749 5451; baseline -0.002 -22"><span class='ocrx_word' id='word_1_748' title='bbox 88 5382 135 5429; x_wconf 81' lang='lat' dir='ltr'><strong>te</strong></span> <span class='ocrx_word' id='word_1_749' title='bbox 160 5378 369 5447; x_wconf 67' lang='lat' dir='ltr'><strong>(Matth.</strong></span> <span class='ocrx_word' id='word_1_750' title='bbox 400 5396 461 5451; x_wconf 77' lang='grc' dir='ltr'><strong>ν,</strong></span> <span class='ocrx_word' id='word_1_751' title='bbox 496 5377 618 5449; x_wconf 89' lang='grc'>30).</span> <span class='ocrx_word' id='word_1_752' title='bbox 654 5375 804 5441; x_wconf 89' lang='lat' dir='ltr'><strong>Quid</strong></span> <span class='ocrx_word' id='word_1_753' title='bbox 834 5375 991 5431; x_wconf 89' lang='lat' dir='ltr'><strong>enim</strong></span> <span class='ocrx_word' id='word_1_754' title='bbox 1052 5374 1269 5430; x_wconf 90' lang='lat' dir='ltr'><strong>melius</strong></span> <span class='ocrx_word' id='word_1_755' title='bbox 1316 5390 1419 5445; x_wconf 90' lang='lat' dir='ltr'><strong>per</strong></span> <span class='ocrx_word' id='word_1_756' title='bbox 1460 5372 1749 5429; x_wconf 89' lang='lat' dir='ltr'><strong>scandali-</strong></span> 
     </span>
    </p>
   </div>
   <div class='ocr_carea' id='block_1_103' title="bbox 89 5462 1749 5537">
    <p class='ocr_par' dir='ltr' id='par_1_103' title="bbox 89 5462 1749 5537">
     <span class='ocr_line' id='line_1_104' title="bbox 89 5462 1749 5537; baseline -0.004 -15"><span class='ocrx_word' id='word_1_757' title='bbox 89 5470 298 5525; x_wconf 68' lang='lat' dir='ltr'><strong>mntem</strong></span> <span class='ocrx_word' id='word_1_758' title='bbox 330 5470 650 5526; x_wconf 83' lang='lat' dir='ltr'><strong>dexteram</strong></span> <span class='ocrx_word' id='word_1_759' title='bbox 683 5481 863 5537; x_wconf 89' lang='lat' dir='ltr'><strong>quam</strong></span> <span class='ocrx_word' id='word_1_760' title='bbox 921 5464 1076 5520; x_wconf 89' lang='lat' dir='ltr'><strong>male</strong></span> <span class='ocrx_word' id='word_1_761' title='bbox 1130 5462 1462 5535; x_wconf 84' lang='lat' dir='ltr'><strong>appositam</strong></span> <span class='ocrx_word' id='word_1_762' title='bbox 1509 5478 1749 5517; x_wconf 81' lang='lat' dir='ltr'><strong>uxorem</strong></span> 
     </span>
    </p>
   </div>
   <div class='ocr_carea' id='block_1_104' title="bbox 94 5549 1752 5631">
    <p class='ocr_par' dir='ltr' id='par_1_104' title="bbox 94 5549 1752 5631">
     <span class='ocr_line' id='line_1_105' title="bbox 94 5549 1752 5631; baseline 0.001 -26"><span class='ocrx_word' id='word_1_763' title='bbox 94 5552 522 5631; x_wconf 87' lang='lat' dir='ltr'><strong>intelligimus?</strong></span> <span class='ocrx_word' id='word_1_764' title='bbox 551 5555 622 5611; x_wconf 86' lang='lat' dir='ltr'><strong>Et</strong></span> <span class='ocrx_word' id='word_1_765' title='bbox 648 5554 903 5612; x_wconf 88' lang='lat' dir='ltr'><strong>iterum:</strong></span> <span class='ocrx_word' id='word_1_766' title='bbox 940 5554 1128 5611; x_wconf 86' lang='lat' dir='ltr'><strong>Omnis</strong></span> <span class='ocrx_word' id='word_1_767' title='bbox 1183 5553 1284 5625; x_wconf 88' lang='lat' dir='ltr'><strong>qui</strong></span> <span class='ocrx_word' id='word_1_768' title='bbox 1334 5551 1628 5624; x_wconf 86' lang='lat' dir='ltr'><strong>reliquerit</strong></span> <span class='ocrx_word' id='word_1_769' title='bbox 1653 5549 1752 5607; x_wconf 88' lang='lat' dir='ltr'><strong>do-</strong></span> 
     </span>
    </p>
   </div>
   <div class='ocr_carea' id='block_1_105' title="bbox 97 5645 1753 5721">
    <p class='ocr_par' dir='ltr' id='par_1_105' title="bbox 97 5645 1753 5721">
     <span class='ocr_line' id='line_1_106' title="bbox 97 5645 1753 5721; baseline -0.002 -22"><span class='ocrx_word' id='word_1_770' title='bbox 97 5659 258 5716; x_wconf 84' lang='lat' dir='ltr'><strong>mum,</strong></span> <span class='ocrx_word' id='word_1_771' title='bbox 287 5646 380 5705; x_wconf 85' lang='lat' dir='ltr'><strong>vel</strong></span> <span class='ocrx_word' id='word_1_772' title='bbox 403 5649 650 5721; x_wconf 78' lang='lat' dir='ltr'><strong>fratres,</strong></span> <span class='ocrx_word' id='word_1_773' title='bbox 682 5648 781 5700; x_wconf 90' lang='lat' dir='ltr'><strong>aut</strong></span> <span class='ocrx_word' id='word_1_774' title='bbox 804 5660 1032 5715; x_wconf 86' lang='lat' dir='ltr'><strong>sorores,</strong></span> <span class='ocrx_word' id='word_1_775' title='bbox 1066 5651 1163 5699; x_wconf 85' lang='lat' dir='ltr'><strong>aut</strong></span> <span class='ocrx_word' id='word_1_776' title='bbox 1215 5645 1452 5714; x_wconf 88' lang='lat' dir='ltr'><strong>patrem,</strong></span> <span class='ocrx_word' id='word_1_777' title='bbox 1509 5650 1607 5697; x_wconf 89' lang='lat' dir='ltr'><strong>aut</strong></span> <span class='ocrx_word' id='word_1_778' title='bbox 1634 5657 1753 5696; x_wconf 87' lang='lat' dir='ltr'><strong>ma-</strong></span> 
     </span>
    </p>
   </div>
   <div class='ocr_carea' id='block_1_106' title="bbox 1846 4743 3503 4819">
    <p class='ocr_par' dir='ltr' id='par_1_106' title="bbox 1846 4743 3503 4819">
     <span class='ocr_line' id='line_1_107' title="bbox 1846 4743 3503 4819; baseline -0.002 -14"><span class='ocrx_word' id='word_1_779' title='bbox 1846 4764 1975 4805; x_wconf 90' lang='lat' dir='ltr'><strong>esse</strong></span> <span class='ocrx_word' id='word_1_780' title='bbox 2004 4748 2277 4819; x_wconf 88' lang='lat' dir='ltr'><strong>possunt.</strong></span> <span class='ocrx_word' id='word_1_781' title='bbox 2310 4743 2451 4808; x_wconf 89' lang='lat' dir='ltr'><strong>Quis</strong></span> <span class='ocrx_word' id='word_1_782' title='bbox 2481 4759 2618 4817; x_wconf 88' lang='lat' dir='ltr'><strong>ergo</strong></span> <span class='ocrx_word' id='word_1_783' title='bbox 2665 4744 2776 4801; x_wconf 93' lang='lat' dir='ltr'><strong>hoc</strong></span> <span class='ocrx_word' id='word_1_784' title='bbox 2831 4745 3023 4801; x_wconf 89' lang='lat' dir='ltr'><strong>dicere</strong></span> <span class='ocrx_word' id='word_1_785' title='bbox 3081 4745 3311 4813; x_wconf 85' lang='lat' dir='ltr'><strong>audeat,</strong></span> <span class='ocrx_word' id='word_1_786' title='bbox 3345 4745 3503 4817; x_wconf 89' lang='lat' dir='ltr'><strong>quod</strong></span> 
     </span>
    </p>
   </div>
   <div class='ocr_carea' id='block_1_107' title="bbox 1850 4833 3504 4907">
    <p class='ocr_par' dir='ltr' id='par_1_107' title="bbox 1850 4833 3504 4907">
     <span class='ocr_line' id='line_1_108' title="bbox 1850 4833 3504 4907; baseline -0.003 -14"><span class='ocrx_word' id='word_1_787' title='bbox 1850 4838 2125 4893; x_wconf 88' lang='lat' dir='ltr'><strong>absentes</strong></span> <span class='ocrx_word' id='word_1_788' title='bbox 2138 4834 2247 4890; x_wconf 92' lang='lat' dir='ltr'><strong>hoc</strong></span> <span class='ocrx_word' id='word_1_789' title='bbox 2259 4838 2693 4890; x_wconf 89' lang='lat' dir='ltr'><strong>sacramentum</strong></span> <span class='ocrx_word' id='word_1_790' title='bbox 2707 4833 3504 4907; x_wconf 69' lang='lat' dir='ltr'><strong>constringat?Prmsentibus</strong></span> 
     </span>
    </p>
   </div>
   <div class='ocr_carea' id='block_1_108' title="bbox 1855 4920 3504 4996">
    <p class='ocr_par' dir='ltr' id='par_1_108' title="bbox 1855 4920 3504 4996">
     <span class='ocr_line' id='line_1_109' title="bbox 1855 4920 3504 4996; baseline -0.004 -13"><span class='ocrx_word' id='word_1_791' title='bbox 1855 4929 2073 4996; x_wconf 90' lang='lat' dir='ltr'><strong>autem,</strong></span> <span class='ocrx_word' id='word_1_792' title='bbox 2104 4924 2164 4979; x_wconf 91' lang='lat' dir='ltr'><strong>in</strong></span> <span class='ocrx_word' id='word_1_793' title='bbox 2197 4923 2414 4996; x_wconf 90' lang='lat' dir='ltr'><strong>quibus</strong></span> <span class='ocrx_word' id='word_1_794' title='bbox 2442 4923 2769 4979; x_wconf 90' lang='lat' dir='ltr'><strong>celebratur</strong></span> <span class='ocrx_word' id='word_1_795' title='bbox 2798 4940 2916 4979; x_wconf 91' lang='lat' dir='ltr'><strong>non</strong></span> <span class='ocrx_word' id='word_1_796' title='bbox 2973 4921 3310 4995; x_wconf 83' lang='lat' dir='ltr'><strong>pertineat?</strong></span> <span class='ocrx_word' id='word_1_797' title='bbox 3338 4920 3504 4985; x_wconf 92' lang='lat' dir='ltr'><strong>Quod</strong></span> 
     </span>
    </p>
   </div>
   <div class='ocr_carea' id='block_1_109' title="bbox 1854 5010 3506 5087">
    <p class='ocr_par' dir='ltr' id='par_1_109' title="bbox 1854 5010 3506 5087">
     <span class='ocr_line' id='line_1_110' title="bbox 1854 5010 3506 5087; baseline -0.004 -16"><span class='ocrx_word' id='word_1_798' title='bbox 1854 5015 2030 5072; x_wconf 90' lang='lat' dir='ltr'><strong>etiam</strong></span> <span class='ocrx_word' id='word_1_799' title='bbox 2053 5013 2244 5087; x_wconf 91' lang='lat' dir='ltr'><strong>ipsius</strong></span> <span class='ocrx_word' id='word_1_800' title='bbox 2255 5012 2523 5070; x_wconf 90' lang='lat' dir='ltr'><strong>vocabuli</strong></span> <span class='ocrx_word' id='word_1_801' title='bbox 2543 5012 2633 5069; x_wconf 91' lang='lat' dir='ltr'><strong>vis</strong></span> <span class='ocrx_word' id='word_1_802' title='bbox 2648 5010 3161 5074; x_wconf 87' lang='lat' dir='ltr'><strong>manifestat.Quid</strong></span> <span class='ocrx_word' id='word_1_803' title='bbox 3176 5010 3332 5066; x_wconf 87' lang='lat' dir='ltr'><strong>enim</strong></span> <span class='ocrx_word' id='word_1_804' title='bbox 3353 5024 3506 5065; x_wconf 89' lang='lat' dir='ltr'><strong>com-</strong></span> 
     </span>
    </p>
   </div>
   <div class='ocr_carea' id='block_1_110' title="bbox 1855 5098 3510 5178">
    <p class='ocr_par' dir='ltr' id='par_1_110' title="bbox 1855 5098 3510 5178">
     <span class='ocr_line' id='line_1_111' title="bbox 1855 5098 3510 5178; baseline -0.004 -18"><span class='ocrx_word' id='word_1_805' title='bbox 1855 5108 2021 5178; x_wconf 88' lang='lat' dir='ltr'><strong>pater</strong></span> <span class='ocrx_word' id='word_1_806' title='bbox 2046 5103 2135 5160; x_wconf 91' lang='lat' dir='ltr'><strong>vel</strong></span> <span class='ocrx_word' id='word_1_807' title='bbox 2169 5108 2489 5159; x_wconf 90' lang='lat' dir='ltr'><strong>commater</strong></span> <span class='ocrx_word' id='word_1_808' title='bbox 2517 5106 2709 5168; x_wconf 91' lang='lat' dir='ltr'><strong>sonat,</strong></span> <span class='ocrx_word' id='word_1_809' title='bbox 2767 5100 2881 5156; x_wconf 90' lang='lat' dir='ltr'><strong>nisi</strong></span> <span class='ocrx_word' id='word_1_810' title='bbox 2939 5098 3117 5155; x_wconf 89' lang='lat' dir='ltr'><strong>simul</strong></span> <span class='ocrx_word' id='word_1_811' title='bbox 3170 5104 3353 5171; x_wconf 88' lang='lat' dir='ltr'><strong>pater,</strong></span> <span class='ocrx_word' id='word_1_812' title='bbox 3407 5101 3510 5155; x_wconf 89' lang='lat' dir='ltr'><strong>aut</strong></span> 
     </span>
    </p>
   </div>
   <div class='ocr_carea' id='block_1_111' title="bbox 1858 5186 3510 5264">
    <p class='ocr_par' dir='ltr' id='par_1_111' title="bbox 1858 5186 3510 5264">
     <span class='ocr_line' id='line_1_112' title="bbox 1858 5186 3510 5264; baseline -0.004 -15"><span class='ocrx_word' id='word_1_813' title='bbox 1858 5192 2092 5249; x_wconf 80' lang='lat' dir='ltr'><strong>mater?</strong></span> <span class='ocrx_word' id='word_1_814' title='bbox 2118 5192 2173 5248; x_wconf 90' lang='lat' dir='ltr'><strong>Si</strong></span> <span class='ocrx_word' id='word_1_815' title='bbox 2208 5208 2343 5264; x_wconf 88' lang='lat' dir='ltr'><strong>ergo</strong></span> <span class='ocrx_word' id='word_1_816' title='bbox 2375 5190 2553 5247; x_wconf 91' lang='lat' dir='ltr'><strong>simul</strong></span> <span class='ocrx_word' id='word_1_817' title='bbox 2583 5193 2777 5262; x_wconf 89' lang='lat' dir='ltr'><strong>patres</strong></span> <span class='ocrx_word' id='word_1_818' title='bbox 2809 5192 2911 5244; x_wconf 91' lang='lat' dir='ltr'><strong>aut</strong></span> <span class='ocrx_word' id='word_1_819' title='bbox 2944 5192 3161 5244; x_wconf 87' lang='lat' dir='ltr'><strong>matres</strong></span> <span class='ocrx_word' id='word_1_820' title='bbox 3220 5192 3379 5260; x_wconf 92' lang='lat' dir='ltr'><strong>sunt,</strong></span> <span class='ocrx_word' id='word_1_821' title='bbox 3412 5186 3510 5243; x_wconf 91' lang='lat' dir='ltr'><strong>cui</strong></span> 
     </span>
    </p>
   </div>
   <div class='ocr_carea' id='block_1_112' title="bbox 1858 5273 3514 5355">
    <p class='ocr_par' dir='ltr' id='par_1_112' title="bbox 1858 5273 3514 5355">
     <span class='ocr_line' id='line_1_113' title="bbox 1858 5273 3514 5355; baseline -0.005 -17"><span class='ocrx_word' id='word_1_822' title='bbox 1858 5280 2036 5338; x_wconf 90' lang='lat' dir='ltr'><strong>simul</strong></span> <span class='ocrx_word' id='word_1_823' title='bbox 2059 5286 2254 5355; x_wconf 87' lang='lat' dir='ltr'><strong>patres</strong></span> <span class='ocrx_word' id='word_1_824' title='bbox 2273 5278 2361 5335; x_wconf 88' lang='lat' dir='ltr'><strong>vel</strong></span> <span class='ocrx_word' id='word_1_825' title='bbox 2386 5283 2606 5334; x_wconf 87' lang='lat' dir='ltr'><strong>matres</strong></span> <span class='ocrx_word' id='word_1_826' title='bbox 2630 5280 2790 5343; x_wconf 89' lang='lat' dir='ltr'><strong>sunt,</strong></span> <span class='ocrx_word' id='word_1_827' title='bbox 2822 5292 3027 5333; x_wconf 89' lang='lat' dir='ltr'><strong>omnes</strong></span> <span class='ocrx_word' id='word_1_828' title='bbox 3056 5292 3258 5332; x_wconf 90' lang='lat' dir='ltr'><strong>eorum</strong></span> <span class='ocrx_word' id='word_1_829' title='bbox 3292 5274 3396 5330; x_wconf 83' lang='lat' dir='ltr'><strong>filii</strong></span> <span class='ocrx_word' id='word_1_830' title='bbox 3422 5273 3514 5330; x_wconf 88' lang='lat' dir='ltr'><strong>vel</strong></span> 
     </span>
    </p>
   </div>
   <div class='ocr_carea' id='block_1_113' title="bbox 1860 5364 3513 5437">
    <p class='ocr_par' dir='ltr' id='par_1_113' title="bbox 1860 5364 3513 5437">
     <span class='ocr_line' id='line_1_114' title="bbox 1860 5364 3513 5437; baseline -0.005 -10"><span class='ocrx_word' id='word_1_831' title='bbox 1860 5370 1992 5427; x_wconf 65' lang='lat' dir='ltr'><strong>ﬁlia:</strong></span> <span class='ocrx_word' id='word_1_832' title='bbox 2014 5372 2223 5427; x_wconf 87' lang='lat' dir='ltr'><strong>fratres</strong></span> <span class='ocrx_word' id='word_1_833' title='bbox 2246 5368 2332 5424; x_wconf 90' lang='lat' dir='ltr'><strong>vel</strong></span> <span class='ocrx_word' id='word_1_834' title='bbox 2354 5382 2584 5423; x_wconf 89' lang='lat' dir='ltr'><strong>sorores</strong></span> <span class='ocrx_word' id='word_1_835' title='bbox 2604 5365 2794 5437; x_wconf 88' lang='lat' dir='ltr'><strong>ipsius</strong></span> <span class='ocrx_word' id='word_1_836' title='bbox 2814 5370 3008 5421; x_wconf 90' lang='lat' dir='ltr'><strong>erunt.</strong></span> <span class='ocrx_word' id='word_1_837' title='bbox 3028 5367 3343 5437; x_wconf 90' lang='lat' dir='ltr'><strong>Increpans</strong></span> <span class='ocrx_word' id='word_1_838' title='bbox 3355 5364 3513 5421; x_wconf 89' lang='lat' dir='ltr'><strong>enim</strong></span> 
     </span>
    </p>
   </div>
   <div class='ocr_carea' id='block_1_114' title="bbox 1861 5451 3518 5523">
    <p class='ocr_par' dir='ltr' id='par_1_114' title="bbox 1861 5451 3518 5523">
     <span class='ocr_line' id='line_1_115' title="bbox 1861 5451 3518 5523; baseline -0.004 -7"><span class='ocrx_word' id='word_1_839' title='bbox 1861 5460 2145 5517; x_wconf 90' lang='lat' dir='ltr'><strong>Dominus</strong></span> <span class='ocrx_word' id='word_1_840' title='bbox 2169 5457 2402 5513; x_wconf 88' lang='lat' dir='ltr'><strong>Scribas</strong></span> <span class='ocrx_word' id='word_1_841' title='bbox 2423 5459 2481 5511; x_wconf 89' lang='lat' dir='ltr'><strong>et</strong></span> <span class='ocrx_word' id='word_1_842' title='bbox 2502 5454 2824 5510; x_wconf 67' lang='lat' dir='ltr'><strong>Pharismos</strong></span> <span class='ocrx_word' id='word_1_843' title='bbox 2845 5454 2927 5509; x_wconf 90' lang='lat' dir='ltr'><strong>ait</strong></span> <span class='ocrx_word' id='word_1_844' title='bbox 2950 5470 2963 5509; x_wconf 94' lang='lat'><strong>:</strong></span> <span class='ocrx_word' id='word_1_845' title='bbox 2999 5458 3097 5511; x_wconf 72' lang='lat' dir='ltr'><strong>Va:</strong></span> <span class='ocrx_word' id='word_1_846' title='bbox 3116 5452 3285 5523; x_wconf 86' lang='lat' dir='ltr'><strong>vobis,</strong></span> <span class='ocrx_word' id='word_1_847' title='bbox 3307 5451 3518 5509; x_wconf 70' lang='lat' dir='ltr'><strong>Scriba:</strong></span> 
     </span>
    </p>
   </div>
   <div class='ocr_carea' id='block_1_115' title="bbox 1861 5542 3515 5615">
    <p class='ocr_par' dir='ltr' id='par_1_115' title="bbox 1861 5542 3515 5615">
     <span class='ocr_line' id='line_1_116' title="bbox 1861 5542 3515 5615; baseline -0.007 -9"><span class='ocrx_word' id='word_1_848' title='bbox 1861 5555 1913 5606; x_wconf 90' lang='lat' dir='ltr'><strong>et</strong></span> <span class='ocrx_word' id='word_1_849' title='bbox 1941 5549 2244 5615; x_wconf 64' lang='lat' dir='ltr'><strong>Pharisati,</strong></span> <span class='ocrx_word' id='word_1_850' title='bbox 2276 5545 2452 5613; x_wconf 85' lang='lat' dir='ltr'><strong>stulti,</strong></span> <span class='ocrx_word' id='word_1_851' title='bbox 2484 5551 2539 5600; x_wconf 89' lang='lat' dir='ltr'><strong>et</strong></span> <span class='ocrx_word' id='word_1_852' title='bbox 2572 5546 2727 5611; x_wconf 71' lang='lat' dir='ltr'><strong>caeci,</strong></span> <span class='ocrx_word' id='word_1_853' title='bbox 2784 5544 2880 5614; x_wconf 86' lang='lat' dir='ltr'><strong>qui</strong></span> <span class='ocrx_word' id='word_1_854' title='bbox 2936 5543 3158 5598; x_wconf 88' lang='lat' dir='ltr'><strong>dicitis:</strong></span> <span class='ocrx_word' id='word_1_855' title='bbox 3194 5542 3515 5611; x_wconf 84' lang='lat' dir='ltr'><strong>Quicunque</strong></span> 
     </span>
    </p>
   </div>
   <div class='ocr_carea' id='block_1_116' title="bbox 1854 5630 3517 5711">
    <p class='ocr_par' dir='ltr' id='par_1_116' title="bbox 1854 5630 3517 5711">
     <span class='ocr_line' id='line_1_117' title="bbox 1854 5630 3517 5711; baseline -0.007 -16"><span class='ocrx_word' id='word_1_856' title='bbox 1854 5638 2131 5711; x_wconf 88' lang='lat' dir='ltr'><strong>juraverit</strong></span> <span class='ocrx_word' id='word_1_857' title='bbox 2159 5638 2215 5692; x_wconf 89' lang='lat' dir='ltr'><strong>in</strong></span> <span class='ocrx_word' id='word_1_858' title='bbox 2249 5636 2427 5690; x_wconf 89' lang='lat' dir='ltr'><strong>altari</strong></span> <span class='ocrx_word' id='word_1_859' title='bbox 2452 5633 2599 5689; x_wconf 83' lang='lat' dir='ltr'><strong>nihil</strong></span> <span class='ocrx_word' id='word_1_860' title='bbox 2642 5642 2743 5701; x_wconf 80' lang='lat' dir='ltr'><strong>est,</strong></span> <span class='ocrx_word' id='word_1_861' title='bbox 2773 5635 3081 5704; x_wconf 80' lang='lat' dir='ltr'><strong>quicunque</strong></span> <span class='ocrx_word' id='word_1_862' title='bbox 3135 5637 3320 5687; x_wconf 86' lang='lat' dir='ltr'><strong>autem</strong></span> <span class='ocrx_word' id='word_1_863' title='bbox 3352 5630 3517 5697; x_wconf 81' lang='lat' dir='ltr'><strong>jura-</strong></span> 
     </span>
    </p>
   </div>
   <div class='ocr_carea' id='block_1_117' title="bbox 98 5716 3521 5811">
    <p class='ocr_par' dir='ltr' id='par_1_117' title="bbox 98 5716 3521 5811">
     <span class='ocr_line' id='line_1_118' title="bbox 98 5716 3521 5811; baseline -0.005 -17"><span class='ocrx_word' id='word_1_864' title='bbox 98 5741 241 5808; x_wconf 86' lang='lat' dir='ltr'><strong>trem,</strong></span> <span class='ocrx_word' id='word_1_865' title='bbox 273 5743 373 5797; x_wconf 86' lang='lat' dir='ltr'><strong>aut</strong></span> <span class='ocrx_word' id='word_1_866' title='bbox 401 5716 652 5797; x_wconf 65' lang='lat' dir='ltr'><strong>uxorem</strong></span> <span class='ocrx_word' id='word_1_867' title='bbox 674 5738 902 5811; x_wconf 86' lang='lat' dir='ltr'><strong>propter</strong></span> <span class='ocrx_word' id='word_1_868' title='bbox 952 5748 1152 5792; x_wconf 81' lang='lat' dir='ltr'><strong>nomen</strong></span> <span class='ocrx_word' id='word_1_869' title='bbox 1202 5748 1409 5804; x_wconf 78' lang='lat' dir='ltr'><strong>meum,</strong></span> <span class='ocrx_word' id='word_1_870' title='bbox 1434 5730 1758 5806; x_wconf 84' lang='lat' dir='ltr'><strong>centuplum</strong></span> <span class='ocrx_word' id='word_1_871' title='bbox 1863 5730 2006 5797; x_wconf 80' lang='lat' dir='ltr'><strong>verit</strong></span> <span class='ocrx_word' id='word_1_872' title='bbox 2036 5730 2103 5787; x_wconf 85' lang='lat' dir='ltr'><strong>in</strong></span> <span class='ocrx_word' id='word_1_873' title='bbox 2130 5726 2291 5796; x_wconf 82' lang='lat' dir='ltr'><strong>dono,</strong></span> <span class='ocrx_word' id='word_1_874' title='bbox 2325 5724 2466 5802; x_wconf 88' lang='lat' dir='ltr'><strong>quod</strong></span> <span class='ocrx_word' id='word_1_875' title='bbox 2495 5731 2575 5783; x_wconf 84' lang='lat' dir='ltr'><strong>est</strong></span> <span class='ocrx_word' id='word_1_876' title='bbox 2602 5739 2769 5805; x_wconf 86' lang='lat' dir='ltr'><strong>super</strong></span> <span class='ocrx_word' id='word_1_877' title='bbox 2796 5722 2958 5793; x_wconf 87' lang='lat' dir='ltr'><strong>illud,</strong></span> <span class='ocrx_word' id='word_1_878' title='bbox 2990 5720 3166 5792; x_wconf 79' lang='lat' dir='ltr'><strong>debet,</strong></span> <span class='ocrx_word' id='word_1_879' title='bbox 3198 5719 3356 5793; x_wconf 72' lang='lat' dir='ltr'><strong>Caeci,</strong></span> <span class='ocrx_word' id='word_1_880' title='bbox 3388 5716 3521 5792; x_wconf 80' lang='lat' dir='ltr'><strong>quid</strong></span> 
     </span>
    </p>
   </div>
  </div>
