3946 6402
390 434 503 509 μί

1405 420 1746 485 ATTONIS
1793 416 2385 480 VEHCELLENSIS
2432 414 2786 478 EPlSCOPI

3695 409 3819 468 119

350 590 359 601 ·
389 567 539 623 enim
565 562 745 635 majus
766 567 882 627 est,
916 559 1147 622 donum,
1207 573 1281 610 an
1330 556 1505 610 altare
1548 553 1686 623 quod
1734 552 2047 621 sanctiﬁcat
2073 551 2127 617 Α
2156 548 2458 603 consulere
2488 547 2727 618 dignata
2782 548 2892 635 est,
2949 543 3077 635 ideo
3136 542 3420 635 hactenus
3450 540 3819 612 respondere

389 651 644 709 donum?
674 650 779 719 Qui
807 663 934 716 ergo
963 647 1114 713 iurat
1142 645 1203 698 in
1232 644 1419 713 altari,
1439 644 1597 713 jurat
1649 642 1710 695 in
1767 656 1847 707 eo,
1902 647 1952 693 et
1982 641 2039 693 in

390 741 642 799 omnibus
668 752 793 810 quae
818 751 981 807 super
1010 731 1160 789 illud
1207 736 1351 787 sunt.
1411 733 1476 785 Et
1528 731 1625 801 qui
1669 729 1945 801 juraverit
1984 730 2045 781 in

391 830 611 902 templo,
640 829 788 891 iurat
817 828 882 881 in
912 824 1034 892 illo,
1081 826 1131 878 et
1189 823 1250 876 in
1295 836 1353 875 eo
1408 820 1505 889 qui
1560 820 1775 873 habitat
1824 820 1883 873 in
1928 818 2045 887 ipso

394 919 605 989 (Matth.
640 934 725 987 In,
756 917 866 983 17).
897 913 1147 968 Videtur
1194 925 1331 981 ergo
1389 908 1582 975 nobis,
1642 907 1798 977 quod
1839 907 2045 975 hujus-

396 1005 557 1065 modi
588 1004 840 1075 adoptio,
873 1018 923 1056 Si
953 998 1203 1072 pertinet
1229 998 1299 1052 ad
1337 1001 1627 1068 parentes,
1664 994 1851 1065 magis
1876 993 2048 1063 perti-

397 1098 532 1155 neat
551 1098 610 1149 et
629 1094 703 1150 ad
724 1091 896 1161 ﬁlios,
929 1094 985 1144 et
1014 1088 1064 1143 si
1094 1102 1200 1142 nec
1229 1087 1301 1141 ad
1328 1086 1500 1152 filios,
1551 1084 1806 1155 profecto
1839 1098 1943 1135 nec
1974 1080 2045 1135 ad

395 1185 666 1254 parentes
686 1178 976 1251 pertinere
995 1176 1244 1232 videtur.
1276 1177 1400 1230 llaec
1423 1174 1618 1245 itaque
1653 1172 2045 1235 intendentes,

395 1268 743 1341 praedictum
776 1264 1202 1322 Theodericum
1234 1280 1268 1319 a
1294 1262 1398 1318 tali
1426 1268 1553 1318 toro
1604 1260 2045 1331 suspendimus,

396 1374 514 1414 non
543 1361 743 1413 tamen
772 1354 1114 1426 conjugium
1174 1352 1408 1424 penitus
1460 1349 1894 1415 interdiximus,
1943 1362 2049 1401 nec

398 1444 567 1501 aliter
596 1440 1255 1511 excommunicavimus,
1289 1441 1470 1495 donec
1503 1439 1561 1494 in
1601 1437 1824 1493 domini
1859 1435 2048 1490 archi-

396 1531 657 1605 episcopi
677 1535 736 1588 et
753 1533 1497 1599 vestram,caeterorumque
1519 1532 1855 1582 nostrorum
1879 1539 2050 1578 vene-

399 1619 675 1679 rabilium
730 1619 1091 1676 confratrum
1152 1617 1511 1672 audientiam
1564 1615 1888 1670 veniamus.
1923 1613 2051 1666 Non

399 1709 557 1781 quod
578 1709 650 1765 de
668 1707 1033 1764 rectitudinis
1058 1705 1401 1762 dubitemus
1425 1704 1728 1770 modo,sed
1754 1707 1820 1757 ut
1843 1700 2052 1770 majori

400 1797 745 1855 auctoritate
766 1797 1031 1853 ﬁrmetur
1061 1795 1307 1852 assertio
1337 1792 1750 1866 plurimorum.
1807 1792 1969 1861 Smpe
1999 1793 2056 1844 et

402 1885 561 1943 enim
574 1884 1219 1959 delinquentibus,dum
1232 1881 1733 1939 vulnusfacinoris
1748 1880 2051 1951 premitur,
2083 1923 2131 1988 B

400 1976 653 2047 reproba
678 1974 907 2030 videtur
937 1974 1229 2030 sententia
1259 1971 1606 2028 medicantis
1634 1995 1649 2040 ;
1680 1975 1739 2025 et
1760 1970 1900 2024 dum
1922 1985 2050 2040 per-

396 2064 550 2121 versi
580 2063 844 2120 criminis
871 2079 1100 2118 nazvum
1130 2061 1354 2117 diluere
1386 2060 1613 2127 nolunt,
1670 2059 1741 2114 ad
1774 2057 2053 2113 diluentis

396 2153 647 2224 injurias
677 2156 937 2207 currunt.
965 2151 1225 2214 Quorum
1256 2150 1647 2205 detractiones
1680 2165 1713 2203 a
1758 2147 1927 2203 nobis
1956 2164 2051 2202 ex-

399 2246 763 2313 torquemus,
790 2257 926 2296 cum
959 2239 1350 2312 plurimorum
1410 2238 1759 2294 sententiam
1820 2237 2052 2290 interim

402 2335 833 2402 exspectamus,
864 2329 1016 2384 sicut
1062 2329 1268 2384 beatus
1326 2328 1544 2382 Paulus
1604 2327 1686 2382 ait
1747 2326 1818 2381 ad
1853 2326 2054 2381 Timo-

404 2417 648 2474 theum:
682 2416 1227 2487 lrreprehensibilem
1272 2419 1325 2470 te
1374 2417 1592 2482 exhibe,
1652 2424 1711 2469 ut
1769 2418 1813 2469 is
1862 2418 1957 2485 qui
1988 2431 2057 2469 er

404 2507 633 2562 adverso
664 2513 762 2576 est,
796 2513 1072 2572 vereatur,
1104 2505 1249 2559 nihil
1282 2504 1486 2559 habens
1512 2504 1724 2558 malum
1780 2504 1965 2558 dicere
1994 2503 2058 2559 de

405 2594 566 2649 nobis
595 2593 717 2665 (Tit.
752 2609 813 2660 ιι,
847 2593 923 2664 8).
956 2593 1108 2648 Dum
1138 2591 1318 2660 enim,
1350 2591 1603 2658 domine,
1636 2608 1769 2646 cum
1804 2592 1913 2645 isto
1945 2590 2058 2661 agi-

409 2687 528 2754 tur,
562 2699 681 2739 non
709 2681 903 2738 solum
934 2698 1069 2737 cum
1098 2680 1247 2753 ipso,
1281 2681 1380 2736 sed
1413 2697 1515 2752 pro
1545 2680 1819 2735 omnibus
1852 2680 2057 2750 hujus-

413 2771 574 2829 modi
604 2770 923 2828 laboratur.
958 2775 1071 2826 Lex
1085 2770 1242 2825 enim
1274 2786 1389 2825 non
1420 2769 1677 2825 admittit
1714 2785 2016 2840 personam
2043 2785 2056 2835 ;

412 2861 464 2918 si
494 2860 654 2917 enim
682 2859 820 2916 huic
850 2859 1007 2927 licet,
1040 2858 1331 2914 evidenter
1385 2858 1659 2914 omnibus
1711 2857 1880 2924 licet;
1927 2862 1984 2912 et
2012 2857 2062 2913 si

415 2948 553 3005 huic
573 2947 937 3022 prohibitum
959 2947 1042 3003 sic
1062 2947 1395 3015 erit,nullus
1425 2964 1487 3003 se
1512 2947 1571 3003 in
1592 2947 1967 3018 postmodum
1990 2946 2062 3001 de

411 3037 742 3113 ignorantia
771 3036 1088 3094 excusabit.

489 3126 831 3184 Innotuistis
844 3127 1020 3183 etiam
1039 3125 1206 3182 nobis
1220 3141 1346 3180 esse
1365 3124 1593 3196 aliquos
1611 3125 1827 3181 talibus
1841 3124 2062 3196 nuptiis

414 3215 741 3289 perplexas,
775 3215 877 3287 qui
906 3230 1011 3287 pro
1041 3213 1261 3270 nullius
1292 3214 1891 3271 excommunicatione
1922 3230 2062 3270 suas

2150 638 2448 702 distuli,ut
2472 636 2700 692 diutina
2722 633 3020 689 meditatio
3036 630 3296 687 ﬁrmiora
3315 631 3480 685 daret
3500 645 3809 701 responsa.

2150 727 2238 791 Et,
2265 725 2529 797 quamvis
2560 724 2828 795 dignitati
2870 726 3072 778 vestra:
3103 719 3443 776 omnimodo
3474 716 3814 791 pateat,cla-

2151 815 2455 869 rissimum
2488 814 2836 885 rescriptum
2868 812 2939 867 ab
2971 809 3291 881 apostolica
3335 809 3474 864 sede
3501 807 3813 863 Theodoro

2153 905 2446 959 Ticinensi
2477 904 2747 974 episcopo
2778 902 2837 957 in
2870 900 3130 955 medium
3163 896 3408 970 proferri
3433 896 3678 969 placuit.
3704 897 3809 952 Za-

2154 993 2385 1048 charias
2406 992 2713 1064 episcopus
2739 1007 2941 1045 servus
2962 1004 3266 1043 servorum
3299 987 3421 1054 Dei,
3455 986 3815 1042 reverendis-

2156 1082 2305 1137 simo
2336 1087 2391 1136 et
2424 1081 2797 1136 sanctissimo
2832 1078 2997 1133 fratri
3052 1077 3358 1133 Theodoro
3411 1075 3686 1147 episcopo
3718 1090 3814 1130 ec-

2156 1170 2344 1225 clesiae
2372 1170 2720 1225 Ticinensis.
2749 1167 3080 1234 Pittacium,
3116 1166 3273 1238 quod
3304 1165 3476 1221 nobis
3506 1169 3611 1220 tua
3637 1179 3817 1220 veno-

2158 1260 2341 1312 randa
2372 1258 2704 1313 fraternitas
2733 1256 2967 1321 obtulit,
2999 1272 3102 1327 per
3158 1254 3315 1325 quod
3376 1269 3486 1310 nos
3524 1252 3817 1309 sciscitari

2159 1347 2395 1412 curasti,
2417 1348 2467 1402 si
2496 1346 3048 1413 1ieetﬁlium,cujus
3066 1347 3230 1416 pater
3258 1342 3501 1399 alterius
3529 1342 3715 1397 ﬁliam
3748 1358 3819 1397 ex

2159 1453 2322 1491 sacro
2345 1436 2695 1507 baptismate
2719 1439 3076 1505 susceptam,
3096 1434 3153 1488 id
3179 1442 3287 1502 est,
3310 1432 3675 1505 spiritualem
3699 1432 3818 1503 (58)

2159 1526 2423 1595 ejusdem
2456 1526 2638 1595 patris
2663 1523 2867 1589 ﬁliam,
2891 1524 3047 1594 quod
3071 1522 3185 1578 dici
3208 1521 3443 1578 crudele
3470 1526 3579 1589 est,
3604 1521 3665 1576 in
3688 1537 3820 1577 ma-

2160 1612 2433 1668 trimonio
2456 1612 2897 1683 accipere,quod
2924 1612 3079 1684 apud
3102 1615 3157 1667 te
3178 1611 3817 1667 enormiterasseruisti

2163 1702 2277 1772 (59)
2308 1700 2644 1771 contigisse.
2700 1702 2811 1755 Sed
2868 1701 3014 1756 bene
3070 1704 3174 1756 tua
3223 1704 3429 1756 sancta
3475 1699 3818 1756 fraternitas

2163 1807 2324 1861 comp
2338 1794 2529 1845 crtum
2560 1790 2756 1857 habet,
2791 1790 2946 1859 quod
2967 1789 3254 1845 Dominus
3282 1806 3383 1861 per
3403 1789 3638 1861 Moysen
3670 1806 3818 1861 pras-

2163 1880 2336 1950 cepit,
2369 1882 2391 1905 *
2423 1880 2661 1935 dicens:
2696 1879 3104 1949 Turpitudinem
3157 1882 3336 1949 patris
3389 1880 3476 1934 tui
3525 1894 3636 1934 non
3664 1895 3821 1935 reve-

2166 1968 2328 2023 labis.
2362 1969 2719 2039 Turpidinem
2750 1972 2947 2023 matris
2989 1974 3098 2023 tua:
3145 1985 3257 2023 non
3304 1969 3588 2024 revetabis.
3623 1969 3822 2041 Turpi-

2167 2058 2411 2113 tudinem
2440 2059 2644 2113 sororis
2666 2061 2795 2118 tuae.
2829 2066 2879 2113 et
2908 2058 3317 2128 turpitudinem
3343 2060 3475 2128 ﬁliae
3528 2060 3708 2130 patris
3735 2060 3824 2113 tui

2163 2163 2270 2204 non
2296 2147 2582 2202 reuelabis.
2609 2147 2908 2218 Turpitudo
2929 2150 3075 2201 enim
3096 2150 3193 2202 tua
3215 2153 3296 2202 est
3320 2149 3512 2217 (Leuit.
3543 2164 3706 2216 xvm,
3738 2149 3817 2219 7).

2164 2236 2613 2306 Turpitudinem
2644 2236 2800 2290 enim
2825 2236 3075 2291 revelare
3098 2236 3334 2301 dicitur,
3359 2238 3501 2291 dum
3528 2254 3561 2291 a
3579 2237 3820 2309 propria

2165 2325 2671 2395 consanguinitate
2687 2326 2915 2395 praecipi
2928 2343 3058 2379 mur
3073 2325 3366 2381 abstinere
3389 2342 3403 2379 :
3421 2324 3609 2380 multo
3631 2325 3825 2397 magis

2166 2432 2199 2468 a
2230 2414 2475 2485 spiritali
2510 2415 2697 2485 patris
2724 2415 2906 2467 nostri
2941 2413 3078 2481 tilia,
3105 2415 3263 2469 omni
3287 2414 3592 2469 occasione
3608 2419 3712 2469 aut
3732 2431 3827 2470 ar-

2168 2508 2444 2573 gumento
2474 2504 2731 2572 seposito
2764 2504 2899 2572 (00),
2934 2503 3043 2557 sub
3077 2503 3262 2557 nimia
3292 2502 3660 2559 districtione
3715 2520 3825 2559 nos

2169 2607 2369 2645 cavere
2397 2591 2681 2657 convenit,
2706 2607 2776 2645 ne
2797 2590 2858 2645 in
2880 2590 3028 2646 iram
3051 2590 3234 2645 divini
3256 2591 3544 2647 examinis
3574 2591 3821 2658 incidat,

2170 2679 2219 2735 si
2251 2679 2381 2749 quis
2411 2679 2509 2734 tali
2544 2679 2786 2734 facinori
2818 2681 2839 2703 ‘
2870 2680 3104 2747 mistus,
3162 2679 3407 2735 minime
3459 2680 3827 2738 restrinxerit

2171 2769 2335 2823 frena
2362 2766 2624 2823 luxuriae.
2664 2768 2823 2824 Unde
2853 2774 2910 2824 et
2934 2786 3139 2824 omnes
3171 2770 3411 2825 omnino
3470 2786 3672 2826 cavere
3723 2772 3825 2828 de-

2170 2858 2309 2912 bent
2338 2856 2472 2911 talis
2503 2856 2737 2913 sceleris
2769 2858 3256 2928 commistionem,
3310 2874 3383 2913 ne
3437 2860 3499 2915 in
3536 2865 3841 2917 aeternum.

2172 2951 2430 3017 pereant.
2465 2947 2575 3001 Sed
2608 2946 2715 3002 hos
2745 2947 2844 3017 qui
2877 2948 3055 3018 hujus
3085 2946 3422 3019 perniciosae
3445 2950 3824 3018 temeritatis,

2172 3035 2383 3091 animae
2405 3052 2522 3090 sum
2550 3035 2799 3091 salutem
2821 3036 3229 3109 despicientes,
3256 3037 3611 3110 impiissimo
3635 3054 3703 3095 se
3722 3040 3837 3095 mi-

2172 3139 2375 3179 scuere
2404 3124 2801 3195 matrimonio,
2835 3142 2938 3196 per
2966 3126 3167 3181 omnia
3193 3130 3297 3182 tua
3325 3126 3663 3183 fraternitas
3697 3132 3832 3185 stu-

2172 3214 2307 3268 deat
2326 3229 2618 3284 separare,
2642 3218 2698 3268 et
2720 3214 3071 3285 pcenitentim
3092 3215 3279 3286 digna:
3302 3216 3831 3289 snbmittere,qua-

413 3306 687 3361 deserant
716 3301 975 3374 copulas.
1010 3302 1269 3369 Utinam,
1300 3302 1556 3370 domine,
1590 3321 1696 3358 nos
1728 3303 2060 3374 injunctum
2091 3291 2135 3358 C
2172 3305 2346 3356 tenus
2386 3302 2458 3356 ab
2489 3306 2704 3357 aeterna
2732 3307 2930 3359 erutas
2960 3304 3333 3360 damnatione
3360 3304 3592 3361 animas
3620 3322 3831 3363 eorum

411 3392 674 3449 ofﬁcium
697 3390 940 3465 implere
953 3391 1275 3447 valeamus.
1304 3391 1390 3446 Illi
1409 3391 1695 3463 quidquid
1714 3392 2065 3458 faciant,nos

412 3481 619 3539 saltem
651 3479 1043 3552 nosmetipsos
1090 3479 1337 3536 liberare
1386 3497 1682 3537 curemus.
1734 3481 1814 3536 De
1847 3481 2063 3537 talibus

412 3569 629 3643 quippe
650 3570 904 3625 Joannes
929 3568 1146 3625 clamat
1160 3569 1459 3641 apostolus
1485 3588 1498 3630 :
1520 3572 1626 3637 Qui
1645 3579 1827 3625 autem
1856 3588 1968 3625 non
1987 3574 2067 3626 est

414 3674 483 3714 ex
512 3659 638 3729 Deo,
668 3674 782 3713 non
807 3658 965 3713 audit
992 3673 1093 3714 nos
1125 3659 1173 3728 (1
1213 3662 1377 3713 Joan.
1422 3674 1499 3726 1v,
1529 3658 1606 3727 (3).
1666 3662 1731 3712 In
1790 3660 1897 3713 hoc
1929 3675 2065 3729 ergo

419 3745 829 3818 cognoscimus
858 3744 1134 3816 spiritum
1166 3744 1429 3801 veritatis
1459 3749 1514 3800 et
1536 3745 1807 3816 spiritum
1831 3748 2063 3803 erroris.

419 3834 574 3891 Deus
595 3833 755 3906 pacis
777 3838 835 3889 et
862 3833 1164 3889 charitatis
1186 3834 1269 3889 ita
1295 3851 1397 3889 vos
1428 3834 1540 3889 sibi
1570 3834 1840 3905 copulare
1871 3837 2069 3907 digne-

420 3926 517 3978 tur
546 3926 612 3977 ut
650 3922 709 3978 in
740 3921 833 3977 his
864 3938 990 3994 qua:
1020 3923 1148 3994 ejus
1178 3927 1318 3977 sunt
1347 3922 1483 3977 boni
1516 3930 1923 3994 procuratores
1945 3927 2067 3982 exi-

423 4016 666 4079 stentes,
700 4010 922 4068 nullius
955 4010 1225 4084 caliginis
1258 4012 1616 4067 obscuritate
1671 4018 1931 4085 torpeat;
1965 4016 2069 4071 sed

420 4100 616 4157 divino
642 4099 922 4157 illustrati
947 4099 1192 4173 fulgore,
1256 4101 1338 4156 sic
1393 4101 1450 4156 in
1510 4103 1780 4172 praesenti
1828 4103 2070 4160 valeatis

421 4189 595 4247 vinea
621 4188 905 4259 laborare,
942 4193 1005 4245 ut
1033 4189 1093 4244 in
1125 4190 1321 4245 futuro
1345 4191 1687 4245 mereamini
1708 4208 1855 4263 euge
1875 4192 2071 4250 Domi-

421 4279 623 4335 nicum
655 4278 878 4334 audire.

1009 4366 1354 4423 EPISTULA
1390 4367 1486 4421 VI.

562 4456 833 4497 GUNZONIS
875 4454 1086 4496 LEVITE
1122 4455 1491 4495 NOVARIENSIS
1530 4456 1601 4494 AD
1642 4456 1925 4497 ΟΠΟΝΕΜ.

489 4528 715 4585 Domno
770 4532 985 4584 A'rrom
1042 4528 1362 4601 pontiﬁcali
1416 4530 1741 4585 reverentia
1803 4530 2066 4599 colendo,

2177 3390 2438 3456 lucreris,
2473 3396 2789 3461 praestante
2820 3392 3067 3447 Domino
3098 3396 3155 3449 ot
3185 3393 3295 3464 (61)
3355 3398 3469 3450 Deo
3523 3394 3833 3452 Salvatore

2174 3484 2373 3535 nostro
2403 3480 2539 3534 Jesu
2571 3480 2822 3535 Christo.

2245 3568 2369 3624 Non
2394 3568 2573 3639 igitur
2589 3568 2730 3624 latet
2746 3570 3118 3640 prudentiam
3136 3577 3300 3627 tuam
3324 3588 3440 3627 non
3464 3572 3661 3628 solum
3697 3574 3831 3631 illos

2175 3656 2569 3712 ecclesiastica
2587 3674 2835 3713 censura
2857 3659 3144 3715 feriendos
3169 3660 3269 3732 qui
3292 3660 3512 3716 nefario
3536 3677 3599 3717 se
3621 3665 3831 3735 conju-

2176 3747 2269 3817 gio
2296 3744 2570 3815 polluere,
2602 3747 2702 3801 sed
2728 3746 2857 3802 illos
2876 3764 3111 3819 quoque
3137 3749 3238 3821 qui
3260 3749 3442 3820 hujus
3464 3750 3711 3807 sceleris
3734 3770 3837 3808 au-

2177 3838 2364 3888 ctores
2388 3835 2623 3889 fuerunt
2648 3852 2661 3889 :
2685 3835 2852 3891 illum
2882 3837 3152 3892 videlicet
3172 3839 3273 3909 qui
3304 3838 3549 3895 alterius
3578 3842 3839 3897 carnalis

2178 3927 2233 3977 et
2254 3921 2494 3978 alterius
2519 3924 2845 3995 spiritualis
2861 3930 3028 3997 pater
3047 3930 3440 3999 cognoscitur.
3474 3928 3579 3983 Hic
3613 3931 3838 3986 etenim

2178 4016 2340 4067 tanto
2364 4013 2573 4082 majori
2598 4015 2949 4085 poenitentiae
2973 4016 3144 4071 debet
3165 4016 3433 4073 submitti
3459 4022 3688 4089 quanto
3720 4036 3845 4075 ma-

2169 4101 2362 4171 jorem
2394 4104 2801 4159 auctoritatem
2832 4104 2893 4159 in
2922 4121 3105 4161 causa
3125 4106 3404 4162 habuisse
3424 4107 3735 4179 probatur.
3763 4113 3843 4165 De

2180 4190 2315 4246 ﬁliis
2348 4195 2544 4246 autem
2576 4191 2787 4247 horum
2818 4193 3007 4249 isdem
3037 4194 3384 4251 venerabilis
3439 4200 3611 4268 pater
3640 4198 3839 4254 eidem

2179 4279 2481 4334 Theodoro
2503 4280 2781 4353 episcopo
2798 4283 3089 4352 rescribit,
3115 4300 3232 4340 non
3254 4284 3438 4341 teneri
3461 4301 3562 4341 eos
3586 4286 3841 4343 crimine

2180 4370 2513 4439 parentum.

2746 4462 3100 4517 EPISTOLA
3141 4462 3262 4519 VII.

2248 4544 2525 4589 AMBROSII
2545 4550 2999 4590 MEDIOLANENSIS
3029 4551 3465 4591 PRESBYTEBIAD
3496 4553 3767 4594 A'l'l'ONEN

422 4617 620 4673 Gunzo
647 4617 1020 4674 Novariensis
1043 4618 1307 4673 Ecclesia:
1336 4619 1642 4675 levitarum
1666 4621 1942 4689 extimus,
1966 4621 2066 4676 de-
2099 4659 2145 4723 Β
2250 4622 2822 4681 Invictissimocurizc
2838 4622 3427 4696 ccelestisathletae,ac
3439 4642 3839 4698 supernorum

421 4704 555 4760 bita:
588 4703 973 4760 venerationis
1006 4705 1328 4761 servitium.

492 4794 574 4851 De
602 4810 669 4852 eo
728 4794 882 4865 quod
939 4792 1223 4849 celsitudo
1280 4799 1469 4851 vestra
1498 4799 1840 4868 parvitatem
1874 4817 2066 4856 meam

493 4920 603 4989 (58)
626 4917 806 4989 Idest,
837 4917 1214 4989 spiritualem.
1248 4918 1342 4971 Sic
1374 4916 1587 4987 legitur
1618 4919 1676 4972 in
1709 4927 1935 4976 vetusto
1966 4941 2065 4979 co-

424 4991 550 5044 dice
578 4988 946 5044 BibliotheCa:
980 4989 1169 5059 regias,
1192 4988 1252 5042 in
1275 5006 1386 5059 quo
1443 4989 1748 5058 epistolam
1779 4994 2065 5049 Zucharim

422 5061 711 5137 integram
743 5060 1279 5137 Baluziusreperit:
1318 5060 1374 5113 in
1407 5061 1583 5131 priori
1632 5062 1883 5118 editione
1914 5066 2065 5137 lege-

423 5132 598 5187 batur
626 5132 768 5185 idem
796 5133 1159 5201 spirituaiem.

496 5202 608 5273 (59)
640 5205 963 5273 h‘normiter
988 5204 1292 5257 asseruisti.
1326 5202 1417 5256 Sic
1448 5202 1603 5256 idem
1644 5203 1821 5258 codex
1871 5222 2065 5261 emen-

424 5273 558 5328 date
578 5272 597 5327 ἑ
626 5272 799 5327 editio
857 5273 1181 5328 Acheriana
1230 5290 1521 5328 enormum
1575 5274 1899 5341 dissceuz'sti,
1944 5294 2066 5332 cor-

425 5349 617 5425 rupte.
756 5345 957 5399 eodem
1002 5345 1198 5400 codice
1245 5350 1476 5417 reposui
1499 5350 1782 5417 praecepit,
1818 5349 1917 5402 ubi
1948 5354 2071 5404 erat

460 5422 727 5470 recipiat.

421 5431 894 5561 prfﬁcgfggpesito.
929 5484 1031 5561 Hie
1062 5484 1235 5540 etiam
1269 5487 1524 5561 codicem
1559 5489 1784 5561 regium
1817 5506 2064 5560 sequor:

426 5556 783 5630 prioreditip
803 5559 1058 5630 reposito,
1091 5563 1147 5610 et
1177 5574 1309 5630 mox
1335 5559 1604 5630 facinore.

496 5628 609 5702 (61)
638 5628 702 5682 Et
725 5628 1160 5702 _Deo_8_alvatere.
1206 5628 1293 5702 In,
1319 5628 1515 5685 codice
1546 5631 1723 5700 regio,
1774 5636 2069 5702 priestante

424 5700 682 5760 Domino.
715 5699 789 5759 De
814 5699 952 5778 ﬁliis
980 5701 1168 5757 autem
1196 5700 1294 5773 qui
1345 5715 1418 5765 ex
1470 5703 1549 5759 eis
1594 5699 1715 5760 nati
1740 5699 2067 5777 probantur,

2179 4714 2393 4770 civium
2428 4714 2673 4769 coetibus
2705 4717 3039 4783 aggregato,
3072 4718 3288 4791 Ληοηι
3344 4718 3433 4771 ter
3489 4715 3842 4774 beatissimo

2179 4805 2465 4875 pontifici,
2496 4802 2740 4857 humilis
2772 4802 2985 4856 Christi
3021 4803 3298 4873 famulus,
3350 4808 3663 4876 vesterque
3694 4805 3845 4862 fide-

2177 4930 2417 4981 retuliin
2446 4929 2494 4981 si
2525 4928 2681 4979 liceat
2714 4940 2799 4978 eos
2828 4928 3081 4992 coniugio
3145 4928 3416 4996 copulari.
3477 4928 3577 4983 Sed
3617 4928 3679 4984 hi
3735 4947 3844 4985 cur

2173 5001 2573 5070 prohibeantur
2604 5014 2637 5049 α
2665 4997 2943 5071 conjugio,
2998 5006 3095 5051 aut
3134 5014 3250 5071 pro
3311 4999 3626 5066 huiusmodi
3666 5003 3851 5071 perni-

2179 5072 2403 5125 tcntiam
2433 5084 2591 5137 agere
2636 5070 3059 5137 compellantur,
3107 5070 3239 5123 dum
3268 5085 3337 5123 ea:
3358 5071 3456 5124 hoc
3482 5072 3686 5141 absque
3709 5088 3855 5129 cm-

2176 5142 2525 5215 (Iemnatione
2546 5155 2657 5193 esse
2686 5140 3056 5209 perhibentur,
3083 5143 3215 5215 quia
3244 5158 3354 5195 non
3375 5151 3536 5211 pater
3562 5140 3662 5215 pro
3692 5145 3847 5215 ﬁlio,

2178 5228 2349 5280 neque
2376 5214 2528 5279 [ilius
2585 5226 2681 5280 pro
2740 5220 2889 5279 patre
2941 5213 3228 5266 sustinebit
3286 5216 3581 5280 tormenta,
3613 5213 3851 5273 dicente

2180 5285 2405 5337 Domino
2436 5300 2538 5352 per
2562 5282 2889 5351 prophetam
2914 5302 2930 5335 :
2962 5284 3173 5337 Anima
3205 5285 3390 5353 patris
3449 5290 3539 5339 est
3597 5302 3752 5353 mea,
3788 5293 3854 5343 et

2180 5356 2376 5433 anima
2408 5354 2632 5445 filiives't
2663 5370 2792 5445 mea
2815 5372 2827 5419 ;
2851 5424 2861 5445 ι
2888 5355 3085 5445 anima
3140 5371 3291 5445 quas,
3328 5357 3856 5445 peccaveritpipsa

2180 5427 2480 5480 morietur.
2510 5426 2613 5479 Sed
2640 5430 2691 5478 et
2724 5426 2786 5479 dc
2843 5424 2947 5483 his.
3008 5424 3197 5493 frater
3242 5424 3595 5494 charissim,
3637 5424 3861 5487 dixisse

2177 5498 2434 5565 sufﬁciet.
2454 5498 2587 5550 Cave
2619 5499 2799 5550 autem
2836 5496 3086 5551 nealiter
3115 5514 3283 5569 agere
3338 5500 3600 5566 subjectis
3647 5518 3856 5559 conce-

2179 5568 2296 5633 das,
2328 5584 2398 5621 ne
2426 5585 2460 5621 α
2489 5576 2633 5622 recte
2664 5570 2882 5622 tramite
2904 5568 3210 5624 invenieris
3257 5569 3554 5626 discedere.
3589 5574 3728 5629 Haec
3759 5579 3859 5633 est

2180 5637 2642 5721 altera‘cpistolte
2668 5654 2826 5721 pars,
2857 5640 3027 5713 cujus
3059 5635 3261 5697 Gunzo'
3318 5641 3377 5697 in
3434 5642 3552 5700 fine
3590 5641 3856 5721 hujusce

2178 5709 2434 5784 epistolae
2466 5709 2756 5767 meminit.
