3946 6406
116 475 218 538 118

1601 481 2039 546 EPISTOLE.

3416 492 3533 557 illi

110 609 369 703 tissimus
386 611 731 668 AMBROSIUS
760 611 1064 703 presbyter
1092 611 1226 670 licet
1252 613 1494 687 indigne
1524 619 1765 671 sanctus
1795 616 1851 683 Α
1876 635 1914 674 a
1944 617 2169 691 potiore
2207 619 2527 677 distillatus
2581 618 2806 695 liquido
2855 625 3294 699 comprobatur.
3354 628 3543 703 Igitur

112 702 322 759 honore
349 701 410 757 in
432 706 646 758 sancta
676 701 1096 760 Mediolanensi
1127 704 1761 774 Ecclesia,continuum

114 791 319 848 debitis
334 791 637 849 servitutis
663 791 1014 864 obsequium
1039 810 1172 849 eum
1198 794 1474 850 felicitate
1502 794 1763 867 perenni.

179 885 219 937 A
247 885 445 938 vestra
474 882 789 938 sanctitate
818 899 1011 955 nuper
1040 883 1292 955 delegati
1324 885 1767 957 apices,quibus

114 977 297 1028 vestra
312 971 641 1028 sanctitatis
663 972 967 1044 nostrique
989 975 1271 1029 memoria
1283 974 1342 1029 in
1358 975 1541 1030 sacris
1557 975 1767 1030 vestris

114 1059 471 1117 eratianibus
501 1062 870 1134 signabatur,
915 1062 1198 1119 ineffabili
1247 1079 1354 1119 nos
1397 1063 1767 1135 jocunditate

112 1150 366 1222 undique
392 1150 659 1207 munitos
688 1152 994 1208 reddidere
1018 1169 1033 1219 ;
1067 1169 1203 1208 cum
1233 1168 1342 1208 nos
1364 1152 1634 1207 videlicet
1664 1152 1765 1207 ab-

104 1239 233 1310 iecti
260 1240 379 1311 (62)
409 1244 469 1295 et
520 1240 812 1312 repudiati
858 1243 882 1265 '
931 1247 1271 1297 sanctorum
1305 1243 1524 1313 pedum
1554 1242 1767 1297 vestris

108 1345 206 1384 nec
234 1328 427 1385 simus
457 1330 478 1352 '
509 1330 783 1401 aquandi
810 1328 1227 1387 calceamentis
1262 1356 1276 1398 ;
1311 1330 1605 1402 quomodo
1631 1347 1766 1401 ergo

107 1422 221 1474 tam
248 1417 512 1491 religiosi
540 1423 601 1474 et
627 1422 749 1474 tam
782 1419 1036 1491 potentis
1059 1420 1284 1475 domini
1304 1435 1368 1475 ac
1399 1420 1581 1491 patris
1604 1419 1766 1491 digni

106 1522 312 1564 sumus
340 1508 653 1564 memorari
675 1508 1045 1564 orationibus
1066 1511 1093 1564 ?
1123 1510 1234 1565 Sed
1258 1525 1358 1565 vos
1389 1509 1551 1563 illius
1582 1508 1765 1564 credi-

109 1610 236 1652 mus
268 1611 565 1653 memores
604 1597 914 1653 sententiae
952 1614 1079 1670 quis
1100 1598 1543 1654 dicit:Deusnon
1558 1598 1769 1652 laborat

108 1686 165 1740 in
189 1686 436 1757 magnis,
485 1700 587 1741 Mr!
624 1687 850 1757 fastidit
892 1688 954 1742 in
1000 1688 1273 1742 minimis.
1304 1690 1588 1743 Caeterum
1621 1684 1766 1741 nulli

106 1774 352 1831 dubium
383 1775 657 1847 est,qued
684 1775 923 1831 divinus
944 1775 1202 1848 Spiritus
1232 1776 1293 1830 in
1316 1779 1548 1848 pectore
1576 1779 1767 1830 vestro

106 1862 401 1931 habitans,
422 1864 498 1921 ad
529 1868 739 1921 cuncta
768 1869 974 1921 sancta
1000 1881 1178 1937 opera
1208 1865 1415 1921 reddat
1444 1864 1769 1938 promptis-

178 2051 532 2125 Conjugium
563 2052 816 2125 denique
846 2052 1201 2126 illud,super
1228 2069 1345 2126 quo
1374 2056 1640 2109 nostram
1665 2068 1769 2123 pu-

110 2140 414 2197 sillitatem
455 2142 830 2207 consuluisti,
863 2159 895 2198 a
914 2144 1136 2199 nostris
1156 2143 1495 2198 doctoribus
1507 2147 1565 2198 et
1576 2157 1768 2197 sacer-

121 2230 360 2287 dotibus
388 2231 600 2287 scitotc
630 2232 871 2287 omnino
912 2232 1228 2304 prohiberi,
1261 2231 1402 2303 quia
1430 2230 1772 2302 spirituales

115 2317 349 2387 fratres,
382 2321 542 2392 quod
591 2336 696 2376 vos
744 2336 981 2392 quoque
1021 2319 1381 2388 asseruistis,
1413 2322 1696 2373 vocantur
1756 2333 1768 2370 :

101 2408 407 2464 saecularis
436 2424 674 2480 quoque
705 2407 818 2476 lex,
848 2408 1029 2464 veluti
1061 2426 1096 2463 a
1125 2408 1384 2479 quodam
1437 2405 1772 2477 legislatore

104 2495 323 2567 audivi,
356 2496 468 2552 hoc
496 2496 816 2552 interdicit.
847 2496 913 2552 In
969 2495 1219 2552 decretis
1245 2494 1636 2551 nihilominus
1667 2499 1770 2550 Za-

104 2584 318 2639 chariae
363 2600 526 2657 papae
557 2584 816 2657 capitulo
870 2586 907 2639 3
960 2584 1335 2640 continetur:
1370 2604 1398 2636 α
1453 2584 1527 2639 Ut
1583 2600 1771 2654 neque

104 2673 510 2745 presbyterum
540 2688 732 2744 neque
763 2673 1208 2742 diaconam,nec
1238 2677 1623 2728 commatrem
1655 2672 1770 2745 spi-

103 2761 338 2818 ritalem
371 2762 507 2834 quis
538 2761 597 2816 in
626 2762 974 2833 eonjugium
1008 2762 1241 2817 ducat.«
1268 2762 1375 2817 Ubi
1398 2762 1573 2817 datur
1604 2761 1773 2816 intel-

104 2849 224 2923 ligi,
255 2850 420 2924 quod
465 2864 656 2922 neque
681 2851 967 2923 spiritalis
1006 2851 1192 2923 patris
1224 2850 1405 2906 ﬁliam
1440 2849 1678 2906 cuilibet
1707 2850 1765 2906 in

107 2939 555 2995 matrimonium
586 2938 759 2994 liceat
788 2938 1004 2995 sortiri.
1032 2939 1252 2995 Verum
1282 2940 1332 2996 si
1366 2939 1557 3013 placet
1578 2938 1768 2995 domi-

108 3028 326 3084 nationi
355 3032 582 3097 vestrae,
616 3028 826 3085 vestris
846 3028 1149 3101 rescriptis
1174 3030 1407 3101 pandite
1431 3029 1599 3085 nobis
1622 3047 1771 3101 quas

106 3115 389 3173 debemus
418 3115 749 3190 intelligere
772 3133 1050 3189 eas,quas
1073 3119 1419 3190 praedictum
1442 3118 1768 3189 capitulum

107 3205 509 3278 presbyteram
524 3206 946 3263 autdiaconam
968 3206 1433 3280 appellant,quia
1454 3225 1560 3264 nos
1582 3206 1770 3263 omni-

113 3294 275 3365 modo
305 3294 468 3351 latet.
520 3295 791 3352 Assiduis
822 3296 1189 3352 orationibus
1219 3296 1430 3352 vestris
1461 3296 1572 3351 sibi
1605 3313 1765 3353 com-

113 3384 413 3442 mendatos
440 3401 546 3441 vos
576 3384 750 3458 longo
785 3384 1054 3441 Christus
1076 3389 1338 3458 tempore
1359 3386 1559 3442 salvet.

670 3526 1019 3584 EPISTOLA
1056 3527 1205 3583 VIII.

366 3633 613 3674 ΑποΝιε
650 3634 725 3674 AD
763 3633 1115 3674 AMBROSIUM
1155 3633 1519 3673 SACEBDOTEM

178 3742 319 3799 Arro
348 3749 523 3816 grata
553 3743 655 3799 Dei
686 3743 935 3800 humilis
989 3744 1324 3817 episcopus,
1376 3745 1592 3799 domno
1646 3746 1770 3800 AM-

115 3844 305 3889 naosro
335 3833 828 3890 reverendissimo
860 3838 918 3889 et
948 3834 1325 3890 sanctissimo
1352 3834 1769 3905 sacerdoti,de-

109 3925 260 3977 votas
286 3922 349 3978 in
381 3923 620 3980 Christo
649 3923 943 3979 orationes
975 3938 1110 3977 cum
1141 3922 1377 3978 vinculo
1409 3922 1730 3978 cbaritatis.

174 4009 393 4069 Vestrae
424 4011 750 4082 sanctitati,
786 4012 1066 4084 quoniam
1099 4028 1204 4083 pro
1234 4015 1434 4067 nostra
1462 4011 1770 4066 imbecilli-

117 4100 221 4153 tate
249 4101 727 4174 Omnipotentem
756 4103 1029 4157 novimus
1058 4100 1645 4168 exorare,immcnsas
1671 4117 1769 4156 co-

119 4202 231 4244 ram
292 4192 406 4247 Deo
456 4191 759 4246 mercedes
807 4190 1201 4262 exposcimus.
1263 4190 1455 4246 Sacris
1497 4190 1768 4262 prostrati

114 4276 359 4350 vestigiis
389 4280 449 4336 id
480 4278 682 4350 ipsum
703 4279 994 4336 instanter
1022 4279 1148 4335 ﬁeri
1178 4281 1239 4333 in
1265 4280 1645 4351 postmodum
1664 4280 1772 4335 im-

121 4363 426 4435 ploramus.
485 4369 611 4425 Nos
662 4385 920 4441 quoque,
981 4368 1116 4425 licet
1155 4368 1485 4440 imparibus
1518 4368 1768 4437 meritis,

119 4456 309 4513 vestris
334 4462 537 4514 tamen
559 4457 765 4513 conﬁsi
784 4456 1242 4527 virtutibus,hoc
1271 4456 1447 4512 etiam
1470 4474 1575 4528 pro
1603 4457 1769 4512 vobis

121 4544 459 4604 omnimodis
491 4561 668 4620 agere
696 4562 814 4603 non
867 4545 1222 4601 omittimus.
1254 4545 1481 4601 Crebra:
1512 4562 1769 4617 namque

120 4635 277 4690 vestri
303 4636 588 4711 corporis,
612 4653 748 4693 cum
781 4636 1137 4702 audivimus,
1190 4635 1564 4690 inﬁrmitates
1596 4636 1767 4707 quasi

1796 1992 1846 2059 B

1877 710 2033 781 quod
2065 714 2260 766 vestra
2290 712 2604 783 prudentia
2648 714 2953 772 consulere
2987 716 3446 791 judicavit,quid
3479 720 3539 779 in

1876 800 2201 855 canonibus
2220 802 2861 876 presbyteram,quidve
2882 806 3190 864 diaconam
3213 808 3541 884 intelligere

1877 888 2198 945 debeamus
2222 910 2235 944 :
2256 890 2493 946 videtur
2521 893 2691 949 nobis
2724 897 3003 965 quoniam
3037 897 3099 953 in
3119 898 3417 970 primitiva
3436 899 3544 957 Ec-

1876 978 2073 1045 clesia,
2098 980 2237 1051 quia
2288 982 2616 1037 secundum
2676 982 3042 1043 Dominicam
3072 1003 3273 1044 vocem
3306 1005 3321 1044 :
3354 989 3541 1047 Messis

1872 1070 2072 1135 multa,
2122 1072 2368 1141 operarii
2406 1074 2580 1142 pauci
2629 1073 2778 1144 (Luc.
2839 1092 2895 1143 x,
2947 1077 3026 1146 5),
3055 1076 3427 1148 videbantur,
3461 1078 3535 1137 ad

1875 1159 2286 1227 adjumentum
2345 1160 2607 1217 virorum
2637 1163 2819 1218 etiam
2848 1164 3135 1237 religiosae
3165 1166 3445 1226 mulieres
3473 1169 3537 1226 in

1875 1248 2337 1304 sanctaEcclesia
2357 1250 2629 1307 cultrices
2643 1252 3260 1322 ordinabantur.Quod
3280 1258 3538 1315 ostendit

1877 1336 2085 1391 beatus
2134 1337 2352 1392 Paulus
2384 1337 2441 1391 in
2476 1339 2721 1409 epistola
2752 1343 2824 1396 ad
2887 1344 3205 1411 Romanos,
3238 1361 3373 1402 cum
3404 1346 3486 1403 ait
3520 1364 3534 1402 :

1875 1425 2211 1482 Commendo
2242 1427 2395 1481 vobis
2423 1427 2681 1484 Phaybem
2710 1444 2950 1485 sororem
2976 1447 3176 1501 meam,
3217 1449 3345 1505 quae
3371 1444 3451 1491 est
3473 1436 3538 1491 in

1874 1517 2185 1570 ministerio
2241 1517 2512 1582 Eca'lesiw,
2545 1532 2666 1589 quae
2722 1526 2803 1574 est
2845 1519 3107 1577 Cenchris
3134 1504 3433 1595 (Roinatn,
3462 1524 3538 1597 1).

1878 1604 1985 1660 Ubi
2020 1604 2372 1677 intelligitur
2393 1607 2533 1678 quia
2561 1611 2706 1663 tunc
2736 1625 2851 1664 non
2887 1610 3078 1665 solum
3096 1610 3334 1680 viri,sed
3360 1613 3539 1672 etiam

1878 1694 2106 1750 feminae
2137 1699 2426 1766 praeerant
2456 1694 2985 1777 Ecclesiis,magnze
3015 1698 3241 1757 scilicet
3270 1700 3543 1759 utilitatis

1877 1799 2073 1841 causa.
2084 1783 2233 1841 Nam
2248 1784 2525 1841 mulieres
2539 1785 2637 1842 diu
2651 1802 3018 1859 paganorum
3032 1788 3246 1846 ritibus
3264 1795 3538 1864 assuetae,

1877 1872 2302 1946 philosophicis
2322 1875 2495 1930 etiam
2521 1876 2902 1948 dogmatibus
2930 1876 3407 1947 instructas,bene
3435 1894 3542 1952 per

1879 1961 1988 2018 has
2040 1962 2389 2019 familiarius
2432 1964 2940 2030 convertebantur,
3005 1968 3064 2022 et
3120 1965 3192 2022 de
3238 1964 3539 2040 religionis

1878 2051 2041 2107 cultu
2073 2050 2320 2108 liberius
2349 2053 2769 2109 edocebantur.
2798 2053 2962 2119 Quod
2996 2054 3351 2111 Laodicense
3376 2058 3537 2128 post-

1877 2142 2121 2197 modum
2155 2141 2430 2212 prohibet
2460 2141 2773 2197 concilium
2803 2158 2937 2214 cap.
2970 2142 3057 2214 ti,
3100 2160 3241 2200 cum
3272 2142 3489 2200 dicitur
3520 2162 3534 2201 :

1878 2230 2034 2301 quod
2067 2246 2184 2283 non
2215 2232 2447 2299 oportet
2470 2244 2571 2285 eas
2609 2245 2739 2300 quae
2772 2230 3051 2286 dicuntur
3080 2230 3429 2304 presbyteraa
3447 2232 3538 2289 vel

1882 2319 2283 2389 praesidentes,
2326 2317 2386 2372 in
2422 2317 2695 2373 Ecclesiis
2733 2318 3011 2374 ordinari.
3061 2319 3348 2377 Diaconas
3401 2336 3536 2377 vero

1880 2405 2088 2462 talium
2119 2406 2417 2462 credimus
2450 2406 2634 2462 fuisse
2665 2406 2992 2464 ministras.
3025 2406 3175 2465 Nam
3224 2410 3538 2467 diaconum

1881 2494 2221 2551 ministrum
2253 2495 2569 2561 dicimus,a
2589 2511 2705 2568 quo
2736 2495 3059 2553 derivatam
3078 2496 3388 2555 diaconum
3410 2516 3541 2572 per-

1880 2584 2190 2656 spicimus.
2219 2582 2482 2655 Denique
2510 2583 2765 2656 legimus
2814 2584 2875 2640 in
2924 2585 3169 2643 concilio
3225 2587 3541 2647 Chalcedo-

1880 2674 2075 2741 nensi,
2107 2689 2234 2746 cap.
2274 2674 2344 2729 15
2375 2675 2519 2740 (can.
2553 2675 2641 2745 15)
2665 2674 2972 2731 diaconum
3006 2690 3120 2732 non
3152 2676 3542 2735 ordinandam

1880 2768 2013 2819 ante
2045 2778 2268 2818 annum
2300 2762 2844 2835 quadragesimum,
2877 2766 2936 2820 et
2963 2763 3115 2820 hanc
3143 2780 3280 2821 cum
3303 2780 3541 2823 summo

1879 2851 2208 2909 libramine.
2245 2851 2488 2907 Talibus
2520 2852 2695 2908 etiam
2725 2852 3022 2909 credimus
3050 2852 3385 2927 baptizandi
3415 2870 3543 2912 mu-

1879 2939 2051 2997 lieres
2064 2942 2148 3012 inj
2157 2946 2401 2997 unctum
2417 2958 2545 2997 esse
2558 2941 2914 3009 ofﬁcium,ut
2932 2943 3154 3015 absque
3168 2941 3293 2999 ulla
3304 2944 3541 3015 penitus

1877 3032 2230 3087 verecundia
2287 3031 2538 3086 aliarum
2598 3047 2841 3102 corpora
2872 3030 2944 3086 ab
2976 3030 3070 3086 bis
3126 3034 3537 3089 tractarentur.

1879 3121 2028 3175 Nam
2057 3119 2117 3174 in
2150 3119 2389 3175 statutis
2439 3117 2824 3174 Orientalium
2874 3118 3161 3191 scriptum
3194 3124 3284 3175 est
3306 3118 3537 3192 (Concil.

1882 3209 2147 3279 Carthag.
2184 3225 2260 3275 ιν,
2291 3208 2458 3277 c.12)
2494 3225 2506 3262 :
2538 3206 2741 3263 Viduas
2769 3205 2855 3263 vel
2892 3207 3374 3266 sanctimoniales
3408 3226 3538 3283 quae

1881 3299 1953 3353 ad
1976 3295 2370 3352 ministerium
2385 3294 2702 3351 mulierum
2716 3294 3025 3368 baptizand
3035 3313 3203 3353 arum
3217 3297 3534 3372 eliguntur.

1798 3365 1841 3431 (ἶ
1879 3392 2003 3442 tam
2034 3386 2333 3441 instructas
2380 3384 2502 3439 sint
2546 3385 2618 3439 ad
2675 3365 2938 3440 ofﬁcium
2970 3389 3037 3441 ut
3065 3365 3457 3461 possintvapto
3484 3392 3549 3445 et

1862 3491 2026 3543 sane
2048 3490 2319 3529 sermone
2348 3473 2555 3528 docere
2580 3473 2887 3545 imperitas
2909 3477 2966 3530 et
2995 3475 3248 3531 rusticas
3269 3474 3549 3535 mulieres

1880 3567 2144 3635 tempore
2160 3578 2274 3633 quo
2298 3579 2362 3616 su
2372 3561 3181 3634 ntbaptizandae,qualiterad
3196 3563 3553 3637 interrogata

1882 3653 2296 3723 respondeant,
2311 3655 2367 3706 et
2392 3649 2649 3723 qualiter
2678 3655 2915 3723 accepto
2935 3650 3292 3724 baptismate
3312 3652 3545 3711 vivant:

1882 3742 2036 3798 sicut
2061 3742 2215 3797 enim
2252 3741 2338 3795 his
2371 3756 2500 3812 qua:
2534 3740 2897 3813 presbyteris
2947 3741 3311 3811 dicebantur,
3345 3743 3556 3815 praedi-

1879 3832 2071 3895 candi,
2097 3830 2344 3902 jubendi
2378 3829 2465 3885 vel
2497 3829 2887 3899 edocendi,ita
2911 3845 3053 3886 sane
3082 3828 3339 3888 diaconm
3368 3832 3543 3889 mini-

1881 3920 2107 3976 strandi
2134 3919 2225 3974 vel
2273 3918 2607 3990 baptizandi
2637 3918 2896 3973 ofﬁcium
2929 3922 3308 3991 sumpserant
3339 3936 3355 3977 :
3390 3923 3547 3994 quod

1882 4010 2175 4079 nuncjam
2203 4007 2446 4063 minime
2469 4006 2872 4077 expedit.Nam
2897 4007 2955 4061 in
2978 4009 3141 4061 tanta
3161 4007 3446 4079 parvitate
3468 4008 3542 4066 ob

1882 4102 2191 4169 parentum
2216 4096 2557 4168 religionem
2582 4094 2884 4150 infantula:
2904 4094 3544 4166 baptizantur,utnulla

1879 4187 1963 4242 eis
1985 4184 2561 4257 verccundia,nullus
2575 4184 3012 4256 baptizautibus
3024 4184 3342 4257 voluptatis
3354 4185 3543 4259 possit

1880 4275 2158 4331 stimulus
2180 4273 2485 4346 impedire.
2513 4273 2675 4329 Unde
2698 4273 2825 4344 jam
2858 4276 3076 4329 statum
3099 4277 3209 4344 est,
3239 4277 3306 4329 ut
3327 4272 3542 4331 mulier

1880 4364 2215 4437 baptizandi
2250 4380 2426 4419 usum
2458 4379 2761 4419 assumere
2794 4377 2909 4417 non
2942 4365 3282 4434 praesumat.

1953 4456 2105 4510 Sunt
2133 4454 2332 4522 etiam,
2367 4452 2468 4524 qui
2495 4467 2593 4507 eas
2626 4449 2835 4521 priscis
2865 4449 3231 4521 temporibus
3258 4447 3536 4508 diaconus

1879 4559 2182 4599 asseruere
2203 4540 2703 4613 appellatas,quas
2721 4553 2877 4592 nunc
2909 4535 3240 4594 abbatissae
3262 4537 3536 4595 nomina-

1879 4648 2033 4698 mus,
2066 4630 2222 4701 quod
2248 4627 2420 4683 nobis
2442 4625 2685 4680 minime
2715 4640 3037 4698 congruere
3053 4625 3302 4683 videtur.
3334 4628 3534 4685 Abbas

126 4724 368 4794 proprios
397 4727 702 4783 terebrant
719 4725 1024 4783 artus.Sed
1056 4725 1296 4780 beatum
1321 4723 1564 4779 Paulum
1594 4724 1760 4797 quasi
1794 4737 1840 4801 ι)
1877 4736 2133 4791 namque
2152 4719 2319 4773 Pater
2337 4714 2753 4783 dicitur;unde
2768 4716 3093 4771 secundum
3108 4731 3376 4774 normam
3391 4716 3533 4774 alio-

122 4805 400 4871 intendere
428 4814 731 4871 credimus
766 4857 780 4883 ,
811 4815 914 4869 ubi
945 4814 1029 4870 ait
1060 4830 1072 4869 :
1108 4814 1244 4868 Cum
1307 4814 1456 4867 enim
1486 4815 1541 4865 in
1550 4813 1759 4883 ﬁrmor,

121 4900 456 4973 tunc/crtior
482 4920 610 4960 sum
664 4904 740 4976 (ιι
798 4904 925 4959 Cor.
978 4921 1078 4970 xn,
1116 4904 1222 4973 10).
1257 4906 1409 4958 Deus
1450 4902 1619 4957 Pater
1647 4901 1758 4956 Do-

127 4987 250 5044 mini
281 4994 462 5049 nostri
486 4994 634 5050 Jesu
665 4992 883 5049 Christi
915 4992 998 5049 sic
1026 5008 1129 5047 vos
1170 4994 1460 5047 sustentet
1482 4996 1538 5045 et
1559 4990 1758 5044 verbe-

124 5081 215 5145 ret,
233 5085 296 5137 ut
322 5098 427 5139 nec
457 5084 706 5139 adversa
736 5082 1034 5153 dejiciant,
1064 5098 1172 5137 nec
1203 5097 1480 5153 prospera
1512 5080 1760 5134 reddant

124 5163 342 5227 elatum.
375 5172 586 5229 Plures
635 5172 891 5243 denique
920 5171 1134 5226 iterum
1179 5175 1375 5242 grates
1426 5169 1755 5235 referimus,

124 5256 244 5325 quia
257 5261 328 5318 de
345 5260 439 5319 his
454 5261 737 5319 omnibus
755 5277 883 5333 quae
899 5259 1063 5316 vobis
1084 5257 1758 5325 mandavimus,abunde

128 5356 219 5401 nos
239 5348 526 5408 instruere
557 5351 835 5408 curastis.
868 5350 1148 5405 Praeterea
1175 5348 1462 5403 miramur
1491 5346 1752 5414 omnino,

132 5446 218 5490 cur
235 5436 429 5513 ingens
451 5443 587 5498 fons
605 5441 760 5496 inter
778 5443 974 5495 tantos
993 5438 1350 5512 proﬂuentes
1369 5436 1753 5503 constitutus,

130 5521 352 5586 vicinum
382 5530 636 5602 alicujus
657 5530 751 5586 vix
782 5528 1128 5586 desudantis
1165 5542 1321 5582 venae
1344 5526 1646 5599 perquirat
1695 5524 1759 5578 li-

134 5625 359 5683 queram.
390 5621 541 5679 Nam
573 5624 632 5676 et
657 5620 706 5675 si
738 5619 882 5675 inibi
915 5617 1129 5691 aliquis
1162 5615 1487 5689 reperiatur
1520 5614 1754 5678 humor,

1872 4827 2004 4864 rum
2032 4807 2338 4863 nominum
2363 4806 2421 4860 in
2445 4821 2654 4877 genere
2678 4804 2981 4861 feminimo
2998 4804 3332 4861 derivatum
3355 4806 3531 4862 abba-

1870 4898 2015 4954 tissa
2047 4898 2251 4953 eadem
2285 4893 3225 4968 signilicatione,manente.Cujus
3248 4892 3521 4950 vocabuli

1867 4988 1977 5057 vis,
2012 4987 2241 5043 timoris
2273 4986 2491 5059 pariter
2521 4988 2580 5040 et
2637 4984 2878 5049 amoris,
2910 4982 3244 5037 reverentiae
3301 4985 3358 5037 et
3387 4982 3525 5039 ali‘e-

1868 5079 2045 5135 tionis
2096 5076 2347 5149 explicat
2405 5074 2768 5146 qualitatem.
2828 5071 3145 5127 Diaconam
3188 5086 3323 5128 vero
3381 5071 3528 5129 nihil

1868 5168 2028 5224 aliud
2062 5183 2241 5240 quam
2275 5167 2609 5244 ministram
2642 5160 3051 5233 intelligimus.
3084 5162 3448 5234 Quapropter
3479 5159 3526 5217 si

1867 5256 2047 5328 hujus
2076 5255 2251 5311 ofﬁcii
2286 5269 2501 5309 nomen
2526 5267 2683 5307 nunc
2727 5250 2904 5306 etiam
2939 5250 3355 5324 quoquomodo
3395 5264 3526 5322 per-

1867 5347 2127 5413 duraret,
2158 5344 2218 5399 in
2251 5343 2346 5398 his
2378 5358 2503 5413 quae
2530 5357 2633 5412 per
2663 5338 2940 5396 mulieres
2971 5339 3164 5395 adhuc
3194 5337 3527 5411 dispensari

1866 5436 2158 5498 videntur,
2190 5430 2325 5487 illas
2352 5431 2630 5485 diaconus
2682 5432 3045 5501 putaremus,
3069 5444 3196 5501 qua:
3225 5430 3394 5484 aetate
3425 5442 3524 5484 se-

1869 5525 1967 5580 nili
2026 5523 2285 5588 dcvictze,
2318 5520 2652 5591 religiosam
2685 5518 2865 5574 vitam
2897 5535 3032 5573 cum
3084 5518 3355 5574 castitate
3395 5530 3523 5573 ser-

1854 5617 2090 5680 vantes,
2122 5608 2447 5667 oblationes
2475 5607 2876 5665 sacerdotibus
2915 5607 3242 5665 offerendas
3273 5601 3527 5661 ﬁdeliter

193 5792 294 5869 (62)
319 5800 542 5874 Abiecti.
574 5799 742 5858 Prior
767 5798 946 5857 editio
992 5798 1217 5869 abiectis
1255 5801 1307 5856 et
1335 5794 1729 5868 repudiata.....
1769 5795 1969 5850 scimus
1999 5789 2304 5865 perspicue
2331 5787 2507 5846 male.
