  <div class='ocr_page' id='page_1' title='image "/cluster/home/n/w/nwhite01/storage/ocr_20150623/134-135/uc1.31175013627537/065.png"; bbox 0 0 3946 6410; ppageno 0'>
   <div class='ocr_carea' id='block_1_1' title="bbox 374 462 514 572">
    <p class='ocr_par' dir='ltr' id='par_1_1' title="bbox 374 462 514 572">
     <span class='ocr_line' id='line_1_1' title="bbox 374 462 514 572; baseline 0 -42"><span class='ocrx_word' id='word_1_1' title='bbox 374 462 514 572; x_wconf 14' lang='grc'>7115</span> 
     </span>
    </p>
   </div>
   <div class='ocr_carea' id='block_1_2' title="bbox 1417 465 2793 531">
    <p class='ocr_par' dir='ltr' id='par_1_2' title="bbox 1417 465 2793 531">
     <span class='ocr_line' id='line_1_2' title="bbox 1417 465 2793 531; baseline 0.001 -3"><span class='ocrx_word' id='word_1_2' title='bbox 1417 465 1754 531; x_wconf 81' lang='lat' dir='ltr'>ATTONIS</span> <span class='ocrx_word' id='word_1_3' title='bbox 1798 465 2393 530; x_wconf 82' lang='lat' dir='ltr'>VERGELLENSIS</span> <span class='ocrx_word' id='word_1_4' title='bbox 2437 465 2793 531; x_wconf 84' lang='lat' dir='ltr'>EPISGOPI</span> 
     </span>
    </p>
   </div>
   <div class='ocr_carea' id='block_1_3' title="bbox 3702 464 3820 531">
    <p class='ocr_par' dir='ltr' id='par_1_3' title="bbox 3702 464 3820 531">
     <span class='ocr_line' id='line_1_3' title="bbox 3702 464 3820 531; baseline 0.025 -3"><span class='ocrx_word' id='word_1_5' title='bbox 3702 464 3820 531; x_wconf 85' lang='grc'>116</span> 
     </span>
    </p>
   </div>
   <div class='ocr_carea' id='block_1_4' title="bbox 394 597 3818 677">
    <p class='ocr_par' dir='ltr' id='par_1_4' title="bbox 394 597 3818 677">
     <span class='ocr_line' id='line_1_4' title="bbox 394 597 3818 677; baseline -0 -16"><span class='ocrx_word' id='word_1_6' title='bbox 394 601 746 677; x_wconf 66' lang='grc' dir='ltr'>Ρῐιωραιιαῑιι,</span> <span class='ocrx_word' id='word_1_7' title='bbox 779 599 851 657; x_wconf 90' lang='lat' dir='ltr'>ad</span> <span class='ocrx_word' id='word_1_8' title='bbox 882 597 1258 658; x_wconf 84' lang='lat' dir='ltr'>ecclesiarum</span> <span class='ocrx_word' id='word_1_9' title='bbox 1287 601 1492 658; x_wconf 87' lang='lat' dir='ltr'>limina</span> <span class='ocrx_word' id='word_1_10' title='bbox 1537 602 1847 667; x_wconf 82' lang='lat' dir='ltr'>excubant,</span> <span class='ocrx_word' id='word_1_11' title='bbox 1882 600 2040 673; x_wconf 90' lang='lat' dir='ltr'>pavi-</span> <span class='ocrx_word' id='word_1_12' title='bbox 2070 606 2126 670; x_wconf 80' lang='grc' dir='ltr'><strong>Α</strong></span> <span class='ocrx_word' id='word_1_13' title='bbox 2153 601 2235 655; x_wconf 89' lang='lat' dir='ltr'>tia</span> <span class='ocrx_word' id='word_1_14' title='bbox 2264 617 2412 672; x_wconf 87' lang='lat' dir='ltr'>quae,</span> <span class='ocrx_word' id='word_1_15' title='bbox 2447 601 2582 657; x_wconf 91' lang='lat' dir='ltr'>licet</span> <span class='ocrx_word' id='word_1_16' title='bbox 2627 618 2813 658; x_wconf 92' lang='lat' dir='ltr'>unum</span> <span class='ocrx_word' id='word_1_17' title='bbox 2864 599 3180 658; x_wconf 74' lang='lat' dir='ltr'>offendant.</span> <span class='ocrx_word' id='word_1_18' title='bbox 3235 600 3430 658; x_wconf 87' lang='lat' dir='ltr'>fovent</span> <span class='ocrx_word' id='word_1_19' title='bbox 3477 603 3679 659; x_wconf 87' lang='lat' dir='ltr'>tamen</span> <span class='ocrx_word' id='word_1_20' title='bbox 3711 604 3818 660; x_wconf 89' lang='lat' dir='ltr'>sed</span> 
     </span>
    </p>
   </div>
   <div class='ocr_carea' id='block_1_5' title="bbox 397 693 961 764">
    <p class='ocr_par' dir='ltr' id='par_1_5' title="bbox 397 693 961 764">
     <span class='ocr_line' id='line_1_5' title="bbox 397 693 961 764; baseline -0.007 -14"><span class='ocrx_word' id='word_1_21' title='bbox 397 697 599 750; x_wconf 89' lang='lat' dir='ltr'>menta</span> <span class='ocrx_word' id='word_1_22' title='bbox 629 693 961 764; x_wconf 90' lang='lat' dir='ltr'>detergunt.</span> 
     </span>
    </p>
   </div>
   <div class='ocr_carea' id='block_1_6' title="bbox 478 780 2050 853">
    <p class='ocr_par' dir='ltr' id='par_1_6' title="bbox 478 780 2050 853">
     <span class='ocr_line' id='line_1_6' title="bbox 478 780 2050 853; baseline -0.001 -14"><span class='ocrx_word' id='word_1_23' title='bbox 478 785 800 839; x_wconf 86' lang='lat' dir='ltr'>Possumus</span> <span class='ocrx_word' id='word_1_24' title='bbox 830 797 1063 853; x_wconf 90' lang='lat' dir='ltr'>quoque</span> <span class='ocrx_word' id='word_1_25' title='bbox 1093 782 1457 853; x_wconf 89' lang='lat' dir='ltr'>presbyteras</span> <span class='ocrx_word' id='word_1_26' title='bbox 1487 781 1576 837; x_wconf 87' lang='lat' dir='ltr'>vel</span> <span class='ocrx_word' id='word_1_27' title='bbox 1607 781 1885 837; x_wconf 90' lang='lat' dir='ltr'>diaconas</span> <span class='ocrx_word' id='word_1_28' title='bbox 1918 780 2050 837; x_wconf 91' lang='lat' dir='ltr'>illas</span> 
     </span>
    </p>
   </div>
   <div class='ocr_carea' id='block_1_7' title="bbox 398 869 2052 943">
    <p class='ocr_par' dir='ltr' id='par_1_7' title="bbox 398 869 2052 943">
     <span class='ocr_line' id='line_1_7' title="bbox 398 869 2052 943; baseline -0.004 -14"><span class='ocrx_word' id='word_1_29' title='bbox 398 872 753 938; x_wconf 84' lang='lat' dir='ltr'>existimare,</span> <span class='ocrx_word' id='word_1_30' title='bbox 787 888 914 943; x_wconf 78' lang='lat' dir='ltr'>quae</span> <span class='ocrx_word' id='word_1_31' title='bbox 947 870 1299 942; x_wconf 82' lang='lat' dir='ltr'>presbyteris</span> <span class='ocrx_word' id='word_1_32' title='bbox 1329 869 1414 925; x_wconf 87' lang='lat' dir='ltr'>vel</span> <span class='ocrx_word' id='word_1_33' title='bbox 1437 871 1700 927; x_wconf 89' lang='lat' dir='ltr'>diaconis</span> <span class='ocrx_word' id='word_1_34' title='bbox 1733 875 1868 926; x_wconf 87' lang='lat' dir='ltr'>ante</span> <span class='ocrx_word' id='word_1_35' title='bbox 1899 871 2052 925; x_wconf 92' lang='lat' dir='ltr'>ordi-</span> 
     </span>
    </p>
   </div>
   <div class='ocr_carea' id='block_1_8' title="bbox 399 958 2051 1032">
    <p class='ocr_par' dir='ltr' id='par_1_8' title="bbox 399 958 2051 1032">
     <span class='ocr_line' id='line_1_8' title="bbox 399 958 2051 1032; baseline -0.002 -15"><span class='ocrx_word' id='word_1_36' title='bbox 399 960 697 1017; x_wconf 85' lang='lat' dir='ltr'>nationem</span> <span class='ocrx_word' id='word_1_37' title='bbox 712 959 838 1030; x_wconf 88' lang='lat' dir='ltr'>conj</span> <span class='ocrx_word' id='word_1_38' title='bbox 850 959 984 1030; x_wconf 89' lang='lat' dir='ltr'>ugio</span> <span class='ocrx_word' id='word_1_39' title='bbox 1006 958 1281 1030; x_wconf 82' lang='lat' dir='ltr'>copulatae</span> <span class='ocrx_word' id='word_1_40' title='bbox 1309 965 1474 1015; x_wconf 91' lang='lat' dir='ltr'>sunt:</span> <span class='ocrx_word' id='word_1_41' title='bbox 1494 977 1641 1032; x_wconf 88' lang='lat' dir='ltr'>quas</span> <span class='ocrx_word' id='word_1_42' title='bbox 1673 964 1873 1032; x_wconf 86' lang='lat' dir='ltr'>postea</span> <span class='ocrx_word' id='word_1_43' title='bbox 1894 964 2051 1014; x_wconf 81' lang='lat' dir='ltr'>caste</span> 
     </span>
    </p>
   </div>
   <div class='ocr_carea' id='block_1_9' title="bbox 401 1047 2050 1122">
    <p class='ocr_par' dir='ltr' id='par_1_9' title="bbox 401 1047 2050 1122">
     <span class='ocr_line' id='line_1_9' title="bbox 401 1047 2050 1122; baseline -0.001 -18"><span class='ocrx_word' id='word_1_44' title='bbox 401 1065 602 1122; x_wconf 90' lang='lat' dir='ltr'>regere</span> <span class='ocrx_word' id='word_1_45' title='bbox 632 1049 864 1115; x_wconf 89' lang='lat' dir='ltr'>debent,</span> <span class='ocrx_word' id='word_1_46' title='bbox 905 1048 1058 1103; x_wconf 89' lang='lat' dir='ltr'>sicut</span> <span class='ocrx_word' id='word_1_47' title='bbox 1115 1047 1175 1102; x_wconf 91' lang='lat' dir='ltr'>in</span> <span class='ocrx_word' id='word_1_48' title='bbox 1236 1048 1559 1104; x_wconf 91' lang='lat' dir='ltr'>canonibus</span> <span class='ocrx_word' id='word_1_49' title='bbox 1609 1048 2050 1120; x_wconf 89' lang='lat' dir='ltr'>promulgatum</span> 
     </span>
    </p>
   </div>
   <div class='ocr_carea' id='block_1_10' title="bbox 405 1136 2052 1210">
    <p class='ocr_par' dir='ltr' id='par_1_10' title="bbox 405 1136 2052 1210">
     <span class='ocr_line' id='line_1_10' title="bbox 405 1136 2052 1210; baseline -0.001 -17"><span class='ocrx_word' id='word_1_50' title='bbox 405 1142 514 1207; x_wconf 88' lang='lat' dir='ltr'>est,</span> <span class='ocrx_word' id='word_1_51' title='bbox 559 1137 659 1210; x_wconf 92' lang='lat' dir='ltr'>qui</span> <span class='ocrx_word' id='word_1_52' title='bbox 713 1137 1112 1207; x_wconf 83' lang='lat' dir='ltr'>apostolorum</span> <span class='ocrx_word' id='word_1_53' title='bbox 1173 1136 1342 1192; x_wconf 86' lang='lat' dir='ltr'>titulo</span> <span class='ocrx_word' id='word_1_54' title='bbox 1401 1141 1776 1203; x_wconf 87' lang='lat' dir='ltr'>annotantur,</span> <span class='ocrx_word' id='word_1_55' title='bbox 1837 1154 1964 1208; x_wconf 89' lang='lat' dir='ltr'>cap.</span> <span class='ocrx_word' id='word_1_56' title='bbox 1997 1139 2052 1191; x_wconf 86' lang='lat'>6.</span> 
     </span>
    </p>
   </div>
   <div class='ocr_carea' id='block_1_11' title="bbox 405 1225 2059 1298">
    <p class='ocr_par' dir='ltr' id='par_1_11' title="bbox 405 1225 2059 1298">
     <span class='ocr_line' id='line_1_11' title="bbox 405 1225 2059 1298; baseline 0.002 -21"><span class='ocrx_word' id='word_1_57' title='bbox 405 1248 434 1277; x_wconf 83' lang='lat'><strong>«</strong></span> <span class='ocrx_word' id='word_1_58' title='bbox 457 1225 779 1298; x_wconf 88' lang='lat' dir='ltr'>Episcopus</span> <span class='ocrx_word' id='word_1_59' title='bbox 799 1230 903 1281; x_wconf 88' lang='lat' dir='ltr'>aut</span> <span class='ocrx_word' id='word_1_60' title='bbox 924 1227 1226 1298; x_wconf 82' lang='lat' dir='ltr'>presbyter</span> <span class='ocrx_word' id='word_1_61' title='bbox 1247 1231 1349 1281; x_wconf 93' lang='lat' dir='ltr'>aut</span> <span class='ocrx_word' id='word_1_62' title='bbox 1371 1227 1654 1282; x_wconf 85' lang='lat' dir='ltr'>diaconus</span> <span class='ocrx_word' id='word_1_63' title='bbox 1675 1243 1913 1282; x_wconf 88' lang='lat' dir='ltr'>uxorem</span> <span class='ocrx_word' id='word_1_64' title='bbox 1930 1243 2059 1298; x_wconf 89' lang='lat' dir='ltr'>pro-</span> 
     </span>
    </p>
   </div>
   <div class='ocr_carea' id='block_1_12' title="bbox 403 1314 2055 1387">
    <p class='ocr_par' dir='ltr' id='par_1_12' title="bbox 403 1314 2055 1387">
     <span class='ocr_line' id='line_1_12' title="bbox 403 1314 2055 1387; baseline -0.001 -17"><span class='ocrx_word' id='word_1_65' title='bbox 403 1315 593 1387; x_wconf 88' lang='lat' dir='ltr'>priam</span> <span class='ocrx_word' id='word_1_66' title='bbox 612 1330 986 1385; x_wconf 83' lang='lat' dir='ltr'>nequaquam</span> <span class='ocrx_word' id='word_1_67' title='bbox 1033 1316 1142 1369; x_wconf 88' lang='lat' dir='ltr'>sub</span> <span class='ocrx_word' id='word_1_68' title='bbox 1175 1315 1418 1369; x_wconf 89' lang='lat' dir='ltr'>obtentu</span> <span class='ocrx_word' id='word_1_69' title='bbox 1453 1315 1756 1386; x_wconf 81' lang='lat' dir='ltr'>religionis</span> <span class='ocrx_word' id='word_1_70' title='bbox 1786 1314 2055 1385; x_wconf 89' lang='lat' dir='ltr'>abjiciat:</span> 
     </span>
    </p>
   </div>
   <div class='ocr_carea' id='block_1_13' title="bbox 403 1401 2060 1474">
    <p class='ocr_par' dir='ltr' id='par_1_13' title="bbox 403 1401 2060 1474">
     <span class='ocr_line' id='line_1_13' title="bbox 403 1401 2060 1474; baseline -0.002 -15"><span class='ocrx_word' id='word_1_71' title='bbox 403 1403 455 1459; x_wconf 89' lang='lat' dir='ltr'>si</span> <span class='ocrx_word' id='word_1_72' title='bbox 484 1417 620 1457; x_wconf 91' lang='lat' dir='ltr'>vero</span> <span class='ocrx_word' id='word_1_73' title='bbox 649 1401 937 1471; x_wconf 89' lang='lat' dir='ltr'>rejecerit,</span> <span class='ocrx_word' id='word_1_74' title='bbox 997 1403 1552 1457; x_wconf 85' lang='lat' dir='ltr'>excommunicetur.</span> <span class='ocrx_word' id='word_1_75' title='bbox 1605 1404 1713 1458; x_wconf 91' lang='lat' dir='ltr'>Sed</span> <span class='ocrx_word' id='word_1_76' title='bbox 1767 1401 1816 1456; x_wconf 88' lang='lat' dir='ltr'>si</span> <span class='ocrx_word' id='word_1_77' title='bbox 1865 1419 2060 1474; x_wconf 89' lang='lat' dir='ltr'>perse-</span> 
     </span>
    </p>
   </div>
   <div class='ocr_carea' id='block_1_14' title="bbox 400 1489 2063 1561">
    <p class='ocr_par' dir='ltr' id='par_1_14' title="bbox 400 1489 2063 1561">
     <span class='ocr_line' id='line_1_14' title="bbox 400 1489 2063 1561; baseline -0.001 -13"><span class='ocrx_word' id='word_1_78' title='bbox 400 1489 707 1555; x_wconf 84' lang='lat' dir='ltr'>veraverit,</span> <span class='ocrx_word' id='word_1_79' title='bbox 775 1489 1102 1561; x_wconf 82' lang='lat' dir='ltr'>dejiciatur.</span> <span class='ocrx_word' id='word_1_80' title='bbox 1159 1513 1182 1542; x_wconf 76' lang='grc' dir='ltr'><strong><em>ι</em></strong></span> <span class='ocrx_word' id='word_1_81' title='bbox 1244 1491 1388 1547; x_wconf 83' lang='lat' dir='ltr'>Item</span> <span class='ocrx_word' id='word_1_82' title='bbox 1447 1508 1516 1547; x_wconf 88' lang='lat' dir='ltr'>ex</span> <span class='ocrx_word' id='word_1_83' title='bbox 1566 1491 1822 1547; x_wconf 88' lang='lat' dir='ltr'>Decretis</span> <span class='ocrx_word' id='word_1_84' title='bbox 1856 1491 2063 1546; x_wconf 89' lang='lat' dir='ltr'>Leonis</span> 
     </span>
    </p>
   </div>
   <div class='ocr_carea' id='block_1_15' title="bbox 410 1579 2062 1655">
    <p class='ocr_par' dir='ltr' id='par_1_15' title="bbox 410 1579 2062 1655">
     <span class='ocr_line' id='line_1_15' title="bbox 410 1579 2062 1655; baseline -0.001 -18"><span class='ocrx_word' id='word_1_85' title='bbox 410 1598 575 1655; x_wconf 65' lang='lat' dir='ltr'>papae</span> <span class='ocrx_word' id='word_1_86' title='bbox 606 1597 733 1651; x_wconf 91' lang='lat' dir='ltr'>cap.</span> <span class='ocrx_word' id='word_1_87' title='bbox 758 1581 783 1633; x_wconf 98' lang='grc'>1</span> <span class='ocrx_word' id='word_1_88' title='bbox 817 1581 872 1633; x_wconf 88' lang='grc'>7;</span> <span class='ocrx_word' id='word_1_89' title='bbox 913 1601 933 1628; x_wconf 75' lang='grc' dir='ltr'><strong><em>α</em></strong></span> <span class='ocrx_word' id='word_1_90' title='bbox 971 1584 1080 1634; x_wconf 88' lang='lat' dir='ltr'>Lex</span> <span class='ocrx_word' id='word_1_91' title='bbox 1113 1579 1478 1635; x_wconf 67' lang='lat' dir='ltr'>continentiae</span> <span class='ocrx_word' id='word_1_92' title='bbox 1506 1581 1708 1636; x_wconf 87' lang='lat' dir='ltr'>eadem</span> <span class='ocrx_word' id='word_1_93' title='bbox 1739 1586 1830 1636; x_wconf 89' lang='lat' dir='ltr'>est</span> <span class='ocrx_word' id='word_1_94' title='bbox 1859 1580 2062 1636; x_wconf 89' lang='lat' dir='ltr'>altaris</span> 
     </span>
    </p>
   </div>
   <div class='ocr_carea' id='block_1_16' title="bbox 411 1667 2063 1741">
    <p class='ocr_par' dir='ltr' id='par_1_16' title="bbox 411 1667 2063 1741">
     <span class='ocr_line' id='line_1_16' title="bbox 411 1667 2063 1741; baseline -0.002 -15"><span class='ocrx_word' id='word_1_95' title='bbox 411 1669 702 1726; x_wconf 86' lang='lat' dir='ltr'>ministris</span> <span class='ocrx_word' id='word_1_96' title='bbox 758 1684 886 1739; x_wconf 73' lang='lat' dir='ltr'>quae</span> <span class='ocrx_word' id='word_1_97' title='bbox 944 1667 1234 1739; x_wconf 87' lang='lat' dir='ltr'>episcopis</span> <span class='ocrx_word' id='word_1_98' title='bbox 1292 1673 1467 1740; x_wconf 89' lang='lat' dir='ltr'>atque</span> <span class='ocrx_word' id='word_1_99' title='bbox 1524 1668 1899 1741; x_wconf 78' lang='lat' dir='ltr'>presbyteris,</span> <span class='ocrx_word' id='word_1_100' title='bbox 1963 1668 2063 1740; x_wconf 94' lang='lat' dir='ltr'>qui</span> 
     </span>
    </p>
   </div>
   <div class='ocr_carea' id='block_1_17' title="bbox 411 1756 2065 1827">
    <p class='ocr_par' dir='ltr' id='par_1_17' title="bbox 411 1756 2065 1827">
     <span class='ocr_line' id='line_1_17' title="bbox 411 1756 2065 1827; baseline -0.001 -13"><span class='ocrx_word' id='word_1_101' title='bbox 411 1775 547 1815; x_wconf 91' lang='lat' dir='ltr'>cum</span> <span class='ocrx_word' id='word_1_102' title='bbox 595 1761 793 1813; x_wconf 87' lang='lat' dir='ltr'>essent</span> <span class='ocrx_word' id='word_1_103' title='bbox 838 1756 972 1811; x_wconf 88' lang='lat' dir='ltr'>laici</span> <span class='ocrx_word' id='word_1_104' title='bbox 1021 1757 1142 1812; x_wconf 90' lang='lat' dir='ltr'>sive</span> <span class='ocrx_word' id='word_1_105' title='bbox 1204 1756 1469 1827; x_wconf 89' lang='lat' dir='ltr'>lectores,</span> <span class='ocrx_word' id='word_1_106' title='bbox 1536 1757 1691 1813; x_wconf 89' lang='lat' dir='ltr'>licite</span> <span class='ocrx_word' id='word_1_107' title='bbox 1741 1762 1799 1812; x_wconf 89' lang='lat' dir='ltr'>et</span> <span class='ocrx_word' id='word_1_108' title='bbox 1855 1772 2065 1812; x_wconf 86' lang='lat' dir='ltr'>uxores</span> 
     </span>
    </p>
   </div>
   <div class='ocr_carea' id='block_1_18' title="bbox 415 1844 2062 1918">
    <p class='ocr_par' dir='ltr' id='par_1_18' title="bbox 415 1844 2062 1918">
     <span class='ocr_line' id='line_1_18' title="bbox 415 1844 2062 1918; baseline -0.001 -16"><span class='ocrx_word' id='word_1_109' title='bbox 415 1847 630 1902; x_wconf 92' lang='lat' dir='ltr'>ducere</span> <span class='ocrx_word' id='word_1_110' title='bbox 687 1849 743 1901; x_wconf 88' lang='lat' dir='ltr'>et</span> <span class='ocrx_word' id='word_1_111' title='bbox 791 1844 942 1900; x_wconf 82' lang='lat' dir='ltr'>ﬁlios</span> <span class='ocrx_word' id='word_1_112' title='bbox 997 1861 1321 1916; x_wconf 85' lang='lat' dir='ltr'>procreare,</span> <span class='ocrx_word' id='word_1_113' title='bbox 1356 1850 1616 1918; x_wconf 89' lang='lat' dir='ltr'>potuere,</span> <span class='ocrx_word' id='word_1_114' title='bbox 1671 1846 1771 1902; x_wconf 90' lang='lat' dir='ltr'>sed</span> <span class='ocrx_word' id='word_1_115' title='bbox 1816 1862 1951 1901; x_wconf 90' lang='lat' dir='ltr'>cum</span> <span class='ocrx_word' id='word_1_116' title='bbox 1990 1846 2062 1900; x_wconf 92' lang='lat' dir='ltr'>ad</span> 
     </span>
    </p>
   </div>
   <div class='ocr_carea' id='block_1_19' title="bbox 416 1933 2064 2007">
    <p class='ocr_par' dir='ltr' id='par_1_19' title="bbox 416 1933 2064 2007">
     <span class='ocr_line' id='line_1_19' title="bbox 416 1933 2064 2007; baseline 0 -18"><span class='ocrx_word' id='word_1_117' title='bbox 416 1933 727 2007; x_wconf 66' lang='lat' dir='ltr'>praedictos</span> <span class='ocrx_word' id='word_1_118' title='bbox 760 1947 1072 2005; x_wconf 88' lang='lat' dir='ltr'>pervenere</span> <span class='ocrx_word' id='word_1_119' title='bbox 1119 1934 1359 2005; x_wconf 88' lang='lat' dir='ltr'>gradus,</span> <span class='ocrx_word' id='word_1_120' title='bbox 1400 1933 1575 2004; x_wconf 87' lang='lat' dir='ltr'>ccepit</span> <span class='ocrx_word' id='word_1_121' title='bbox 1630 1935 1714 1989; x_wconf 92' lang='lat' dir='ltr'>eis</span> <span class='ocrx_word' id='word_1_122' title='bbox 1745 1951 1860 1990; x_wconf 92' lang='lat' dir='ltr'>non</span> <span class='ocrx_word' id='word_1_123' title='bbox 1892 1933 2064 1989; x_wconf 86' lang='lat' dir='ltr'>licere</span> 
     </span>
    </p>
   </div>
   <div class='ocr_carea' id='block_1_20' title="bbox 415 2021 2068 2094">
    <p class='ocr_par' dir='ltr' id='par_1_20' title="bbox 415 2021 2068 2094">
     <span class='ocr_line' id='line_1_20' title="bbox 415 2021 2068 2094; baseline -0.001 -15"><span class='ocrx_word' id='word_1_124' title='bbox 415 2023 573 2094; x_wconf 89' lang='lat' dir='ltr'>quod</span> <span class='ocrx_word' id='word_1_125' title='bbox 616 2021 800 2078; x_wconf 89' lang='lat' dir='ltr'>licuit.</span> <span class='ocrx_word' id='word_1_126' title='bbox 862 2043 891 2071; x_wconf 85' lang='lat'>»</span> <span class='ocrx_word' id='word_1_127' title='bbox 947 2021 1109 2077; x_wconf 90' lang='lat' dir='ltr'>Unde</span> <span class='ocrx_word' id='word_1_128' title='bbox 1139 2025 1206 2077; x_wconf 92' lang='lat' dir='ltr'>ut</span> <span class='ocrx_word' id='word_1_129' title='bbox 1263 2023 1333 2077; x_wconf 91' lang='lat' dir='ltr'>de</span> <span class='ocrx_word' id='word_1_130' title='bbox 1373 2021 1595 2078; x_wconf 90' lang='lat' dir='ltr'>carnali</span> <span class='ocrx_word' id='word_1_131' title='bbox 1625 2022 1724 2078; x_wconf 88' lang='lat' dir='ltr'>ﬁat</span> <span class='ocrx_word' id='word_1_132' title='bbox 1765 2021 2068 2094; x_wconf 89' lang='lat' dir='ltr'>spirituale</span> 
     </span>
    </p>
   </div>
   <div class='ocr_carea' id='block_1_21' title="bbox 413 2110 2069 2184">
    <p class='ocr_par' dir='ltr' id='par_1_21' title="bbox 413 2110 2069 2184">
     <span class='ocr_line' id='line_1_21' title="bbox 413 2110 2069 2184; baseline -0.001 -16"><span class='ocrx_word' id='word_1_133' title='bbox 413 2111 780 2184; x_wconf 87' lang='lat' dir='ltr'>conjugium,</span> <span class='ocrx_word' id='word_1_134' title='bbox 812 2113 1039 2182; x_wconf 90' lang='lat' dir='ltr'>oportet</span> <span class='ocrx_word' id='word_1_135' title='bbox 1065 2125 1166 2166; x_wconf 90' lang='lat' dir='ltr'>eos</span> <span class='ocrx_word' id='word_1_136' title='bbox 1221 2127 1324 2166; x_wconf 90' lang='lat' dir='ltr'>nec</span> <span class='ocrx_word' id='word_1_137' title='bbox 1374 2110 1669 2167; x_wconf 85' lang='lat' dir='ltr'>dimittere</span> <span class='ocrx_word' id='word_1_138' title='bbox 1727 2127 1958 2179; x_wconf 87' lang='lat' dir='ltr'>uxores,</span> <span class='ocrx_word' id='word_1_139' title='bbox 2012 2115 2069 2166; x_wconf 89' lang='lat' dir='ltr'>et</span> 
     </span>
    </p>
   </div>
   <div class='ocr_carea' id='block_1_22' title="bbox 410 2198 2068 2273">
    <p class='ocr_par' dir='ltr' id='par_1_22' title="bbox 410 2198 2068 2273">
     <span class='ocr_line' id='line_1_22' title="bbox 410 2198 2068 2273; baseline -0.001 -17"><span class='ocrx_word' id='word_1_140' title='bbox 410 2200 581 2273; x_wconf 88' lang='lat' dir='ltr'>quasi</span> <span class='ocrx_word' id='word_1_141' title='bbox 615 2215 732 2255; x_wconf 91' lang='lat' dir='ltr'>non</span> <span class='ocrx_word' id='word_1_142' title='bbox 761 2198 1032 2266; x_wconf 88' lang='lat' dir='ltr'>habeant,</span> <span class='ocrx_word' id='word_1_143' title='bbox 1090 2198 1175 2254; x_wconf 92' lang='lat' dir='ltr'>sic</span> <span class='ocrx_word' id='word_1_144' title='bbox 1230 2199 1466 2266; x_wconf 90' lang='lat' dir='ltr'>habere,</span> <span class='ocrx_word' id='word_1_145' title='bbox 1516 2216 1632 2270; x_wconf 90' lang='lat' dir='ltr'>qua</span> <span class='ocrx_word' id='word_1_146' title='bbox 1689 2205 1746 2255; x_wconf 90' lang='lat' dir='ltr'>et</span> <span class='ocrx_word' id='word_1_147' title='bbox 1799 2200 1961 2256; x_wconf 91' lang='lat' dir='ltr'>salva</span> <span class='ocrx_word' id='word_1_148' title='bbox 1990 2200 2068 2255; x_wconf 89' lang='lat' dir='ltr'>sit</span> 
     </span>
    </p>
   </div>
   <div class='ocr_carea' id='block_1_23' title="bbox 416 2287 2067 2360">
    <p class='ocr_par' dir='ltr' id='par_1_23' title="bbox 416 2287 2067 2360">
     <span class='ocr_line' id='line_1_23' title="bbox 416 2287 2067 2360; baseline -0.001 -15"><span class='ocrx_word' id='word_1_149' title='bbox 416 2288 672 2346; x_wconf 89' lang='lat' dir='ltr'>charitas</span> <span class='ocrx_word' id='word_1_150' title='bbox 702 2287 1152 2354; x_wconf 89' lang='lat' dir='ltr'>connubiorum,</span> <span class='ocrx_word' id='word_1_151' title='bbox 1185 2291 1244 2342; x_wconf 89' lang='lat' dir='ltr'>et</span> <span class='ocrx_word' id='word_1_152' title='bbox 1295 2293 1482 2343; x_wconf 90' lang='lat' dir='ltr'>cesset</span> <span class='ocrx_word' id='word_1_153' title='bbox 1519 2287 1777 2356; x_wconf 91' lang='lat' dir='ltr'>operatio</span> <span class='ocrx_word' id='word_1_154' title='bbox 1835 2289 2067 2360; x_wconf 90' lang='lat' dir='ltr'>nuptia-</span> 
     </span>
    </p>
   </div>
   <div class='ocr_carea' id='block_1_24' title="bbox 415 2375 2064 2446">
    <p class='ocr_par' dir='ltr' id='par_1_24' title="bbox 415 2375 2064 2446">
     <span class='ocr_line' id='line_1_24' title="bbox 415 2375 2064 2446; baseline 0 -13"><span class='ocrx_word' id='word_1_155' title='bbox 415 2393 570 2433; x_wconf 89' lang='lat' dir='ltr'>rum.</span> <span class='ocrx_word' id='word_1_156' title='bbox 601 2375 904 2431; x_wconf 89' lang='lat' dir='ltr'>Libentius</span> <span class='ocrx_word' id='word_1_157' title='bbox 935 2379 1156 2441; x_wconf 91' lang='lat' dir='ltr'>tamen,</span> <span class='ocrx_word' id='word_1_158' title='bbox 1189 2375 1535 2431; x_wconf 88' lang='lat' dir='ltr'>cbarissime</span> <span class='ocrx_word' id='word_1_159' title='bbox 1581 2377 1804 2446; x_wconf 91' lang='lat' dir='ltr'>doctor,</span> <span class='ocrx_word' id='word_1_160' title='bbox 1854 2393 2064 2433; x_wconf 89' lang='lat' dir='ltr'>secun-</span> 
     </span>
    </p>
   </div>
   <div class='ocr_carea' id='block_1_25' title="bbox 413 2462 2067 2534">
    <p class='ocr_par' dir='ltr' id='par_1_25' title="bbox 413 2462 2067 2534">
     <span class='ocr_line' id='line_1_25' title="bbox 413 2462 2067 2534; baseline 0 -14"><span class='ocrx_word' id='word_1_161' title='bbox 413 2465 557 2520; x_wconf 90' lang='lat' dir='ltr'>dum</span> <span class='ocrx_word' id='word_1_162' title='bbox 587 2462 950 2534; x_wconf 88' lang='lat' dir='ltr'>superiorem</span> <span class='ocrx_word' id='word_1_163' title='bbox 987 2478 1229 2516; x_wconf 86' lang='lat' dir='ltr'>sensum</span> <span class='ocrx_word' id='word_1_164' title='bbox 1261 2479 1386 2533; x_wconf 73' lang='lat' dir='ltr'>quae</span> <span class='ocrx_word' id='word_1_165' title='bbox 1418 2463 1703 2534; x_wconf 86' lang='lat' dir='ltr'>explicata</span> <span class='ocrx_word' id='word_1_166' title='bbox 1733 2470 1875 2520; x_wconf 88' lang='lat' dir='ltr'>sunt</span> <span class='ocrx_word' id='word_1_167' title='bbox 1912 2467 2067 2520; x_wconf 88' lang='lat' dir='ltr'>acci-</span> 
     </span>
    </p>
   </div>
   <div class='ocr_carea' id='block_1_26' title="bbox 410 2551 2064 2625">
    <p class='ocr_par' dir='ltr' id='par_1_26' title="bbox 410 2551 2064 2625">
     <span class='ocr_line' id='line_1_26' title="bbox 410 2551 2064 2625; baseline 0 -17"><span class='ocrx_word' id='word_1_168' title='bbox 410 2553 631 2625; x_wconf 89' lang='lat' dir='ltr'>pimus,</span> <span class='ocrx_word' id='word_1_169' title='bbox 661 2551 844 2607; x_wconf 88' lang='lat' dir='ltr'>donec</span> <span class='ocrx_word' id='word_1_170' title='bbox 868 2567 903 2606; x_wconf 89' lang='lat' dir='ltr'>a</span> <span class='ocrx_word' id='word_1_171' title='bbox 933 2551 1101 2606; x_wconf 88' lang='lat' dir='ltr'>vobis</span> <span class='ocrx_word' id='word_1_172' title='bbox 1133 2566 1465 2606; x_wconf 90' lang='lat' dir='ltr'>mereamur</span> <span class='ocrx_word' id='word_1_173' title='bbox 1493 2552 1708 2606; x_wconf 87' lang='lat' dir='ltr'>certius</span> <span class='ocrx_word' id='word_1_174' title='bbox 1738 2552 2064 2608; x_wconf 88' lang='lat' dir='ltr'>informari.</span> 
     </span>
    </p>
   </div>
   <div class='ocr_carea' id='block_1_27' title="bbox 408 2637 2070 2711">
    <p class='ocr_par' dir='ltr' id='par_1_27' title="bbox 408 2637 2070 2711">
     <span class='ocr_line' id='line_1_27' title="bbox 408 2637 2070 2711; baseline -0.001 -14"><span class='ocrx_word' id='word_1_175' title='bbox 408 2640 699 2697; x_wconf 89' lang='lat' dir='ltr'>Omnibus</span> <span class='ocrx_word' id='word_1_176' title='bbox 728 2656 862 2695; x_wconf 89' lang='lat' dir='ltr'>vero</span> <span class='ocrx_word' id='word_1_177' title='bbox 892 2639 1043 2710; x_wconf 92' lang='lat' dir='ltr'>istis,</span> <span class='ocrx_word' id='word_1_178' title='bbox 1075 2637 1229 2694; x_wconf 90' lang='lat' dir='ltr'>sicut</span> <span class='ocrx_word' id='word_1_179' title='bbox 1259 2638 1901 2711; x_wconf 87' lang='lat' dir='ltr'>mandastis,denegata</span> <span class='ocrx_word' id='word_1_180' title='bbox 1930 2646 2070 2696; x_wconf 90' lang='lat' dir='ltr'>sunt</span> 
     </span>
    </p>
   </div>
   <div class='ocr_carea' id='block_1_28' title="bbox 410 2727 2065 2800">
    <p class='ocr_par' dir='ltr' id='par_1_28' title="bbox 410 2727 2065 2800">
     <span class='ocr_line' id='line_1_28' title="bbox 410 2727 2065 2800; baseline -0.001 -13"><span class='ocrx_word' id='word_1_181' title='bbox 410 2727 704 2800; x_wconf 90' lang='lat' dir='ltr'>conjugia,</span> <span class='ocrx_word' id='word_1_182' title='bbox 762 2732 828 2782; x_wconf 88' lang='lat' dir='ltr'>ut</span> <span class='ocrx_word' id='word_1_183' title='bbox 880 2727 1314 2783; x_wconf 84' lang='lat' dir='ltr'>ecclesiasticus</span> <span class='ocrx_word' id='word_1_184' title='bbox 1344 2727 1529 2783; x_wconf 90' lang='lat' dir='ltr'>honor</span> <span class='ocrx_word' id='word_1_185' title='bbox 1560 2731 1822 2784; x_wconf 90' lang='lat' dir='ltr'>servetur</span> <span class='ocrx_word' id='word_1_186' title='bbox 1849 2728 1909 2784; x_wconf 91' lang='lat' dir='ltr'>in</span> <span class='ocrx_word' id='word_1_187' title='bbox 1942 2746 2065 2785; x_wconf 89' lang='lat' dir='ltr'>om-</span> 
     </span>
    </p>
   </div>
   <div class='ocr_carea' id='block_1_29' title="bbox 413 2817 613 2873">
    <p class='ocr_par' dir='ltr' id='par_1_29' title="bbox 413 2817 613 2873">
     <span class='ocr_line' id='line_1_29' title="bbox 413 2817 613 2873; baseline -0.015 0"><span class='ocrx_word' id='word_1_188' title='bbox 413 2817 613 2873; x_wconf 91' lang='lat' dir='ltr'>nibus.</span> 
     </span>
    </p>
   </div>
   <div class='ocr_carea' id='block_1_30' title="bbox 480 2903 2066 2961">
    <p class='ocr_par' dir='ltr' id='par_1_30' title="bbox 480 2903 2066 2961">
     <span class='ocr_line' id='line_1_30' title="bbox 480 2903 2066 2961; baseline -0.001 0"><span class='ocrx_word' id='word_1_189' title='bbox 480 2908 765 2961; x_wconf 58' lang='lat' dir='ltr'>Praeterea</span> <span class='ocrx_word' id='word_1_190' title='bbox 794 2903 1084 2959; x_wconf 89' lang='lat' dir='ltr'>sinceram</span> <span class='ocrx_word' id='word_1_191' title='bbox 1141 2903 1485 2959; x_wconf 89' lang='lat' dir='ltr'>charitatem</span> <span class='ocrx_word' id='word_1_192' title='bbox 1535 2908 1791 2960; x_wconf 91' lang='lat' dir='ltr'>vestram</span> <span class='ocrx_word' id='word_1_193' title='bbox 1825 2905 2066 2961; x_wconf 92' lang='lat' dir='ltr'>humili-</span> 
     </span>
    </p>
   </div>
   <div class='ocr_carea' id='block_1_31' title="bbox 408 2992 2065 3066">
    <p class='ocr_par' dir='ltr' id='par_1_31' title="bbox 408 2992 2065 3066">
     <span class='ocr_line' id='line_1_31' title="bbox 408 2992 2065 3066; baseline -0.001 -15"><span class='ocrx_word' id='word_1_194' title='bbox 408 2999 498 3051; x_wconf 88' lang='lat' dir='ltr'>ter</span> <span class='ocrx_word' id='word_1_195' title='bbox 527 2992 918 3066; x_wconf 84' lang='lat' dir='ltr'>exposcimus,</span> <span class='ocrx_word' id='word_1_196' title='bbox 954 2993 1025 3048; x_wconf 91' lang='lat' dir='ltr'>de</span> <span class='ocrx_word' id='word_1_197' title='bbox 1055 2992 1302 3063; x_wconf 83' lang='lat' dir='ltr'>epistola</span> <span class='ocrx_word' id='word_1_198' title='bbox 1333 3010 1460 3064; x_wconf 87' lang='lat' dir='ltr'>quae</span> <span class='ocrx_word' id='word_1_199' title='bbox 1517 2993 1576 3048; x_wconf 91' lang='lat' dir='ltr'>in</span> <span class='ocrx_word' id='word_1_200' title='bbox 1621 2995 1945 3050; x_wconf 90' lang='lat' dir='ltr'>canonibus</span> <span class='ocrx_word' id='word_1_201' title='bbox 1977 3013 2065 3051; x_wconf 86' lang='lat' dir='ltr'>re-</span> 
     </span>
    </p>
   </div>
   <div class='ocr_carea' id='block_1_32' title="bbox 408 3081 2068 3156">
    <p class='ocr_par' dir='ltr' id='par_1_32' title="bbox 408 3081 2068 3156">
     <span class='ocr_line' id='line_1_32' title="bbox 408 3081 2068 3156; baseline -0.001 -16"><span class='ocrx_word' id='word_1_202' title='bbox 408 3083 650 3156; x_wconf 90' lang='lat' dir='ltr'>peritur,</span> <span class='ocrx_word' id='word_1_203' title='bbox 685 3098 812 3152; x_wconf 72' lang='lat' dir='ltr'>quae</span> <span class='ocrx_word' id='word_1_204' title='bbox 843 3081 1021 3137; x_wconf 89' lang='lat' dir='ltr'>etiam</span> <span class='ocrx_word' id='word_1_205' title='bbox 1045 3081 1323 3137; x_wconf 89' lang='lat' dir='ltr'>canonica</span> <span class='ocrx_word' id='word_1_206' title='bbox 1354 3081 1586 3145; x_wconf 87' lang='lat' dir='ltr'>dicitur,</span> <span class='ocrx_word' id='word_1_207' title='bbox 1611 3084 1780 3153; x_wconf 85' lang='lat' dir='ltr'>cujus</span> <span class='ocrx_word' id='word_1_208' title='bbox 1812 3083 2068 3156; x_wconf 91' lang='lat' dir='ltr'>capitula</span> 
     </span>
    </p>
   </div>
   <div class='ocr_carea' id='block_1_33' title="bbox 411 3171 2066 3241">
    <p class='ocr_par' dir='ltr' id='par_1_33' title="bbox 411 3171 2066 3241">
     <span class='ocr_line' id='line_1_33' title="bbox 411 3171 2066 3241; baseline 0 -13"><span class='ocrx_word' id='word_1_209' title='bbox 411 3174 500 3241; x_wconf 90' lang='grc'>11,</span> <span class='ocrx_word' id='word_1_210' title='bbox 532 3187 661 3227; x_wconf 91' lang='lat' dir='ltr'>esse</span> <span class='ocrx_word' id='word_1_211' title='bbox 688 3174 1031 3225; x_wconf 90' lang='lat' dir='ltr'>noscuntur.</span> <span class='ocrx_word' id='word_1_212' title='bbox 1066 3186 1194 3241; x_wconf 65' lang='lat' dir='ltr'>quae</span> <span class='ocrx_word' id='word_1_213' title='bbox 1226 3171 1394 3226; x_wconf 90' lang='lat' dir='ltr'>nobis</span> <span class='ocrx_word' id='word_1_214' title='bbox 1445 3171 1767 3228; x_wconf 88' lang='lat' dir='ltr'>utilissima</span> <span class='ocrx_word' id='word_1_215' title='bbox 1816 3190 1948 3229; x_wconf 91' lang='lat' dir='ltr'>asse</span> <span class='ocrx_word' id='word_1_216' title='bbox 1979 3173 2066 3228; x_wconf 86' lang='lat' dir='ltr'>vi-</span> 
     </span>
    </p>
   </div>
   <div class='ocr_carea' id='block_1_34' title="bbox 408 3258 2061 3329">
    <p class='ocr_par' dir='ltr' id='par_1_34' title="bbox 408 3258 2061 3329">
     <span class='ocr_line' id='line_1_34' title="bbox 408 3258 2061 3329; baseline 0 -12"><span class='ocrx_word' id='word_1_217' title='bbox 408 3262 642 3319; x_wconf 84' lang='lat' dir='ltr'>dentur.</span> <span class='ocrx_word' id='word_1_218' title='bbox 673 3275 926 3329; x_wconf 90' lang='lat' dir='ltr'>quorum</span> <span class='ocrx_word' id='word_1_219' title='bbox 958 3258 1193 3313; x_wconf 88' lang='lat' dir='ltr'>initium</span> <span class='ocrx_word' id='word_1_220' title='bbox 1225 3263 1315 3314; x_wconf 92' lang='lat' dir='ltr'>est</span> <span class='ocrx_word' id='word_1_221' title='bbox 1376 3276 1388 3314; x_wconf 88' lang='lat'><strong>:</strong></span> <span class='ocrx_word' id='word_1_222' title='bbox 1443 3281 1471 3310; x_wconf 85' lang='lat'><strong>»</strong></span> <span class='ocrx_word' id='word_1_223' title='bbox 1507 3261 1769 3315; x_wconf 91' lang='lat' dir='ltr'>Primum</span> <span class='ocrx_word' id='word_1_224' title='bbox 1798 3263 2061 3317; x_wconf 90' lang='lat' dir='ltr'>omnium</span> 
     </span>
    </p>
   </div>
   <div class='ocr_carea' id='block_1_35' title="bbox 408 3327 2137 3420">
    <p class='ocr_par' dir='ltr' id='par_1_35' title="bbox 408 3327 2137 3420">
     <span class='ocr_line' id='line_1_35' title="bbox 408 3327 2137 3420; baseline 0.001 -16"><span class='ocrx_word' id='word_1_225' title='bbox 408 3350 586 3404; x_wconf 90' lang='lat' dir='ltr'>ﬁdem</span> <span class='ocrx_word' id='word_1_226' title='bbox 617 3327 964 3403; x_wconf 80' lang='lat' dir='ltr'>catholicam</span> <span class='ocrx_word' id='word_1_227' title='bbox 997 3363 1201 3402; x_wconf 90' lang='lat' dir='ltr'>omnes</span> <span class='ocrx_word' id='word_1_228' title='bbox 1234 3349 1553 3420; x_wconf 78' lang='lat' dir='ltr'>presbyteri</span> <span class='ocrx_word' id='word_1_229' title='bbox 1613 3355 1668 3404; x_wconf 92' lang='lat' dir='ltr'>et</span> <span class='ocrx_word' id='word_1_230' title='bbox 1700 3349 1929 3406; x_wconf 90' lang='lat' dir='ltr'>diaconi</span> <span class='ocrx_word' id='word_1_231' title='bbox 1960 3368 2062 3407; x_wconf 90' lang='lat' dir='ltr'>seu</span> <span class='ocrx_word' id='word_1_232' title='bbox 2095 3327 2137 3392; x_wconf 66' lang='grc' dir='ltr'><strong>Ο</strong></span> 
     </span>
    </p>
   </div>
   <div class='ocr_carea' id='block_1_36' title="bbox 408 3435 2071 3508">
    <p class='ocr_par' dir='ltr' id='par_1_36' title="bbox 408 3435 2071 3508">
     <span class='ocr_line' id='line_1_36' title="bbox 408 3435 2071 3508; baseline 0.001 -14"><span class='ocrx_word' id='word_1_233' title='bbox 408 3436 758 3494; x_wconf 90' lang='lat' dir='ltr'>subdiaconi</span> <span class='ocrx_word' id='word_1_234' title='bbox 792 3435 1131 3492; x_wconf 89' lang='lat' dir='ltr'>memoriter</span> <span class='ocrx_word' id='word_1_235' title='bbox 1154 3441 1408 3507; x_wconf 86' lang='lat' dir='ltr'>teneant,</span> <span class='ocrx_word' id='word_1_236' title='bbox 1443 3443 1510 3492; x_wconf 89' lang='lat' dir='ltr'>ut</span> <span class='ocrx_word' id='word_1_237' title='bbox 1568 3438 1615 3492; x_wconf 89' lang='lat' dir='ltr'>si</span> <span class='ocrx_word' id='word_1_238' title='bbox 1677 3442 1810 3508; x_wconf 91' lang='lat' dir='ltr'>quis</span> <span class='ocrx_word' id='word_1_239' title='bbox 1841 3439 1950 3494; x_wconf 93' lang='lat' dir='ltr'>hoc</span> <span class='ocrx_word' id='word_1_240' title='bbox 1982 3441 2071 3495; x_wconf 86' lang='lat' dir='ltr'>fa-</span> 
     </span>
    </p>
   </div>
   <div class='ocr_carea' id='block_1_37' title="bbox 408 3525 2067 3598">
    <p class='ocr_par' dir='ltr' id='par_1_37' title="bbox 408 3525 2067 3598">
     <span class='ocr_line' id='line_1_37' title="bbox 408 3525 2067 3598; baseline 0.001 -16"><span class='ocrx_word' id='word_1_241' title='bbox 408 3527 682 3582; x_wconf 87' lang='lat' dir='ltr'>ciendum</span> <span class='ocrx_word' id='word_1_242' title='bbox 717 3525 1138 3598; x_wconf 64' lang='lat' dir='ltr'>praetermittat,</span> <span class='ocrx_word' id='word_1_243' title='bbox 1203 3526 1594 3597; x_wconf 88' lang='lat' dir='ltr'>quadraginta</span> <span class='ocrx_word' id='word_1_244' title='bbox 1627 3526 1833 3583; x_wconf 90' lang='lat' dir='ltr'>diebus</span> <span class='ocrx_word' id='word_1_245' title='bbox 1879 3545 1912 3583; x_wconf 91' lang='lat' dir='ltr'>a</span> <span class='ocrx_word' id='word_1_246' title='bbox 1935 3529 2067 3584; x_wconf 92' lang='lat' dir='ltr'>vino</span> 
     </span>
    </p>
   </div>
   <div class='ocr_carea' id='block_1_38' title="bbox 407 3614 2069 3687">
    <p class='ocr_par' dir='ltr' id='par_1_38' title="bbox 407 3614 2069 3687">
     <span class='ocr_line' id='line_1_38' title="bbox 407 3614 2069 3687; baseline 0.002 -18"><span class='ocrx_word' id='word_1_247' title='bbox 407 3631 468 3670; x_wconf 87' lang='lat' dir='ltr'>se</span> <span class='ocrx_word' id='word_1_248' title='bbox 509 3615 836 3680; x_wconf 87' lang='lat' dir='ltr'>abstineat;</span> <span class='ocrx_word' id='word_1_249' title='bbox 870 3619 927 3669; x_wconf 91' lang='lat' dir='ltr'>et</span> <span class='ocrx_word' id='word_1_250' title='bbox 982 3615 1034 3669; x_wconf 92' lang='lat' dir='ltr'>si</span> <span class='ocrx_word' id='word_1_251' title='bbox 1078 3619 1211 3685; x_wconf 92' lang='lat' dir='ltr'>post</span> <span class='ocrx_word' id='word_1_252' title='bbox 1277 3614 1698 3669; x_wconf 86' lang='lat' dir='ltr'>abstinentiam</span> <span class='ocrx_word' id='word_1_253' title='bbox 1751 3615 2069 3687; x_wconf 84' lang='lat' dir='ltr'>neglexerit</span> 
     </span>
    </p>
   </div>
   <div class='ocr_carea' id='block_1_39' title="bbox 407 3701 2069 3772">
    <p class='ocr_par' dir='ltr' id='par_1_39' title="bbox 407 3701 2069 3772">
     <span class='ocr_line' id='line_1_39' title="bbox 407 3701 2069 3772; baseline 0.002 -15"><span class='ocrx_word' id='word_1_254' title='bbox 407 3702 964 3768; x_wconf 89' lang='lat' dir='ltr'>commendandam,</span> <span class='ocrx_word' id='word_1_255' title='bbox 997 3701 1330 3771; x_wconf 88' lang='lat' dir='ltr'>duplicetur</span> <span class='ocrx_word' id='word_1_256' title='bbox 1355 3702 1414 3755; x_wconf 92' lang='lat' dir='ltr'>in</span> <span class='ocrx_word' id='word_1_257' title='bbox 1437 3719 1502 3757; x_wconf 90' lang='lat' dir='ltr'>eo</span> <span class='ocrx_word' id='word_1_258' title='bbox 1533 3703 1861 3772; x_wconf 84' lang='lat' dir='ltr'>sententia,</span> <span class='ocrx_word' id='word_1_259' title='bbox 1899 3727 1920 3754; x_wconf 72' lang='grc' dir='ltr'>ι</span> <span class='ocrx_word' id='word_1_260' title='bbox 1949 3706 2069 3760; x_wconf 91' lang='lat' dir='ltr'>sive</span> 
     </span>
    </p>
   </div>
   <div class='ocr_carea' id='block_1_40' title="bbox 407 3789 2067 3865">
    <p class='ocr_par' dir='ltr' id='par_1_40' title="bbox 407 3789 2067 3865">
     <span class='ocr_line' id='line_1_40' title="bbox 407 3789 2067 3865; baseline 0.002 -19"><span class='ocrx_word' id='word_1_261' title='bbox 407 3793 480 3846; x_wconf 90' lang='lat' dir='ltr'>de</span> <span class='ocrx_word' id='word_1_262' title='bbox 509 3790 744 3846; x_wconf 88' lang='lat' dir='ltr'>statutis</span> <span class='ocrx_word' id='word_1_263' title='bbox 777 3789 1037 3860; x_wconf 87' lang='lat' dir='ltr'>antiquis</span> <span class='ocrx_word' id='word_1_264' title='bbox 1088 3790 1492 3858; x_wconf 88' lang='lat' dir='ltr'>Orientalium,</span> <span class='ocrx_word' id='word_1_265' title='bbox 1525 3807 1779 3861; x_wconf 89' lang='lat' dir='ltr'>quorum</span> <span class='ocrx_word' id='word_1_266' title='bbox 1811 3794 2067 3865; x_wconf 89' lang='lat' dir='ltr'>capitula</span> 
     </span>
    </p>
   </div>
   <div class='ocr_carea' id='block_1_41' title="bbox 409 3878 2064 3952">
    <p class='ocr_par' dir='ltr' id='par_1_41' title="bbox 409 3878 2064 3952">
     <span class='ocr_line' id='line_1_41' title="bbox 409 3878 2064 3952; baseline 0.002 -18"><span class='ocrx_word' id='word_1_267' title='bbox 409 3882 645 3935; x_wconf 88' lang='lat' dir='ltr'>centum</span> <span class='ocrx_word' id='word_1_268' title='bbox 669 3878 1223 3933; x_wconf 88' lang='lat' dir='ltr'>dinumerantur.Ex</span> <span class='ocrx_word' id='word_1_269' title='bbox 1253 3878 1468 3949; x_wconf 90' lang='lat' dir='ltr'>quibus</span> <span class='ocrx_word' id='word_1_270' title='bbox 1489 3879 1746 3950; x_wconf 89' lang='lat' dir='ltr'>primum</span> <span class='ocrx_word' id='word_1_271' title='bbox 1780 3883 1932 3952; x_wconf 83' lang='lat' dir='ltr'>apud</span> <span class='ocrx_word' id='word_1_272' title='bbox 1959 3900 2064 3938; x_wconf 90' lang='lat' dir='ltr'>nos</span> 
     </span>
    </p>
   </div>
   <div class='ocr_carea' id='block_1_42' title="bbox 409 3967 2061 4043">
    <p class='ocr_par' dir='ltr' id='par_1_42' title="bbox 409 3967 2061 4043">
     <span class='ocr_line' id='line_1_42' title="bbox 409 3967 2061 4043; baseline 0.002 -21"><span class='ocrx_word' id='word_1_273' title='bbox 409 3967 470 4023; x_wconf 93' lang='lat' dir='ltr'>in</span> <span class='ocrx_word' id='word_1_274' title='bbox 501 3967 661 4024; x_wconf 91' lang='lat' dir='ltr'>omni</span> <span class='ocrx_word' id='word_1_275' title='bbox 713 3967 1126 4038; x_wconf 90' lang='lat' dir='ltr'>episcoporum</span> <span class='ocrx_word' id='word_1_276' title='bbox 1194 3968 1626 4023; x_wconf 89' lang='lat' dir='ltr'>consecratione</span> <span class='ocrx_word' id='word_1_277' title='bbox 1683 3971 2061 4043; x_wconf 86' lang='lat' dir='ltr'>perquiritur,</span> 
     </span>
    </p>
   </div>
   <div class='ocr_carea' id='block_1_43' title="bbox 409 4054 2062 4127">
    <p class='ocr_par' dir='ltr' id='par_1_43' title="bbox 409 4054 2062 4127">
     <span class='ocr_line' id='line_1_43' title="bbox 409 4054 2062 4127; baseline 0.003 -16"><span class='ocrx_word' id='word_1_278' title='bbox 409 4057 578 4127; x_wconf 90' lang='lat' dir='ltr'>cujus</span> <span class='ocrx_word' id='word_1_279' title='bbox 609 4055 848 4110; x_wconf 89' lang='lat' dir='ltr'>initium</span> <span class='ocrx_word' id='word_1_280' title='bbox 879 4059 967 4110; x_wconf 91' lang='lat' dir='ltr'>est</span> <span class='ocrx_word' id='word_1_281' title='bbox 1001 4073 1014 4110; x_wconf 91' lang='lat'>:</span> <span class='ocrx_word' id='word_1_282' title='bbox 1049 4054 1157 4120; x_wconf 88' lang='lat' dir='ltr'>Qui</span> <span class='ocrx_word' id='word_1_283' title='bbox 1207 4055 1517 4127; x_wconf 90' lang='lat' dir='ltr'>episcopus</span> <span class='ocrx_word' id='word_1_284' title='bbox 1549 4074 1676 4112; x_wconf 91' lang='lat' dir='ltr'>esse</span> <span class='ocrx_word' id='word_1_285' title='bbox 1723 4059 1912 4126; x_wconf 90' lang='lat' dir='ltr'>debet,</span> <span class='ocrx_word' id='word_1_286' title='bbox 1963 4077 2062 4116; x_wconf 89' lang='lat' dir='ltr'>ne-</span> 
     </span>
    </p>
   </div>
   <div class='ocr_carea' id='block_1_44' title="bbox 409 4143 2062 4215">
    <p class='ocr_par' dir='ltr' id='par_1_44' title="bbox 409 4143 2062 4215">
     <span class='ocr_line' id='line_1_44' title="bbox 409 4143 2062 4215; baseline 0.002 -15"><span class='ocrx_word' id='word_1_287' title='bbox 409 4160 572 4200; x_wconf 91' lang='lat' dir='ltr'>cesse</span> <span class='ocrx_word' id='word_1_288' title='bbox 611 4149 700 4198; x_wconf 90' lang='lat' dir='ltr'>est</span> <span class='ocrx_word' id='word_1_289' title='bbox 754 4148 821 4198; x_wconf 93' lang='lat' dir='ltr'>ut</span> <span class='ocrx_word' id='word_1_290' title='bbox 876 4148 1048 4198; x_wconf 87' lang='lat' dir='ltr'>antea</span> <span class='ocrx_word' id='word_1_291' title='bbox 1103 4143 1486 4215; x_wconf 82' lang='lat' dir='ltr'>examinetur,</span> <span class='ocrx_word' id='word_1_292' title='bbox 1546 4149 1653 4200; x_wconf 89' lang='lat' dir='ltr'>etc.</span> <span class='ocrx_word' id='word_1_293' title='bbox 1710 4146 1784 4201; x_wconf 91' lang='lat' dir='ltr'>Ut</span> <span class='ocrx_word' id='word_1_294' title='bbox 1842 4148 1911 4203; x_wconf 92' lang='lat' dir='ltr'>de</span> <span class='ocrx_word' id='word_1_295' title='bbox 1968 4149 2062 4205; x_wconf 91' lang='lat' dir='ltr'>his</span> 
     </span>
    </p>
   </div>
   <div class='ocr_carea' id='block_1_45' title="bbox 407 4232 2061 4308">
    <p class='ocr_par' dir='ltr' id='par_1_45' title="bbox 407 4232 2061 4308">
     <span class='ocr_line' id='line_1_45' title="bbox 407 4232 2061 4308; baseline 0.003 -21"><span class='ocrx_word' id='word_1_296' title='bbox 407 4232 686 4288; x_wconf 88' lang='lat' dir='ltr'>omnibus</span> <span class='ocrx_word' id='word_1_297' title='bbox 736 4248 843 4286; x_wconf 89' lang='lat' dir='ltr'>nos</span> <span class='ocrx_word' id='word_1_298' title='bbox 885 4232 1207 4286; x_wconf 86' lang='lat' dir='ltr'>certiﬁcare</span> <span class='ocrx_word' id='word_1_299' title='bbox 1264 4232 1608 4303; x_wconf 83' lang='lat' dir='ltr'>dignemini,</span> <span class='ocrx_word' id='word_1_300' title='bbox 1643 4251 1758 4304; x_wconf 90' lang='lat' dir='ltr'>quo</span> <span class='ocrx_word' id='word_1_301' title='bbox 1801 4240 2061 4308; x_wconf 88' lang='lat' dir='ltr'>tempore</span> 
     </span>
    </p>
   </div>
   <div class='ocr_carea' id='block_1_46' title="bbox 403 4320 2060 4395">
    <p class='ocr_par' dir='ltr' id='par_1_46' title="bbox 403 4320 2060 4395">
     <span class='ocr_line' id='line_1_46' title="bbox 403 4320 2060 4395; baseline 0.003 -19"><span class='ocrx_word' id='word_1_302' title='bbox 403 4321 492 4377; x_wconf 92' lang='lat' dir='ltr'>vel</span> <span class='ocrx_word' id='word_1_303' title='bbox 525 4321 650 4376; x_wconf 94' lang='lat' dir='ltr'>loco</span> <span class='ocrx_word' id='word_1_304' title='bbox 681 4320 1024 4387; x_wconf 88' lang='lat' dir='ltr'>constituta,</span> <span class='ocrx_word' id='word_1_305' title='bbox 1058 4321 1168 4376; x_wconf 89' lang='lat' dir='ltr'>sub</span> <span class='ocrx_word' id='word_1_306' title='bbox 1201 4337 1317 4391; x_wconf 90' lang='lat' dir='ltr'>quo</span> <span class='ocrx_word' id='word_1_307' title='bbox 1351 4320 1614 4392; x_wconf 90' lang='lat' dir='ltr'>principe</span> <span class='ocrx_word' id='word_1_308' title='bbox 1642 4323 1731 4377; x_wconf 89' lang='lat' dir='ltr'>vel</span> <span class='ocrx_word' id='word_1_309' title='bbox 1786 4341 1820 4378; x_wconf 92' lang='lat' dir='ltr'>a</span> <span class='ocrx_word' id='word_1_310' title='bbox 1846 4326 2060 4395; x_wconf 90' lang='lat' dir='ltr'>quibus</span> 
     </span>
    </p>
   </div>
   <div class='ocr_carea' id='block_1_47' title="bbox 402 4409 2058 4482">
    <p class='ocr_par' dir='ltr' id='par_1_47' title="bbox 402 4409 2058 4482">
     <span class='ocr_line' id='line_1_47' title="bbox 402 4409 2058 4482; baseline 0.001 -16"><span class='ocrx_word' id='word_1_311' title='bbox 402 4411 694 4480; x_wconf 89' lang='lat' dir='ltr'>Patribus,</span> <span class='ocrx_word' id='word_1_312' title='bbox 743 4410 1038 4481; x_wconf 91' lang='lat' dir='ltr'>quomodo</span> <span class='ocrx_word' id='word_1_313' title='bbox 1069 4409 1340 4465; x_wconf 85' lang='lat' dir='ltr'>habenda</span> <span class='ocrx_word' id='word_1_314' title='bbox 1391 4409 1474 4465; x_wconf 90' lang='lat' dir='ltr'>vel</span> <span class='ocrx_word' id='word_1_315' title='bbox 1505 4411 1554 4464; x_wconf 90' lang='lat' dir='ltr'>si</span> <span class='ocrx_word' id='word_1_316' title='bbox 1615 4412 1852 4482; x_wconf 90' lang='lat' dir='ltr'>penitus</span> <span class='ocrx_word' id='word_1_317' title='bbox 1916 4415 2058 4469; x_wconf 84' lang='lat' dir='ltr'>reci-</span> 
     </span>
    </p>
   </div>
   <div class='ocr_carea' id='block_1_48' title="bbox 401 4498 2058 4570">
    <p class='ocr_par' dir='ltr' id='par_1_48' title="bbox 401 4498 2058 4570">
     <span class='ocr_line' id='line_1_48' title="bbox 401 4498 2058 4570; baseline 0.003 -17"><span class='ocrx_word' id='word_1_318' title='bbox 401 4498 636 4570; x_wconf 89' lang='lat' dir='ltr'>pienda,</span> <span class='ocrx_word' id='word_1_319' title='bbox 671 4498 851 4554; x_wconf 86' lang='lat' dir='ltr'>autin</span> <span class='ocrx_word' id='word_1_320' title='bbox 884 4498 1083 4570; x_wconf 92' lang='lat' dir='ltr'>aliquo</span> <span class='ocrx_word' id='word_1_321' title='bbox 1114 4499 1443 4564; x_wconf 88' lang='lat' dir='ltr'>refutanda,</span> <span class='ocrx_word' id='word_1_322' title='bbox 1476 4499 1889 4569; x_wconf 79' lang='lat' dir='ltr'>dijudicantur.</span> <span class='ocrx_word' id='word_1_323' title='bbox 1927 4503 2058 4558; x_wconf 88' lang='lat' dir='ltr'>Om-</span> 
     </span>
    </p>
   </div>
   <div class='ocr_carea' id='block_1_49' title="bbox 398 4586 2056 4659">
    <p class='ocr_par' dir='ltr' id='par_1_49' title="bbox 398 4586 2056 4659">
     <span class='ocr_line' id='line_1_49' title="bbox 398 4586 2056 4659; baseline 0.005 -20"><span class='ocrx_word' id='word_1_324' title='bbox 398 4586 670 4657; x_wconf 87' lang='lat' dir='ltr'>nipotens</span> <span class='ocrx_word' id='word_1_325' title='bbox 699 4587 984 4641; x_wconf 91' lang='lat' dir='ltr'>Dominus</span> <span class='ocrx_word' id='word_1_326' title='bbox 1014 4591 1267 4642; x_wconf 83' lang='lat' dir='ltr'>vestram</span> <span class='ocrx_word' id='word_1_327' title='bbox 1301 4588 1672 4659; x_wconf 88' lang='lat' dir='ltr'>prudentiam</span> <span class='ocrx_word' id='word_1_328' title='bbox 1722 4590 1892 4647; x_wconf 91' lang='lat' dir='ltr'>nobis</span> <span class='ocrx_word' id='word_1_329' title='bbox 1923 4608 2056 4647; x_wconf 91' lang='lat' dir='ltr'>con-</span> 
     </span>
    </p>
   </div>
   <div class='ocr_carea' id='block_1_50' title="bbox 2159 688 3820 762">
    <p class='ocr_par' dir='ltr' id='par_1_50' title="bbox 2159 688 3820 762">
     <span class='ocr_line' id='line_1_50' title="bbox 2159 688 3820 762; baseline 0.003 -18"><span class='ocrx_word' id='word_1_330' title='bbox 2159 688 2434 756; x_wconf 90' lang='lat' dir='ltr'>alterum,</span> <span class='ocrx_word' id='word_1_331' title='bbox 2467 690 2588 746; x_wconf 77' lang='lat' dir='ltr'>haec</span> <span class='ocrx_word' id='word_1_332' title='bbox 2617 695 2706 746; x_wconf 90' lang='lat' dir='ltr'>est</span> <span class='ocrx_word' id='word_1_333' title='bbox 2735 707 2853 762; x_wconf 91' lang='lat' dir='ltr'>qua</span> <span class='ocrx_word' id='word_1_334' title='bbox 2882 707 3095 762; x_wconf 90' lang='lat' dir='ltr'>corpus</span> <span class='ocrx_word' id='word_1_335' title='bbox 3135 689 3492 762; x_wconf 89' lang='lat' dir='ltr'>dissolvitur,</span> <span class='ocrx_word' id='word_1_336' title='bbox 3527 708 3696 748; x_wconf 88' lang='lat' dir='ltr'>mens</span> <span class='ocrx_word' id='word_1_337' title='bbox 3726 694 3820 749; x_wconf 82' lang='lat' dir='ltr'>ta-</span> 
     </span>
    </p>
   </div>
   <div class='ocr_carea' id='block_1_51' title="bbox 2159 777 3816 854">
    <p class='ocr_par' dir='ltr' id='par_1_51' title="bbox 2159 777 3816 854">
     <span class='ocr_line' id='line_1_51' title="bbox 2159 777 3816 854; baseline 0.003 -21"><span class='ocrx_word' id='word_1_338' title='bbox 2159 777 2400 850; x_wconf 89' lang='lat' dir='ltr'>tigatur,</span> <span class='ocrx_word' id='word_1_339' title='bbox 2433 779 2630 835; x_wconf 89' lang='lat' dir='ltr'>anima</span> <span class='ocrx_word' id='word_1_340' title='bbox 2661 779 2956 851; x_wconf 85' lang='lat' dir='ltr'>afﬂigitur.</span> <span class='ocrx_word' id='word_1_341' title='bbox 2995 779 3124 834; x_wconf 66' lang='lat' dir='ltr'>Haec</span> <span class='ocrx_word' id='word_1_342' title='bbox 3153 783 3243 835; x_wconf 91' lang='lat' dir='ltr'>est</span> <span class='ocrx_word' id='word_1_343' title='bbox 3273 795 3400 851; x_wconf 70' lang='lat' dir='ltr'>quae</span> <span class='ocrx_word' id='word_1_344' title='bbox 3426 780 3606 836; x_wconf 91' lang='lat' dir='ltr'>David</span> <span class='ocrx_word' id='word_1_345' title='bbox 3637 798 3816 854; x_wconf 89' lang='lat' dir='ltr'>appe-</span> 
     </span>
    </p>
   </div>
   <div class='ocr_carea' id='block_1_52' title="bbox 2161 866 3820 942">
    <p class='ocr_par' dir='ltr' id='par_1_52' title="bbox 2161 866 3820 942">
     <span class='ocr_line' id='line_1_52' title="bbox 2161 866 3820 942; baseline 0.002 -20"><span class='ocrx_word' id='word_1_346' title='bbox 2161 866 2652 934; x_wconf 90' lang='lat' dir='ltr'>tiit,Solomonem</span> <span class='ocrx_word' id='word_1_347' title='bbox 2685 868 3156 940; x_wconf 67' lang='lat' dir='ltr'>prostravitﬂaac</span> <span class='ocrx_word' id='word_1_348' title='bbox 3187 871 3277 924; x_wconf 88' lang='lat' dir='ltr'>est</span> <span class='ocrx_word' id='word_1_349' title='bbox 3305 885 3430 940; x_wconf 62' lang='lat' dir='ltr'>quae</span> <span class='ocrx_word' id='word_1_350' title='bbox 3461 871 3820 942; x_wconf 81' lang='lat' dir='ltr'>martyribus</span> 
     </span>
    </p>
   </div>
   <div class='ocr_carea' id='block_1_53' title="bbox 2164 955 3824 1028">
    <p class='ocr_par' dir='ltr' id='par_1_53' title="bbox 2164 955 3824 1028">
     <span class='ocr_line' id='line_1_53' title="bbox 2164 955 3824 1028; baseline 0.004 -19"><span class='ocrx_word' id='word_1_351' title='bbox 2164 955 2444 1028; x_wconf 86' lang='lat' dir='ltr'>palmam,</span> <span class='ocrx_word' id='word_1_352' title='bbox 2478 956 2914 1013; x_wconf 84' lang='lat' dir='ltr'>confessoribus</span> <span class='ocrx_word' id='word_1_353' title='bbox 2942 957 3185 1028; x_wconf 89' lang='lat' dir='ltr'>insuper</span> <span class='ocrx_word' id='word_1_354' title='bbox 3225 956 3515 1012; x_wconf 63' lang='lat' dir='ltr'>diuturna</span> <span class='ocrx_word' id='word_1_355' title='bbox 3557 975 3824 1015; x_wconf 88' lang='lat' dir='ltr'>macera-</span> 
     </span>
    </p>
   </div>
   <div class='ocr_carea' id='block_1_54' title="bbox 2163 1044 3828 1117">
    <p class='ocr_par' dir='ltr' id='par_1_54' title="bbox 2163 1044 3828 1117">
     <span class='ocr_line' id='line_1_54' title="bbox 2163 1044 3828 1117; baseline 0.004 -19"><span class='ocrx_word' id='word_1_356' title='bbox 2163 1044 2342 1100; x_wconf 87' lang='lat' dir='ltr'>tionis</span> <span class='ocrx_word' id='word_1_357' title='bbox 2372 1061 2646 1101; x_wconf 89' lang='lat' dir='ltr'>coronam</span> <span class='ocrx_word' id='word_1_358' title='bbox 2680 1047 2906 1102; x_wconf 90' lang='lat' dir='ltr'>auferre</span> <span class='ocrx_word' id='word_1_359' title='bbox 2939 1050 3203 1101; x_wconf 90' lang='lat' dir='ltr'>conatur.</span> <span class='ocrx_word' id='word_1_360' title='bbox 3238 1046 3420 1117; x_wconf 87' lang='lat' dir='ltr'>Igitur</span> <span class='ocrx_word' id='word_1_361' title='bbox 3449 1063 3584 1102; x_wconf 91' lang='lat' dir='ltr'>cum</span> <span class='ocrx_word' id='word_1_362' title='bbox 3617 1053 3828 1104; x_wconf 64' lang='lat' dir='ltr'>cetera</span> 
     </span>
    </p>
   </div>
   <div class='ocr_carea' id='block_1_55' title="bbox 2165 1131 3825 1208">
    <p class='ocr_par' dir='ltr' id='par_1_55' title="bbox 2165 1131 3825 1208">
     <span class='ocr_line' id='line_1_55' title="bbox 2165 1131 3825 1208; baseline 0.005 -24"><span class='ocrx_word' id='word_1_363' title='bbox 2165 1131 2304 1186; x_wconf 89' lang='lat' dir='ltr'>vitia</span> <span class='ocrx_word' id='word_1_364' title='bbox 2353 1149 2458 1204; x_wconf 89' lang='lat' dir='ltr'>per</span> <span class='ocrx_word' id='word_1_365' title='bbox 2504 1135 2808 1190; x_wconf 88' lang='lat' dir='ltr'>ministros</span> <span class='ocrx_word' id='word_1_366' title='bbox 2849 1151 3084 1208; x_wconf 88' lang='lat' dir='ltr'>quoque</span> <span class='ocrx_word' id='word_1_367' title='bbox 3132 1135 3329 1206; x_wconf 79' lang='lat' dir='ltr'>perfici</span> <span class='ocrx_word' id='word_1_368' title='bbox 3389 1136 3640 1207; x_wconf 89' lang='lat' dir='ltr'>possint,</span> <span class='ocrx_word' id='word_1_369' title='bbox 3685 1137 3825 1192; x_wconf 91' lang='lat' dir='ltr'>huic</span> 
     </span>
    </p>
   </div>
   <div class='ocr_carea' id='block_1_56' title="bbox 2168 1219 3828 1296">
    <p class='ocr_par' dir='ltr' id='par_1_56' title="bbox 2168 1219 3828 1296">
     <span class='ocr_line' id='line_1_56' title="bbox 2168 1219 3828 1296; baseline 0.005 -22"><span class='ocrx_word' id='word_1_370' title='bbox 2168 1219 2328 1275; x_wconf 90' lang='lat' dir='ltr'>nullo</span> <span class='ocrx_word' id='word_1_371' title='bbox 2351 1223 2523 1277; x_wconf 92' lang='lat' dir='ltr'>modo</span> <span class='ocrx_word' id='word_1_372' title='bbox 2554 1224 2668 1278; x_wconf 90' lang='lat' dir='ltr'>nisi</span> <span class='ocrx_word' id='word_1_373' title='bbox 2694 1240 2828 1278; x_wconf 91' lang='lat' dir='ltr'>cum</span> <span class='ocrx_word' id='word_1_374' title='bbox 2861 1224 3082 1296; x_wconf 91' lang='lat' dir='ltr'>proprii</span> <span class='ocrx_word' id='word_1_375' title='bbox 3105 1223 3367 1295; x_wconf 89' lang='lat' dir='ltr'>corporis</span> <span class='ocrx_word' id='word_1_376' title='bbox 3399 1225 3722 1296; x_wconf 91' lang='lat' dir='ltr'>pollutione</span> <span class='ocrx_word' id='word_1_377' title='bbox 3746 1227 3828 1282; x_wconf 85' lang='lat' dir='ltr'>fa-</span> 
     </span>
    </p>
   </div>
   <div class='ocr_carea' id='block_1_57' title="bbox 2170 1309 3828 1386">
    <p class='ocr_par' dir='ltr' id='par_1_57' title="bbox 2170 1309 3828 1386">
     <span class='ocr_line' id='line_1_57' title="bbox 2170 1309 3828 1386; baseline 0.004 -22"><span class='ocrx_word' id='word_1_378' title='bbox 2170 1309 2450 1365; x_wconf 91' lang='lat' dir='ltr'>mulatur.</span> <span class='ocrx_word' id='word_1_379' title='bbox 2483 1315 2631 1366; x_wconf 90' lang='lat' dir='ltr'>Sunt</span> <span class='ocrx_word' id='word_1_380' title='bbox 2657 1312 2832 1368; x_wconf 90' lang='lat' dir='ltr'>etiam</span> <span class='ocrx_word' id='word_1_381' title='bbox 2867 1312 3054 1368; x_wconf 92' lang='lat' dir='ltr'>multa</span> <span class='ocrx_word' id='word_1_382' title='bbox 3085 1329 3212 1383; x_wconf 72' lang='lat' dir='ltr'>quae</span> <span class='ocrx_word' id='word_1_383' title='bbox 3260 1311 3484 1368; x_wconf 87' lang='lat' dir='ltr'>incerta</span> <span class='ocrx_word' id='word_1_384' title='bbox 3521 1319 3660 1370; x_wconf 85' lang='lat' dir='ltr'>sunt</span> <span class='ocrx_word' id='word_1_385' title='bbox 3710 1331 3828 1386; x_wconf 93' lang='lat' dir='ltr'>quo</span> 
     </span>
    </p>
   </div>
   <div class='ocr_carea' id='block_1_58' title="bbox 2171 1398 3828 1475">
    <p class='ocr_par' dir='ltr' id='par_1_58' title="bbox 2171 1398 3828 1475">
     <span class='ocr_line' id='line_1_58' title="bbox 2171 1398 3828 1475; baseline 0.004 -21"><span class='ocrx_word' id='word_1_386' title='bbox 2171 1398 2366 1454; x_wconf 89' lang='lat' dir='ltr'>animo</span> <span class='ocrx_word' id='word_1_387' title='bbox 2389 1400 2532 1455; x_wconf 83' lang='lat' dir='ltr'>ﬁant</span> <span class='ocrx_word' id='word_1_388' title='bbox 2557 1419 2569 1469; x_wconf 87' lang='lat'><strong>;</strong></span> <span class='ocrx_word' id='word_1_389' title='bbox 2593 1405 2651 1456; x_wconf 90' lang='lat' dir='ltr'>et</span> <span class='ocrx_word' id='word_1_390' title='bbox 2671 1400 2807 1457; x_wconf 89' lang='lat' dir='ltr'>licet</span> <span class='ocrx_word' id='word_1_391' title='bbox 2824 1406 3223 1473; x_wconf 90' lang='lat' dir='ltr'>cooperatores</span> <span class='ocrx_word' id='word_1_392' title='bbox 3246 1418 3386 1458; x_wconf 88' lang='lat' dir='ltr'>suos</span> <span class='ocrx_word' id='word_1_393' title='bbox 3407 1418 3510 1474; x_wconf 88' lang='lat' dir='ltr'>per</span> <span class='ocrx_word' id='word_1_394' title='bbox 3530 1403 3828 1475; x_wconf 88' lang='lat' dir='ltr'>propriam</span> 
     </span>
    </p>
   </div>
   <div class='ocr_carea' id='block_1_59' title="bbox 2171 1488 3831 1564">
    <p class='ocr_par' dir='ltr' id='par_1_59' title="bbox 2171 1488 3831 1564">
     <span class='ocr_line' id='line_1_59' title="bbox 2171 1488 3831 1564; baseline 0.004 -22"><span class='ocrx_word' id='word_1_395' title='bbox 2171 1488 2588 1545; x_wconf 90' lang='lat' dir='ltr'>conscientiam</span> <span class='ocrx_word' id='word_1_396' title='bbox 2615 1491 2916 1558; x_wconf 89' lang='lat' dir='ltr'>damnent,</span> <span class='ocrx_word' id='word_1_397' title='bbox 2936 1489 3048 1562; x_wconf 92' lang='lat' dir='ltr'>ipsi</span> <span class='ocrx_word' id='word_1_398' title='bbox 3070 1495 3268 1546; x_wconf 89' lang='lat' dir='ltr'>tamen</span> <span class='ocrx_word' id='word_1_399' title='bbox 3298 1507 3360 1546; x_wconf 89' lang='lat' dir='ltr'>se</span> <span class='ocrx_word' id='word_1_400' title='bbox 3388 1507 3623 1564; x_wconf 87' lang='lat' dir='ltr'>quoquo</span> <span class='ocrx_word' id='word_1_401' title='bbox 3655 1493 3831 1549; x_wconf 89' lang='lat' dir='ltr'>modo</span> 
     </span>
    </p>
   </div>
   <div class='ocr_carea' id='block_1_60' title="bbox 2172 1575 3832 1649">
    <p class='ocr_par' dir='ltr' id='par_1_60' title="bbox 2172 1575 3832 1649">
     <span class='ocr_line' id='line_1_60' title="bbox 2172 1575 3832 1649; baseline 0.005 -20"><span class='ocrx_word' id='word_1_402' title='bbox 2172 1575 2302 1631; x_wconf 90' lang='lat' dir='ltr'>aliis</span> <span class='ocrx_word' id='word_1_403' title='bbox 2333 1593 2610 1633; x_wconf 86' lang='lat' dir='ltr'>excusare</span> <span class='ocrx_word' id='word_1_404' title='bbox 2641 1583 2908 1649; x_wconf 90' lang='lat' dir='ltr'>possunt.</span> <span class='ocrx_word' id='word_1_405' title='bbox 2941 1578 3310 1634; x_wconf 89' lang='lat' dir='ltr'>Adulterium</span> <span class='ocrx_word' id='word_1_406' title='bbox 3340 1595 3495 1647; x_wconf 90' lang='lat' dir='ltr'>vero,</span> <span class='ocrx_word' id='word_1_407' title='bbox 3543 1597 3648 1636; x_wconf 88' lang='lat' dir='ltr'>nec</span> <span class='ocrx_word' id='word_1_408' title='bbox 3678 1582 3832 1638; x_wconf 89' lang='lat' dir='ltr'>bono</span> 
     </span>
    </p>
   </div>
   <div class='ocr_carea' id='block_1_61' title="bbox 2174 1663 3832 1742">
    <p class='ocr_par' dir='ltr' id='par_1_61' title="bbox 2174 1663 3832 1742">
     <span class='ocr_line' id='line_1_61' title="bbox 2174 1663 3832 1742; baseline 0.004 -23"><span class='ocrx_word' id='word_1_409' title='bbox 2174 1663 2369 1720; x_wconf 89' lang='lat' dir='ltr'>animo</span> <span class='ocrx_word' id='word_1_410' title='bbox 2400 1665 2548 1734; x_wconf 89' lang='lat' dir='ltr'>ﬁeri,</span> <span class='ocrx_word' id='word_1_411' title='bbox 2577 1683 2682 1722; x_wconf 89' lang='lat' dir='ltr'>nec</span> <span class='ocrx_word' id='word_1_412' title='bbox 2713 1667 3027 1722; x_wconf 83' lang='lat' dir='ltr'>excusandi</span> <span class='ocrx_word' id='word_1_413' title='bbox 3061 1672 3253 1739; x_wconf 91' lang='lat' dir='ltr'>potest</span> <span class='ocrx_word' id='word_1_414' title='bbox 3297 1668 3523 1724; x_wconf 90' lang='lat' dir='ltr'>aditum</span> <span class='ocrx_word' id='word_1_415' title='bbox 3555 1671 3832 1742; x_wconf 89' lang='lat' dir='ltr'>reperire.</span> 
     </span>
    </p>
   </div>
   <div class='ocr_carea' id='block_1_62' title="bbox 2173 1751 3835 1830">
    <p class='ocr_par' dir='ltr' id='par_1_62' title="bbox 2173 1751 3835 1830">
     <span class='ocr_line' id='line_1_62' title="bbox 2173 1751 3835 1830; baseline 0.005 -24"><span class='ocrx_word' id='word_1_416' title='bbox 2173 1751 2336 1814; x_wconf 90' lang='lat' dir='ltr'>Quod</span> <span class='ocrx_word' id='word_1_417' title='bbox 2369 1757 2433 1808; x_wconf 92' lang='lat' dir='ltr'>ut</span> <span class='ocrx_word' id='word_1_418' title='bbox 2464 1753 2669 1810; x_wconf 87' lang='lat' dir='ltr'>beatus</span> <span class='ocrx_word' id='word_1_419' title='bbox 2717 1755 2984 1811; x_wconf 87' lang='lat' dir='ltr'>Clemens</span> <span class='ocrx_word' id='word_1_420' title='bbox 3023 1758 3129 1823; x_wconf 88' lang='lat' dir='ltr'>ait,</span> <span class='ocrx_word' id='word_1_421' title='bbox 3179 1757 3508 1813; x_wconf 89' lang='lat' dir='ltr'>secundum</span> <span class='ocrx_word' id='word_1_422' title='bbox 3551 1758 3611 1813; x_wconf 92' lang='lat' dir='ltr'>in</span> <span class='ocrx_word' id='word_1_423' title='bbox 3643 1759 3835 1830; x_wconf 78' lang='lat' dir='ltr'>poenis</span> 
     </span>
    </p>
   </div>
   <div class='ocr_carea' id='block_1_63' title="bbox 2175 1840 3835 1920">
    <p class='ocr_par' dir='ltr' id='par_1_63' title="bbox 2175 1840 3835 1920">
     <span class='ocr_line' id='line_1_63' title="bbox 2175 1840 3835 1920; baseline 0.007 -27"><span class='ocrx_word' id='word_1_424' title='bbox 2175 1840 2432 1897; x_wconf 88' lang='lat' dir='ltr'>continet</span> <span class='ocrx_word' id='word_1_425' title='bbox 2452 1841 2840 1899; x_wconf 89' lang='lat' dir='ltr'>locum.Unde</span> <span class='ocrx_word' id='word_1_426' title='bbox 2862 1845 3140 1901; x_wconf 87' lang='lat' dir='ltr'>omnibus</span> <span class='ocrx_word' id='word_1_427' title='bbox 3162 1845 3835 1920; x_wconf 79' lang='lat' dir='ltr'>Christianis,praecipue</span> 
     </span>
    </p>
   </div>
   <div class='ocr_carea' id='block_1_64' title="bbox 2174 1933 3835 2006">
    <p class='ocr_par' dir='ltr' id='par_1_64' title="bbox 2174 1933 3835 2006">
     <span class='ocr_line' id='line_1_64' title="bbox 2174 1933 3835 2006; baseline 0.005 -22"><span class='ocrx_word' id='word_1_428' title='bbox 2174 1933 2370 1986; x_wconf 88' lang='lat' dir='ltr'>tamen</span> <span class='ocrx_word' id='word_1_429' title='bbox 2394 1933 2928 2005; x_wconf 87' lang='lat' dir='ltr'>sacerdotibus,qui</span> <span class='ocrx_word' id='word_1_430' title='bbox 2952 1933 3305 2006; x_wconf 58' lang='lat' dir='ltr'>praedicandi</span> <span class='ocrx_word' id='word_1_431' title='bbox 3328 1935 3590 1992; x_wconf 91' lang='lat' dir='ltr'>serviunt</span> <span class='ocrx_word' id='word_1_432' title='bbox 3618 1937 3835 2004; x_wconf 84' lang='lat' dir='ltr'>ofﬁcio,</span> 
     </span>
    </p>
   </div>
   <div class='ocr_carea' id='block_1_65' title="bbox 2177 2020 3833 2094">
    <p class='ocr_par' dir='ltr' id='par_1_65' title="bbox 2177 2020 3833 2094">
     <span class='ocr_line' id='line_1_65' title="bbox 2177 2020 3833 2094; baseline 0.007 -22"><span class='ocrx_word' id='word_1_433' title='bbox 2177 2035 2500 2091; x_wconf 91' lang='lat' dir='ltr'>eorumque</span> <span class='ocrx_word' id='word_1_434' title='bbox 2531 2020 2822 2078; x_wconf 87' lang='lat' dir='ltr'>ministris</span> <span class='ocrx_word' id='word_1_435' title='bbox 2849 2039 3224 2094; x_wconf 90' lang='lat' dir='ltr'>summopere</span> <span class='ocrx_word' id='word_1_436' title='bbox 3255 2025 3581 2081; x_wconf 90' lang='lat' dir='ltr'>cavendum</span> <span class='ocrx_word' id='word_1_437' title='bbox 3617 2031 3734 2083; x_wconf 89' lang='lat' dir='ltr'>est.</span> <span class='ocrx_word' id='word_1_438' title='bbox 3769 2028 3833 2082; x_wconf 85' lang='lat' dir='ltr'>In</span> 
     </span>
    </p>
   </div>
   <div class='ocr_carea' id='block_1_66' title="bbox 2177 2107 3840 2188">
    <p class='ocr_par' dir='ltr' id='par_1_66' title="bbox 2177 2107 3840 2188">
     <span class='ocr_line' id='line_1_66' title="bbox 2177 2107 3840 2188; baseline 0.005 -27"><span class='ocrx_word' id='word_1_439' title='bbox 2177 2107 2333 2178; x_wconf 90' lang='lat' dir='ltr'>quod</span> <span class='ocrx_word' id='word_1_440' title='bbox 2364 2107 2514 2178; x_wconf 90' lang='lat' dir='ltr'>lapsi</span> <span class='ocrx_word' id='word_1_441' title='bbox 2544 2109 2596 2165; x_wconf 93' lang='lat' dir='ltr'>si</span> <span class='ocrx_word' id='word_1_442' title='bbox 2627 2109 2950 2181; x_wconf 85' lang='lat' dir='ltr'>fuerint,sit</span> <span class='ocrx_word' id='word_1_443' title='bbox 2977 2110 3063 2166; x_wconf 90' lang='lat' dir='ltr'>eis</span> <span class='ocrx_word' id='word_1_444' title='bbox 3091 2110 3483 2169; x_wconf 88' lang='lat' dir='ltr'>nihilominus</span> <span class='ocrx_word' id='word_1_445' title='bbox 3513 2113 3574 2168; x_wconf 90' lang='lat' dir='ltr'>in</span> <span class='ocrx_word' id='word_1_446' title='bbox 3606 2114 3840 2188; x_wconf 89' lang='lat' dir='ltr'>suppli-</span> 
     </span>
    </p>
   </div>
   <div class='ocr_carea' id='block_1_67' title="bbox 2178 2195 3841 2276">
    <p class='ocr_par' dir='ltr' id='par_1_67' title="bbox 2178 2195 3841 2276">
     <span class='ocr_line' id='line_1_67' title="bbox 2178 2195 3841 2276; baseline 0.005 -25"><span class='ocrx_word' id='word_1_447' title='bbox 2178 2195 2356 2264; x_wconf 93' lang='lat' dir='ltr'>cium,</span> <span class='ocrx_word' id='word_1_448' title='bbox 2389 2197 2826 2254; x_wconf 89' lang='lat' dir='ltr'>continentibus</span> <span class='ocrx_word' id='word_1_449' title='bbox 2880 2198 2939 2254; x_wconf 91' lang='lat' dir='ltr'>in</span> <span class='ocrx_word' id='word_1_450' title='bbox 2998 2197 3345 2268; x_wconf 88' lang='lat' dir='ltr'>lamentum,</span> <span class='ocrx_word' id='word_1_451' title='bbox 3395 2202 3733 2276; x_wconf 86' lang='lat' dir='ltr'>conjugatis</span> <span class='ocrx_word' id='word_1_452' title='bbox 3782 2204 3841 2259; x_wconf 90' lang='lat' dir='ltr'>in</span> 
     </span>
    </p>
   </div>
   <div class='ocr_carea' id='block_1_68' title="bbox 2179 2285 3843 2360">
    <p class='ocr_par' dir='ltr' id='par_1_68' title="bbox 2179 2285 3843 2360">
     <span class='ocr_line' id='line_1_68' title="bbox 2179 2285 3843 2360; baseline 0.006 -21"><span class='ocrx_word' id='word_1_453' title='bbox 2179 2285 2752 2353; x_wconf 89' lang='lat' dir='ltr'>scandalum,stultis</span> <span class='ocrx_word' id='word_1_454' title='bbox 2782 2287 2842 2343; x_wconf 93' lang='lat' dir='ltr'>in</span> <span class='ocrx_word' id='word_1_455' title='bbox 2873 2287 3228 2360; x_wconf 87' lang='lat' dir='ltr'>exemplum,</span> <span class='ocrx_word' id='word_1_456' title='bbox 3261 2294 3475 2347; x_wconf 59' lang='lat' dir='ltr'>sanctae</span> <span class='ocrx_word' id='word_1_457' title='bbox 3504 2293 3610 2349; x_wconf 89' lang='lat' dir='ltr'>Dei</span> <span class='ocrx_word' id='word_1_458' title='bbox 3641 2293 3843 2350; x_wconf 89' lang='lat' dir='ltr'>Eccle-</span> 
     </span>
    </p>
   </div>
   <div class='ocr_carea' id='block_1_69' title="bbox 2177 2372 3845 2454">
    <p class='ocr_par' dir='ltr' id='par_1_69' title="bbox 2177 2372 3845 2454">
     <span class='ocr_line' id='line_1_69' title="bbox 2177 2372 3845 2454; baseline 0.007 -27"><span class='ocrx_word' id='word_1_459' title='bbox 2177 2372 2275 2428; x_wconf 73' lang='lat' dir='ltr'>siae</span> <span class='ocrx_word' id='word_1_460' title='bbox 2308 2373 2366 2427; x_wconf 92' lang='lat' dir='ltr'>in</span> <span class='ocrx_word' id='word_1_461' title='bbox 2391 2375 2990 2434; x_wconf 88' lang='lat' dir='ltr'>detrimentum.Nam</span> <span class='ocrx_word' id='word_1_462' title='bbox 3017 2378 3343 2434; x_wconf 91' lang='lat' dir='ltr'>secundum</span> <span class='ocrx_word' id='word_1_463' title='bbox 3366 2379 3606 2436; x_wconf 87' lang='lat' dir='ltr'>beatum</span> <span class='ocrx_word' id='word_1_464' title='bbox 3627 2381 3845 2454; x_wconf 86' lang='lat' dir='ltr'>Grego-</span> 
     </span>
    </p>
   </div>
   <div class='ocr_carea' id='block_1_70' title="bbox 2177 2461 3844 2540">
    <p class='ocr_par' dir='ltr' id='par_1_70' title="bbox 2177 2461 3844 2540">
     <span class='ocr_line' id='line_1_70' title="bbox 2177 2461 3844 2540; baseline 0.007 -25"><span class='ocrx_word' id='word_1_465' title='bbox 2177 2461 2531 2534; x_wconf 90' lang='lat' dir='ltr'>rium,cujus</span> <span class='ocrx_word' id='word_1_466' title='bbox 2560 2465 2680 2520; x_wconf 89' lang='lat' dir='ltr'>vita</span> <span class='ocrx_word' id='word_1_467' title='bbox 2709 2465 3240 2538; x_wconf 88' lang='lat' dir='ltr'>despicitur,restat</span> <span class='ocrx_word' id='word_1_468' title='bbox 3261 2472 3327 2523; x_wconf 92' lang='lat' dir='ltr'>ut</span> <span class='ocrx_word' id='word_1_469' title='bbox 3346 2469 3476 2539; x_wconf 88' lang='lat' dir='ltr'>ejus</span> <span class='ocrx_word' id='word_1_470' title='bbox 3505 2470 3844 2540; x_wconf 73' lang='lat' dir='ltr'>praedicatio</span> 
     </span>
    </p>
   </div>
   <div class='ocr_carea' id='block_1_71' title="bbox 2177 2553 3844 2625">
    <p class='ocr_par' dir='ltr' id='par_1_71' title="bbox 2177 2553 3844 2625">
     <span class='ocr_line' id='line_1_71' title="bbox 2177 2553 3844 2625; baseline 0.008 -24"><span class='ocrx_word' id='word_1_471' title='bbox 2177 2553 2812 2609; x_wconf 88' lang='lat' dir='ltr'>contemnatur.Nostri</span> <span class='ocrx_word' id='word_1_472' title='bbox 2839 2555 3092 2625; x_wconf 89' lang='lat' dir='ltr'>denique</span> <span class='ocrx_word' id='word_1_473' title='bbox 3113 2556 3287 2611; x_wconf 87' lang='lat' dir='ltr'>ofﬁcii</span> <span class='ocrx_word' id='word_1_474' title='bbox 3304 2556 3546 2612; x_wconf 88' lang='lat' dir='ltr'>nomina</span> <span class='ocrx_word' id='word_1_475' title='bbox 3569 2574 3604 2613; x_wconf 90' lang='lat' dir='ltr'>a</span> <span class='ocrx_word' id='word_1_476' title='bbox 3623 2556 3844 2614; x_wconf 83' lang='lat' dir='ltr'>talibus</span> 
     </span>
    </p>
   </div>
   <div class='ocr_carea' id='block_1_72' title="bbox 2178 2636 3842 2720">
    <p class='ocr_par' dir='ltr' id='par_1_72' title="bbox 2178 2636 3842 2720">
     <span class='ocr_line' id='line_1_72' title="bbox 2178 2636 3842 2720; baseline 0.009 -31"><span class='ocrx_word' id='word_1_477' title='bbox 2178 2636 2597 2694; x_wconf 89' lang='lat' dir='ltr'>abstinendum</span> <span class='ocrx_word' id='word_1_478' title='bbox 2619 2657 2747 2696; x_wconf 91' lang='lat' dir='ltr'>esse</span> <span class='ocrx_word' id='word_1_479' title='bbox 2761 2641 3558 2702; x_wconf 90' lang='lat' dir='ltr'>nobisinsinuant.Sacerdos</span> <span class='ocrx_word' id='word_1_480' title='bbox 3580 2663 3842 2720; x_wconf 87' lang='lat' dir='ltr'>namque</span> 
     </span>
    </p>
   </div>
   <div class='ocr_carea' id='block_1_73' title="bbox 2179 2725 3847 2794">
    <p class='ocr_par' dir='ltr' id='par_1_73' title="bbox 2179 2725 3847 2794">
     <span class='ocr_line' id='line_1_73' title="bbox 2179 2725 3847 2794; baseline 0.008 -16"><span class='ocrx_word' id='word_1_481' title='bbox 2179 2725 2348 2794; x_wconf 91' lang='lat' dir='ltr'>quasi</span> <span class='ocrx_word' id='word_1_482' title='bbox 2372 2743 2608 2782; x_wconf 92' lang='lat' dir='ltr'>sacrum</span> <span class='ocrx_word' id='word_1_483' title='bbox 2630 2729 2778 2784; x_wconf 91' lang='lat' dir='ltr'>dans</span> <span class='ocrx_word' id='word_1_484' title='bbox 2809 2729 3026 2784; x_wconf 89' lang='lat' dir='ltr'>dicitur</span> <span class='ocrx_word' id='word_1_485' title='bbox 3050 2746 3063 2786; x_wconf 93' lang='lat'>:</span> <span class='ocrx_word' id='word_1_486' title='bbox 3098 2731 3364 2790; x_wconf 90' lang='lat' dir='ltr'>minister</span> <span class='ocrx_word' id='word_1_487' title='bbox 3384 2739 3583 2791; x_wconf 90' lang='lat' dir='ltr'>autem</span> <span class='ocrx_word' id='word_1_488' title='bbox 3606 2753 3641 2790; x_wconf 89' lang='lat' dir='ltr'>a</span> <span class='ocrx_word' id='word_1_489' title='bbox 3669 2737 3847 2792; x_wconf 90' lang='lat' dir='ltr'>mini-</span> 
     </span>
    </p>
   </div>
   <div class='ocr_carea' id='block_1_74' title="bbox 2178 2814 3847 2895">
    <p class='ocr_par' dir='ltr' id='par_1_74' title="bbox 2178 2814 3847 2895">
     <span class='ocr_line' id='line_1_74' title="bbox 2178 2814 3847 2895; baseline 0.01 -29"><span class='ocrx_word' id='word_1_490' title='bbox 2178 2814 2438 2869; x_wconf 90' lang='lat' dir='ltr'>strando.</span> <span class='ocrx_word' id='word_1_491' title='bbox 2474 2815 2598 2877; x_wconf 89' lang='lat' dir='ltr'>Qua</span> <span class='ocrx_word' id='word_1_492' title='bbox 2625 2833 2758 2888; x_wconf 89' lang='lat' dir='ltr'>ergo</span> <span class='ocrx_word' id='word_1_493' title='bbox 2791 2819 3043 2873; x_wconf 83' lang='lat' dir='ltr'>nefanda</span> <span class='ocrx_word' id='word_1_494' title='bbox 3091 2824 3546 2895; x_wconf 71' lang='lat' dir='ltr'>praesumptione</span> <span class='ocrx_word' id='word_1_495' title='bbox 3605 2842 3847 2883; x_wconf 88' lang='lat' dir='ltr'>sacrum</span> 
     </span>
    </p>
   </div>
   <div class='ocr_carea' id='block_1_75' title="bbox 2177 2901 3848 2976">
    <p class='ocr_par' dir='ltr' id='par_1_75' title="bbox 2177 2901 3848 2976">
     <span class='ocr_line' id='line_1_75' title="bbox 2177 2901 3848 2976; baseline 0.01 -22"><span class='ocrx_word' id='word_1_496' title='bbox 2177 2901 2436 2972; x_wconf 90' lang='lat' dir='ltr'>corporis</span> <span class='ocrx_word' id='word_1_497' title='bbox 2457 2903 2544 2958; x_wconf 91' lang='lat' dir='ltr'>vel</span> <span class='ocrx_word' id='word_1_498' title='bbox 2571 2905 2878 2976; x_wconf 87' lang='lat' dir='ltr'>sanguinis</span> <span class='ocrx_word' id='word_1_499' title='bbox 2904 2906 3129 2961; x_wconf 90' lang='lat' dir='ltr'>Domini</span> <span class='ocrx_word' id='word_1_500' title='bbox 3151 2909 3290 2964; x_wconf 86' lang='lat' dir='ltr'>Jesu</span> <span class='ocrx_word' id='word_1_501' title='bbox 3313 2911 3526 2968; x_wconf 90' lang='lat' dir='ltr'>Christi</span> <span class='ocrx_word' id='word_1_502' title='bbox 3550 2915 3848 2971; x_wconf 89' lang='lat' dir='ltr'>conﬁcere</span> 
     </span>
    </p>
   </div>
   <div class='ocr_carea' id='block_1_76' title="bbox 2177 2988 3845 3070">
    <p class='ocr_par' dir='ltr' id='par_1_76' title="bbox 2177 2988 3845 3070">
     <span class='ocr_line' id='line_1_76' title="bbox 2177 2988 3845 3070; baseline 0.01 -27"><span class='ocrx_word' id='word_1_503' title='bbox 2177 2988 2261 3044; x_wconf 92' lang='lat' dir='ltr'>vel</span> <span class='ocrx_word' id='word_1_504' title='bbox 2285 2990 2424 3045; x_wconf 86' lang='lat' dir='ltr'>dare</span> <span class='ocrx_word' id='word_1_505' title='bbox 2445 2992 2668 3047; x_wconf 55' lang='lat' dir='ltr'>caeteris</span> <span class='ocrx_word' id='word_1_506' title='bbox 2687 2993 2992 3065; x_wconf 89' lang='lat' dir='ltr'>audet,qui</span> <span class='ocrx_word' id='word_1_507' title='bbox 3007 2997 3393 3066; x_wconf 90' lang='lat' dir='ltr'>semetipsum</span> <span class='ocrx_word' id='word_1_508' title='bbox 3413 3000 3473 3054; x_wconf 89' lang='lat' dir='ltr'>in</span> <span class='ocrx_word' id='word_1_509' title='bbox 3489 2999 3845 3070; x_wconf 89' lang='lat' dir='ltr'>hujusmodi</span> 
     </span>
    </p>
   </div>
   <div class='ocr_carea' id='block_1_77' title="bbox 2177 3079 3846 3158">
    <p class='ocr_par' dir='ltr' id='par_1_77' title="bbox 2177 3079 3846 3158">
     <span class='ocr_line' id='line_1_77' title="bbox 2177 3079 3846 3158; baseline 0.009 -26"><span class='ocrx_word' id='word_1_510' title='bbox 2177 3079 2477 3149; x_wconf 89' lang='lat' dir='ltr'>spurcitiis</span> <span class='ocrx_word' id='word_1_511' title='bbox 2529 3097 2872 3152; x_wconf 88' lang='lat' dir='ltr'>permanere</span> <span class='ocrx_word' id='word_1_512' title='bbox 2918 3084 3268 3154; x_wconf 88' lang='lat' dir='ltr'>cognoscit?</span> <span class='ocrx_word' id='word_1_513' title='bbox 3295 3087 3409 3140; x_wconf 90' lang='lat' dir='ltr'>Aut</span> <span class='ocrx_word' id='word_1_514' title='bbox 3456 3093 3763 3158; x_wconf 91' lang='lat' dir='ltr'>quomodo</span> <span class='ocrx_word' id='word_1_515' title='bbox 3792 3093 3846 3147; x_wconf 92' lang='lat' dir='ltr'>in</span> 
     </span>
    </p>
   </div>
   <div class='ocr_carea' id='block_1_78' title="bbox 2174 3165 3848 3248">
    <p class='ocr_par' dir='ltr' id='par_1_78' title="bbox 2174 3165 3848 3248">
     <span class='ocr_line' id='line_1_78' title="bbox 2174 3165 3848 3248; baseline 0.01 -28"><span class='ocrx_word' id='word_1_516' title='bbox 2174 3165 2393 3223; x_wconf 90' lang='lat' dir='ltr'>talibus</span> <span class='ocrx_word' id='word_1_517' title='bbox 2419 3169 2758 3225; x_wconf 89' lang='lat' dir='ltr'>ministrare</span> <span class='ocrx_word' id='word_1_518' title='bbox 2784 3170 2842 3225; x_wconf 90' lang='lat' dir='ltr'>in</span> <span class='ocrx_word' id='word_1_519' title='bbox 2866 3171 3112 3227; x_wconf 90' lang='lat' dir='ltr'>ecclesia</span> <span class='ocrx_word' id='word_1_520' title='bbox 3137 3177 3585 3248; x_wconf 68' lang='lat' dir='ltr'>przesumat,qui</span> <span class='ocrx_word' id='word_1_521' title='bbox 3607 3177 3848 3238; x_wconf 87' lang='lat' dir='ltr'>libidini</span> 
     </span>
    </p>
   </div>
   <div class='ocr_carea' id='block_1_79' title="bbox 2167 3255 3848 3331">
    <p class='ocr_par' dir='ltr' id='par_1_79' title="bbox 2167 3255 3848 3331">
     <span class='ocr_line' id='line_1_79' title="bbox 2167 3255 3848 3331; baseline 0.009 -21"><span class='ocrx_word' id='word_1_522' title='bbox 2167 3255 2391 3326; x_wconf 87' lang='lat' dir='ltr'>jugiter</span> <span class='ocrx_word' id='word_1_523' title='bbox 2421 3257 2580 3311; x_wconf 90' lang='lat' dir='ltr'>domi</span> <span class='ocrx_word' id='word_1_524' title='bbox 2613 3258 2913 3314; x_wconf 83' lang='lat' dir='ltr'>deservit?</span> <span class='ocrx_word' id='word_1_525' title='bbox 2965 3260 3167 3331; x_wconf 91' lang='lat' dir='ltr'>Itaque</span> <span class='ocrx_word' id='word_1_526' title='bbox 3215 3264 3619 3321; x_wconf 88' lang='lat' dir='ltr'>sacerdotibus</span> <span class='ocrx_word' id='word_1_527' title='bbox 3648 3270 3848 3326; x_wconf 89' lang='lat' dir='ltr'>verbis</span> 
     </span>
    </p>
   </div>
   <div class='ocr_carea' id='block_1_80' title="bbox 2177 3344 3849 3425">
    <p class='ocr_par' dir='ltr' id='par_1_80' title="bbox 2177 3344 3849 3425">
     <span class='ocr_line' id='line_1_80' title="bbox 2177 3344 3849 3425; baseline 0.01 -27"><span class='ocrx_word' id='word_1_528' title='bbox 2177 3344 2353 3399; x_wconf 86' lang='lat' dir='ltr'>simul</span> <span class='ocrx_word' id='word_1_529' title='bbox 2389 3349 2444 3400; x_wconf 91' lang='lat' dir='ltr'>et</span> <span class='ocrx_word' id='word_1_530' title='bbox 2490 3346 2768 3417; x_wconf 81' lang='lat' dir='ltr'>exemplis</span> <span class='ocrx_word' id='word_1_531' title='bbox 2817 3348 3100 3419; x_wconf 90' lang='lat' dir='ltr'>populum</span> <span class='ocrx_word' id='word_1_532' title='bbox 3133 3351 3403 3406; x_wconf 90' lang='lat' dir='ltr'>convenit</span> <span class='ocrx_word' id='word_1_533' title='bbox 3433 3353 3710 3425; x_wconf 82' lang='lat' dir='ltr'>regulare</span> <span class='ocrx_word' id='word_1_534' title='bbox 3748 3374 3760 3414; x_wconf 93' lang='lat'>:</span> <span class='ocrx_word' id='word_1_535' title='bbox 3795 3363 3849 3414; x_wconf 89' lang='lat' dir='ltr'>et</span> 
     </span>
    </p>
   </div>
   <div class='ocr_carea' id='block_1_81' title="bbox 2183 3433 3842 3512">
    <p class='ocr_par' dir='ltr' id='par_1_81' title="bbox 2183 3433 3842 3512">
     <span class='ocr_line' id='line_1_81' title="bbox 2183 3433 3842 3512; baseline 0.01 -26"><span class='ocrx_word' id='word_1_536' title='bbox 2183 3433 2311 3487; x_wconf 90' lang='lat' dir='ltr'>idea</span> <span class='ocrx_word' id='word_1_537' title='bbox 2328 3435 2651 3489; x_wconf 89' lang='lat' dir='ltr'>cavendum</span> <span class='ocrx_word' id='word_1_538' title='bbox 2676 3440 2862 3506; x_wconf 89' lang='lat' dir='ltr'>est,ne</span> <span class='ocrx_word' id='word_1_539' title='bbox 2885 3438 3029 3493; x_wconf 88' lang='lat' dir='ltr'>forte</span> <span class='ocrx_word' id='word_1_540' title='bbox 3055 3455 3187 3493; x_wconf 91' lang='lat' dir='ltr'>cum</span> <span class='ocrx_word' id='word_1_541' title='bbox 3212 3438 3344 3496; x_wconf 91' lang='lat' dir='ltr'>aliis</span> <span class='ocrx_word' id='word_1_542' title='bbox 3368 3443 3842 3512; x_wconf 74' lang='lat' dir='ltr'>praedicaverint,</span> 
     </span>
    </p>
   </div>
   <div class='ocr_carea' id='block_1_82' title="bbox 2180 3521 3846 3600">
    <p class='ocr_par' dir='ltr' id='par_1_82' title="bbox 2180 3521 3846 3600">
     <span class='ocr_line' id='line_1_82' title="bbox 2180 3521 3846 3600; baseline 0.011 -27"><span class='ocrx_word' id='word_1_543' title='bbox 2180 3521 2294 3592; x_wconf 91' lang='lat' dir='ltr'>ipsi</span> <span class='ocrx_word' id='word_1_544' title='bbox 2327 3523 2556 3593; x_wconf 91' lang='lat' dir='ltr'>reprobi</span> <span class='ocrx_word' id='word_1_545' title='bbox 2578 3523 2991 3592; x_wconf 88' lang='lat' dir='ltr'>inveniantur;</span> <span class='ocrx_word' id='word_1_546' title='bbox 3023 3531 3079 3580; x_wconf 89' lang='lat' dir='ltr'>et</span> <span class='ocrx_word' id='word_1_547' title='bbox 3101 3527 3345 3582; x_wconf 88' lang='lat' dir='ltr'>audiant</span> <span class='ocrx_word' id='word_1_548' title='bbox 3368 3531 3524 3600; x_wconf 90' lang='lat' dir='ltr'>quod</span> <span class='ocrx_word' id='word_1_549' title='bbox 3549 3531 3846 3592; x_wconf 90' lang='lat' dir='ltr'>Dominus</span> 
     </span>
    </p>
   </div>
   <div class='ocr_carea' id='block_1_83' title="bbox 2177 3609 3842 3692">
    <p class='ocr_par' dir='ltr' id='par_1_83' title="bbox 2177 3609 3842 3692">
     <span class='ocr_line' id='line_1_83' title="bbox 2177 3609 3842 3692; baseline 0.01 -30"><span class='ocrx_word' id='word_1_550' title='bbox 2177 3609 2536 3680; x_wconf 86' lang='lat' dir='ltr'>hypocrisim</span> <span class='ocrx_word' id='word_1_551' title='bbox 2564 3613 2923 3683; x_wconf 88' lang='lat' dir='ltr'>redarguens</span> <span class='ocrx_word' id='word_1_552' title='bbox 2944 3614 3025 3668; x_wconf 92' lang='lat' dir='ltr'>ait</span> <span class='ocrx_word' id='word_1_553' title='bbox 3051 3631 3063 3668; x_wconf 87' lang='lat'><strong>:</strong></span> <span class='ocrx_word' id='word_1_554' title='bbox 3097 3619 3563 3690; x_wconf 80' lang='lat' dir='ltr'>Hypocrila,ejice</span> <span class='ocrx_word' id='word_1_555' title='bbox 3583 3623 3842 3692; x_wconf 79' lang='lat' dir='ltr'>primum</span> 
     </span>
    </p>
   </div>
   <div class='ocr_carea' id='block_1_84' title="bbox 2175 3699 3840 3784">
    <p class='ocr_par' dir='ltr' id='par_1_84' title="bbox 2175 3699 3840 3784">
     <span class='ocr_line' id='line_1_84' title="bbox 2175 3699 3840 3784; baseline 0.011 -33"><span class='ocrx_word' id='word_1_556' title='bbox 2175 3699 2391 3753; x_wconf 81' lang='lat' dir='ltr'>trabem</span> <span class='ocrx_word' id='word_1_557' title='bbox 2420 3699 2487 3754; x_wconf 87' lang='lat' dir='ltr'>de</span> <span class='ocrx_word' id='word_1_558' title='bbox 2517 3699 2676 3756; x_wconf 82' lang='lat' dir='ltr'>oculo</span> <span class='ocrx_word' id='word_1_559' title='bbox 2705 3705 2817 3770; x_wconf 83' lang='lat' dir='ltr'>tuo,</span> <span class='ocrx_word' id='word_1_560' title='bbox 2848 3711 2899 3757; x_wconf 77' lang='lat' dir='ltr'>et</span> <span class='ocrx_word' id='word_1_561' title='bbox 2931 3706 3061 3757; x_wconf 80' lang='lat' dir='ltr'>tunc</span> <span class='ocrx_word' id='word_1_562' title='bbox 3087 3707 3382 3776; x_wconf 77' lang='lat' dir='ltr'>perspicies</span> <span class='ocrx_word' id='word_1_563' title='bbox 3410 3713 3472 3762; x_wconf 79' lang='lat' dir='ltr'>ut</span> <span class='ocrx_word' id='word_1_564' title='bbox 3501 3708 3704 3766; x_wconf 78' lang='lat' dir='ltr'>educas</span> <span class='ocrx_word' id='word_1_565' title='bbox 3762 3716 3840 3784; x_wconf 78' lang='lat' dir='ltr'>fe-</span> 
     </span>
    </p>
   </div>
   <div class='ocr_carea' id='block_1_85' title="bbox 2174 3788 3838 3869">
    <p class='ocr_par' dir='ltr' id='par_1_85' title="bbox 2174 3788 3838 3869">
     <span class='ocr_line' id='line_1_85' title="bbox 2174 3788 3838 3869; baseline 0.01 -29"><span class='ocrx_word' id='word_1_566' title='bbox 2174 3790 2388 3841; x_wconf 70' lang='lat' dir='ltr'>stucam</span> <span class='ocrx_word' id='word_1_567' title='bbox 2415 3788 2483 3842; x_wconf 81' lang='lat' dir='ltr'>de</span> <span class='ocrx_word' id='word_1_568' title='bbox 2511 3790 2662 3844; x_wconf 84' lang='lat' dir='ltr'>oculo</span> <span class='ocrx_word' id='word_1_569' title='bbox 2690 3792 2892 3858; x_wconf 75' lang='lat' dir='ltr'>fratris</span> <span class='ocrx_word' id='word_1_570' title='bbox 2923 3795 3010 3845; x_wconf 79' lang='lat' dir='ltr'>tui</span> <span class='ocrx_word' id='word_1_571' title='bbox 3047 3792 3197 3862; x_wconf 80' lang='lat' dir='ltr'>(Luc.</span> <span class='ocrx_word' id='word_1_572' title='bbox 3252 3810 3329 3859; x_wconf 75' lang='lat' dir='ltr'>v1,</span> <span class='ocrx_word' id='word_1_573' title='bbox 3356 3796 3466 3867; x_wconf 80' lang='grc'>42).</span> <span class='ocrx_word' id='word_1_574' title='bbox 3503 3796 3662 3853; x_wconf 88' lang='lat' dir='ltr'>Licet</span> <span class='ocrx_word' id='word_1_575' title='bbox 3698 3801 3838 3869; x_wconf 87' lang='lat' dir='ltr'>sint,</span> 
     </span>
    </p>
   </div>
   <div class='ocr_carea' id='block_1_86' title="bbox 2176 3876 3839 3956">
    <p class='ocr_par' dir='ltr' id='par_1_86' title="bbox 2176 3876 3839 3956">
     <span class='ocr_line' id='line_1_86' title="bbox 2176 3876 3839 3956; baseline 0.01 -27"><span class='ocrx_word' id='word_1_576' title='bbox 2176 3876 2331 3944; x_wconf 91' lang='lat' dir='ltr'>quod</span> <span class='ocrx_word' id='word_1_577' title='bbox 2364 3877 2554 3947; x_wconf 88' lang='lat' dir='ltr'>pejus,</span> <span class='ocrx_word' id='word_1_578' title='bbox 2583 3877 2683 3948; x_wconf 90' lang='lat' dir='ltr'>qui</span> <span class='ocrx_word' id='word_1_579' title='bbox 2728 3895 2832 3933; x_wconf 91' lang='lat' dir='ltr'>nec</span> <span class='ocrx_word' id='word_1_580' title='bbox 2884 3879 3109 3934; x_wconf 90' lang='lat' dir='ltr'>trabem</span> <span class='ocrx_word' id='word_1_581' title='bbox 3144 3882 3215 3936; x_wconf 92' lang='lat' dir='ltr'>de</span> <span class='ocrx_word' id='word_1_582' title='bbox 3271 3899 3378 3938; x_wconf 89' lang='lat' dir='ltr'>suo</span> <span class='ocrx_word' id='word_1_583' title='bbox 3428 3884 3696 3956; x_wconf 90' lang='lat' dir='ltr'>ejiciunt,</span> <span class='ocrx_word' id='word_1_584' title='bbox 3735 3906 3839 3946; x_wconf 89' lang='lat' dir='ltr'>nec</span> 
     </span>
    </p>
   </div>
   <div class='ocr_carea' id='block_1_87' title="bbox 2175 3963 3839 4040">
    <p class='ocr_par' dir='ltr' id='par_1_87' title="bbox 2175 3963 3839 4040">
     <span class='ocr_line' id='line_1_87' title="bbox 2175 3963 3839 4040; baseline 0.01 -22"><span class='ocrx_word' id='word_1_585' title='bbox 2175 3963 2459 4019; x_wconf 83' lang='lat' dir='ltr'>festucam</span> <span class='ocrx_word' id='word_1_586' title='bbox 2492 3967 2686 4022; x_wconf 88' lang='lat' dir='ltr'>fratris</span> <span class='ocrx_word' id='word_1_587' title='bbox 2735 3966 3008 4038; x_wconf 89' lang='lat' dir='ltr'>repellere</span> <span class='ocrx_word' id='word_1_588' title='bbox 3041 3977 3425 4040; x_wconf 74' lang='lat' dir='ltr'>praesumunt,</span> <span class='ocrx_word' id='word_1_589' title='bbox 3470 3975 3570 4029; x_wconf 90' lang='lat' dir='ltr'>sed</span> <span class='ocrx_word' id='word_1_590' title='bbox 3603 3979 3839 4034; x_wconf 89' lang='lat' dir='ltr'>confusi</span> 
     </span>
    </p>
   </div>
   <div class='ocr_carea' id='block_1_88' title="bbox 2174 4054 3836 4134">
    <p class='ocr_par' dir='ltr' id='par_1_88' title="bbox 2174 4054 3836 4134">
     <span class='ocr_line' id='line_1_88' title="bbox 2174 4054 3836 4134; baseline 0.007 -25"><span class='ocrx_word' id='word_1_591' title='bbox 2174 4054 2768 4124; x_wconf 89' lang='lat' dir='ltr'>obmutescunt,dum</span> <span class='ocrx_word' id='word_1_592' title='bbox 2793 4055 3018 4127; x_wconf 89' lang='lat' dir='ltr'>seipsos</span> <span class='ocrx_word' id='word_1_593' title='bbox 3041 4059 3319 4129; x_wconf 90' lang='lat' dir='ltr'>reprobos</span> <span class='ocrx_word' id='word_1_594' title='bbox 3349 4071 3734 4134; x_wconf 89' lang='lat' dir='ltr'>cognoscunt.</span> <span class='ocrx_word' id='word_1_595' title='bbox 3769 4067 3836 4123; x_wconf 88' lang='lat' dir='ltr'>Hi</span> 
     </span>
    </p>
   </div>
   <div class='ocr_carea' id='block_1_89' title="bbox 2173 4141 3838 4218">
    <p class='ocr_par' dir='ltr' id='par_1_89' title="bbox 2173 4141 3838 4218">
     <span class='ocr_line' id='line_1_89' title="bbox 2173 4141 3838 4218; baseline 0.01 -23"><span class='ocrx_word' id='word_1_596' title='bbox 2173 4141 2314 4195; x_wconf 90' lang='lat' dir='ltr'>dum</span> <span class='ocrx_word' id='word_1_597' title='bbox 2347 4143 2472 4197; x_wconf 91' lang='lat' dir='ltr'>suis</span> <span class='ocrx_word' id='word_1_598' title='bbox 2502 4144 2755 4213; x_wconf 89' lang='lat' dir='ltr'>peccatis</span> <span class='ocrx_word' id='word_1_599' title='bbox 2787 4144 2978 4199; x_wconf 89' lang='lat' dir='ltr'>aliena</span> <span class='ocrx_word' id='word_1_600' title='bbox 2997 4147 3506 4218; x_wconf 90' lang='lat' dir='ltr'>nutriunt,merito</span> <span class='ocrx_word' id='word_1_601' title='bbox 3539 4155 3838 4211; x_wconf 88' lang='lat' dir='ltr'>utrorum-</span> 
     </span>
    </p>
   </div>
   <div class='ocr_carea' id='block_1_90' title="bbox 2173 4231 3839 4300">
    <p class='ocr_par' dir='ltr' id='par_1_90' title="bbox 2173 4231 3839 4300">
     <span class='ocr_line' id='line_1_90' title="bbox 2173 4231 3839 4300; baseline 0.011 -18"><span class='ocrx_word' id='word_1_602' title='bbox 2173 4245 2284 4299; x_wconf 91' lang='lat' dir='ltr'>que</span> <span class='ocrx_word' id='word_1_603' title='bbox 2336 4231 2672 4300; x_wconf 91' lang='lat' dir='ltr'>portabunt.</span> <span class='ocrx_word' id='word_1_604' title='bbox 2705 4233 2802 4288; x_wconf 80' lang='lat' dir='ltr'>Ait</span> <span class='ocrx_word' id='word_1_605' title='bbox 2832 4233 2990 4288; x_wconf 91' lang='lat' dir='ltr'>enim</span> <span class='ocrx_word' id='word_1_606' title='bbox 3043 4234 3331 4293; x_wconf 90' lang='lat' dir='ltr'>Dominus</span> <span class='ocrx_word' id='word_1_607' title='bbox 3365 4253 3377 4292; x_wconf 91' lang='lat'>:</span> <span class='ocrx_word' id='word_1_608' title='bbox 3409 4242 3475 4294; x_wconf 75' lang='grc' dir='ltr'><strong><em>δί</em></strong></span> <span class='ocrx_word' id='word_1_609' title='bbox 3502 4241 3726 4298; x_wconf 74' lang='lat' dir='ltr'>dicente</span> <span class='ocrx_word' id='word_1_610' title='bbox 3753 4260 3839 4299; x_wconf 84' lang='lat' dir='ltr'>me</span> 
     </span>
    </p>
   </div>
   <div class='ocr_carea' id='block_1_91' title="bbox 2171 4317 3835 4401">
    <p class='ocr_par' dir='ltr' id='par_1_91' title="bbox 2171 4317 3835 4401">
     <span class='ocr_line' id='line_1_91' title="bbox 2171 4317 3835 4401; baseline 0.011 -30"><span class='ocrx_word' id='word_1_611' title='bbox 2171 4317 2242 4371; x_wconf 90' lang='lat' dir='ltr'>ad</span> <span class='ocrx_word' id='word_1_612' title='bbox 2274 4321 2529 4390; x_wconf 78' lang='lat' dir='ltr'>impium,</span> <span class='ocrx_word' id='word_1_613' title='bbox 2563 4330 2738 4376; x_wconf 82' lang='lat' dir='ltr'>morte</span> <span class='ocrx_word' id='word_1_614' title='bbox 2797 4325 3072 4389; x_wconf 78' lang='lat' dir='ltr'>morieris,</span> <span class='ocrx_word' id='word_1_615' title='bbox 3127 4340 3240 4380; x_wconf 83' lang='lat' dir='ltr'>non</span> <span class='ocrx_word' id='word_1_616' title='bbox 3298 4330 3725 4387; x_wconf 73' lang='lat' dir='ltr'>annuntiaverz’s</span> <span class='ocrx_word' id='word_1_617' title='bbox 3761 4335 3835 4401; x_wconf 79' lang='lat' dir='ltr'>ei,</span> 
     </span>
    </p>
   </div>
   <div class='ocr_carea' id='block_1_92' title="bbox 2168 4409 3834 4490">
    <p class='ocr_par' dir='ltr' id='par_1_92' title="bbox 2168 4409 3834 4490">
     <span class='ocr_line' id='line_1_92' title="bbox 2168 4409 3834 4490; baseline 0.01 -30"><span class='ocrx_word' id='word_1_618' title='bbox 2168 4423 2344 4478; x_wconf 84' lang='lat' dir='ltr'>neque</span> <span class='ocrx_word' id='word_1_619' title='bbox 2378 4409 2586 4464; x_wconf 78' lang='lat' dir='ltr'>locutus</span> <span class='ocrx_word' id='word_1_620' title='bbox 2615 4411 2793 4480; x_wconf 75' lang='lat' dir='ltr'>fueris</span> <span class='ocrx_word' id='word_1_621' title='bbox 2819 4419 2880 4466; x_wconf 80' lang='lat' dir='ltr'>ut</span> <span class='ocrx_word' id='word_1_622' title='bbox 2905 4415 3190 4467; x_wconf 82' lang='lat' dir='ltr'>avertatur</span> <span class='ocrx_word' id='word_1_623' title='bbox 3217 4430 3253 4468; x_wconf 88' lang='lat' dir='ltr'>a</span> <span class='ocrx_word' id='word_1_624' title='bbox 3282 4417 3372 4469; x_wconf 75' lang='lat' dir='ltr'>via</span> <span class='ocrx_word' id='word_1_625' title='bbox 3413 4432 3517 4472; x_wconf 78' lang='lat' dir='ltr'>sua</span> <span class='ocrx_word' id='word_1_626' title='bbox 3555 4419 3756 4490; x_wconf 76' lang='lat' dir='ltr'>impia,</span> <span class='ocrx_word' id='word_1_627' title='bbox 3786 4430 3834 4477; x_wconf 79' lang='lat' dir='ltr'>et</span> 
     </span>
    </p>
   </div>
   <div class='ocr_carea' id='block_1_93' title="bbox 2170 4498 3833 4577">
    <p class='ocr_par' dir='ltr' id='par_1_93' title="bbox 2170 4498 3833 4577">
     <span class='ocr_line' id='line_1_93' title="bbox 2170 4498 3833 4577; baseline 0.01 -27"><span class='ocrx_word' id='word_1_628' title='bbox 2170 4498 2314 4552; x_wconf 70' lang='lat' dir='ltr'>vivat</span> <span class='ocrx_word' id='word_1_629' title='bbox 2345 4515 2363 4551; x_wconf 85' lang='lat'><em>:</em></span> <span class='ocrx_word' id='word_1_630' title='bbox 2392 4500 2510 4569; x_wconf 76' lang='lat' dir='ltr'>ipse</span> <span class='ocrx_word' id='word_1_631' title='bbox 2539 4501 2598 4552; x_wconf 78' lang='lat' dir='ltr'>in</span> <span class='ocrx_word' id='word_1_632' title='bbox 2629 4500 2928 4570; x_wconf 76' lang='lat' dir='ltr'>iniquitate</span> <span class='ocrx_word' id='word_1_633' title='bbox 2955 4516 3060 4556; x_wconf 77' lang='lat' dir='ltr'>sua</span> <span class='ocrx_word' id='word_1_634' title='bbox 3089 4505 3716 4577; x_wconf 76' lang='lat' dir='ltr'>morietur,sanguinem</span> <span class='ocrx_word' id='word_1_635' title='bbox 3734 4526 3833 4566; x_wconf 86' lang='lat' dir='ltr'>au-</span> 
     </span>
    </p>
   </div>
   <div class='ocr_carea' id='block_1_94' title="bbox 2167 4587 3831 4668">
    <p class='ocr_par' dir='ltr' id='par_1_94' title="bbox 2167 4587 3831 4668">
     <span class='ocr_line' id='line_1_94' title="bbox 2167 4587 3831 4668; baseline 0.009 -28"><span class='ocrx_word' id='word_1_636' title='bbox 2167 4593 2271 4640; x_wconf 81' lang='lat' dir='ltr'>tem</span> <span class='ocrx_word' id='word_1_637' title='bbox 2301 4587 2416 4657; x_wconf 81' lang='lat' dir='ltr'>ejus</span> <span class='ocrx_word' id='word_1_638' title='bbox 2445 4587 2511 4642; x_wconf 83' lang='lat' dir='ltr'>de</span> <span class='ocrx_word' id='word_1_639' title='bbox 2539 4604 2710 4643; x_wconf 86' lang='lat' dir='ltr'>manu</span> <span class='ocrx_word' id='word_1_640' title='bbox 2739 4597 2832 4643; x_wconf 82' lang='lat' dir='ltr'>tua</span> <span class='ocrx_word' id='word_1_641' title='bbox 2863 4591 3147 4661; x_wconf 77' lang='lat' dir='ltr'>requiram</span> <span class='ocrx_word' id='word_1_642' title='bbox 3176 4590 3402 4662; x_wconf 65' lang='lat' dir='ltr'>(Ezech.</span> <span class='ocrx_word' id='word_1_643' title='bbox 3437 4611 3524 4662; x_wconf 88' lang='lat' dir='ltr'>m,</span> <span class='ocrx_word' id='word_1_644' title='bbox 3561 4596 3831 4668; x_wconf 73' lang='lat' dir='ltr'>18).Prsa-</span> 
     </span>
    </p>
   </div>
   <div class='ocr_carea' id='block_1_95' title="bbox 399 4674 3830 4754">
    <p class='ocr_par' dir='ltr' id='par_1_95' title="bbox 399 4674 3830 4754">
     <span class='ocr_line' id='line_1_95' title="bbox 399 4674 3830 4754; baseline 0.007 -24"><span class='ocrx_word' id='word_1_645' title='bbox 399 4689 629 4730; x_wconf 90' lang='lat' dir='ltr'>servare</span> <span class='ocrx_word' id='word_1_646' title='bbox 661 4674 936 4743; x_wconf 88' lang='lat' dir='ltr'>dignetur</span> <span class='ocrx_word' id='word_1_647' title='bbox 978 4679 1044 4728; x_wconf 92' lang='lat' dir='ltr'>ut</span> <span class='ocrx_word' id='word_1_648' title='bbox 1073 4676 1144 4729; x_wconf 88' lang='lat' dir='ltr'>ab</span> <span class='ocrx_word' id='word_1_649' title='bbox 1200 4693 1269 4730; x_wconf 90' lang='lat' dir='ltr'>ea</span> <span class='ocrx_word' id='word_1_650' title='bbox 1306 4676 1576 4748; x_wconf 88' lang='lat' dir='ltr'>regulati,</span> <span class='ocrx_word' id='word_1_651' title='bbox 1609 4683 1765 4735; x_wconf 89' lang='lat' dir='ltr'>recto</span> <span class='ocrx_word' id='word_1_652' title='bbox 1823 4681 2058 4738; x_wconf 89' lang='lat' dir='ltr'>tramite</span> <span class='ocrx_word' id='word_1_653' title='bbox 2087 4689 2134 4754; x_wconf 88' lang='lat' dir='ltr'>D</span> <span class='ocrx_word' id='word_1_654' title='bbox 2167 4677 2325 4729; x_wconf 68' lang='lat' dir='ltr'>terea</span> <span class='ocrx_word' id='word_1_655' title='bbox 2355 4676 2510 4746; x_wconf 63' lang='grc' dir='ltr'>(μιοεί</span> <span class='ocrx_word' id='word_1_656' title='bbox 2542 4676 2731 4731; x_wconf 66' lang='lat' dir='ltr'>dicere</span> <span class='ocrx_word' id='word_1_657' title='bbox 2792 4678 2994 4747; x_wconf 71' lang='grc' dir='ltr'>ρυάθῐ,</span> <span class='ocrx_word' id='word_1_658' title='bbox 3023 4683 3216 4735; x_wconf 65' lang='lat' dir='ltr'>tacere</span> <span class='ocrx_word' id='word_1_659' title='bbox 3245 4685 3442 4737; x_wconf 70' lang='lat' dir='ltr'>autem</span> <span class='ocrx_word' id='word_1_660' title='bbox 3474 4684 3830 4754; x_wconf 71' lang='grc' dir='ltr'>ΡθΓίουῙιιων</span> 
     </span>
    </p>
   </div>
   <div class='ocr_carea' id='block_1_96' title="bbox 398 4761 1021 4819">
    <p class='ocr_par' dir='ltr' id='par_1_96' title="bbox 398 4761 1021 4819">
     <span class='ocr_line' id='line_1_96' title="bbox 398 4761 1021 4819; baseline -0.002 -3"><span class='ocrx_word' id='word_1_661' title='bbox 398 4762 667 4819; x_wconf 91' lang='lat' dir='ltr'>incedere</span> <span class='ocrx_word' id='word_1_662' title='bbox 698 4761 1021 4818; x_wconf 91' lang='lat' dir='ltr'>valeamus.</span> 
     </span>
    </p>
   </div>
   <div class='ocr_carea' id='block_1_97' title="bbox 991 4850 1465 4906">
    <p class='ocr_par' dir='ltr' id='par_1_97' title="bbox 991 4850 1465 4906">
     <span class='ocr_line' id='line_1_97' title="bbox 991 4850 1465 4906; baseline 0.002 -1"><span class='ocrx_word' id='word_1_663' title='bbox 991 4850 1338 4905; x_wconf 77' lang='lat' dir='ltr'>EPISTULA</span> <span class='ocrx_word' id='word_1_664' title='bbox 1378 4852 1465 4906; x_wconf 84' lang='lat' dir='ltr'>1X.</span> 
     </span>
    </p>
   </div>
   <div class='ocr_carea' id='block_1_98' title="bbox 463 4956 1980 5003">
    <p class='ocr_par' dir='ltr' id='par_1_98' title="bbox 463 4956 1980 5003">
     <span class='ocr_line' id='line_1_98' title="bbox 463 4956 1980 5003; baseline 0.005 -8"><span class='ocrx_word' id='word_1_665' title='bbox 463 4959 538 4996; x_wconf 82' lang='lat' dir='ltr'>AD</span> <span class='ocrx_word' id='word_1_666' title='bbox 577 4958 768 4997; x_wconf 82' lang='lat' dir='ltr'>OMNES</span> <span class='ocrx_word' id='word_1_667' title='bbox 832 4956 1184 4997; x_wconf 77' lang='lat' dir='ltr'>SACERDOTES</span> <span class='ocrx_word' id='word_1_668' title='bbox 1226 4956 1508 4995; x_wconf 82' lang='lat' dir='ltr'>DIOECESIS</span> <span class='ocrx_word' id='word_1_669' title='bbox 1548 4959 1980 5003; x_wconf 78' lang='lat' dir='ltr'>VERCELLENSIS.</span> 
     </span>
    </p>
   </div>
   <div class='ocr_carea' id='block_1_99' title="bbox 464 5027 2053 5102">
    <p class='ocr_par' dir='ltr' id='par_1_99' title="bbox 464 5027 2053 5102">
     <span class='ocr_line' id='line_1_99' title="bbox 464 5027 2053 5102; baseline 0.006 -20"><span class='ocrx_word' id='word_1_670' title='bbox 464 5035 616 5085; x_wconf 72' lang='grc' dir='ltr'>Αππο</span> <span class='ocrx_word' id='word_1_671' title='bbox 653 5031 748 5084; x_wconf 90' lang='lat' dir='ltr'>Dei</span> <span class='ocrx_word' id='word_1_672' title='bbox 796 5031 985 5102; x_wconf 89' lang='lat' dir='ltr'>gratia</span> <span class='ocrx_word' id='word_1_673' title='bbox 1015 5027 1261 5084; x_wconf 91' lang='lat' dir='ltr'>humilis</span> <span class='ocrx_word' id='word_1_674' title='bbox 1304 5029 1636 5099; x_wconf 89' lang='lat' dir='ltr'>episcopus,</span> <span class='ocrx_word' id='word_1_675' title='bbox 1697 5037 1926 5090; x_wconf 83' lang='lat' dir='ltr'>cunctis</span> <span class='ocrx_word' id='word_1_676' title='bbox 1958 5053 2053 5092; x_wconf 89' lang='lat' dir='ltr'>sa-</span> 
     </span>
    </p>
   </div>
   <div class='ocr_carea' id='block_1_100' title="bbox 390 5117 2052 5190">
    <p class='ocr_par' dir='ltr' id='par_1_100' title="bbox 390 5117 2052 5190">
     <span class='ocr_line' id='line_1_100' title="bbox 390 5117 2052 5190; baseline 0.004 -18"><span class='ocrx_word' id='word_1_677' title='bbox 390 5134 454 5172; x_wconf 90' lang='lat' dir='ltr'>ce</span> <span class='ocrx_word' id='word_1_678' title='bbox 471 5118 741 5172; x_wconf 90' lang='lat' dir='ltr'>rdotibus</span> <span class='ocrx_word' id='word_1_679' title='bbox 799 5135 1121 5190; x_wconf 88' lang='lat' dir='ltr'>eorumque</span> <span class='ocrx_word' id='word_1_680' title='bbox 1180 5117 1467 5172; x_wconf 87' lang='lat' dir='ltr'>ministris</span> <span class='ocrx_word' id='word_1_681' title='bbox 1500 5118 1558 5172; x_wconf 94' lang='lat' dir='ltr'>in</span> <span class='ocrx_word' id='word_1_682' title='bbox 1591 5125 1794 5176; x_wconf 88' lang='lat' dir='ltr'>nostra</span> <span class='ocrx_word' id='word_1_683' title='bbox 1823 5122 2052 5178; x_wconf 87' lang='lat' dir='ltr'>Vercel-</span> 
     </span>
    </p>
   </div>
   <div class='ocr_carea' id='block_1_101' title="bbox 388 5204 2048 5267">
    <p class='ocr_par' dir='ltr' id='par_1_101' title="bbox 388 5204 2048 5267">
     <span class='ocr_line' id='line_1_101' title="bbox 388 5204 2048 5267; baseline 0.005 -8"><span class='ocrx_word' id='word_1_684' title='bbox 388 5204 540 5261; x_wconf 91' lang='lat' dir='ltr'>lensi</span> <span class='ocrx_word' id='word_1_685' title='bbox 572 5205 809 5262; x_wconf 75' lang='lat' dir='ltr'>dioecesi</span> <span class='ocrx_word' id='word_1_686' title='bbox 842 5207 1342 5263; x_wconf 90' lang='lat' dir='ltr'>commorantibus</span> <span class='ocrx_word' id='word_1_687' title='bbox 1373 5211 1600 5262; x_wconf 65' lang='lat' dir='ltr'>aeternae</span> <span class='ocrx_word' id='word_1_688' title='bbox 1631 5207 1924 5266; x_wconf 86' lang='lat' dir='ltr'>felicitatis</span> <span class='ocrx_word' id='word_1_689' title='bbox 1955 5227 2048 5267; x_wconf 93' lang='lat' dir='ltr'>co-</span> 
     </span>
    </p>
   </div>
   <div class='ocr_carea' id='block_1_102' title="bbox 389 5309 616 5349">
    <p class='ocr_par' dir='ltr' id='par_1_102' title="bbox 389 5309 616 5349">
     <span class='ocr_line' id='line_1_102' title="bbox 389 5309 616 5349; baseline -0.004 0"><span class='ocrx_word' id='word_1_690' title='bbox 389 5309 616 5349; x_wconf 88' lang='lat' dir='ltr'>ronam.</span> 
     </span>
    </p>
   </div>
   <div class='ocr_carea' id='block_1_103' title="bbox 460 5382 2047 5460">
    <p class='ocr_par' dir='ltr' id='par_1_103' title="bbox 460 5382 2047 5460">
     <span class='ocr_line' id='line_1_103' title="bbox 460 5382 2047 5460; baseline 0.004 -23"><span class='ocrx_word' id='word_1_691' title='bbox 460 5382 915 5450; x_wconf 74' lang='lat' dir='ltr'>Incontinentiae,</span> <span class='ocrx_word' id='word_1_692' title='bbox 1004 5383 1393 5455; x_wconf 87' lang='lat' dir='ltr'>dilectissimi,</span> <span class='ocrx_word' id='word_1_693' title='bbox 1455 5387 1657 5441; x_wconf 65' lang='lat' dir='ltr'>multae</span> <span class='ocrx_word' id='word_1_694' title='bbox 1721 5392 1861 5442; x_wconf 89' lang='lat' dir='ltr'>sunt</span> <span class='ocrx_word' id='word_1_695' title='bbox 1918 5405 2047 5460; x_wconf 81' lang='lat' dir='ltr'>epe-</span> 
     </span>
    </p>
   </div>
   <div class='ocr_carea' id='block_1_104' title="bbox 386 5470 2040 5550">
    <p class='ocr_par' dir='ltr' id='par_1_104' title="bbox 386 5470 2040 5550">
     <span class='ocr_line' id='line_1_104' title="bbox 386 5470 2040 5550; baseline 0.004 -25"><span class='ocrx_word' id='word_1_696' title='bbox 386 5470 524 5526; x_wconf 89' lang='lat' dir='ltr'>cies.</span> <span class='ocrx_word' id='word_1_697' title='bbox 569 5471 763 5536; x_wconf 88' lang='lat' dir='ltr'>Qoties</span> <span class='ocrx_word' id='word_1_698' title='bbox 821 5471 977 5526; x_wconf 86' lang='lat' dir='ltr'>enim</span> <span class='ocrx_word' id='word_1_699' title='bbox 1037 5471 1274 5543; x_wconf 90' lang='lat' dir='ltr'>aliquod</span> <span class='ocrx_word' id='word_1_700' title='bbox 1334 5473 1563 5550; x_wconf 85' lang='lat' dir='ltr'>facinus</span> <span class='ocrx_word' id='word_1_701' title='bbox 1613 5480 2040 5546; x_wconf 83' lang='lat' dir='ltr'>perpetramus,</span> 
     </span>
    </p>
   </div>
   <div class='ocr_carea' id='block_1_105' title="bbox 385 5558 2041 5635">
    <p class='ocr_par' dir='ltr' id='par_1_105' title="bbox 385 5558 2041 5635">
     <span class='ocr_line' id='line_1_105' title="bbox 385 5558 2041 5635; baseline 0.005 -23"><span class='ocrx_word' id='word_1_702' title='bbox 385 5559 457 5613; x_wconf 88' lang='lat' dir='ltr'>ad</span> <span class='ocrx_word' id='word_1_703' title='bbox 489 5558 546 5612; x_wconf 92' lang='lat' dir='ltr'>id</span> <span class='ocrx_word' id='word_1_704' title='bbox 611 5575 712 5627; x_wconf 84' lang='lat' dir='ltr'>per</span> <span class='ocrx_word' id='word_1_705' title='bbox 763 5559 1250 5615; x_wconf 86' lang='lat' dir='ltr'>incontinentiam</span> <span class='ocrx_word' id='word_1_706' title='bbox 1311 5559 1587 5616; x_wconf 89' lang='lat' dir='ltr'>labimur.</span> <span class='ocrx_word' id='word_1_707' title='bbox 1622 5563 1908 5635; x_wconf 89' lang='lat' dir='ltr'>Specialis</span> <span class='ocrx_word' id='word_1_708' title='bbox 1957 5569 2041 5620; x_wconf 83' lang='lat' dir='ltr'>ta-</span> 
     </span>
    </p>
   </div>
   <div class='ocr_carea' id='block_1_106' title="bbox 385 5648 2040 5723">
    <p class='ocr_par' dir='ltr' id='par_1_106' title="bbox 385 5648 2040 5723">
     <span class='ocr_line' id='line_1_106' title="bbox 385 5648 2040 5723; baseline 0.004 -22"><span class='ocrx_word' id='word_1_709' title='bbox 385 5663 520 5701; x_wconf 87' lang='lat' dir='ltr'>men</span> <span class='ocrx_word' id='word_1_710' title='bbox 552 5649 990 5714; x_wconf 78' lang='lat' dir='ltr'>incontinentia,</span> <span class='ocrx_word' id='word_1_711' title='bbox 1025 5648 1270 5716; x_wconf 77' lang='lat' dir='ltr'>luxuria,</span> <span class='ocrx_word' id='word_1_712' title='bbox 1305 5656 1413 5715; x_wconf 81' lang='lat' dir='ltr'>est,</span> <span class='ocrx_word' id='word_1_713' title='bbox 1462 5668 1587 5721; x_wconf 71' lang='lat' dir='ltr'>qua:</span> <span class='ocrx_word' id='word_1_714' title='bbox 1619 5669 1831 5723; x_wconf 88' lang='lat' dir='ltr'>corpus</span> <span class='ocrx_word' id='word_1_715' title='bbox 1863 5653 2040 5708; x_wconf 90' lang='lat' dir='ltr'>simul</span> 
     </span>
    </p>
   </div>
   <div class='ocr_carea' id='block_1_107' title="bbox 371 5737 2033 5808">
    <p class='ocr_par' dir='ltr' id='par_1_107' title="bbox 371 5737 2033 5808">
     <span class='ocr_line' id='line_1_107' title="bbox 371 5737 2033 5808; baseline 0.003 -16"><span class='ocrx_word' id='word_1_716' title='bbox 371 5737 662 5808; x_wconf 87' lang='lat' dir='ltr'>orrumpit</span> <span class='ocrx_word' id='word_1_717' title='bbox 717 5746 772 5792; x_wconf 86' lang='lat' dir='ltr'>et</span> <span class='ocrx_word' id='word_1_718' title='bbox 831 5753 1112 5792; x_wconf 81' lang='lat' dir='ltr'>animam.</span> <span class='ocrx_word' id='word_1_719' title='bbox 1168 5737 1314 5793; x_wconf 86' lang='lat' dir='ltr'>Nam</span> <span class='ocrx_word' id='word_1_720' title='bbox 1364 5753 1500 5794; x_wconf 86' lang='lat' dir='ltr'>cuin</span> <span class='ocrx_word' id='word_1_721' title='bbox 1549 5740 1736 5796; x_wconf 89' lang='lat' dir='ltr'>multa</span> <span class='ocrx_word' id='word_1_722' title='bbox 1779 5740 1898 5797; x_wconf 90' lang='lat' dir='ltr'>sint</span> <span class='ocrx_word' id='word_1_723' title='bbox 1949 5743 2033 5799; x_wconf 89' lang='lat' dir='ltr'>vi-</span> 
     </span>
    </p>
   </div>
   <div class='ocr_carea' id='block_1_108' title="bbox 2168 4762 3828 4840">
    <p class='ocr_par' dir='ltr' id='par_1_108' title="bbox 2168 4762 3828 4840">
     <span class='ocr_line' id='line_1_108' title="bbox 2168 4762 3828 4840; baseline 0.009 -23"><span class='ocrx_word' id='word_1_724' title='bbox 2168 4762 2408 4834; x_wconf 91' lang='lat' dir='ltr'>quidam</span> <span class='ocrx_word' id='word_1_725' title='bbox 2433 4765 2491 4819; x_wconf 93' lang='lat' dir='ltr'>in</span> <span class='ocrx_word' id='word_1_726' title='bbox 2515 4769 2745 4820; x_wconf 91' lang='lat' dir='ltr'>tantum</span> <span class='ocrx_word' id='word_1_727' title='bbox 2768 4765 2996 4821; x_wconf 90' lang='lat' dir='ltr'>libidini</span> <span class='ocrx_word' id='word_1_728' title='bbox 3019 4768 3527 4840; x_wconf 87' lang='lat' dir='ltr'>mancipantur,ut</span> <span class='ocrx_word' id='word_1_729' title='bbox 3542 4773 3828 4832; x_wconf 89' lang='lat' dir='ltr'>obscenas</span> 
     </span>
    </p>
   </div>
   <div class='ocr_carea' id='block_1_109' title="bbox 2165 4853 3823 4935">
    <p class='ocr_par' dir='ltr' id='par_1_109' title="bbox 2165 4853 3823 4935">
     <span class='ocr_line' id='line_1_109' title="bbox 2165 4853 3823 4935; baseline 0.008 -29"><span class='ocrx_word' id='word_1_730' title='bbox 2165 4853 2566 4909; x_wconf 90' lang='lat' dir='ltr'>meretriculas</span> <span class='ocrx_word' id='word_1_731' title='bbox 2597 4871 2705 4909; x_wconf 89' lang='lat' dir='ltr'>sua</span> <span class='ocrx_word' id='word_1_732' title='bbox 2733 4854 2912 4909; x_wconf 91' lang='lat' dir='ltr'>simul</span> <span class='ocrx_word' id='word_1_733' title='bbox 2966 4855 3024 4910; x_wconf 88' lang='lat' dir='ltr'>in</span> <span class='ocrx_word' id='word_1_734' title='bbox 3083 4857 3256 4913; x_wconf 88' lang='lat' dir='ltr'>domo</span> <span class='ocrx_word' id='word_1_735' title='bbox 3300 4875 3501 4915; x_wconf 88' lang='lat' dir='ltr'>secum</span> <span class='ocrx_word' id='word_1_736' title='bbox 3533 4860 3823 4935; x_wconf 87' lang='lat' dir='ltr'>habitare,</span> 
     </span>
    </p>
   </div>
   <div class='ocr_carea' id='block_1_110' title="bbox 2168 4942 3826 5021">
    <p class='ocr_par' dir='ltr' id='par_1_110' title="bbox 2168 4942 3826 5021">
     <span class='ocr_line' id='line_1_110' title="bbox 2168 4942 3826 5021; baseline 0.007 -25"><span class='ocrx_word' id='word_1_737' title='bbox 2168 4957 2286 4997; x_wconf 89' lang='lat' dir='ltr'>una</span> <span class='ocrx_word' id='word_1_738' title='bbox 2315 4942 2512 4997; x_wconf 90' lang='lat' dir='ltr'>cibum</span> <span class='ocrx_word' id='word_1_739' title='bbox 2569 4959 2799 4999; x_wconf 90' lang='lat' dir='ltr'>sumere</span> <span class='ocrx_word' id='word_1_740' title='bbox 2851 4961 2916 4998; x_wconf 93' lang='lat' dir='ltr'>ac</span> <span class='ocrx_word' id='word_1_741' title='bbox 2948 4945 3180 5016; x_wconf 89' lang='lat' dir='ltr'>publice</span> <span class='ocrx_word' id='word_1_742' title='bbox 3224 4948 3432 5020; x_wconf 88' lang='lat' dir='ltr'>degere</span> <span class='ocrx_word' id='word_1_743' title='bbox 3463 4951 3826 5021; x_wconf 75' lang='lat' dir='ltr'>permittant.</span> 
     </span>
    </p>
   </div>
   <div class='ocr_carea' id='block_1_111' title="bbox 2166 5030 3828 5114">
    <p class='ocr_par' dir='ltr' id='par_1_111' title="bbox 2166 5030 3828 5114">
     <span class='ocr_line' id='line_1_111' title="bbox 2166 5030 3828 5114; baseline 0.01 -32"><span class='ocrx_word' id='word_1_744' title='bbox 2166 5031 2422 5094; x_wconf 88' lang='lat' dir='ltr'>Quarum</span> <span class='ocrx_word' id='word_1_745' title='bbox 2455 5030 2744 5086; x_wconf 89' lang='lat' dir='ltr'>illecebris</span> <span class='ocrx_word' id='word_1_746' title='bbox 2801 5032 3001 5099; x_wconf 88' lang='lat' dir='ltr'>illecti,</span> <span class='ocrx_word' id='word_1_747' title='bbox 3042 5051 3162 5089; x_wconf 63' lang='lat' dir='ltr'>sure</span> <span class='ocrx_word' id='word_1_748' title='bbox 3222 5037 3452 5100; x_wconf 90' lang='lat' dir='ltr'>domui,</span> <span class='ocrx_word' id='word_1_749' title='bbox 3483 5044 3828 5114; x_wconf 65' lang='lat' dir='ltr'>cunctaeque</span> 
     </span>
    </p>
   </div>
   <div class='ocr_carea' id='block_1_112' title="bbox 2163 5118 3830 5195">
    <p class='ocr_par' dir='ltr' id='par_1_112' title="bbox 2163 5118 3830 5195">
     <span class='ocr_line' id='line_1_112' title="bbox 2163 5118 3830 5195; baseline 0.01 -24"><span class='ocrx_word' id='word_1_750' title='bbox 2163 5118 2398 5172; x_wconf 66' lang='lat' dir='ltr'>familiae</span> <span class='ocrx_word' id='word_1_751' title='bbox 2419 5136 2484 5174; x_wconf 89' lang='lat' dir='ltr'>ac</span> <span class='ocrx_word' id='word_1_752' title='bbox 2508 5119 2856 5190; x_wconf 84' lang='lat' dir='ltr'>supellectili</span> <span class='ocrx_word' id='word_1_753' title='bbox 2874 5137 2971 5177; x_wconf 89' lang='lat' dir='ltr'>eas</span> <span class='ocrx_word' id='word_1_754' title='bbox 2989 5139 3238 5193; x_wconf 73' lang='lat' dir='ltr'>praeesse</span> <span class='ocrx_word' id='word_1_755' title='bbox 3255 5125 3830 5195; x_wconf 89' lang='lat' dir='ltr'>dijudicant,suum-</span> 
     </span>
    </p>
   </div>
   <div class='ocr_carea' id='block_1_113' title="bbox 2163 5207 3829 5290">
    <p class='ocr_par' dir='ltr' id='par_1_113' title="bbox 2163 5207 3829 5290">
     <span class='ocr_line' id='line_1_113' title="bbox 2163 5207 3829 5290; baseline 0.01 -31"><span class='ocrx_word' id='word_1_756' title='bbox 2163 5221 2276 5276; x_wconf 93' lang='lat' dir='ltr'>que</span> <span class='ocrx_word' id='word_1_757' title='bbox 2310 5212 2443 5278; x_wconf 92' lang='lat' dir='ltr'>post</span> <span class='ocrx_word' id='word_1_758' title='bbox 2472 5207 2696 5262; x_wconf 89' lang='lat' dir='ltr'>obitum</span> <span class='ocrx_word' id='word_1_759' title='bbox 2729 5214 2990 5265; x_wconf 89' lang='lat' dir='ltr'>scortum</span> <span class='ocrx_word' id='word_1_760' title='bbox 3022 5209 3313 5267; x_wconf 67' lang='lat' dir='ltr'>haeredem</span> <span class='ocrx_word' id='word_1_761' title='bbox 3345 5215 3739 5290; x_wconf 89' lang='lat' dir='ltr'>constituunt,</span> <span class='ocrx_word' id='word_1_762' title='bbox 3773 5224 3829 5275; x_wconf 89' lang='lat' dir='ltr'>et</span> 
     </span>
    </p>
   </div>
   <div class='ocr_carea' id='block_1_114' title="bbox 2161 5293 3824 5380">
    <p class='ocr_par' dir='ltr' id='par_1_114' title="bbox 2161 5293 3824 5380">
     <span class='ocr_line' id='line_1_114' title="bbox 2161 5293 3824 5380; baseline 0.011 -33"><span class='ocrx_word' id='word_1_763' title='bbox 2161 5293 2445 5366; x_wconf 89' lang='lat' dir='ltr'>quidquid</span> <span class='ocrx_word' id='word_1_764' title='bbox 2473 5297 2543 5352; x_wconf 91' lang='lat' dir='ltr'>de</span> <span class='ocrx_word' id='word_1_765' title='bbox 2576 5298 2956 5355; x_wconf 82' lang='lat' dir='ltr'>facultatibus</span> <span class='ocrx_word' id='word_1_766' title='bbox 2985 5299 3262 5370; x_wconf 60' lang='lat' dir='ltr'>ecclesiae,</span> <span class='ocrx_word' id='word_1_767' title='bbox 3294 5301 3383 5358; x_wconf 92' lang='lat' dir='ltr'>vel</span> <span class='ocrx_word' id='word_1_768' title='bbox 3413 5302 3824 5380; x_wconf 85' lang='lat' dir='ltr'>eleemosynis,</span> 
     </span>
    </p>
   </div>
   <div class='ocr_carea' id='block_1_115' title="bbox 2159 5386 3823 5463">
    <p class='ocr_par' dir='ltr' id='par_1_115' title="bbox 2159 5386 3823 5463">
     <span class='ocr_line' id='line_1_115' title="bbox 2159 5386 3823 5463; baseline 0.008 -24"><span class='ocrx_word' id='word_1_769' title='bbox 2159 5399 2261 5439; x_wconf 90' lang='lat' dir='ltr'>seu</span> <span class='ocrx_word' id='word_1_770' title='bbox 2290 5386 2679 5458; x_wconf 90' lang='lat' dir='ltr'>undecunque</span> <span class='ocrx_word' id='word_1_771' title='bbox 2707 5389 3011 5460; x_wconf 85' lang='lat' dir='ltr'>acquirere</span> <span class='ocrx_word' id='word_1_772' title='bbox 3040 5389 3663 5463; x_wconf 87' lang='lat' dir='ltr'>possunt,hujusmodi</span> <span class='ocrx_word' id='word_1_773' title='bbox 3695 5414 3823 5453; x_wconf 89' lang='lat' dir='ltr'>ma-</span> 
     </span>
    </p>
   </div>
   <div class='ocr_carea' id='block_1_116' title="bbox 2158 5474 3820 5552">
    <p class='ocr_par' dir='ltr' id='par_1_116' title="bbox 2158 5474 3820 5552">
     <span class='ocr_line' id='line_1_116' title="bbox 2158 5474 3820 5552; baseline 0.009 -25"><span class='ocrx_word' id='word_1_774' title='bbox 2158 5474 2331 5528; x_wconf 88' lang='lat' dir='ltr'>nibus</span> <span class='ocrx_word' id='word_1_775' title='bbox 2363 5474 2811 5532; x_wconf 88' lang='lat' dir='ltr'>distrahendum</span> <span class='ocrx_word' id='word_1_776' title='bbox 2835 5476 3195 5548; x_wconf 89' lang='lat' dir='ltr'>relinquunt.</span> <span class='ocrx_word' id='word_1_777' title='bbox 3217 5479 3430 5552; x_wconf 88' lang='lat' dir='ltr'>Sicque</span> <span class='ocrx_word' id='word_1_778' title='bbox 3460 5482 3548 5548; x_wconf 86' lang='lat' dir='ltr'>ﬁt,</span> <span class='ocrx_word' id='word_1_779' title='bbox 3582 5487 3650 5539; x_wconf 90' lang='lat' dir='ltr'>ut</span> <span class='ocrx_word' id='word_1_780' title='bbox 3679 5486 3820 5542; x_wconf 88' lang='lat' dir='ltr'>dum</span> 
     </span>
    </p>
   </div>
   <div class='ocr_carea' id='block_1_117' title="bbox 2155 5565 3818 5646">
    <p class='ocr_par' dir='ltr' id='par_1_117' title="bbox 2155 5565 3818 5646">
     <span class='ocr_line' id='line_1_117' title="bbox 2155 5565 3818 5646; baseline 0.01 -32"><span class='ocrx_word' id='word_1_781' title='bbox 2155 5567 2366 5615; x_wconf 77' lang='lat' dir='ltr'>sanctae</span> <span class='ocrx_word' id='word_1_782' title='bbox 2385 5565 2479 5618; x_wconf 93' lang='lat' dir='ltr'>Dei</span> <span class='ocrx_word' id='word_1_783' title='bbox 2505 5565 2771 5620; x_wconf 74' lang='lat' dir='ltr'>Ecclesiae</span> <span class='ocrx_word' id='word_1_784' title='bbox 2794 5566 2966 5621; x_wconf 89' lang='lat' dir='ltr'>matri</span> <span class='ocrx_word' id='word_1_785' title='bbox 2991 5571 3047 5622; x_wconf 92' lang='lat' dir='ltr'>et</span> <span class='ocrx_word' id='word_1_786' title='bbox 3071 5583 3300 5637; x_wconf 63' lang='lat' dir='ltr'>sponse</span> <span class='ocrx_word' id='word_1_787' title='bbox 3323 5569 3592 5639; x_wconf 89' lang='lat' dir='ltr'>pellicem</span> <span class='ocrx_word' id='word_1_788' title='bbox 3613 5589 3818 5646; x_wconf 90' lang='lat' dir='ltr'>super-</span> 
     </span>
    </p>
   </div>
   <div class='ocr_carea' id='block_1_118' title="bbox 2153 5649 3810 5721">
    <p class='ocr_par' dir='ltr' id='par_1_118' title="bbox 2153 5649 3810 5721">
     <span class='ocr_line' id='line_1_118' title="bbox 2153 5649 3810 5721; baseline 0.01 -18"><span class='ocrx_word' id='word_1_789' title='bbox 2153 5649 2461 5719; x_wconf 88' lang='lat' dir='ltr'>inducunt,</span> <span class='ocrx_word' id='word_1_790' title='bbox 2495 5654 2609 5710; x_wconf 92' lang='lat' dir='ltr'>Deo</span> <span class='ocrx_word' id='word_1_791' title='bbox 2645 5655 2821 5721; x_wconf 86' lang='lat' dir='ltr'>Patri,</span> <span class='ocrx_word' id='word_1_792' title='bbox 2857 5660 2914 5710; x_wconf 90' lang='lat' dir='ltr'>et</span> <span class='ocrx_word' id='word_1_793' title='bbox 2943 5656 3097 5712; x_wconf 81' lang='lat' dir='ltr'>fideli</span> <span class='ocrx_word' id='word_1_794' title='bbox 3130 5657 3252 5712; x_wconf 92' lang='lat' dir='ltr'>viro</span> <span class='ocrx_word' id='word_1_795' title='bbox 3281 5659 3542 5714; x_wconf 89' lang='lat' dir='ltr'>animam</span> <span class='ocrx_word' id='word_1_796' title='bbox 3577 5663 3810 5720; x_wconf 88' lang='lat' dir='ltr'>subtra-</span> 
     </span>
    </p>
   </div>
   <div class='ocr_carea' id='block_1_119' title="bbox 2149 5738 3802 5810">
    <p class='ocr_par' dir='ltr' id='par_1_119' title="bbox 2149 5738 3802 5810">
     <span class='ocr_line' id='line_1_119' title="bbox 2149 5738 3802 5810; baseline 0.009 -15"><span class='ocrx_word' id='word_1_797' title='bbox 2149 5738 2375 5810; x_wconf 90' lang='lat' dir='ltr'>hant,et</span> <span class='ocrx_word' id='word_1_798' title='bbox 2394 5743 2623 5799; x_wconf 88' lang='lat' dir='ltr'>diabolo</span> <span class='ocrx_word' id='word_1_799' title='bbox 2644 5744 3056 5801; x_wconf 76' lang='lat' dir='ltr'>moechaudum</span> <span class='ocrx_word' id='word_1_800' title='bbox 3078 5747 3601 5808; x_wconf 84' lang='lat' dir='ltr'>contradant.8unt</span> <span class='ocrx_word' id='word_1_801' title='bbox 3622 5752 3802 5810; x_wconf 88' lang='lat' dir='ltr'>etiam</span> 
     </span>
    </p>
   </div>
  </div>
