3946 6408
124 456 226 520 ΗΊ

1605 457 2036 525 EPISTOLJE.

3421 456 3536 524 118

126 593 218 666 qui
248 590 390 648 nudi
421 592 494 648 ad
527 587 814 650 Eolssiam
847 594 1088 651 veniunt
1113 595 1218 652 sed
1261 597 1333 652 de
1361 595 1490 668 ejus
1549 595 1764 652 beneﬁ-
1793 598 1846 664 Α
1879 597 2040 662 Quod
2059 595 2270 654 falsum
2286 614 2414 655 esse
2435 596 3267 674 cognoscimus,dumillarum
3284 599 3531 655 naturas

123 684 222 739 ciis
247 683 689 739 acorescunt.Hi
719 683 977 756 primum
1009 685 1219 757 inopiae
1252 703 1430 742 causa
1460 685 1766 740 continen-

123 773 256 829 tiam
312 774 571 846 ﬁngunt,
628 778 685 829 et
741 775 1118 847 postmodum
1170 775 1358 840 ditati,
1432 775 1768 830 meretrices

116 863 419 919 asciscant.
454 863 564 926 Qui
595 864 739 918 dum
773 865 1023 936 penuria
1054 865 1390 921 laborarent
1435 866 1508 920 ab
1539 865 1624 920 eis
1658 865 1765 919 de-

111 952 300 1025 specti,
337 957 556 1008 sanctae
591 952 860 1009 Ecclesiae
891 954 1114 1026 gremio
1147 959 1286 1010 sunt
1317 954 1556 1026 recepti.
1627 954 1766 1008 Inde

112 1041 388 1113 quidquid
423 1043 803 1114 postmodum
837 1043 1184 1099 subtrahere
1212 1043 1428 1110 valent,
1463 1044 1610 1114 ipsis
1643 1059 1759 1098 non

110 1130 382 1187 desinunt
409 1147 666 1203 erogare.
726 1133 796 1186 Et
835 1133 991 1188 unde
1050 1133 1386 1188 meretrices
1451 1136 1758 1202 ornantur,

113 1219 362 1276 ecclesiae
391 1226 720 1287 vastantur,
741 1237 1028 1294 pauperes
1059 1221 1436 1277 tribulantur.
1464 1225 1584 1275 Hac
1606 1236 1765 1276 occa-

106 1309 262 1365 sione
295 1309 601 1381 publicani
627 1311 744 1381 (ὃὸ)
775 1310 1121 1366 clericorum
1154 1312 1360 1365 domos
1401 1310 1758 1380 irrumpunt,

106 1413 210 1453 non
242 1397 435 1470 ipsos,
467 1398 568 1453 sed
602 1403 1062 1454 commamentes
1095 1399 1372 1454 mulieres
1418 1414 1553 1452 cum
1614 1397 1761 1469 ipsis

102 1503 240 1559 quos
269 1492 601 1560 genuerant
621 1488 1039 1560 spuriis,quasi
1063 1489 1175 1543 sibi
1198 1488 1549 1543 commissos
1572 1491 1759 1541 extra-

101 1575 227 1631 here
248 1574 692 1633 simulantes.ld
722 1578 1315 1649 trepidantmiseri,et
1336 1592 1584 1632 munera
1601 1592 1758 1647 quaa-

105 1681 210 1737 que
240 1666 620 1737 promittunt,
661 1672 720 1722 et
757 1666 856 1736 qui
905 1667 1134 1723 adorari
1166 1671 1456 1739 poterant,
1517 1669 1760 1721 cunctos

104 1755 352 1812 adorare
385 1759 696 1828 coguntur.
730 1757 800 1812 Et
852 1759 954 1828 qui
1004 1756 1269 1812 omnium
1319 1755 1567 1811 viriliter
1616 1754 1760 1809 vitia

105 1843 426 1900 declamare
455 1845 780 1902 debuerant
800 1846 872 1901 de
899 1845 990 1900 sui
1015 1847 1171 1917 apud
1200 1844 1458 1917 judicem
1484 1847 1758 1916 quaerunt

101 1931 412 1989 licentiam.
450 1934 546 1990 Sic
576 1951 752 1991 sacras
793 1935 946 1990 aedes
997 1934 1395 2006 publicentur,
1428 1938 1485 1989 et
1515 1950 1549 1989 a
1579 1931 1753 2004 vulgo

67 2082 72 2092 ι
102 2020 467 2092 deridentur,
499 2029 558 2079 et
586 2041 802 2080 nomen
836 2024 1067 2080 Domini
1103 2023 1569 2096 blasphematur,
1603 2023 1755 2078 sicut

105 2111 387 2183 scriptum
419 2118 556 2169 est:
603 2115 706 2170 Nos
745 2116 875 2170 estis
926 2130 1028 2186 per
1081 2129 1215 2184 quos
1272 2129 1470 2168 nomen
1531 2113 1757 2167 Domini

103 2197 515 2271 blasphematur
544 2203 693 2257 inter
723 2206 906 2272 gentes
935 2203 1114 2274 (Rom.
1152 2204 1330 2272 11,24).
1350 2201 1552 2257 Solent
1575 2202 1751 2256 etiam

99 2287 194 2343 tali
226 2306 335 2361 pro
367 2290 587 2347 scelere
614 2291 942 2346 vicinorum
974 2291 1419 2361 vicinarumque
1442 2289 1641 2343 odium
1666 2288 1755 2341 in-

97 2380 602 2444 currere.Quoties
635 2396 893 2450 namque
922 2378 1334 2449 hujuscemodi
1367 2376 1646 2432 mulieres
1666 2375 1756 2429 vel

97 2481 298 2522 earum
334 2468 527 2538 spurii
558 2484 695 2522 cum
727 2467 1028 2537 aliquibus
1074 2467 1330 2538 litigant,
1359 2465 1472 2535 ipsi
1513 2465 1758 2534 .abjecta

95 2557 250 2610 omni
286 2555 642 2611 sacerdotali
667 2555 990 2612 reverentia
1019 2570 1148 2611 sese
1173 2553 1756 2626 opponunt;injurias

93 2646 141 2698 et
168 2643 574 2699 contumelias
605 2660 753 2715 quas
786 2650 1056 2716 possunt,
1089 2645 1302 2699 inferre
1346 2644 1482 2712 (64),
1515 2647 1572 2697 et
1597 2643 1754 2697 dete-

95 2731 242 2788 riora
273 2733 869 2804 minantur.lnsuper
894 2738 959 2786 ut
986 2731 1122 2787 talis
1151 2733 1346 2786 dietur
1374 2730 1617 2796 familia,
1641 2730 1754 2800 ipsi

99 2821 318 2899 cupidi,
356 2836 620 2892 repaces,
654 2821 932 2886 usurarii,
965 2821 1145 2876 avari.
1179 2825 1234 2875 et
1263 2819 1466 2886 invidi,
1502 2836 1568 2874 ac
1602 2821 1756 2872 frau-

95 2909 313 2966 dulenti
328 2910 863 2966 efﬁciuntur.Unde
878 2925 990 2965 non
1006 2909 1304 2965 modicum
1324 2907 1539 2964 Christi
1563 2907 1752 2962 Eccle-

96 2999 176 3054 sia
197 2998 879 3076 patiturdetrimeutum.
897 2999 1042 3053 Nam
1069 2997 1323 3070 populus
1346 2998 1454 3052 hoc
1485 2997 1752 3052 conside-

100 3086 527 3154 rans,decimas
557 3091 616 3143 et
644 3087 938 3160 primitias
971 3086 1499 3159 ipsisexigentibus
1515 3086 1755 3140 reddere

101 3174 212 3231 Deo
241 3176 1380 3248 contemnunt,nullumqueobsequium
1413 3179 1628 3231 sancta
1656 3173 1754 3230 Dei

99 3265 362 3321 Ecclesiae
393 3265 725 3337 persolvere
779 3265 1004 3333 volunt,
1059 3267 1216 3320 unde
1246 3265 1362 3336 ipsi
1419 3265 1754 3320 sacerdotes

100 3352 333 3426 aliquod
361 3334 650 3427 consequi
679 3355 909 3426 possint
946 3334 1436 3410 emolumentum.
1497 3354 1566 3408 Et
1615 3352 1752 3408 inde
1784 3334 1828 3401 Ο

100 3443 347 3514 populus
379 3443 707 3515 sacrilegus
737 3443 1012 3498 efficitur.
1047 3443 1162 3515 Ipsi
1194 3447 1389 3497 autem
1417 3442 1475 3496 in
1525 3446 1753 3496 tantam

102 3529 445 3604 plerumque
475 3531 795 3588 deveniunt
824 3536 1325 3604 paupertatem,ut
1359 3530 1450 3585 vix
1485 3531 1755 3585 sufficere

102 3621 338 3690 possint.
374 3623 610 3678 Rursus
640 3622 1043 3688 inveniuntur,
1063 3621 1162 3693 qui
1194 3637 1328 3676 cum
1363 3621 1434 3676 ab
1464 3619 1755 3692 episcopis

102 3710 218 3764 suis
246 3709 347 3765 tali
380 3727 490 3784 pro
525 3711 773 3766 crimine
795 3715 1143 3782 arguantur,
1167 3714 1472 3781 paternam
1507 3708 1755 3764 Charita-

104 3801 210 3854 tem
244 3804 562 3872 respuunt,
595 3805 654 3855 et
685 3800 920 3854 obedire
975 3803 1385 3866 contemnunt,
1444 3797 1755 3869 ipsamque

104 3887 462 3958 ﬁdelitatem,
491 3905 673 3960 quam
699 3888 1086 3960 jurejurando
1128 3887 1540 3959 promiserant,
1573 3893 1753 3942 teme-

104 3991 220 4031 rare
249 3995 364 4034 non
398 3978 808 4046 metuunt,sed
843 3977 1144 4032 mundana
1174 3977 1457 4031 adversus
1489 3991 1623 4030 eum
1649 3992 1754 4047 ag-

103 4065 444 4134 grediuntur
473 4066 711 4122 defendi
736 4066 1084 4137 potentia,se
1107 4079 1339 4136 quoque
1363 4079 1652 4135 suamque
1676 4065 1752 4118 si-

105 4153 216 4208 mul
237 4155 528 4212 familiam
552 4156 681 4226 ejus
699 4154 1050 4211 adxersariis
1071 4154 1530 4220 committunt,et
1551 4153 1634 4208 sic
1653 4155 1752 4208 dc-

109 4257 258 4299 mum
289 4245 384 4302 his
405 4244 544 4301 freti
577 4243 812 4300 auxiliis
841 4243 1298 4300 ecclesiasticam
1321 4245 1584 4314 regulam
1617 4261 1753 4314 par-

105 4330 436 4406 vipeudunt,
465 4338 649 4406 atque
682 4334 752 4388 ad
787 4334 1162 4389 dominorum
1196 4333 1510 4405 imperium
1564 4331 1752 4403 quoli-

105 4419 192 4476 bet
211 4421 451 4493 loco,vel
481 4429 750 4495 tempore
781 4423 996 4480 missas
1026 4439 1252 4490 canere,
1277 4421 1631 4494 baptismate
1662 4439 1750 4477 ce-

107 4508 342 4578 lebrare,
373 4513 652 4586 alligatos
678 4511 1002 4582 absolvere,
1035 4511 1258 4567 solutos
1290 4511 1531 4582 alligare
1553 4515 1753 4566 contra

101 4597 191 4667 jus
220 4617 537 4670 canonum,
573 4601 702 4657 sine
734 4601 934 4673 aliqua
966 4599 1318 4656 discretione
1363 4603 1750 4671 prazsumunt,

1879 702 1984 741 con
1998 687 2786 746 sideramus.Persecutionis
2815 689 2995 762 igitur
3016 687 3530 761 pressurasDomi-

1880 792 1993 831 nus
2025 777 2338 832 insinuans
2371 779 2451 833 ait
2483 796 2497 834 :
2538 781 2625 836 Vw
2653 787 2835 834 autem
2863 779 3286 850 pm’gnantibus
3343 785 3394 832 et
3422 793 3529 832 nu-

1879 866 2175 922 trientibus
2201 869 2260 922 in
2294 868 2412 922 illis
2442 868 2628 923 diebus
2658 870 2863 939 (Matth.
2900 886 3026 936 xm,
3062 868 3170 939 17).
3205 867 3361 930 Qood
3393 865 3524 922 ideo

1877 953 2096 1010 dixisse
2127 955 2660 1028 intendimus,quia
2677 957 2817 1027 ipsas
2840 955 3136 1029 impeditae
3154 960 3212 1012 et
3233 955 3528 1028 graviores

1876 1059 1991 1114 prae
2015 1045 2240 1100 caeteris
2262 1046 2712 1102 necessitatibus
2734 1049 2860 1102 suis
2884 1046 3081 1101 minus
3102 1049 3372 1117 poterant
3391 1044 3532 1099 sub-

1873 1133 2088 1188 venire.
2123 1134 2424 1197 QuomOdo
2458 1152 2593 1208 ergo
2624 1135 2806 1192 alium
2838 1135 3050 1208 poterit
3079 1133 3525 1206 sublevare,qui

1874 1222 2259 1294 semetipsum
2285 1241 2400 1279 non
2429 1224 2580 1280 valet
2600 1225 2862 1297 erigere?
2887 1224 3049 1280 Certe
3078 1223 3300 1279 talibus
3318 1222 3432 1278 nisi
3447 1223 3518 1278 ab

1873 1309 2003 1365 aliis
2041 1312 3160 1384 ministretur,suislaboribusnecipsm
3192 1310 3528 1368 subsistunt

1871 1399 1978 1454 Sed
2014 1399 2240 1454 facinus
2273 1401 2427 1472 quod
2477 1401 2778 1472 voluptate
2827 1405 3217 1472 perpetratur,
3268 1401 3521 1456 utilitate

1872 1489 2133 1544 excusari
2167 1490 2466 1560 quaeritur;
2501 1489 2717 1546 etilitas
2747 1493 2944 1545 tamen
2969 1505 3083 1544 non
3115 1488 3524 1556 estservanda,

1869 1593 2046 1648 quam
2081 1578 2229 1633 ratio
2261 1595 2376 1634 non
2400 1579 3016 1635 commendat.Verum
3051 1581 3109 1633 et
3136 1577 3188 1634 si
3217 1576 3527 1649 aliquis,ut

1868 1666 2238 1734 asseritur,in
2262 1667 2361 1739 huj
2372 1667 2606 1724 usmodi
2622 1667 2973 1724 commercio
2989 1667 3350 1722 inveniretur
3364 1682 3520 1738 quaa-

1867 1755 2166 1827 stus,quia
2195 1761 2394 1812 nostro
2406 1757 2736 1813 ministerio
2758 1755 3119 1813 contrarium
3135 1754 3522 1824 videtur,om-

1867 1843 2123 1900 nimodis
2140 1849 2228 1900 est
2240 1845 2782 1917 aspernandus.0ui
2796 1846 2952 1902 enim
2967 1844 3284 1917 aliquando
3297 1847 3526 1916 aposto-

1865 1930 2188 2000 lorum,aut
2219 1939 2557 1991 caeterorum
2590 1934 2860 1991 Ecclesia:
2883 1935 3192 1990 doctorum
3214 1948 3351 1990 cum
3383 1950 3522 1989 mu-

1867 2019 2110 2077 lieribus
2142 2023 2213 2078 ad
2247 2024 2684 2095 praedicandum
2717 2023 2957 2095 profecti
2981 2027 3122 2078 sunt
3150 2023 3178 2077 ?
3207 2022 3428 2094 Nempe
3448 2022 3522 2078 ab

1865 2109 2130 2182 ipsarum
2165 2113 2479 2183 connubio,
2512 2129 2660 2184 quas
2691 2117 2828 2167 ante
2865 2112 3230 2168 vocationem
3260 2111 3522 2183 legitime

1867 2199 2467 2270 duxere,posmodum
2487 2217 2550 2255 se
2575 2201 3102 2263 subtraxere.Quod
3121 2201 3300 2254 etiam
3314 2200 3521 2255 beatus

1867 2287 2138 2342 Clemens
2167 2288 2226 2341 in
2261 2287 2599 2358 apostolicis
2628 2287 3383 2360 Decretalibuspraacipiens
3415 2288 3515 2344 ait:

1875 2395 1902 2426 (ι
1923 2374 2172 2430 Ministri
2198 2374 2400 2430 altaris
2415 2376 2486 2431 ad
2519 2375 2824 2431 Dominica
2843 2375 2990 2431 tales
3011 2375 3309 2447 eligantur
3323 2376 3520 2433 officia

1869 2464 1969 2536 qui
2004 2468 2138 2519 ante
2167 2464 2596 2520 ordinationem
2629 2465 2908 2536 coniuges
2939 2481 3077 2520 suas
3098 2463 3516 2537 reliquerunt.»

1870 2553 2012 2606 Item
2047 2550 2275 2607 concilii
2309 2552 2533 2623 (primi)
2565 2552 2834 2625 Carthag.
2865 2568 2992 2624 cap.
3024 2555 3096 2607 25
3125 2554 3200 2625 [2,
3244 2556 3380 2623 sive,
3414 2557 3469 2626 4]
3505 2573 3518 2612 :

1873 2663 1894 2690 α
1933 2640 2157 2696 Placuit
2177 2641 2332 2712 quod
2364 2646 2422 2696 et
2449 2641 2510 2696 in
2543 2641 2790 2697 diversis
2813 2641 3077 2698 conciliis
3108 2643 3522 2702 confirmatum

1866 2734 1976 2796 est,
2013 2733 2078 2784 ut
2109 2730 2590 2802 subdiaconi,qui
2622 2747 2793 2786 sacra
2822 2731 3100 2803 mysteria
3131 2736 3522 2800 contractant,

1864 2819 2096 2873 diaconi
2130 2823 2187 2874 et
2210 2820 2559 2891 presbyteri,
2624 2820 2725 2875 sed
2757 2824 2815 2875 et
2873 2819 3134 2892 episcopi
3193 2823 3523 2878 secundum

1864 2907 2102 2979 pr0pria
2135 2912 2356 2964 statuta
2385 2908 2562 2964 etiam
2594 2909 2668 2964 ab
2701 2908 2984 2964 uxoribus
3015 2926 3078 2965 se
3108 2909 3467 2967 contineant.
3496 2935 3518 2962 ι

1864 2997 1958 3051 Sic
1991 2998 2371 3053 Innocentius
2399 3003 2457 3053 et
2488 2999 2602 3053 Leo
2635 2997 2884 3053 Romani
2917 2998 3227 3069 pontifices
3259 2999 3382 3066 ;sic
3413 3017 3520 3056 cas-

1865 3085 1970 3141 teri
2005 3102 2238 3156 quoque
2267 3090 2670 3156 protestantur
2699 3089 2986 3142 auctores.
3045 3087 3273 3150 Quanto
3330 3089 3522 3161 magis

1865 3174 2082 3229 etenim
2114 3172 2962 3246 carnalibusconcupiscentiis
2993 3180 3052 3230 et
3075 3176 3394 3232 mundanis
3418 3193 3520 3234 ne-

1866 3263 2042 3334 gotiis
2074 3263 2671 3329 subtrahimur,tanto
2702 3263 3091 3335 expeditiores
3121 3264 3302 3321 divini
3327 3266 3519 3338 operis

1866 3351 2122 3406 cultores
2152 3351 2464 3422 efficimur,
2497 3350 2695 3407 Boetio
2728 3351 2943 3408 illustri
2976 3353 3098 3408 viro
3130 3356 3516 3427 testante,qui

1866 3439 1949 3495 ait
1984 3457 1997 3494 :
2031 3441 2119 3494 Tu
2151 3441 2199 3495 si
2231 3441 2291 3494 in
2325 3440 2474 3494 hanc
2505 3440 2711 3495 mundi
2743 3455 2978 3496 scenam
3009 3441 3206 3497 nudus
3235 3442 3521 3500 intrasses

1865 3543 2108 3582 securus
2139 3543 2335 3582 coram
2369 3527 2594 3582 latrone
2625 3532 2925 3583 cantares.
2971 3529 3250 3585 Latrones
3300 3530 3521 3602 quippe

1866 3617 2073 3683 nostri,
2108 3617 2427 3683 daemones,
2489 3632 2810 3687 eorumque
2863 3616 3142 3687 ministri,
3185 3617 3285 3688 qui
3319 3621 3522 3674 nostra

1869 3722 2104 3776 semper
2131 3710 2367 3760 tentant
2399 3705 2650 3778 diripere
2682 3705 3012 3761 commoda.
3045 3707 3116 3760 Et
3171 3706 3412 3777 quidem
3472 3707 3522 3764 si

1868 3795 2032 3861 nudi,
2068 3799 2124 3849 et
2155 3794 2408 3866 expediti
2438 3795 2512 3849 ab
2544 3793 2766 3849 illicitis
2808 3794 3119 3862 fuerimus,
3174 3795 3365 3850 securi
3424 3811 3524 3852 cod

1865 3901 1991 3939 ram
2025 3884 2171 3955 ipsis
2203 3883 2598 3953 cantabimus,
2628 3883 2752 3938 sive
2798 3883 3066 3954 reprobis
3113 3901 3255 3939 suas
3287 3900 3518 3956 perver-

1865 3973 2070 4028 sitates
2101 3973 2442 4044 exponendo
2473 3977 2530 4026 et
2560 3973 2788 4027 futuras
2814 3971 3084 4027 miserias
3130 3971 3311 4026 libere
3367 3989 3519 4044 prae-

1865 4061 2136 4130 dicendo,
2172 4061 2293 4116 sive
2316 4060 2683 4116 daemonibus
2712 4059 2783 4114 de
2809 4057 3116 4116 canticulis
3146 4058 3328 4114 David
3384 4077 3518 4133 pro-

1865 4150 2194 4215 clamando,
2233 4152 2446 4204 Anima
2474 4158 2664 4204 nostra
2688 4150 2829 4204 sicut
2856 4164 3050 4220 passer
3075 4158 3268 4221 erepta
3324 4154 3407 4206 est
3453 4151 3520 4207 de

1866 4239 2063 4312 laqueo
2093 4241 2436 4295 venantium.
2470 4239 2721 4310 Laqueus
2767 4239 3037 4295 contritus
3068 4246 3164 4308 est,
3226 4243 3282 4294 et
3311 4255 3414 4294 nos
3447 4239 3518 4295 li-

1866 4330 2046 4386 berati
2071 4346 2261 4384 sumus
2291 4330 2460 4401 (Psat.
2498 4346 2691 4395 cxxm,
2720 4329 2798 4397 7).

1935 4417 2237 4473 Custodite
2267 4433 2406 4488 ergo
2443 4433 2568 4481 vos,
2625 4415 2834 4469 fratres
2889 4411 3247 4481 charissimi,
3298 4427 3333 4465 a
3387 4427 3520 4468 con-

1863 4507 2134 4562 tubernio
2151 4505 2466 4560 mulierum
2477 4517 2568 4570 ,ne
2581 4502 2825 4558 membra
2839 4502 3054 4556 Christi
3082 4499 3333 4555 membra
3341 4500 3519 4570 [aela-

1864 4597 1934 4652 tis
1961 4596 2317 4650 meretricum
2345 4593 2392 4663 (ι
2425 4592 2548 4646 Cor.
2579 4589 2757 4660 νι,15)
2782 4605 2795 4644 :
2831 4588 2988 4644 unde
3017 4587 3259 4644 difﬁcile
3277 4588 3522 4645 evadere

109 4688 159 4740 et
185 4688 280 4759 qui
309 4689 590 4762 capitalia
621 4689 892 4744 membra
919 4691 1135 4744 sanctas
1177 4685 1444 4742 Ecclesiae
1477 4703 1605 4742 esse
1653 4687 1747 4742 de-
1784 4707 1831 4771 D
1862 4683 2129 4757 potestis,
2149 4680 2263 4736 nisi
2281 4681 2353 4736 ab
2384 4694 2630 4736 earnum
2661 4677 2956 4734 consortio
2983 4676 3308 4733 declinatis.
3333 4679 3518 4744 Quem

110 4773 364 4850 buerant,
395 4796 567 4835 arma
598 4777 862 4834 hostium
893 4777 1258 4842 efficiuntur,
1311 4791 1489 4846 seque
1538 4775 1595 4830 in
1636 4777 1753 4831 exi-

112 4863 266 4932 tium,
297 4868 589 4941 populum
621 4867 682 4922 in
715 4883 974 4924 errorem
1006 4866 1404 4922 deducunt.Et
1433 4864 1568 4920 inde
1601 4880 1754 4936 saepe

113 4955 419 5014 maximum
445 4959 733 5015 adversus
751 4961 1016 5013 sanctam
1039 4955 1355 5011 Ecclesiam
1385 4953 1571 5009 oritur
1592 4971 1756 5009 scau-

113 5041 295 5102 dalum
323 5065 345 5111 ;
376 5048 519 5120 quia
549 5063 703 5119 quos
732 5045 859 5102 vult
892 5046 1109 5102 habere
1140 5044 1314 5113 ﬁlios,
1339 5043 1525 5100 cernit
1552 5043 1754 5099 inimi-

113 5146 218 5200 cos,
248 5139 304 5191 et
331 5153 484 5210 quos
507 5135 902 5204 consiliarios,
937 5136 1118 5192 duros
1151 5133 1536 5191 adversarios.

178 5222 383 5282 lterum
397 5226 672 5298 sunt,qui
693 5226 767 5282 de
790 5225 1145 5281 feminarum
1173 5223 1554 5280 contubernio
1575 5240 1637 5281 se
1654 5239 1756 5279 ex-

116 5323 305 5370 cusare
325 5318 623 5388 quierunt,
648 5315 790 5370 dum
827 5331 996 5371 suam
1029 5314 1199 5387 quasi
1233 5313 1643 5369 necessitatem
1665 5329 1758 5368 ex-

117 5408 342 5470 ponunt.
372 5405 558 5462 Aiunt
587 5403 769 5473 enim,
799 5404 936 5476 quia
991 5403 1106 5460 nisi
1156 5403 1420 5476 ipsarum
1481 5401 1756 5456 manibus

118 5495 715 5566 sustentaremurjam
750 5493 1016 5561 fame,vel
1049 5492 1319 5550 nuditate
1349 5490 1754 5547 deficeremus.

182 5616 286 5688 (63)
315 5622 632 5677 Publicani.
678 5619 892 5674 Vocem
950 5617 1102 5673 hanc
1162 5615 1446 5671 Acherius
1500 5633 1614 5670 non
1648 5616 1758 5670 im-

121 5689 310 5760 merito
339 5691 571 5750 monuit
602 5707 750 5747 novo
782 5689 1084 5748 intellectu
1120 5692 1465 5760 usurpatam
1523 5703 1652 5744 esse
1685 5688 1757 5760 ab

122 5758 334 5836 Attone,
363 5781 552 5839 eaque
593 5763 845 5836 intelligi
903 5763 1113 5821 debere
1151 5758 1532 5832 aut—judices
1565 5759 1758 5832 publi-

1867 4772 2021 4828 enim
2051 4771 2268 4843 compti
2300 4770 2513 4840 crines,
2575 4772 2821 4824 venusta
2877 4767 3075 4836 facies,
3125 4767 3366 4824 nictatio
3395 4767 3520 4840 pal-

1865 4860 2202 4935 pebrarum,
2237 4858 2404 4916 elisio
2426 4857 2755 4925 oculorum,
2785 4857 3101 4914 affabilitas
3149 4872 3518 4926 sermonum,

1864 4949 2104 5024 garrula
2140 4948 2486 5015 modulatio,
2540 4949 2705 5003 visus
2754 4945 2964 5011 facilis,
3025 4944 3244 5000 blanda
3295 4945 3524 5020 suasio.

1865 5039 2145 5113 praeclara
2176 5038 2437 5104 monilia,
2473 5037 2775 5092 schemata
2815 5033 3092 5101 vestium,
3123 5032 3359 5089 olfaotio
3407 5049 3518 5088 un-

1864 5133 2243 5203 guentorum,
2309 5126 2508 5184 mollis
2567 5126 2860 5189 incessus,
2923 5138 2989 5178 ac
3045 5121 3228 5178 totius
3258 5121 3521 5194 corporis

1865 5219 2043 5275 luxus
2075 5235 2192 5274 non
2223 5216 2540 5273 resolveret
2569 5214 2641 5269 ad
2689 5211 2977 5284 ﬂagitium
3011 5214 3034 5266 ‘2‘
3060 5211 3224 5274 Quod
3279 5210 3521 5267 intuens

1864 5309 2074 5365 beatus
2099 5306 2317 5362 Paulus
2346 5304 2636 5362 exclamat
2667 5301 2969 5374 apostolus
3002 5317 3017 5358 :
3049 5300 3243 5369 Fugite
3277 5301 3524 5371 fornica-

1866 5401 2074 5454 tionem
2103 5399 2151 5468 (I
2181 5396 2302 5466 Cor,
2338 5411 2400 5461 ιι,
2435 5393 2525 5460 18)
2558 5409 2571 5448 :
2607 5408 2744 5446 nam
2777 5407 2912 5446 cum
2942 5395 3152 5446 caetera
3206 5388 3349 5444 vitia
3375 5389 3520 5445 resi-

1868 5489 2077 5545 stendo
2107 5485 2290 5542 vitare
2332 5481 2654 5555 possimus,
2688 5480 2826 5535 huic
2865 5479 3114 5552 pedibus
3175 5493 3521 5534 succurren-

1869 5633 1967 5672 cos
1999 5617 2100 5668 aut
2131 5609 2325 5682 potius
2347 5623 2553 5682 eorum
2584 5606 2913 5682 ministros.

1943 5686 2058 5757 (64)
2089 5679 2316 5753 ΙήῙθνγϐ.
2352 5679 2500 5751 Lego
2535 5680 2802 5750 inferunt.
