  <div class='ocr_page' id='page_1' title='image "/cluster/home/n/w/nwhite01/storage/ocr_20150623/134-135/uc1.31175013627537/067.png"; bbox 0 0 3946 6422; ppageno 0'>
   <div class='ocr_carea' id='block_1_1' title="bbox 389 443 510 510">
    <p class='ocr_par' dir='ltr' id='par_1_1' title="bbox 389 443 510 510">
     <span class='ocr_line' id='line_1_1' title="bbox 389 443 510 510; baseline -0.017 0"><span class='ocrx_word' id='word_1_1' title='bbox 389 443 510 510; x_wconf 71' lang='lat'><strong>“9</strong></span> 
     </span>
    </p>
   </div>
   <div class='ocr_carea' id='block_1_2' title="bbox 1406 440 2784 509">
    <p class='ocr_par' dir='ltr' id='par_1_2' title="bbox 1406 440 2784 509">
     <span class='ocr_line' id='line_1_2' title="bbox 1406 440 2784 509; baseline -0.002 -2"><span class='ocrx_word' id='word_1_2' title='bbox 1406 443 1745 509; x_wconf 85' lang='lat' dir='ltr'><strong>ATTONIS</strong></span> <span class='ocrx_word' id='word_1_3' title='bbox 1790 440 2380 507; x_wconf 79' lang='lat' dir='ltr'><strong>VERGELLENSIS</strong></span> <span class='ocrx_word' id='word_1_4' title='bbox 2425 441 2784 506; x_wconf 84' lang='lat' dir='ltr'><strong>EPISGOPI</strong></span> 
     </span>
    </p>
   </div>
   <div class='ocr_carea' id='block_1_3' title="bbox 395 574 3809 649">
    <p class='ocr_par' dir='ltr' id='par_1_3' title="bbox 395 574 3809 649">
     <span class='ocr_line' id='line_1_3' title="bbox 395 574 3809 649; baseline -0.001 -13"><span class='ocrx_word' id='word_1_5' title='bbox 395 580 539 636; x_wconf 90' lang='lat' dir='ltr'><strong>dum</strong></span> <span class='ocrx_word' id='word_1_6' title='bbox 571 581 677 649; x_wconf 90' lang='lat' dir='ltr'><strong>est,</strong></span> <span class='ocrx_word' id='word_1_7' title='bbox 709 581 767 636; x_wconf 91' lang='lat' dir='ltr'><strong>et</strong></span> <span class='ocrx_word' id='word_1_8' title='bbox 793 594 867 636; x_wconf 91' lang='lat' dir='ltr'><strong>ne</strong></span> <span class='ocrx_word' id='word_1_9' title='bbox 895 577 1260 649; x_wconf 88' lang='lat' dir='ltr'><strong>deﬁciamus,</strong></span> <span class='ocrx_word' id='word_1_10' title='bbox 1296 579 1560 636; x_wconf 91' lang='lat' dir='ltr'><strong>divinum</strong></span> <span class='ocrx_word' id='word_1_11' title='bbox 1591 577 1876 635; x_wconf 85' lang='lat' dir='ltr'><strong>auxilium</strong></span> <span class='ocrx_word' id='word_1_12' title='bbox 1923 577 2035 633; x_wconf 89' lang='lat' dir='ltr'><strong>im-</strong></span> <span class='ocrx_word' id='word_1_13' title='bbox 2063 577 2119 644; x_wconf 80' lang='grc' dir='ltr'><strong>Α</strong></span> <span class='ocrx_word' id='word_1_14' title='bbox 2147 592 2491 632; x_wconf 80' lang='lat' dir='ltr'><strong>enumerare</strong></span> <span class='ocrx_word' id='word_1_15' title='bbox 2521 577 2880 634; x_wconf 90' lang='lat' dir='ltr'><strong>curavimus.</strong></span> <span class='ocrx_word' id='word_1_16' title='bbox 2905 576 2946 632; x_wconf 83' lang='grc' dir='ltr'><strong>Δ</strong></span> <span class='ocrx_word' id='word_1_17' title='bbox 2979 574 3388 634; x_wconf 76' lang='lat' dir='ltr'><strong>meretricibus</strong></span> <span class='ocrx_word' id='word_1_18' title='bbox 3435 592 3539 634; x_wconf 91' lang='lat' dir='ltr'><strong>vos</strong></span> <span class='ocrx_word' id='word_1_19' title='bbox 3590 592 3809 635; x_wconf 34' lang='lat' dir='ltr'><strong>tenvere</strong></span> 
     </span>
    </p>
   </div>
   <div class='ocr_carea' id='block_1_4' title="bbox 397 668 717 744">
    <p class='ocr_par' dir='ltr' id='par_1_4' title="bbox 397 668 717 744">
     <span class='ocr_line' id='line_1_4' title="bbox 397 668 717 744; baseline 0.003 -20"><span class='ocrx_word' id='word_1_20' title='bbox 397 668 717 744; x_wconf 87' lang='lat' dir='ltr'><strong>ploremus.</strong></span> 
     </span>
    </p>
   </div>
   <div class='ocr_carea' id='block_1_5' title="bbox 472 755 2045 832">
    <p class='ocr_par' dir='ltr' id='par_1_5' title="bbox 472 755 2045 832">
     <span class='ocr_line' id='line_1_5' title="bbox 472 755 2045 832; baseline -0.003 -17"><span class='ocrx_word' id='word_1_21' title='bbox 472 760 821 816; x_wconf 89' lang='lat' dir='ltr'><strong>Sanctarum</strong></span> <span class='ocrx_word' id='word_1_22' title='bbox 851 759 1284 832; x_wconf 86' lang='lat' dir='ltr'><strong>Scripturarum</strong></span> <span class='ocrx_word' id='word_1_23' title='bbox 1317 757 1586 830; x_wconf 79' lang='lat' dir='ltr'><strong>paginas,</strong></span> <span class='ocrx_word' id='word_1_24' title='bbox 1649 755 2045 822; x_wconf 83' lang='lat' dir='ltr'><strong>dilectissimi,</strong></span> 
     </span>
    </p>
   </div>
   <div class='ocr_carea' id='block_1_6' title="bbox 399 844 2047 922">
    <p class='ocr_par' dir='ltr' id='par_1_6' title="bbox 399 844 2047 922">
     <span class='ocr_line' id='line_1_6' title="bbox 399 844 2047 922; baseline -0.001 -20"><span class='ocrx_word' id='word_1_25' title='bbox 399 849 782 922; x_wconf 84' lang='lat' dir='ltr'><strong>perscrutate,</strong></span> <span class='ocrx_word' id='word_1_26' title='bbox 811 849 870 901; x_wconf 87' lang='lat' dir='ltr'><strong>et</strong></span> <span class='ocrx_word' id='word_1_27' title='bbox 901 845 961 900; x_wconf 91' lang='lat' dir='ltr'><strong>in</strong></span> <span class='ocrx_word' id='word_1_28' title='bbox 993 845 1084 900; x_wconf 91' lang='lat' dir='ltr'><strong>his</strong></span> <span class='ocrx_word' id='word_1_29' title='bbox 1109 845 1448 916; x_wconf 84' lang='lat' dir='ltr'><strong>diligentius</strong></span> <span class='ocrx_word' id='word_1_30' title='bbox 1471 844 1857 914; x_wconf 81' lang='lat' dir='ltr'><strong>meditemini,</strong></span> <span class='ocrx_word' id='word_1_31' title='bbox 1893 845 2047 900; x_wconf 91' lang='lat' dir='ltr'><strong>unde</strong></span> 
     </span>
    </p>
   </div>
   <div class='ocr_carea' id='block_1_7' title="bbox 399 933 2050 1006">
    <p class='ocr_par' dir='ltr' id='par_1_7' title="bbox 399 933 2050 1006">
     <span class='ocr_line' id='line_1_7' title="bbox 399 933 2050 1006; baseline -0.001 -16"><span class='ocrx_word' id='word_1_32' title='bbox 399 934 523 990; x_wconf 64' lang='lat' dir='ltr'><strong>haec</strong></span> <span class='ocrx_word' id='word_1_33' title='bbox 555 951 679 1006; x_wconf 81' lang='lat' dir='ltr'><strong>quae</strong></span> <span class='ocrx_word' id='word_1_34' title='bbox 711 951 745 989; x_wconf 89' lang='lat' dir='ltr'><strong>a</strong></span> <span class='ocrx_word' id='word_1_35' title='bbox 774 934 944 990; x_wconf 88' lang='lat' dir='ltr'><strong>nobis</strong></span> <span class='ocrx_word' id='word_1_36' title='bbox 974 934 1131 989; x_wconf 87' lang='lat' dir='ltr'><strong>dicta</strong></span> <span class='ocrx_word' id='word_1_37' title='bbox 1160 938 1300 988; x_wconf 90' lang='lat' dir='ltr'><strong>sunt</strong></span> <span class='ocrx_word' id='word_1_38' title='bbox 1330 950 1445 988; x_wconf 92' lang='lat' dir='ltr'><strong>non</strong></span> <span class='ocrx_word' id='word_1_39' title='bbox 1478 933 1650 1004; x_wconf 88' lang='lat' dir='ltr'><strong>quasi</strong></span> <span class='ocrx_word' id='word_1_40' title='bbox 1678 939 1885 988; x_wconf 90' lang='lat' dir='ltr'><strong>nostra</strong></span> <span class='ocrx_word' id='word_1_41' title='bbox 1919 933 2050 989; x_wconf 87' lang='lat' dir='ltr'><strong>vile-</strong></span> 
     </span>
    </p>
   </div>
   <div class='ocr_carea' id='block_1_8' title="bbox 399 1022 2048 1094">
    <p class='ocr_par' dir='ltr' id='par_1_8' title="bbox 399 1022 2048 1094">
     <span class='ocr_line' id='line_1_8' title="bbox 399 1022 2048 1094; baseline -0.001 -16"><span class='ocrx_word' id='word_1_42' title='bbox 399 1027 563 1086; x_wconf 87' lang='lat' dir='ltr'><strong>scent</strong></span> <span class='ocrx_word' id='word_1_43' title='bbox 595 1040 610 1090; x_wconf 90' lang='lat'><strong>;</strong></span> <span class='ocrx_word' id='word_1_44' title='bbox 642 1023 775 1093; x_wconf 86' lang='lat' dir='ltr'><strong>quia</strong></span> <span class='ocrx_word' id='word_1_45' title='bbox 806 1039 930 1093; x_wconf 73' lang='lat' dir='ltr'><strong>quae</strong></span> <span class='ocrx_word' id='word_1_46' title='bbox 955 1039 988 1077; x_wconf 91' lang='lat' dir='ltr'><strong>a</strong></span> <span class='ocrx_word' id='word_1_47' title='bbox 1017 1023 1234 1078; x_wconf 80' lang='lat' dir='ltr'><strong>sanctis</strong></span> <span class='ocrx_word' id='word_1_48' title='bbox 1258 1023 1531 1078; x_wconf 88' lang='lat' dir='ltr'><strong>Patribus</strong></span> <span class='ocrx_word' id='word_1_49' title='bbox 1563 1022 2048 1094; x_wconf 80' lang='lat' dir='ltr'><strong>accepimus,haec</strong></span> 
     </span>
    </p>
   </div>
   <div class='ocr_carea' id='block_1_9' title="bbox 397 1110 2048 1182">
    <p class='ocr_par' dir='ltr' id='par_1_9' title="bbox 397 1110 2048 1182">
     <span class='ocr_line' id='line_1_9' title="bbox 397 1110 2048 1182; baseline 0 -16"><span class='ocrx_word' id='word_1_50' title='bbox 397 1111 676 1168; x_wconf 85' lang='lat' dir='ltr'><strong>fratribus</strong></span> <span class='ocrx_word' id='word_1_51' title='bbox 707 1110 1382 1182; x_wconf 48' lang='lat' dir='ltr'><strong>exposuimus.ZQuorum</strong></span> <span class='ocrx_word' id='word_1_52' title='bbox 1415 1111 1698 1182; x_wconf 84' lang='lat' dir='ltr'><strong>exempla,</strong></span> <span class='ocrx_word' id='word_1_53' title='bbox 1736 1112 1872 1182; x_wconf 87' lang='lat' dir='ltr'><strong>quia</strong></span> <span class='ocrx_word' id='word_1_54' title='bbox 1904 1129 2048 1166; x_wconf 86' lang='lat' dir='ltr'><strong>cun-</strong></span> 
     </span>
    </p>
   </div>
   <div class='ocr_carea' id='block_1_10' title="bbox 397 1200 2048 1272">
    <p class='ocr_par' dir='ltr' id='par_1_10' title="bbox 397 1200 2048 1272">
     <span class='ocr_line' id='line_1_10' title="bbox 397 1200 2048 1272; baseline -0.001 -17"><span class='ocrx_word' id='word_1_55' title='bbox 397 1204 490 1256; x_wconf 90' lang='lat' dir='ltr'><strong>cta</strong></span> <span class='ocrx_word' id='word_1_56' title='bbox 519 1216 633 1254; x_wconf 89' lang='lat' dir='ltr'><strong>non</strong></span> <span class='ocrx_word' id='word_1_57' title='bbox 665 1216 986 1272; x_wconf 87' lang='lat' dir='ltr'><strong>possumus</strong></span> <span class='ocrx_word' id='word_1_58' title='bbox 1018 1200 1326 1270; x_wconf 83' lang='lat' dir='ltr'><strong>explicare,</strong></span> <span class='ocrx_word' id='word_1_59' title='bbox 1351 1217 1539 1272; x_wconf 87' lang='lat' dir='ltr'><strong>pauca</strong></span> <span class='ocrx_word' id='word_1_60' title='bbox 1569 1201 1639 1256; x_wconf 93' lang='lat' dir='ltr'><strong>de</strong></span> <span class='ocrx_word' id='word_1_61' title='bbox 1667 1200 1869 1255; x_wconf 89' lang='lat' dir='ltr'><strong>multis</strong></span> <span class='ocrx_word' id='word_1_62' title='bbox 1894 1217 2048 1271; x_wconf 71' lang='lat' dir='ltr'><strong>quae-</strong></span> 
     </span>
    </p>
   </div>
   <div class='ocr_carea' id='block_1_11' title="bbox 398 1287 2054 1359">
    <p class='ocr_par' dir='ltr' id='par_1_11' title="bbox 398 1287 2054 1359">
     <span class='ocr_line' id='line_1_11' title="bbox 398 1287 2054 1359; baseline 0 -17"><span class='ocrx_word' id='word_1_63' title='bbox 398 1287 532 1342; x_wconf 91' lang='lat' dir='ltr'><strong>dam</strong></span> <span class='ocrx_word' id='word_1_64' title='bbox 563 1287 983 1359; x_wconf 83' lang='lat' dir='ltr'><strong>proposuimus</strong></span> <span class='ocrx_word' id='word_1_65' title='bbox 1017 1306 1030 1343; x_wconf 86' lang='lat'><strong>:</strong></span> <span class='ocrx_word' id='word_1_66' title='bbox 1065 1289 1336 1359; x_wconf 71' lang='lat' dir='ltr'><strong>quaedam</strong></span> <span class='ocrx_word' id='word_1_67' title='bbox 1369 1293 1566 1344; x_wconf 90' lang='lat' dir='ltr'><strong>autem</strong></span> <span class='ocrx_word' id='word_1_68' title='bbox 1627 1287 2054 1343; x_wconf 87' lang='lat' dir='ltr'><strong>subscribenda</strong></span> 
     </span>
    </p>
   </div>
   <div class='ocr_carea' id='block_1_12' title="bbox 400 1376 2053 1448">
    <p class='ocr_par' dir='ltr' id='par_1_12' title="bbox 400 1376 2053 1448">
     <span class='ocr_line' id='line_1_12' title="bbox 400 1376 2053 1448; baseline 0.001 -17"><span class='ocrx_word' id='word_1_69' title='bbox 400 1376 801 1448; x_wconf 63' lang='lat' dir='ltr'><strong>praevidimus.</strong></span> <span class='ocrx_word' id='word_1_70' title='bbox 836 1377 900 1430; x_wconf 89' lang='lat' dir='ltr'><strong>In</strong></span> <span class='ocrx_word' id='word_1_71' title='bbox 931 1376 1140 1446; x_wconf 86' lang='lat' dir='ltr'><strong>primis</strong></span> <span class='ocrx_word' id='word_1_72' title='bbox 1189 1376 1420 1431; x_wconf 68' lang='lat' dir='ltr'><strong>Nicaeus.</strong></span> <span class='ocrx_word' id='word_1_73' title='bbox 1462 1377 1721 1447; x_wconf 88' lang='lat' dir='ltr'><strong>synodus</strong></span> <span class='ocrx_word' id='word_1_74' title='bbox 1770 1380 2053 1432; x_wconf 84' lang='lat' dir='ltr'><strong>trecento-</strong></span> 
     </span>
    </p>
   </div>
   <div class='ocr_carea' id='block_1_13' title="bbox 401 1464 2053 1538">
    <p class='ocr_par' dir='ltr' id='par_1_13' title="bbox 401 1464 2053 1538">
     <span class='ocr_line' id='line_1_13' title="bbox 401 1464 2053 1538; baseline 0.001 -20"><span class='ocrx_word' id='word_1_75' title='bbox 401 1481 536 1522; x_wconf 85' lang='lat' dir='ltr'><strong>rum</strong></span> <span class='ocrx_word' id='word_1_76' title='bbox 569 1464 770 1520; x_wconf 88' lang='lat' dir='ltr'><strong>decem</strong></span> <span class='ocrx_word' id='word_1_77' title='bbox 800 1467 858 1520; x_wconf 91' lang='lat' dir='ltr'><strong>et</strong></span> <span class='ocrx_word' id='word_1_78' title='bbox 889 1469 1019 1519; x_wconf 92' lang='lat' dir='ltr'><strong>octo</strong></span> <span class='ocrx_word' id='word_1_79' title='bbox 1049 1468 1389 1520; x_wconf 89' lang='lat' dir='ltr'><strong>sanctorum</strong></span> <span class='ocrx_word' id='word_1_80' title='bbox 1419 1465 1685 1534; x_wconf 86' lang='lat' dir='ltr'><strong>Patrum,</strong></span> <span class='ocrx_word' id='word_1_81' title='bbox 1719 1465 1776 1520; x_wconf 91' lang='lat' dir='ltr'><strong>in</strong></span> <span class='ocrx_word' id='word_1_82' title='bbox 1811 1483 1927 1538; x_wconf 89' lang='lat' dir='ltr'><strong>qua</strong></span> <span class='ocrx_word' id='word_1_83' title='bbox 1967 1465 2053 1520; x_wconf 90' lang='lat' dir='ltr'><strong>di-</strong></span> 
     </span>
    </p>
   </div>
   <div class='ocr_carea' id='block_1_14' title="bbox 402 1551 2056 1624">
    <p class='ocr_par' dir='ltr' id='par_1_14' title="bbox 402 1551 2056 1624">
     <span class='ocr_line' id='line_1_14' title="bbox 402 1551 2056 1624; baseline 0.001 -16"><span class='ocrx_word' id='word_1_84' title='bbox 402 1551 539 1608; x_wconf 90' lang='lat' dir='ltr'><strong>vino</strong></span> <span class='ocrx_word' id='word_1_85' title='bbox 569 1551 791 1623; x_wconf 81' lang='lat' dir='ltr'><strong>Spiritu</strong></span> <span class='ocrx_word' id='word_1_86' title='bbox 821 1551 966 1608; x_wconf 83' lang='lat' dir='ltr'><strong>ﬁdes</strong></span> <span class='ocrx_word' id='word_1_87' title='bbox 997 1552 1288 1608; x_wconf 84' lang='lat' dir='ltr'><strong>crtholica</strong></span> <span class='ocrx_word' id='word_1_88' title='bbox 1345 1553 1643 1624; x_wconf 86' lang='lat' dir='ltr'><strong>roborata,</strong></span> <span class='ocrx_word' id='word_1_89' title='bbox 1701 1554 2056 1610; x_wconf 84' lang='lat' dir='ltr'><strong>Arianorum</strong></span> 
     </span>
    </p>
   </div>
   <div class='ocr_carea' id='block_1_15' title="bbox 405 1640 2058 1715">
    <p class='ocr_par' dir='ltr' id='par_1_15' title="bbox 405 1640 2058 1715">
     <span class='ocr_line' id='line_1_15' title="bbox 405 1640 2058 1715; baseline 0.001 -19"><span class='ocrx_word' id='word_1_90' title='bbox 405 1646 496 1708; x_wconf 86' lang='lat' dir='ltr'><strong>est</strong></span> <span class='ocrx_word' id='word_1_91' title='bbox 524 1640 770 1713; x_wconf 84' lang='lat' dir='ltr'><strong>perﬁdia</strong></span> <span class='ocrx_word' id='word_1_92' title='bbox 798 1640 1118 1710; x_wconf 84' lang='lat' dir='ltr'><strong>destructa,</strong></span> <span class='ocrx_word' id='word_1_93' title='bbox 1153 1658 1280 1713; x_wconf 65' lang='lat' dir='ltr'><strong>quae</strong></span> <span class='ocrx_word' id='word_1_94' title='bbox 1312 1643 1383 1696; x_wconf 87' lang='lat' dir='ltr'><strong>ab</strong></span> <span class='ocrx_word' id='word_1_95' title='bbox 1407 1643 1747 1700; x_wconf 87' lang='lat' dir='ltr'><strong>hominibus</strong></span> <span class='ocrx_word' id='word_1_96' title='bbox 1779 1643 2058 1715; x_wconf 90' lang='lat' dir='ltr'><strong>quemad-</strong></span> 
     </span>
    </p>
   </div>
   <div class='ocr_carea' id='block_1_16' title="bbox 408 1729 2055 1804">
    <p class='ocr_par' dir='ltr' id='par_1_16' title="bbox 408 1729 2055 1804">
     <span class='ocr_line' id='line_1_16' title="bbox 408 1729 2055 1804; baseline 0 -19"><span class='ocrx_word' id='word_1_97' title='bbox 408 1730 651 1789; x_wconf 86' lang='lat' dir='ltr'><strong>modum</strong></span> <span class='ocrx_word' id='word_1_98' title='bbox 686 1729 1028 1804; x_wconf 87' lang='lat' dir='ltr'><strong>evangelica</strong></span> <span class='ocrx_word' id='word_1_99' title='bbox 1058 1731 1236 1788; x_wconf 86' lang='lat' dir='ltr'><strong>verba</strong></span> <span class='ocrx_word' id='word_1_100' title='bbox 1265 1735 1548 1800; x_wconf 82' lang='lat' dir='ltr'><strong>servatur,</strong></span> <span class='ocrx_word' id='word_1_101' title='bbox 1585 1749 1713 1804; x_wconf 90' lang='lat' dir='ltr'><strong>cap.</strong></span> <span class='ocrx_word' id='word_1_102' title='bbox 1741 1734 1773 1786; x_wconf 83' lang='grc'><strong>4</strong></span> <span class='ocrx_word' id='word_1_103' title='bbox 1829 1733 2055 1803; x_wconf 76' lang='lat' dir='ltr'><strong>(Nicaen.</strong></span> 
     </span>
    </p>
   </div>
   <div class='ocr_carea' id='block_1_17' title="bbox 407 1817 2060 1893">
    <p class='ocr_par' dir='ltr' id='par_1_17' title="bbox 407 1817 2060 1893">
     <span class='ocr_line' id='line_1_17' title="bbox 407 1817 2060 1893; baseline 0 -19"><span class='ocrx_word' id='word_1_104' title='bbox 407 1817 612 1888; x_wconf 73' lang='lat' dir='ltr'><strong>gancit.</strong></span> <span class='ocrx_word' id='word_1_105' title='bbox 645 1835 773 1874; x_wconf 88' lang='lat' dir='ltr'><strong>can.</strong></span> <span class='ocrx_word' id='word_1_106' title='bbox 806 1818 863 1889; x_wconf 85' lang='lat'><strong>2)</strong></span> <span class='ocrx_word' id='word_1_107' title='bbox 889 1837 902 1874; x_wconf 89' lang='lat'>:</span> <span class='ocrx_word' id='word_1_108' title='bbox 940 1843 960 1870; x_wconf 74' lang='grc' dir='ltr'>ι</span> <span class='ocrx_word' id='word_1_109' title='bbox 996 1819 1303 1876; x_wconf 80' lang='lat' dir='ltr'><strong>Interdixit</strong></span> <span class='ocrx_word' id='word_1_110' title='bbox 1331 1836 1436 1891; x_wconf 89' lang='lat' dir='ltr'><strong>per</strong></span> <span class='ocrx_word' id='word_1_111' title='bbox 1465 1821 1662 1877; x_wconf 91' lang='lat' dir='ltr'><strong>omnia</strong></span> <span class='ocrx_word' id='word_1_112' title='bbox 1692 1836 1908 1893; x_wconf 86' lang='lat' dir='ltr'><strong>magna</strong></span> <span class='ocrx_word' id='word_1_113' title='bbox 1926 1837 2060 1892; x_wconf 85' lang='lat' dir='ltr'><strong>syu-</strong></span> 
     </span>
    </p>
   </div>
   <div class='ocr_carea' id='block_1_18' title="bbox 408 1907 2059 1982">
    <p class='ocr_par' dir='ltr' id='par_1_18' title="bbox 408 1907 2059 1982">
     <span class='ocr_line' id='line_1_18' title="bbox 408 1907 2059 1982; baseline 0.002 -20"><span class='ocrx_word' id='word_1_114' title='bbox 408 1908 558 1968; x_wconf 92' lang='lat' dir='ltr'><strong>odus</strong></span> <span class='ocrx_word' id='word_1_115' title='bbox 590 1923 704 1966; x_wconf 88' lang='lat' dir='ltr'><strong>non</strong></span> <span class='ocrx_word' id='word_1_116' title='bbox 737 1907 1034 1981; x_wconf 89' lang='lat' dir='ltr'><strong>episcopo,</strong></span> <span class='ocrx_word' id='word_1_117' title='bbox 1089 1926 1204 1964; x_wconf 90' lang='lat' dir='ltr'><strong>non</strong></span> <span class='ocrx_word' id='word_1_118' title='bbox 1235 1910 1628 1982; x_wconf 86' lang='lat' dir='ltr'><strong>peresbytero,</strong></span> <span class='ocrx_word' id='word_1_119' title='bbox 1687 1928 1802 1966; x_wconf 91' lang='lat' dir='ltr'><strong>non</strong></span> <span class='ocrx_word' id='word_1_120' title='bbox 1861 1911 2059 1966; x_wconf 88' lang='lat' dir='ltr'><strong>diaco-</strong></span> 
     </span>
    </p>
   </div>
   <div class='ocr_carea' id='block_1_19' title="bbox 407 1995 2057 2070">
    <p class='ocr_par' dir='ltr' id='par_1_19' title="bbox 407 1995 2057 2070">
     <span class='ocr_line' id='line_1_19' title="bbox 407 1995 2057 2070; baseline -0.001 -14"><span class='ocrx_word' id='word_1_121' title='bbox 407 2012 503 2062; x_wconf 82' lang='lat' dir='ltr'><strong>no,</strong></span> <span class='ocrx_word' id='word_1_122' title='bbox 538 2012 645 2053; x_wconf 91' lang='lat' dir='ltr'><strong>nec</strong></span> <span class='ocrx_word' id='word_1_123' title='bbox 676 1995 849 2053; x_wconf 83' lang='lat' dir='ltr'><strong>alicui</strong></span> <span class='ocrx_word' id='word_1_124' title='bbox 882 1998 1122 2056; x_wconf 82' lang='lat' dir='ltr'><strong>omnino</strong></span> <span class='ocrx_word' id='word_1_125' title='bbox 1153 1999 1253 2070; x_wconf 90' lang='lat' dir='ltr'><strong>qui</strong></span> <span class='ocrx_word' id='word_1_126' title='bbox 1283 1997 1344 2053; x_wconf 91' lang='lat' dir='ltr'><strong>in</strong></span> <span class='ocrx_word' id='word_1_127' title='bbox 1377 1997 1532 2054; x_wconf 90' lang='lat' dir='ltr'><strong>clero</strong></span> <span class='ocrx_word' id='word_1_128' title='bbox 1590 2003 1679 2056; x_wconf 91' lang='lat' dir='ltr'><strong>est</strong></span> <span class='ocrx_word' id='word_1_129' title='bbox 1707 1999 1878 2056; x_wconf 87' lang='lat' dir='ltr'><strong>licere</strong></span> <span class='ocrx_word' id='word_1_130' title='bbox 1919 1999 2057 2055; x_wconf 89' lang='lat' dir='ltr'><strong>sub-</strong></span> 
     </span>
    </p>
   </div>
   <div class='ocr_carea' id='block_1_20' title="bbox 405 2084 2054 2154">
    <p class='ocr_par' dir='ltr' id='par_1_20' title="bbox 405 2084 2054 2154">
     <span class='ocr_line' id='line_1_20' title="bbox 405 2084 2054 2154; baseline 0.002 -14"><span class='ocrx_word' id='word_1_131' title='bbox 405 2084 802 2142; x_wconf 89' lang='lat' dir='ltr'><strong>introductam</strong></span> <span class='ocrx_word' id='word_1_132' title='bbox 831 2085 1049 2142; x_wconf 85' lang='lat' dir='ltr'><strong>habere</strong></span> <span class='ocrx_word' id='word_1_133' title='bbox 1082 2086 1410 2154; x_wconf 89' lang='lat' dir='ltr'><strong>mulierem,</strong></span> <span class='ocrx_word' id='word_1_134' title='bbox 1446 2087 1561 2142; x_wconf 90' lang='lat' dir='ltr'><strong>nisi</strong></span> <span class='ocrx_word' id='word_1_135' title='bbox 1607 2088 1754 2144; x_wconf 86' lang='lat' dir='ltr'><strong>forte</strong></span> <span class='ocrx_word' id='word_1_136' title='bbox 1809 2093 2054 2144; x_wconf 84' lang='lat' dir='ltr'><strong>matrem</strong></span> 
     </span>
    </p>
   </div>
   <div class='ocr_carea' id='block_1_21' title="bbox 407 2174 2059 2248">
    <p class='ocr_par' dir='ltr' id='par_1_21' title="bbox 407 2174 2059 2248">
     <span class='ocr_line' id='line_1_21' title="bbox 407 2174 2059 2248; baseline 0.001 -17"><span class='ocrx_word' id='word_1_137' title='bbox 407 2177 510 2231; x_wconf 89' lang='lat' dir='ltr'><strong>aut</strong></span> <span class='ocrx_word' id='word_1_138' title='bbox 537 2189 822 2244; x_wconf 84' lang='lat' dir='ltr'><strong>sororem,</strong></span> <span class='ocrx_word' id='word_1_139' title='bbox 853 2179 957 2230; x_wconf 91' lang='lat' dir='ltr'><strong>aut</strong></span> <span class='ocrx_word' id='word_1_140' title='bbox 984 2174 1348 2246; x_wconf 83' lang='lat' dir='ltr'><strong>amitam,vel</strong></span> <span class='ocrx_word' id='word_1_141' title='bbox 1382 2192 1479 2231; x_wconf 90' lang='lat' dir='ltr'><strong>eas</strong></span> <span class='ocrx_word' id='word_1_142' title='bbox 1512 2181 1744 2233; x_wconf 89' lang='lat' dir='ltr'><strong>tantum</strong></span> <span class='ocrx_word' id='word_1_143' title='bbox 1780 2194 2059 2248; x_wconf 77' lang='lat' dir='ltr'><strong>personas</strong></span> 
     </span>
    </p>
   </div>
   <div class='ocr_carea' id='block_1_22' title="bbox 404 2261 2056 2336">
    <p class='ocr_par' dir='ltr' id='par_1_22' title="bbox 404 2261 2056 2336">
     <span class='ocr_line' id='line_1_22' title="bbox 404 2261 2056 2336; baseline 0.002 -19"><span class='ocrx_word' id='word_1_144' title='bbox 404 2277 535 2334; x_wconf 73' lang='lat' dir='ltr'><strong>quae</strong></span> <span class='ocrx_word' id='word_1_145' title='bbox 567 2261 935 2334; x_wconf 88' lang='lat' dir='ltr'><strong>suspiciones</strong></span> <span class='ocrx_word' id='word_1_146' title='bbox 965 2263 1274 2336; x_wconf 70' lang='lat' dir='ltr'><strong>effugiunt.</strong></span> <span class='ocrx_word' id='word_1_147' title='bbox 1310 2287 1337 2314; x_wconf 83' lang='lat'>»</span> <span class='ocrx_word' id='word_1_148' title='bbox 1373 2267 1516 2319; x_wconf 81' lang='lat' dir='ltr'><strong>Item</strong></span> <span class='ocrx_word' id='word_1_149' title='bbox 1549 2281 1618 2320; x_wconf 83' lang='lat' dir='ltr'><strong>ex</strong></span> <span class='ocrx_word' id='word_1_150' title='bbox 1649 2267 1904 2322; x_wconf 90' lang='lat' dir='ltr'><strong>Decretis</strong></span> <span class='ocrx_word' id='word_1_151' title='bbox 1934 2265 2056 2322; x_wconf 90' lang='lat' dir='ltr'><strong>Cle-</strong></span> 
     </span>
    </p>
   </div>
   <div class='ocr_carea' id='block_1_23' title="bbox 406 2337 2058 2422">
    <p class='ocr_par' dir='ltr' id='par_1_23' title="bbox 406 2337 2058 2422">
     <span class='ocr_line' id='line_1_23' title="bbox 406 2337 2058 2422; baseline 0.002 -16"><span class='ocrx_word' id='word_1_152' title='bbox 406 2337 620 2408; x_wconf 81' lang='lat' dir='ltr'><strong>mentis</strong></span> <span class='ocrx_word' id='word_1_153' title='bbox 646 2367 810 2422; x_wconf 74' lang='lat' dir='ltr'><strong>papaa</strong></span> <span class='ocrx_word' id='word_1_154' title='bbox 847 2368 860 2406; x_wconf 88' lang='lat'><strong>:</strong></span> <span class='ocrx_word' id='word_1_155' title='bbox 899 2373 926 2402; x_wconf 75' lang='grc' dir='ltr'><strong>ε(</strong></span> <span class='ocrx_word' id='word_1_156' title='bbox 965 2352 1146 2408; x_wconf 89' lang='lat' dir='ltr'><strong>Nemo</strong></span> <span class='ocrx_word' id='word_1_157' title='bbox 1193 2369 1330 2408; x_wconf 89' lang='lat' dir='ltr'><strong>cum</strong></span> <span class='ocrx_word' id='word_1_158' title='bbox 1388 2358 1662 2410; x_wconf 83' lang='lat' dir='ltr'><strong>extranea</strong></span> <span class='ocrx_word' id='word_1_159' title='bbox 1719 2355 1945 2411; x_wconf 83' lang='lat' dir='ltr'><strong>habitet</strong></span> <span class='ocrx_word' id='word_1_160' title='bbox 1977 2356 2058 2410; x_wconf 82' lang='lat' dir='ltr'><strong>fe-</strong></span> 
     </span>
    </p>
   </div>
   <div class='ocr_carea' id='block_1_24' title="bbox 408 2437 2059 2511">
    <p class='ocr_par' dir='ltr' id='par_1_24' title="bbox 408 2437 2059 2511">
     <span class='ocr_line' id='line_1_24' title="bbox 408 2437 2059 2511; baseline 0.004 -19"><span class='ocrx_word' id='word_1_161' title='bbox 408 2437 572 2508; x_wconf 82' lang='lat' dir='ltr'><strong>mina</strong></span> <span class='ocrx_word' id='word_1_162' title='bbox 599 2437 718 2496; x_wconf 91' lang='lat' dir='ltr'><strong>nioi</strong></span> <span class='ocrx_word' id='word_1_163' title='bbox 750 2455 916 2494; x_wconf 85' lang='lat' dir='ltr'><strong>soror</strong></span> <span class='ocrx_word' id='word_1_164' title='bbox 946 2444 1047 2495; x_wconf 84' lang='lat' dir='ltr'><strong>aut</strong></span> <span class='ocrx_word' id='word_1_165' title='bbox 1086 2441 1354 2511; x_wconf 80' lang='lat' dir='ltr'><strong>proxima</strong></span> <span class='ocrx_word' id='word_1_166' title='bbox 1382 2442 1580 2508; x_wconf 87' lang='lat' dir='ltr'><strong>fuerit,</strong></span> <span class='ocrx_word' id='word_1_167' title='bbox 1640 2447 1697 2497; x_wconf 89' lang='lat' dir='ltr'><strong>et</strong></span> <span class='ocrx_word' id='word_1_168' title='bbox 1752 2443 1861 2499; x_wconf 91' lang='lat' dir='ltr'><strong>hoc</strong></span> <span class='ocrx_word' id='word_1_169' title='bbox 1923 2461 2059 2498; x_wconf 91' lang='lat' dir='ltr'><strong>cum</strong></span> 
     </span>
    </p>
   </div>
   <div class='ocr_carea' id='block_1_25' title="bbox 411 2525 2058 2601">
    <p class='ocr_par' dir='ltr' id='par_1_25' title="bbox 411 2525 2058 2601">
     <span class='ocr_line' id='line_1_25' title="bbox 411 2525 2058 2601; baseline 0.002 -17"><span class='ocrx_word' id='word_1_170' title='bbox 411 2541 627 2598; x_wconf 86' lang='lat' dir='ltr'><strong>magna</strong></span> <span class='ocrx_word' id='word_1_171' title='bbox 655 2525 1054 2582; x_wconf 87' lang='lat' dir='ltr'><strong>sollicitudine</strong></span> <span class='ocrx_word' id='word_1_172' title='bbox 1085 2528 1339 2598; x_wconf 86' lang='lat' dir='ltr'><strong>ﬁat,Non</strong></span> <span class='ocrx_word' id='word_1_173' title='bbox 1370 2528 1526 2584; x_wconf 90' lang='lat' dir='ltr'><strong>enim</strong></span> <span class='ocrx_word' id='word_1_174' title='bbox 1559 2530 1903 2601; x_wconf 83' lang='lat' dir='ltr'><strong>ignoramus</strong></span> <span class='ocrx_word' id='word_1_175' title='bbox 1936 2549 2058 2588; x_wconf 87' lang='lat' dir='ltr'><strong>ma-</strong></span> 
     </span>
    </p>
   </div>
   <div class='ocr_carea' id='block_1_26' title="bbox 411 2613 2058 2690">
    <p class='ocr_par' dir='ltr' id='par_1_26' title="bbox 411 2613 2058 2690">
     <span class='ocr_line' id='line_1_26' title="bbox 411 2613 2058 2690; baseline 0.004 -20"><span class='ocrx_word' id='word_1_176' title='bbox 411 2613 569 2670; x_wconf 90' lang='lat' dir='ltr'><strong>litias</strong></span> <span class='ocrx_word' id='word_1_177' title='bbox 612 2614 857 2671; x_wconf 57' lang='lat' dir='ltr'><strong>Satanae.</strong></span> <span class='ocrx_word' id='word_1_178' title='bbox 915 2637 944 2665; x_wconf 85' lang='grc'><strong>››</strong></span> <span class='ocrx_word' id='word_1_179' title='bbox 1001 2615 1148 2672; x_wconf 89' lang='lat' dir='ltr'><strong>Item</strong></span> <span class='ocrx_word' id='word_1_180' title='bbox 1208 2615 1399 2672; x_wconf 89' lang='lat' dir='ltr'><strong>Siricii</strong></span> <span class='ocrx_word' id='word_1_181' title='bbox 1460 2620 1640 2686; x_wconf 82' lang='lat' dir='ltr'><strong>(epist.</strong></span> <span class='ocrx_word' id='word_1_182' title='bbox 1704 2619 1755 2684; x_wconf 80' lang='grc'><strong>1,</strong></span> <span class='ocrx_word' id='word_1_183' title='bbox 1812 2636 1862 2673; x_wconf 92' lang='lat' dir='ltr'><strong>c.</strong></span> <span class='ocrx_word' id='word_1_184' title='bbox 1923 2621 2058 2690; x_wconf 77' lang='lat'><strong>12):</strong></span> 
     </span>
    </p>
   </div>
   <div class='ocr_carea' id='block_1_27' title="bbox 419 2702 2062 2777">
    <p class='ocr_par' dir='ltr' id='par_1_27' title="bbox 419 2702 2062 2777">
     <span class='ocr_line' id='line_1_27' title="bbox 419 2702 2062 2777; baseline 0.005 -23"><span class='ocrx_word' id='word_1_185' title='bbox 419 2724 442 2754; x_wconf 76' lang='grc' dir='ltr'>ι</span> <span class='ocrx_word' id='word_1_186' title='bbox 471 2702 743 2760; x_wconf 85' lang='lat' dir='ltr'><strong>Feminae</strong></span> <span class='ocrx_word' id='word_1_187' title='bbox 773 2719 906 2760; x_wconf 92' lang='lat' dir='ltr'><strong>vero</strong></span> <span class='ocrx_word' id='word_1_188' title='bbox 931 2720 1046 2760; x_wconf 90' lang='lat' dir='ltr'><strong>non</strong></span> <span class='ocrx_word' id='word_1_189' title='bbox 1069 2703 1215 2762; x_wconf 85' lang='lat' dir='ltr'><strong>alias</strong></span> <span class='ocrx_word' id='word_1_190' title='bbox 1233 2721 1394 2760; x_wconf 90' lang='lat' dir='ltr'><strong>essse</strong></span> <span class='ocrx_word' id='word_1_191' title='bbox 1417 2705 1678 2777; x_wconf 91' lang='lat' dir='ltr'><strong>patimur</strong></span> <span class='ocrx_word' id='word_1_192' title='bbox 1706 2705 1764 2760; x_wconf 92' lang='lat' dir='ltr'><strong>in</strong></span> <span class='ocrx_word' id='word_1_193' title='bbox 1785 2707 2062 2763; x_wconf 89' lang='lat' dir='ltr'><strong>domibus</strong></span> 
     </span>
    </p>
   </div>
   <div class='ocr_carea' id='block_1_28' title="bbox 413 2790 2062 2866">
    <p class='ocr_par' dir='ltr' id='par_1_28' title="bbox 413 2790 2062 2866">
     <span class='ocr_line' id='line_1_28' title="bbox 413 2790 2062 2866; baseline 0.001 -18"><span class='ocrx_word' id='word_1_194' title='bbox 413 2790 778 2862; x_wconf 84' lang='lat' dir='ltr'><strong>clericorum,</strong></span> <span class='ocrx_word' id='word_1_195' title='bbox 829 2793 944 2848; x_wconf 88' lang='lat' dir='ltr'><strong>nisi</strong></span> <span class='ocrx_word' id='word_1_196' title='bbox 994 2809 1094 2848; x_wconf 87' lang='lat' dir='ltr'><strong>eas</strong></span> <span class='ocrx_word' id='word_1_197' title='bbox 1143 2797 1372 2848; x_wconf 86' lang='lat' dir='ltr'><strong>tantum</strong></span> <span class='ocrx_word' id='word_1_198' title='bbox 1425 2811 1572 2865; x_wconf 91' lang='lat' dir='ltr'><strong>quas</strong></span> <span class='ocrx_word' id='word_1_199' title='bbox 1625 2799 1861 2866; x_wconf 85' lang='lat' dir='ltr'><strong>propter</strong></span> <span class='ocrx_word' id='word_1_200' title='bbox 1905 2795 2062 2850; x_wconf 90' lang='lat' dir='ltr'><strong>solas</strong></span> 
     </span>
    </p>
   </div>
   <div class='ocr_carea' id='block_1_29' title="bbox 413 2879 2062 2954">
    <p class='ocr_par' dir='ltr' id='par_1_29' title="bbox 413 2879 2062 2954">
     <span class='ocr_line' id='line_1_29' title="bbox 413 2879 2062 2954; baseline 0.003 -21"><span class='ocrx_word' id='word_1_201' title='bbox 413 2879 914 2942; x_wconf 82' lang='lat' dir='ltr'><strong>necessitudinum</strong></span> <span class='ocrx_word' id='word_1_202' title='bbox 951 2896 1159 2936; x_wconf 87' lang='lat' dir='ltr'><strong>causas</strong></span> <span class='ocrx_word' id='word_1_203' title='bbox 1198 2881 1462 2938; x_wconf 87' lang='lat' dir='ltr'><strong>habitare</strong></span> <span class='ocrx_word' id='word_1_204' title='bbox 1518 2899 1653 2937; x_wconf 91' lang='lat' dir='ltr'><strong>cum</strong></span> <span class='ocrx_word' id='word_1_205' title='bbox 1713 2882 1934 2938; x_wconf 90' lang='lat' dir='ltr'><strong>eisdem</strong></span> <span class='ocrx_word' id='word_1_206' title='bbox 1966 2900 2062 2954; x_wconf 86' lang='lat' dir='ltr'><strong>sy-</strong></span> 
     </span>
    </p>
   </div>
   <div class='ocr_carea' id='block_1_30' title="bbox 413 2967 2062 3043">
    <p class='ocr_par' dir='ltr' id='par_1_30' title="bbox 413 2967 2062 3043">
     <span class='ocr_line' id='line_1_30' title="bbox 413 2967 2062 3043; baseline 0.002 -21"><span class='ocrx_word' id='word_1_207' title='bbox 413 2967 603 3023; x_wconf 89' lang='lat' dir='ltr'><strong>nodus</strong></span> <span class='ocrx_word' id='word_1_208' title='bbox 636 2967 904 3024; x_wconf 78' lang='lat' dir='ltr'><strong>Nicaeana</strong></span> <span class='ocrx_word' id='word_1_209' title='bbox 929 2969 1215 3038; x_wconf 91' lang='lat' dir='ltr'><strong>permisit.</strong></span> <span class='ocrx_word' id='word_1_210' title='bbox 1234 2991 1259 3019; x_wconf 91' lang='grc'>››</span> <span class='ocrx_word' id='word_1_211' title='bbox 1294 2969 1412 3025; x_wconf 88' lang='lat' dir='ltr'><strong>Hoc</strong></span> <span class='ocrx_word' id='word_1_212' title='bbox 1445 2969 1635 3026; x_wconf 90' lang='lat' dir='ltr'><strong>multa</strong></span> <span class='ocrx_word' id='word_1_213' title='bbox 1664 2971 1931 3043; x_wconf 88' lang='lat' dir='ltr'><strong>concilia,</strong></span> <span class='ocrx_word' id='word_1_214' title='bbox 1953 2972 2062 3027; x_wconf 89' lang='lat' dir='ltr'><strong>hoc</strong></span> 
     </span>
    </p>
   </div>
   <div class='ocr_carea' id='block_1_31' title="bbox 412 3054 2061 3116">
    <p class='ocr_par' dir='ltr' id='par_1_31' title="bbox 412 3054 2061 3116">
     <span class='ocr_line' id='line_1_31' title="bbox 412 3054 2061 3116; baseline 0.002 -4"><span class='ocrx_word' id='word_1_215' title='bbox 412 3054 735 3112; x_wconf 88' lang='lat' dir='ltr'><strong>multorum</strong></span> <span class='ocrx_word' id='word_1_216' title='bbox 763 3057 1067 3113; x_wconf 89' lang='lat' dir='ltr'><strong>doctorum</strong></span> <span class='ocrx_word' id='word_1_217' title='bbox 1100 3074 1216 3115; x_wconf 88' lang='lat' dir='ltr'><strong>non</strong></span> <span class='ocrx_word' id='word_1_218' title='bbox 1248 3062 1477 3115; x_wconf 87' lang='lat' dir='ltr'><strong>tacuere</strong></span> <span class='ocrx_word' id='word_1_219' title='bbox 1508 3059 1828 3115; x_wconf 80' lang='lat' dir='ltr'><strong>sententiae.</strong></span> <span class='ocrx_word' id='word_1_220' title='bbox 1865 3061 1928 3115; x_wconf 92' lang='lat' dir='ltr'><strong>In</strong></span> <span class='ocrx_word' id='word_1_221' title='bbox 1952 3060 2061 3116; x_wconf 90' lang='lat' dir='ltr'><strong>hoc</strong></span> 
     </span>
    </p>
   </div>
   <div class='ocr_carea' id='block_1_32' title="bbox 410 3143 2060 3222">
    <p class='ocr_par' dir='ltr' id='par_1_32' title="bbox 410 3143 2060 3222">
     <span class='ocr_line' id='line_1_32' title="bbox 410 3143 2060 3222; baseline 0.003 -22"><span class='ocrx_word' id='word_1_222' title='bbox 410 3143 841 3202; x_wconf 85' lang='lat' dir='ltr'><strong>ecclesiasticus</strong></span> <span class='ocrx_word' id='word_1_223' title='bbox 873 3145 1059 3204; x_wconf 89' lang='lat' dir='ltr'><strong>honor</strong></span> <span class='ocrx_word' id='word_1_224' title='bbox 1107 3147 1166 3202; x_wconf 93' lang='lat' dir='ltr'><strong>in</strong></span> <span class='ocrx_word' id='word_1_225' title='bbox 1226 3147 1336 3202; x_wconf 88' lang='lat' dir='ltr'><strong>hoc</strong></span> <span class='ocrx_word' id='word_1_226' title='bbox 1395 3147 1741 3205; x_wconf 90' lang='lat' dir='ltr'><strong>clericorum</strong></span> <span class='ocrx_word' id='word_1_227' title='bbox 1805 3149 2060 3222; x_wconf 87' lang='lat' dir='ltr'><strong>dignitas</strong></span> 
     </span>
    </p>
   </div>
   <div class='ocr_carea' id='block_1_33' title="bbox 409 3234 2058 3311">
    <p class='ocr_par' dir='ltr' id='par_1_33' title="bbox 409 3234 2058 3311">
     <span class='ocr_line' id='line_1_33' title="bbox 409 3234 2058 3311; baseline 0.003 -23"><span class='ocrx_word' id='word_1_228' title='bbox 409 3237 740 3304; x_wconf 84' lang='lat' dir='ltr'><strong>perseverat</strong></span> <span class='ocrx_word' id='word_1_229' title='bbox 774 3251 786 3288; x_wconf 95' lang='lat'>:</span> <span class='ocrx_word' id='word_1_230' title='bbox 821 3234 959 3290; x_wconf 89' lang='lat' dir='ltr'><strong>hinc</strong></span> <span class='ocrx_word' id='word_1_231' title='bbox 988 3235 1200 3291; x_wconf 87' lang='lat' dir='ltr'><strong>crescit</strong></span> <span class='ocrx_word' id='word_1_232' title='bbox 1232 3235 1507 3306; x_wconf 85' lang='lat' dir='ltr'><strong>charitas,</strong></span> <span class='ocrx_word' id='word_1_233' title='bbox 1559 3238 1817 3296; x_wconf 85' lang='lat' dir='ltr'><strong>avaritiae</strong></span> <span class='ocrx_word' id='word_1_234' title='bbox 1851 3239 2058 3311; x_wconf 84' lang='lat' dir='ltr'><strong>rubigo</strong></span> 
     </span>
    </p>
   </div>
   <div class='ocr_carea' id='block_1_34' title="bbox 2156 664 3811 737">
    <p class='ocr_par' dir='ltr' id='par_1_34' title="bbox 2156 664 3811 737">
     <span class='ocr_line' id='line_1_34' title="bbox 2156 664 3811 737; baseline 0.002 -16"><span class='ocrx_word' id='word_1_235' title='bbox 2156 666 2491 734; x_wconf 86' lang='lat' dir='ltr'><strong>docuimus,</strong></span> <span class='ocrx_word' id='word_1_236' title='bbox 2522 669 2579 722; x_wconf 92' lang='lat' dir='ltr'><strong>et</strong></span> <span class='ocrx_word' id='word_1_237' title='bbox 2635 671 3044 722; x_wconf 84' lang='lat' dir='ltr'><strong>extranearum</strong></span> <span class='ocrx_word' id='word_1_238' title='bbox 3104 664 3340 737; x_wconf 87' lang='lat' dir='ltr'><strong>penitus</strong></span> <span class='ocrx_word' id='word_1_239' title='bbox 3397 664 3811 724; x_wconf 82' lang='lat' dir='ltr'><strong>interdiximus</strong></span> 
     </span>
    </p>
   </div>
   <div class='ocr_carea' id='block_1_35' title="bbox 2156 753 3808 826">
    <p class='ocr_par' dir='ltr' id='par_1_35' title="bbox 2156 753 3808 826">
     <span class='ocr_line' id='line_1_35' title="bbox 2156 753 3808 826; baseline 0.001 -16"><span class='ocrx_word' id='word_1_240' title='bbox 2156 755 2540 811; x_wconf 90' lang='lat' dir='ltr'><strong>contubernia</strong></span> <span class='ocrx_word' id='word_1_241' title='bbox 2569 755 2944 821; x_wconf 83' lang='lat' dir='ltr'><strong>feminarum;</strong></span> <span class='ocrx_word' id='word_1_242' title='bbox 2975 771 3102 826; x_wconf 79' lang='lat' dir='ltr'><strong>quae</strong></span> <span class='ocrx_word' id='word_1_243' title='bbox 3135 753 3312 810; x_wconf 86' lang='lat' dir='ltr'><strong>etiam</strong></span> <span class='ocrx_word' id='word_1_244' title='bbox 3335 759 3677 812; x_wconf 76' lang='lat' dir='ltr'><strong>sanctorum</strong></span> <span class='ocrx_word' id='word_1_245' title='bbox 3705 760 3808 812; x_wconf 50' lang='lat' dir='ltr'><strong>Pa.</strong></span> 
     </span>
    </p>
   </div>
   <div class='ocr_carea' id='block_1_36' title="bbox 2156 842 3809 916">
    <p class='ocr_par' dir='ltr' id='par_1_36' title="bbox 2156 842 3809 916">
     <span class='ocr_line' id='line_1_36' title="bbox 2156 842 3809 916; baseline 0.001 -17"><span class='ocrx_word' id='word_1_246' title='bbox 2156 848 2315 899; x_wconf 88' lang='lat' dir='ltr'><strong>trum</strong></span> <span class='ocrx_word' id='word_1_247' title='bbox 2341 844 2821 901; x_wconf 89' lang='lat' dir='ltr'><strong>conﬁrmavimus</strong></span> <span class='ocrx_word' id='word_1_248' title='bbox 2851 842 3314 910; x_wconf 90' lang='lat' dir='ltr'><strong>testimoniis,ue</strong></span> <span class='ocrx_word' id='word_1_249' title='bbox 3346 843 3588 916; x_wconf 83' lang='lat' dir='ltr'><strong>impune</strong></span> <span class='ocrx_word' id='word_1_250' title='bbox 3611 850 3809 902; x_wconf 80' lang='lat' dir='ltr'><strong>trans-</strong></span> 
     </span>
    </p>
   </div>
   <div class='ocr_carea' id='block_1_37' title="bbox 2163 930 3814 1004">
    <p class='ocr_par' dir='ltr' id='par_1_37' title="bbox 2163 930 3814 1004">
     <span class='ocr_line' id='line_1_37' title="bbox 2163 930 3814 1004; baseline 0.003 -18"><span class='ocrx_word' id='word_1_251' title='bbox 2163 933 2328 1003; x_wconf 89' lang='lat' dir='ltr'><strong>gredi</strong></span> <span class='ocrx_word' id='word_1_252' title='bbox 2389 932 2743 1003; x_wconf 81' lang='lat' dir='ltr'><strong>putassetis;</strong></span> <span class='ocrx_word' id='word_1_253' title='bbox 2779 934 2879 987; x_wconf 91' lang='lat' dir='ltr'><strong>sed</strong></span> <span class='ocrx_word' id='word_1_254' title='bbox 2941 931 3080 1002; x_wconf 86' lang='lat' dir='ltr'><strong>quia</strong></span> <span class='ocrx_word' id='word_1_255' title='bbox 3149 930 3450 1002; x_wconf 87' lang='lat' dir='ltr'><strong>aliquibus</strong></span> <span class='ocrx_word' id='word_1_256' title='bbox 3495 933 3814 1004; x_wconf 82' lang='lat' dir='ltr'><strong>profecisse</strong></span> 
     </span>
    </p>
   </div>
   <div class='ocr_carea' id='block_1_38' title="bbox 2158 1020 3811 1094">
    <p class='ocr_par' dir='ltr' id='par_1_38' title="bbox 2158 1020 3811 1094">
     <span class='ocr_line' id='line_1_38' title="bbox 2158 1020 3811 1094; baseline 0.002 -19"><span class='ocrx_word' id='word_1_257' title='bbox 2158 1037 2224 1076; x_wconf 92' lang='lat' dir='ltr'><strong>co</strong></span> <span class='ocrx_word' id='word_1_258' title='bbox 2237 1022 2723 1092; x_wconf 89' lang='lat' dir='ltr'><strong>gnoscimus,Deo</strong></span> <span class='ocrx_word' id='word_1_259' title='bbox 2746 1021 2898 1076; x_wconf 86' lang='lat' dir='ltr'><strong>Patri</strong></span> <span class='ocrx_word' id='word_1_260' title='bbox 2921 1022 3158 1078; x_wconf 84' lang='lat' dir='ltr'><strong>devotas</strong></span> <span class='ocrx_word' id='word_1_261' title='bbox 3177 1020 3436 1092; x_wconf 82' lang='lat' dir='ltr'><strong>primum</strong></span> <span class='ocrx_word' id='word_1_262' title='bbox 3453 1020 3657 1080; x_wconf 86' lang='lat' dir='ltr'><strong>laudes</strong></span> <span class='ocrx_word' id='word_1_263' title='bbox 3679 1038 3811 1094; x_wconf 87' lang='lat' dir='ltr'><strong>per-</strong></span> 
     </span>
    </p>
   </div>
   <div class='ocr_carea' id='block_1_39' title="bbox 2163 1108 3812 1182">
    <p class='ocr_par' dir='ltr' id='par_1_39' title="bbox 2163 1108 3812 1182">
     <span class='ocr_line' id='line_1_39' title="bbox 2163 1108 3812 1182; baseline 0.002 -18"><span class='ocrx_word' id='word_1_264' title='bbox 2163 1109 2446 1165; x_wconf 88' lang='lat' dir='ltr'><strong>solvimus</strong></span> <span class='ocrx_word' id='word_1_265' title='bbox 2482 1127 2495 1164; x_wconf 90' lang='lat'>:</span> <span class='ocrx_word' id='word_1_266' title='bbox 2532 1110 2694 1164; x_wconf 85' lang='lat' dir='ltr'><strong>vobis</strong></span> <span class='ocrx_word' id='word_1_267' title='bbox 2723 1110 2900 1166; x_wconf 89' lang='lat' dir='ltr'><strong>etiam</strong></span> <span class='ocrx_word' id='word_1_268' title='bbox 2931 1108 3253 1164; x_wconf 88' lang='lat' dir='ltr'><strong>immensas</strong></span> <span class='ocrx_word' id='word_1_269' title='bbox 3292 1125 3395 1180; x_wconf 89' lang='lat' dir='ltr'><strong>per</strong></span> <span class='ocrx_word' id='word_1_270' title='bbox 3437 1125 3581 1168; x_wconf 83' lang='lat' dir='ltr'><strong>eum</strong></span> <span class='ocrx_word' id='word_1_271' title='bbox 3612 1116 3812 1182; x_wconf 80' lang='lat' dir='ltr'><strong>grates</strong></span> 
     </span>
    </p>
   </div>
   <div class='ocr_carea' id='block_1_40' title="bbox 2161 1197 3813 1265">
    <p class='ocr_par' dir='ltr' id='par_1_40' title="bbox 2161 1197 3813 1265">
     <span class='ocr_line' id='line_1_40' title="bbox 2161 1197 3813 1265; baseline 0.001 -13"><span class='ocrx_word' id='word_1_272' title='bbox 2161 1198 2468 1253; x_wconf 79' lang='lat' dir='ltr'><strong>referimus</strong></span> <span class='ocrx_word' id='word_1_273' title='bbox 2503 1215 2516 1264; x_wconf 92' lang='lat'><strong>;</strong></span> <span class='ocrx_word' id='word_1_274' title='bbox 2549 1201 2875 1265; x_wconf 80' lang='lat' dir='ltr'><strong>exerentes,</strong></span> <span class='ocrx_word' id='word_1_275' title='bbox 2929 1201 2994 1254; x_wconf 90' lang='lat' dir='ltr'><strong>ut</strong></span> <span class='ocrx_word' id='word_1_276' title='bbox 3023 1199 3095 1252; x_wconf 91' lang='lat' dir='ltr'><strong>de</strong></span> <span class='ocrx_word' id='word_1_277' title='bbox 3147 1197 3359 1253; x_wconf 91' lang='lat' dir='ltr'><strong>virtute</strong></span> <span class='ocrx_word' id='word_1_278' title='bbox 3415 1197 3476 1253; x_wconf 88' lang='lat' dir='ltr'><strong>in</strong></span> <span class='ocrx_word' id='word_1_279' title='bbox 3535 1197 3813 1256; x_wconf 84' lang='lat' dir='ltr'><strong>virtutem</strong></span> 
     </span>
    </p>
   </div>
   <div class='ocr_carea' id='block_1_41' title="bbox 2162 1285 3813 1353">
    <p class='ocr_par' dir='ltr' id='par_1_41' title="bbox 2162 1285 3813 1353">
     <span class='ocr_line' id='line_1_41' title="bbox 2162 1285 3813 1353; baseline 0 -11"><span class='ocrx_word' id='word_1_280' title='bbox 2162 1287 2570 1353; x_wconf 81' lang='lat' dir='ltr'><strong>conscendere,</strong></span> <span class='ocrx_word' id='word_1_281' title='bbox 2601 1291 2659 1342; x_wconf 91' lang='lat' dir='ltr'><strong>et</strong></span> <span class='ocrx_word' id='word_1_282' title='bbox 2687 1287 2871 1342; x_wconf 90' lang='lat' dir='ltr'><strong>Deum</strong></span> <span class='ocrx_word' id='word_1_283' title='bbox 2902 1287 3144 1341; x_wconf 89' lang='lat' dir='ltr'><strong>deorum</strong></span> <span class='ocrx_word' id='word_1_284' title='bbox 3176 1285 3236 1341; x_wconf 89' lang='lat' dir='ltr'><strong>in</strong></span> <span class='ocrx_word' id='word_1_285' title='bbox 3265 1286 3402 1341; x_wconf 92' lang='lat' dir='ltr'><strong>Siou</strong></span> <span class='ocrx_word' id='word_1_286' title='bbox 3459 1287 3813 1345; x_wconf 80' lang='lat' dir='ltr'><strong>mereamiui</strong></span> 
     </span>
    </p>
   </div>
   <div class='ocr_carea' id='block_1_42' title="bbox 2163 1373 3811 1448">
    <p class='ocr_par' dir='ltr' id='par_1_42' title="bbox 2163 1373 3811 1448">
     <span class='ocr_line' id='line_1_42' title="bbox 2163 1373 3811 1448; baseline 0 -18"><span class='ocrx_word' id='word_1_287' title='bbox 2163 1376 2512 1448; x_wconf 89' lang='lat' dir='ltr'><strong>prospicere.</strong></span> <span class='ocrx_word' id='word_1_288' title='bbox 2547 1373 3294 1448; x_wconf 84' lang='lat' dir='ltr'><strong>Quapropter,charissimi,</strong></span> <span class='ocrx_word' id='word_1_289' title='bbox 3320 1374 3369 1428; x_wconf 88' lang='lat' dir='ltr'><strong>si</strong></span> <span class='ocrx_word' id='word_1_290' title='bbox 3399 1373 3584 1446; x_wconf 81' lang='lat' dir='ltr'><strong>aliqui</strong></span> <span class='ocrx_word' id='word_1_291' title='bbox 3613 1375 3811 1433; x_wconf 88' lang='lat' dir='ltr'><strong>adhuc</strong></span> 
     </span>
    </p>
   </div>
   <div class='ocr_carea' id='block_1_43' title="bbox 2163 1461 3815 1536">
    <p class='ocr_par' dir='ltr' id='par_1_43' title="bbox 2163 1461 3815 1536">
     <span class='ocr_line' id='line_1_43' title="bbox 2163 1461 3815 1536; baseline 0.001 -18"><span class='ocrx_word' id='word_1_292' title='bbox 2163 1468 2339 1519; x_wconf 82' lang='lat' dir='ltr'><strong>tantae</strong></span> <span class='ocrx_word' id='word_1_293' title='bbox 2371 1465 2644 1536; x_wconf 84' lang='lat' dir='ltr'><strong>nequitiae</strong></span> <span class='ocrx_word' id='word_1_294' title='bbox 2671 1481 2836 1520; x_wconf 81' lang='lat' dir='ltr'><strong>coeno</strong></span> <span class='ocrx_word' id='word_1_295' title='bbox 2867 1462 3122 1520; x_wconf 83' lang='lat' dir='ltr'><strong>demersi</strong></span> <span class='ocrx_word' id='word_1_296' title='bbox 3164 1461 3563 1529; x_wconf 86' lang='lat' dir='ltr'><strong>involvuntur,</strong></span> <span class='ocrx_word' id='word_1_297' title='bbox 3620 1462 3815 1536; x_wconf 74' lang='lat' dir='ltr'><strong>lacry-</strong></span> 
     </span>
    </p>
   </div>
   <div class='ocr_carea' id='block_1_44' title="bbox 2166 1550 3808 1624">
    <p class='ocr_par' dir='ltr' id='par_1_44' title="bbox 2166 1550 3808 1624">
     <span class='ocr_line' id='line_1_44' title="bbox 2166 1550 3808 1624; baseline 0.001 -17"><span class='ocrx_word' id='word_1_298' title='bbox 2166 1551 2348 1608; x_wconf 82' lang='lat' dir='ltr'><strong>mosis</strong></span> <span class='ocrx_word' id='word_1_299' title='bbox 2374 1553 2692 1624; x_wconf 82' lang='lat' dir='ltr'><strong>gemitibus</strong></span> <span class='ocrx_word' id='word_1_300' title='bbox 2726 1550 3038 1608; x_wconf 88' lang='lat' dir='ltr'><strong>Dominum</strong></span> <span class='ocrx_word' id='word_1_301' title='bbox 3067 1566 3308 1608; x_wconf 83' lang='lat' dir='ltr'><strong>exorare</strong></span> <span class='ocrx_word' id='word_1_302' title='bbox 3333 1567 3459 1610; x_wconf 77' lang='lat' dir='ltr'><strong>non</strong></span> <span class='ocrx_word' id='word_1_303' title='bbox 3489 1551 3765 1608; x_wconf 72' lang='lat' dir='ltr'><strong>differant</strong></span> <span class='ocrx_word' id='word_1_304' title='bbox 3794 1570 3808 1620; x_wconf 91' lang='lat'><strong>;</strong></span> 
     </span>
    </p>
   </div>
   <div class='ocr_carea' id='block_1_45' title="bbox 2169 1639 3819 1713">
    <p class='ocr_par' dir='ltr' id='par_1_45' title="bbox 2169 1639 3819 1713">
     <span class='ocr_line' id='line_1_45' title="bbox 2169 1639 3819 1713; baseline 0.002 -18"><span class='ocrx_word' id='word_1_305' title='bbox 2169 1656 2380 1695; x_wconf 89' lang='lat' dir='ltr'><strong>manus</strong></span> <span class='ocrx_word' id='word_1_306' title='bbox 2406 1639 2629 1696; x_wconf 88' lang='lat' dir='ltr'><strong>elevare</strong></span> <span class='ocrx_word' id='word_1_307' title='bbox 2659 1656 2775 1695; x_wconf 91' lang='lat' dir='ltr'><strong>non</strong></span> <span class='ocrx_word' id='word_1_308' title='bbox 2807 1639 3104 1708; x_wconf 91' lang='lat' dir='ltr'><strong>omittaut,</strong></span> <span class='ocrx_word' id='word_1_309' title='bbox 3140 1644 3206 1696; x_wconf 92' lang='lat' dir='ltr'><strong>ut</strong></span> <span class='ocrx_word' id='word_1_310' title='bbox 3236 1640 3308 1697; x_wconf 89' lang='lat' dir='ltr'><strong>de</strong></span> <span class='ocrx_word' id='word_1_311' title='bbox 3335 1643 3503 1696; x_wconf 80' lang='lat' dir='ltr'><strong>tanta</strong></span> <span class='ocrx_word' id='word_1_312' title='bbox 3541 1640 3819 1713; x_wconf 69' lang='lat' dir='ltr'><strong>voragine</strong></span> 
     </span>
    </p>
   </div>
   <div class='ocr_carea' id='block_1_46' title="bbox 2166 1727 3815 1799">
    <p class='ocr_par' dir='ltr' id='par_1_46' title="bbox 2166 1727 3815 1799">
     <span class='ocr_line' id='line_1_46' title="bbox 2166 1727 3815 1799; baseline 0.002 -16"><span class='ocrx_word' id='word_1_313' title='bbox 2166 1727 2338 1783; x_wconf 88' lang='lat' dir='ltr'><strong>citius</strong></span> <span class='ocrx_word' id='word_1_314' title='bbox 2371 1728 2607 1784; x_wconf 83' lang='lat' dir='ltr'><strong>liberari</strong></span> <span class='ocrx_word' id='word_1_315' title='bbox 2638 1728 2866 1786; x_wconf 86' lang='lat' dir='ltr'><strong>valeant</strong></span> <span class='ocrx_word' id='word_1_316' title='bbox 2902 1753 2917 1797; x_wconf 86' lang='lat'><strong>;</strong></span> <span class='ocrx_word' id='word_1_317' title='bbox 2945 1727 3231 1799; x_wconf 83' lang='lat' dir='ltr'><strong>scriptum</strong></span> <span class='ocrx_word' id='word_1_318' title='bbox 3259 1732 3354 1783; x_wconf 83' lang='lat' dir='ltr'><strong>est</strong></span> <span class='ocrx_word' id='word_1_319' title='bbox 3383 1729 3541 1790; x_wconf 85' lang='lat' dir='ltr'><strong>enim</strong></span> <span class='ocrx_word' id='word_1_320' title='bbox 3577 1730 3815 1790; x_wconf 63' lang='lat' dir='ltr'><strong>:ﬂmnis</strong></span> 
     </span>
    </p>
   </div>
   <div class='ocr_carea' id='block_1_47' title="bbox 2167 1817 3819 1889">
    <p class='ocr_par' dir='ltr' id='par_1_47' title="bbox 2167 1817 3819 1889">
     <span class='ocr_line' id='line_1_47' title="bbox 2167 1817 3819 1889; baseline 0.003 -18"><span class='ocrx_word' id='word_1_321' title='bbox 2167 1819 2262 1888; x_wconf 82' lang='lat' dir='ltr'><strong>qui</strong></span> <span class='ocrx_word' id='word_1_322' title='bbox 2285 1820 2426 1888; x_wconf 79' lang='lat' dir='ltr'><strong>petit</strong></span> <span class='ocrx_word' id='word_1_323' title='bbox 2454 1819 2659 1888; x_wconf 84' lang='lat' dir='ltr'><strong>accipit</strong></span> <span class='ocrx_word' id='word_1_324' title='bbox 2689 1820 2739 1872; x_wconf 87' lang='lat' dir='ltr'><strong>et</strong></span> <span class='ocrx_word' id='word_1_325' title='bbox 2797 1818 2894 1888; x_wconf 76' lang='lat' dir='ltr'><strong>qui</strong></span> <span class='ocrx_word' id='word_1_326' title='bbox 2924 1818 3124 1888; x_wconf 74' lang='lat' dir='ltr'><strong>quaerit</strong></span> <span class='ocrx_word' id='word_1_327' title='bbox 3177 1817 3390 1874; x_wconf 72' lang='lat' dir='ltr'><strong>iuvem!</strong></span> <span class='ocrx_word' id='word_1_328' title='bbox 3411 1835 3436 1884; x_wconf 80' lang='lat'><strong>,°</strong></span> <span class='ocrx_word' id='word_1_329' title='bbox 3457 1821 3519 1876; x_wconf 81' lang='lat' dir='ltr'><strong>et</strong></span> <span class='ocrx_word' id='word_1_330' title='bbox 3558 1821 3819 1889; x_wconf 59' lang='lat' dir='ltr'><strong>patranti</strong></span> 
     </span>
    </p>
   </div>
   <div class='ocr_carea' id='block_1_48' title="bbox 2168 1905 3819 1978">
    <p class='ocr_par' dir='ltr' id='par_1_48' title="bbox 2168 1905 3819 1978">
     <span class='ocr_line' id='line_1_48' title="bbox 2168 1905 3819 1978; baseline 0.001 -16"><span class='ocrx_word' id='word_1_331' title='bbox 2168 1909 2451 1977; x_wconf 80' lang='lat' dir='ltr'><strong>aperietur</strong></span> <span class='ocrx_word' id='word_1_332' title='bbox 2479 1907 2687 1977; x_wconf 80' lang='lat' dir='ltr'><strong>(Matth.</strong></span> <span class='ocrx_word' id='word_1_333' title='bbox 2720 1906 3100 1976; x_wconf 85' lang='lat' dir='ltr'><strong>vn,2).Tanta</strong></span> <span class='ocrx_word' id='word_1_334' title='bbox 3125 1921 3264 1976; x_wconf 89' lang='lat' dir='ltr'><strong>ergo</strong></span> <span class='ocrx_word' id='word_1_335' title='bbox 3299 1905 3532 1969; x_wconf 83' lang='lat' dir='ltr'><strong>Domini</strong></span> <span class='ocrx_word' id='word_1_336' title='bbox 3557 1908 3819 1978; x_wconf 81' lang='lat' dir='ltr'><strong>promis-</strong></span> 
     </span>
    </p>
   </div>
   <div class='ocr_carea' id='block_1_49' title="bbox 2167 1994 3815 2065">
    <p class='ocr_par' dir='ltr' id='par_1_49' title="bbox 2167 1994 3815 2065">
     <span class='ocr_line' id='line_1_49' title="bbox 2167 1994 3815 2065; baseline 0.001 -14"><span class='ocrx_word' id='word_1_337' title='bbox 2167 1995 2350 2065; x_wconf 90' lang='lat' dir='ltr'><strong>sione,</strong></span> <span class='ocrx_word' id='word_1_338' title='bbox 2385 1994 2778 2064; x_wconf 82' lang='lat' dir='ltr'><strong>fratres,nihil</strong></span> <span class='ocrx_word' id='word_1_339' title='bbox 2809 1995 3172 2064; x_wconf 84' lang='lat' dir='ltr'><strong>haesitantes,</strong></span> <span class='ocrx_word' id='word_1_340' title='bbox 3195 1994 3483 2056; x_wconf 81' lang='lat' dir='ltr'><strong>castitatis</strong></span> <span class='ocrx_word' id='word_1_341' title='bbox 3513 1996 3815 2054; x_wconf 69' lang='lat' dir='ltr'><strong>tt&#39;amitem</strong></span> 
     </span>
    </p>
   </div>
   <div class='ocr_carea' id='block_1_50' title="bbox 2167 2084 3821 2156">
    <p class='ocr_par' dir='ltr' id='par_1_50' title="bbox 2167 2084 3821 2156">
     <span class='ocr_line' id='line_1_50' title="bbox 2167 2084 3821 2156; baseline 0.002 -18"><span class='ocrx_word' id='word_1_342' title='bbox 2167 2084 2576 2140; x_wconf 88' lang='lat' dir='ltr'><strong>incunctanter</strong></span> <span class='ocrx_word' id='word_1_343' title='bbox 2603 2084 2862 2155; x_wconf 86' lang='lat' dir='ltr'><strong>arripite.</strong></span> <span class='ocrx_word' id='word_1_344' title='bbox 2891 2084 3076 2141; x_wconf 85' lang='lat' dir='ltr'><strong>Dabit</strong></span> <span class='ocrx_word' id='word_1_345' title='bbox 3106 2101 3316 2156; x_wconf 88' lang='lat' dir='ltr'><strong>nempe</strong></span> <span class='ocrx_word' id='word_1_346' title='bbox 3368 2086 3821 2156; x_wconf 63' lang='lat' dir='ltr'><strong>perseverantia</strong></span> 
     </span>
    </p>
   </div>
   <div class='ocr_carea' id='block_1_51' title="bbox 2169 2172 3822 2248">
    <p class='ocr_par' dir='ltr' id='par_1_51' title="bbox 2169 2172 3822 2248">
     <span class='ocr_line' id='line_1_51' title="bbox 2169 2172 3822 2248; baseline 0.001 -18"><span class='ocrx_word' id='word_1_347' title='bbox 2169 2173 2617 2245; x_wconf 81' lang='lat' dir='ltr'><strong>perfectum,qui</strong></span> <span class='ocrx_word' id='word_1_348' title='bbox 2648 2172 3019 2229; x_wconf 58' lang='lat' dir='ltr'><strong>continentia</strong></span> <span class='ocrx_word' id='word_1_349' title='bbox 3043 2173 3203 2229; x_wconf 89' lang='lat' dir='ltr'><strong>dedit</strong></span> <span class='ocrx_word' id='word_1_350' title='bbox 3225 2173 3662 2232; x_wconf 85' lang='lat' dir='ltr'><strong>mandatum.Si</strong></span> <span class='ocrx_word' id='word_1_351' title='bbox 3687 2174 3822 2248; x_wconf 86' lang='lat' dir='ltr'><strong>quis</strong></span> 
     </span>
    </p>
   </div>
   <div class='ocr_carea' id='block_1_52' title="bbox 2168 2260 3825 2335">
    <p class='ocr_par' dir='ltr' id='par_1_52' title="bbox 2168 2260 3825 2335">
     <span class='ocr_line' id='line_1_52' title="bbox 2168 2260 3825 2335; baseline 0.002 -16"><span class='ocrx_word' id='word_1_352' title='bbox 2168 2269 2363 2319; x_wconf 86' lang='lat' dir='ltr'><strong>autem</strong></span> <span class='ocrx_word' id='word_1_353' title='bbox 2397 2262 2684 2335; x_wconf 69' lang='lat' dir='ltr'><strong>superbiae</strong></span> <span class='ocrx_word' id='word_1_354' title='bbox 2716 2260 2975 2318; x_wconf 87' lang='lat' dir='ltr'><strong>stimulis</strong></span> <span class='ocrx_word' id='word_1_355' title='bbox 3004 2262 3192 2318; x_wconf 90' lang='lat' dir='ltr'><strong>elatus</strong></span> <span class='ocrx_word' id='word_1_356' title='bbox 3239 2261 3329 2318; x_wconf 88' lang='lat' dir='ltr'><strong>vel</strong></span> <span class='ocrx_word' id='word_1_357' title='bbox 3387 2263 3825 2334; x_wconf 61' lang='lat' dir='ltr'><strong>desperationis</strong></span> 
     </span>
    </p>
   </div>
   <div class='ocr_carea' id='block_1_53' title="bbox 2165 2351 3825 2424">
    <p class='ocr_par' dir='ltr' id='par_1_53' title="bbox 2165 2351 3825 2424">
     <span class='ocr_line' id='line_1_53' title="bbox 2165 2351 3825 2424; baseline 0.002 -17"><span class='ocrx_word' id='word_1_358' title='bbox 2165 2352 2300 2408; x_wconf 85' lang='lat' dir='ltr'><strong>tabe</strong></span> <span class='ocrx_word' id='word_1_359' title='bbox 2328 2353 2676 2424; x_wconf 84' lang='lat' dir='ltr'><strong>proﬂigatus</strong></span> <span class='ocrx_word' id='word_1_360' title='bbox 2700 2367 3012 2422; x_wconf 84' lang='lat' dir='ltr'><strong>assurgere</strong></span> <span class='ocrx_word' id='word_1_361' title='bbox 3041 2351 3386 2424; x_wconf 82' lang='lat' dir='ltr'><strong>neglexerit,</strong></span> <span class='ocrx_word' id='word_1_362' title='bbox 3413 2367 3530 2407; x_wconf 89' lang='lat' dir='ltr'><strong>non</strong></span> <span class='ocrx_word' id='word_1_363' title='bbox 3562 2351 3674 2411; x_wconf 77' lang='lat' dir='ltr'><strong>hoc</strong></span> <span class='ocrx_word' id='word_1_364' title='bbox 3692 2353 3825 2410; x_wconf 82' lang='lat' dir='ltr'><strong>abs-</strong></span> 
     </span>
    </p>
   </div>
   <div class='ocr_carea' id='block_1_54' title="bbox 2168 2439 3824 2514">
    <p class='ocr_par' dir='ltr' id='par_1_54' title="bbox 2168 2439 3824 2514">
     <span class='ocr_line' id='line_1_54' title="bbox 2168 2439 3824 2514; baseline 0.001 -18"><span class='ocrx_word' id='word_1_365' title='bbox 2168 2457 2281 2512; x_wconf 85' lang='lat' dir='ltr'><strong>que</strong></span> <span class='ocrx_word' id='word_1_366' title='bbox 2310 2441 2403 2496; x_wconf 90' lang='lat' dir='ltr'><strong>sui</strong></span> <span class='ocrx_word' id='word_1_367' title='bbox 2438 2441 2694 2513; x_wconf 90' lang='lat' dir='ltr'><strong>periculo</strong></span> <span class='ocrx_word' id='word_1_368' title='bbox 2726 2440 2945 2512; x_wconf 86' lang='lat' dir='ltr'><strong>gradus</strong></span> <span class='ocrx_word' id='word_1_369' title='bbox 3001 2441 3244 2498; x_wconf 90' lang='lat' dir='ltr'><strong>omnino</strong></span> <span class='ocrx_word' id='word_1_370' title='bbox 3302 2439 3606 2508; x_wconf 84' lang='lat' dir='ltr'><strong>transibit,</strong></span> <span class='ocrx_word' id='word_1_371' title='bbox 3664 2442 3824 2514; x_wconf 87' lang='lat' dir='ltr'><strong>quod</strong></span> 
     </span>
    </p>
   </div>
   <div class='ocr_carea' id='block_1_55' title="bbox 2169 2528 3826 2595">
    <p class='ocr_par' dir='ltr' id='par_1_55' title="bbox 2169 2528 3826 2595">
     <span class='ocr_line' id='line_1_55' title="bbox 2169 2528 3826 2595; baseline 0.003 -12"><span class='ocrx_word' id='word_1_372' title='bbox 2169 2528 2464 2584; x_wconf 87' lang='lat' dir='ltr'><strong>nullorum</strong></span> <span class='ocrx_word' id='word_1_373' title='bbox 2495 2531 2821 2595; x_wconf 86' lang='lat' dir='ltr'><strong>dociorum.</strong></span> <span class='ocrx_word' id='word_1_374' title='bbox 2911 2571 2924 2584; x_wconf 96' lang='lat'><strong>.</strong></span> <span class='ocrx_word' id='word_1_375' title='bbox 3009 2572 3022 2586; x_wconf 95' lang='lat'><strong>.</strong></span> <span class='ocrx_word' id='word_1_376' title='bbox 3101 2571 3114 2584; x_wconf 95' lang='lat'><strong>.</strong></span> <span class='ocrx_word' id='word_1_377' title='bbox 3197 2571 3210 2583; x_wconf 94' lang='lat'><strong>.</strong></span> <span class='ocrx_word' id='word_1_378' title='bbox 3291 2570 3304 2584; x_wconf 95' lang='lat'><strong>.</strong></span> <span class='ocrx_word' id='word_1_379' title='bbox 3387 2570 3401 2584; x_wconf 95' lang='lat'><strong>.</strong></span> <span class='ocrx_word' id='word_1_380' title='bbox 3487 2571 3501 2584; x_wconf 94' lang='lat'><strong>.</strong></span> <span class='ocrx_word' id='word_1_381' title='bbox 3589 2572 3602 2585; x_wconf 94' lang='lat'><strong>.</strong></span> <span class='ocrx_word' id='word_1_382' title='bbox 3646 2529 3826 2588; x_wconf 83' lang='lat' dir='ltr'><strong>malis</strong></span> 
     </span>
    </p>
   </div>
   <div class='ocr_carea' id='block_1_56' title="bbox 2168 2615 3826 2688">
    <p class='ocr_par' dir='ltr' id='par_1_56' title="bbox 2168 2615 3826 2688">
     <span class='ocr_line' id='line_1_56' title="bbox 2168 2615 3826 2688; baseline 0.002 -16"><span class='ocrx_word' id='word_1_383' title='bbox 2168 2615 2395 2672; x_wconf 89' lang='lat' dir='ltr'><strong>actibus</strong></span> <span class='ocrx_word' id='word_1_384' title='bbox 2426 2617 2619 2672; x_wconf 90' lang='lat' dir='ltr'><strong>divino</strong></span> <span class='ocrx_word' id='word_1_385' title='bbox 2649 2617 2904 2673; x_wconf 86' lang='lat' dir='ltr'><strong>examini</strong></span> <span class='ocrx_word' id='word_1_386' title='bbox 2934 2621 3266 2685; x_wconf 81' lang='lat' dir='ltr'><strong>occurrant,</strong></span> <span class='ocrx_word' id='word_1_387' title='bbox 3299 2634 3478 2688; x_wconf 85' lang='lat' dir='ltr'><strong>quem</strong></span> <span class='ocrx_word' id='word_1_388' title='bbox 3527 2618 3826 2676; x_wconf 78' lang='lat' dir='ltr'><strong>infelicem</strong></span> 
     </span>
    </p>
   </div>
   <div class='ocr_carea' id='block_1_57' title="bbox 2168 2704 3827 2779">
    <p class='ocr_par' dir='ltr' id='par_1_57' title="bbox 2168 2704 3827 2779">
     <span class='ocr_line' id='line_1_57' title="bbox 2168 2704 3827 2779; baseline 0.004 -21"><span class='ocrx_word' id='word_1_389' title='bbox 2168 2704 2414 2777; x_wconf 77' lang='lat' dir='ltr'><strong>propriae</strong></span> <span class='ocrx_word' id='word_1_390' title='bbox 2447 2705 2696 2761; x_wconf 90' lang='lat' dir='ltr'><strong>nimium</strong></span> <span class='ocrx_word' id='word_1_391' title='bbox 2727 2705 3070 2776; x_wconf 83' lang='lat' dir='ltr'><strong>iniquitates</strong></span> <span class='ocrx_word' id='word_1_392' title='bbox 3098 2710 3368 2778; x_wconf 83' lang='lat' dir='ltr'><strong>gravant,</strong></span> <span class='ocrx_word' id='word_1_393' title='bbox 3397 2708 3500 2764; x_wconf 87' lang='lat' dir='ltr'><strong>sed</strong></span> <span class='ocrx_word' id='word_1_394' title='bbox 3530 2707 3734 2779; x_wconf 71' lang='lat' dir='ltr'><strong>potius</strong></span> <span class='ocrx_word' id='word_1_395' title='bbox 3757 2709 3827 2764; x_wconf 83' lang='lat' dir='ltr'><strong>de</strong></span> 
     </span>
    </p>
   </div>
   <div class='ocr_carea' id='block_1_58' title="bbox 2168 2792 3826 2868">
    <p class='ocr_par' dir='ltr' id='par_1_58' title="bbox 2168 2792 3826 2868">
     <span class='ocr_line' id='line_1_58' title="bbox 2168 2792 3826 2868; baseline 0.005 -22"><span class='ocrx_word' id='word_1_396' title='bbox 2168 2795 2364 2847; x_wconf 88' lang='lat' dir='ltr'><strong>vestra</strong></span> <span class='ocrx_word' id='word_1_397' title='bbox 2389 2792 2545 2848; x_wconf 89' lang='lat' dir='ltr'><strong>bona</strong></span> <span class='ocrx_word' id='word_1_398' title='bbox 2566 2792 3000 2850; x_wconf 88' lang='lat' dir='ltr'><strong>conversatione</strong></span> <span class='ocrx_word' id='word_1_399' title='bbox 3023 2793 3329 2854; x_wconf 88' lang='lat' dir='ltr'><strong>nobiscum</strong></span> <span class='ocrx_word' id='word_1_400' title='bbox 3360 2795 3737 2868; x_wconf 87' lang='lat' dir='ltr'><strong>gratulari,et</strong></span> <span class='ocrx_word' id='word_1_401' title='bbox 3757 2799 3826 2854; x_wconf 86' lang='lat' dir='ltr'><strong>ab</strong></span> 
     </span>
    </p>
   </div>
   <div class='ocr_carea' id='block_1_59' title="bbox 2169 2879 3825 2954">
    <p class='ocr_par' dir='ltr' id='par_1_59' title="bbox 2169 2879 3825 2954">
     <span class='ocr_line' id='line_1_59' title="bbox 2169 2879 3825 2954; baseline 0.005 -20"><span class='ocrx_word' id='word_1_402' title='bbox 2169 2879 2702 2936; x_wconf 89' lang='lat' dir='ltr'><strong>innumerabilibus</strong></span> <span class='ocrx_word' id='word_1_403' title='bbox 2730 2880 2956 2938; x_wconf 89' lang='lat' dir='ltr'><strong>delictis</strong></span> <span class='ocrx_word' id='word_1_404' title='bbox 2987 2897 3214 2938; x_wconf 87' lang='lat' dir='ltr'><strong>merear</strong></span> <span class='ocrx_word' id='word_1_405' title='bbox 3263 2884 3552 2954; x_wconf 87' lang='lat' dir='ltr'><strong>excusari,</strong></span> <span class='ocrx_word' id='word_1_406' title='bbox 3603 2885 3825 2943; x_wconf 81' lang='lat' dir='ltr'><strong>Jacobs</strong></span> 
     </span>
    </p>
   </div>
   <div class='ocr_carea' id='block_1_60' title="bbox 2171 2968 3822 3043">
    <p class='ocr_par' dir='ltr' id='par_1_60' title="bbox 2171 2968 3822 3043">
     <span class='ocr_line' id='line_1_60' title="bbox 2171 2968 3822 3043; baseline 0.004 -20"><span class='ocrx_word' id='word_1_407' title='bbox 2171 2968 2397 3025; x_wconf 89' lang='lat' dir='ltr'><strong>dicente</strong></span> <span class='ocrx_word' id='word_1_408' title='bbox 2421 2969 2683 3041; x_wconf 89' lang='lat' dir='ltr'><strong>apostolo</strong></span> <span class='ocrx_word' id='word_1_409' title='bbox 2716 2970 2853 3038; x_wconf 84' lang='lat' dir='ltr'><strong>:Qui</strong></span> <span class='ocrx_word' id='word_1_410' title='bbox 2879 2972 3124 3028; x_wconf 80' lang='lat' dir='ltr'><strong>converti</strong></span> <span class='ocrx_word' id='word_1_411' title='bbox 3148 2973 3343 3040; x_wconf 79' lang='lat' dir='ltr'><strong>fecerit</strong></span> <span class='ocrx_word' id='word_1_412' title='bbox 3371 2978 3727 3043; x_wconf 77' lang='lat' dir='ltr'><strong>peccatorem</strong></span> <span class='ocrx_word' id='word_1_413' title='bbox 3759 2976 3822 3030; x_wconf 88' lang='lat' dir='ltr'><strong>ab</strong></span> 
     </span>
    </p>
   </div>
   <div class='ocr_carea' id='block_1_61' title="bbox 2168 3060 3828 3130">
    <p class='ocr_par' dir='ltr' id='par_1_61' title="bbox 2168 3060 3828 3130">
     <span class='ocr_line' id='line_1_61' title="bbox 2168 3060 3828 3130; baseline 0.002 -16"><span class='ocrx_word' id='word_1_414' title='bbox 2168 3073 2352 3114; x_wconf 82' lang='lat' dir='ltr'><strong>errore</strong></span> <span class='ocrx_word' id='word_1_415' title='bbox 2379 3060 2480 3114; x_wconf 74' lang='lat' dir='ltr'><strong>viae</strong></span> <span class='ocrx_word' id='word_1_416' title='bbox 2509 3074 2640 3129; x_wconf 73' lang='lat' dir='ltr'><strong>suae,</strong></span> <span class='ocrx_word' id='word_1_417' title='bbox 2679 3060 2909 3115; x_wconf 80' lang='lat' dir='ltr'><strong>satvavit</strong></span> <span class='ocrx_word' id='word_1_418' title='bbox 2967 3061 3219 3116; x_wconf 81' lang='lat' dir='ltr'><strong>animam</strong></span> <span class='ocrx_word' id='word_1_419' title='bbox 3275 3060 3394 3130; x_wconf 67' lang='lat' dir='ltr'><strong>ejus</strong></span> <span class='ocrx_word' id='word_1_420' title='bbox 3449 3077 3486 3115; x_wconf 82' lang='grc' dir='ltr'>α</span> <span class='ocrx_word' id='word_1_421' title='bbox 3539 3071 3747 3130; x_wconf 80' lang='lat' dir='ltr'><strong>morte,</strong></span> <span class='ocrx_word' id='word_1_422' title='bbox 3776 3067 3828 3119; x_wconf 81' lang='lat' dir='ltr'><strong>et</strong></span> 
     </span>
    </p>
   </div>
   <div class='ocr_carea' id='block_1_62' title="bbox 2168 3147 3825 3219">
    <p class='ocr_par' dir='ltr' id='par_1_62' title="bbox 2168 3147 3825 3219">
     <span class='ocr_line' id='line_1_62' title="bbox 2168 3147 3825 3219; baseline 0.004 -17"><span class='ocrx_word' id='word_1_423' title='bbox 2168 3147 2371 3218; x_wconf 83' lang='lat' dir='ltr'><strong>aperiet</strong></span> <span class='ocrx_word' id='word_1_424' title='bbox 2398 3147 2810 3204; x_wconf 80' lang='lat' dir='ltr'><strong>multitudinem</strong></span> <span class='ocrx_word' id='word_1_425' title='bbox 2841 3151 3184 3219; x_wconf 77' lang='lat' dir='ltr'><strong>peccatorum</strong></span> <span class='ocrx_word' id='word_1_426' title='bbox 3213 3149 3351 3219; x_wconf 85' lang='lat' dir='ltr'><strong>(Jac.</strong></span> <span class='ocrx_word' id='word_1_427' title='bbox 3384 3165 3441 3215; x_wconf 86' lang='grc' dir='ltr'><strong>ν,</strong></span> <span class='ocrx_word' id='word_1_428' title='bbox 3472 3150 3585 3219; x_wconf 81' lang='grc'>20).</span> <span class='ocrx_word' id='word_1_429' title='bbox 3641 3151 3825 3208; x_wconf 87' lang='lat' dir='ltr'><strong>Vobis</strong></span> 
     </span>
    </p>
   </div>
   <div class='ocr_carea' id='block_1_63' title="bbox 2167 3236 3829 3309">
    <p class='ocr_par' dir='ltr' id='par_1_63' title="bbox 2167 3236 3829 3309">
     <span class='ocr_line' id='line_1_63' title="bbox 2167 3236 3829 3309; baseline 0.004 -19"><span class='ocrx_word' id='word_1_430' title='bbox 2167 3253 2299 3292; x_wconf 90' lang='lat' dir='ltr'><strong>vero</strong></span> <span class='ocrx_word' id='word_1_431' title='bbox 2332 3237 2559 3292; x_wconf 72' lang='lat' dir='ltr'><strong>fratres.</strong></span> <span class='ocrx_word' id='word_1_432' title='bbox 2609 3254 2758 3309; x_wconf 90' lang='lat' dir='ltr'><strong>quos</strong></span> <span class='ocrx_word' id='word_1_433' title='bbox 2813 3236 3018 3294; x_wconf 88' lang='lat' dir='ltr'><strong>oculus</strong></span> <span class='ocrx_word' id='word_1_434' title='bbox 3081 3236 3308 3292; x_wconf 89' lang='lat' dir='ltr'><strong>Domini</strong></span> <span class='ocrx_word' id='word_1_435' title='bbox 3363 3236 3829 3298; x_wconf 82' lang='lat' dir='ltr'><strong>misericorditer</strong></span> 
     </span>
    </p>
   </div>
   <div class='ocr_carea' id='block_1_64' title="bbox 409 3309 3829 3402">
    <p class='ocr_par' dir='ltr' id='par_1_64' title="bbox 409 3309 3829 3402">
     <span class='ocr_line' id='line_1_64' title="bbox 409 3309 3829 3402; baseline 0.002 -26"><span class='ocrx_word' id='word_1_436' title='bbox 409 3320 787 3394; x_wconf 85' lang='lat' dir='ltr'><strong>abstergitur.</strong></span> <span class='ocrx_word' id='word_1_437' title='bbox 821 3321 913 3380; x_wconf 92' lang='lat' dir='ltr'><strong>Sic</strong></span> <span class='ocrx_word' id='word_1_438' title='bbox 944 3328 1148 3379; x_wconf 88' lang='lat' dir='ltr'><strong>sancta</strong></span> <span class='ocrx_word' id='word_1_439' title='bbox 1179 3324 1434 3380; x_wconf 88' lang='lat' dir='ltr'><strong>Ecclesia</strong></span> <span class='ocrx_word' id='word_1_440' title='bbox 1484 3325 1707 3398; x_wconf 87' lang='lat' dir='ltr'><strong>unitur,</strong></span> <span class='ocrx_word' id='word_1_441' title='bbox 1739 3309 2060 3383; x_wconf 78' lang='lat' dir='ltr'><strong>dissensio-</strong></span> <span class='ocrx_word' id='word_1_442' title='bbox 2090 3309 2132 3377; x_wconf 82' lang='lat' dir='ltr'>C</span> <span class='ocrx_word' id='word_1_443' title='bbox 2161 3325 2288 3395; x_wconf 89' lang='lat' dir='ltr'><strong>jam</strong></span> <span class='ocrx_word' id='word_1_444' title='bbox 2321 3327 2591 3397; x_wconf 79' lang='lat' dir='ltr'><strong>respexit,</strong></span> <span class='ocrx_word' id='word_1_445' title='bbox 2623 3330 2680 3383; x_wconf 89' lang='lat' dir='ltr'><strong>et</strong></span> <span class='ocrx_word' id='word_1_446' title='bbox 2706 3343 2739 3382; x_wconf 90' lang='lat' dir='ltr'><strong>a</strong></span> <span class='ocrx_word' id='word_1_447' title='bbox 2769 3325 2988 3383; x_wconf 90' lang='lat' dir='ltr'><strong>talibus</strong></span> <span class='ocrx_word' id='word_1_448' title='bbox 3020 3325 3194 3396; x_wconf 90' lang='lat' dir='ltr'><strong>eruit,</strong></span> <span class='ocrx_word' id='word_1_449' title='bbox 3254 3342 3358 3396; x_wconf 90' lang='lat' dir='ltr'><strong>pro</strong></span> <span class='ocrx_word' id='word_1_450' title='bbox 3413 3325 3547 3382; x_wconf 89' lang='lat' dir='ltr'><strong>aliis</strong></span> <span class='ocrx_word' id='word_1_451' title='bbox 3595 3329 3829 3402; x_wconf 86' lang='lat' dir='ltr'><strong>jugiter</strong></span> 
     </span>
    </p>
   </div>
   <div class='ocr_carea' id='block_1_65' title="bbox 408 3408 2060 3487">
    <p class='ocr_par' dir='ltr' id='par_1_65' title="bbox 408 3408 2060 3487">
     <span class='ocr_line' id='line_1_65' title="bbox 408 3408 2060 3487; baseline 0.007 -25"><span class='ocrx_word' id='word_1_452' title='bbox 408 3408 522 3476; x_wconf 88' lang='lat' dir='ltr'><strong>nis,</strong></span> <span class='ocrx_word' id='word_1_453' title='bbox 553 3413 609 3465; x_wconf 90' lang='lat' dir='ltr'><strong>et</strong></span> <span class='ocrx_word' id='word_1_454' title='bbox 647 3409 878 3466; x_wconf 63' lang='lat' dir='ltr'><strong>invidia</strong></span> <span class='ocrx_word' id='word_1_455' title='bbox 925 3412 1078 3468; x_wconf 90' lang='lat' dir='ltr'><strong>rima</strong></span> <span class='ocrx_word' id='word_1_456' title='bbox 1121 3412 1285 3469; x_wconf 89' lang='lat' dir='ltr'><strong>nulla</strong></span> <span class='ocrx_word' id='word_1_457' title='bbox 1345 3415 1726 3487; x_wconf 89' lang='lat' dir='ltr'><strong>conspicitur.</strong></span> <span class='ocrx_word' id='word_1_458' title='bbox 1778 3417 1943 3480; x_wconf 90' lang='lat' dir='ltr'><strong>Quod</strong></span> <span class='ocrx_word' id='word_1_459' title='bbox 1994 3421 2060 3472; x_wconf 86' lang='lat' dir='ltr'><strong>ut</strong></span> 
     </span>
    </p>
   </div>
   <div class='ocr_carea' id='block_1_66' title="bbox 406 3497 2053 3574">
    <p class='ocr_par' dir='ltr' id='par_1_66' title="bbox 406 3497 2053 3574">
     <span class='ocr_line' id='line_1_66' title="bbox 406 3497 2053 3574; baseline 0.005 -21"><span class='ocrx_word' id='word_1_460' title='bbox 406 3497 715 3556; x_wconf 89' lang='lat' dir='ltr'><strong>observare</strong></span> <span class='ocrx_word' id='word_1_461' title='bbox 743 3499 1006 3571; x_wconf 89' lang='lat' dir='ltr'><strong>possitis,</strong></span> <span class='ocrx_word' id='word_1_462' title='bbox 1057 3502 1292 3572; x_wconf 80' lang='lat' dir='ltr'><strong>adjuvet</strong></span> <span class='ocrx_word' id='word_1_463' title='bbox 1323 3502 1515 3559; x_wconf 89' lang='lat' dir='ltr'><strong>trinus</strong></span> <span class='ocrx_word' id='word_1_464' title='bbox 1546 3507 1604 3560; x_wconf 90' lang='lat' dir='ltr'><strong>et</strong></span> <span class='ocrx_word' id='word_1_465' title='bbox 1661 3521 1817 3560; x_wconf 91' lang='lat' dir='ltr'><strong>unus</strong></span> <span class='ocrx_word' id='word_1_466' title='bbox 1876 3505 2053 3574; x_wconf 87' lang='lat' dir='ltr'><strong>Deus,</strong></span> 
     </span>
    </p>
   </div>
   <div class='ocr_carea' id='block_1_67' title="bbox 405 3585 2054 3662">
    <p class='ocr_par' dir='ltr' id='par_1_67' title="bbox 405 3585 2054 3662">
     <span class='ocr_line' id='line_1_67' title="bbox 405 3585 2054 3662; baseline 0.005 -21"><span class='ocrx_word' id='word_1_467' title='bbox 405 3585 506 3658; x_wconf 90' lang='lat' dir='ltr'><strong>qui</strong></span> <span class='ocrx_word' id='word_1_468' title='bbox 535 3586 675 3644; x_wconf 89' lang='lat' dir='ltr'><strong>vivit</strong></span> <span class='ocrx_word' id='word_1_469' title='bbox 705 3592 761 3644; x_wconf 93' lang='lat' dir='ltr'><strong>et</strong></span> <span class='ocrx_word' id='word_1_470' title='bbox 791 3593 996 3662; x_wconf 87' lang='lat' dir='ltr'><strong>regnat</strong></span> <span class='ocrx_word' id='word_1_471' title='bbox 1027 3607 1130 3662; x_wconf 90' lang='lat' dir='ltr'><strong>per</strong></span> <span class='ocrx_word' id='word_1_472' title='bbox 1160 3591 1360 3648; x_wconf 90' lang='lat' dir='ltr'><strong>omnia</strong></span> <span class='ocrx_word' id='word_1_473' title='bbox 1416 3593 1634 3649; x_wconf 68' lang='lat' dir='ltr'><strong>saecula</strong></span> <span class='ocrx_word' id='word_1_474' title='bbox 1683 3593 2054 3650; x_wconf 69' lang='lat' dir='ltr'><strong>saaculorum.</strong></span> 
     </span>
    </p>
   </div>
   <div class='ocr_carea' id='block_1_68' title="bbox 402 3675 608 3732">
    <p class='ocr_par' dir='ltr' id='par_1_68' title="bbox 402 3675 608 3732">
     <span class='ocr_line' id='line_1_68' title="bbox 402 3675 608 3732; baseline -0.01 0"><span class='ocrx_word' id='word_1_475' title='bbox 402 3675 608 3732; x_wconf 86' lang='lat' dir='ltr'><strong>Amen.</strong></span> 
     </span>
    </p>
   </div>
   <div class='ocr_carea' id='block_1_69' title="bbox 1013 3764 1446 3822">
    <p class='ocr_par' dir='ltr' id='par_1_69' title="bbox 1013 3764 1446 3822">
     <span class='ocr_line' id='line_1_69' title="bbox 1013 3764 1446 3822; baseline 0.005 -3"><span class='ocrx_word' id='word_1_476' title='bbox 1013 3764 1357 3821; x_wconf 83' lang='lat' dir='ltr'><strong>EPISTOLA</strong></span> <span class='ocrx_word' id='word_1_477' title='bbox 1379 3767 1446 3822; x_wconf 89' lang='lat' dir='ltr'><strong>X.</strong></span> 
     </span>
    </p>
   </div>
   <div class='ocr_carea' id='block_1_70' title="bbox 1045 3870 1413 3910">
    <p class='ocr_par' dir='ltr' id='par_1_70' title="bbox 1045 3870 1413 3910">
     <span class='ocr_line' id='line_1_70' title="bbox 1045 3870 1413 3910; baseline 0.005 -3"><span class='ocrx_word' id='word_1_478' title='bbox 1045 3870 1119 3908; x_wconf 78' lang='lat' dir='ltr'><strong>AD</strong></span> <span class='ocrx_word' id='word_1_479' title='bbox 1167 3870 1413 3910; x_wconf 81' lang='lat' dir='ltr'><strong>EOSDEM.</strong></span> 
     </span>
    </p>
   </div>
   <div class='ocr_carea' id='block_1_71' title="bbox 476 3937 2057 4016">
    <p class='ocr_par' dir='ltr' id='par_1_71' title="bbox 476 3937 2057 4016">
     <span class='ocr_line' id='line_1_71' title="bbox 476 3937 2057 4016; baseline 0.008 -24"><span class='ocrx_word' id='word_1_480' title='bbox 476 3937 626 3996; x_wconf 78' lang='lat' dir='ltr'><strong>A&#39;I&#39;ro</strong></span> <span class='ocrx_word' id='word_1_481' title='bbox 656 3939 845 4010; x_wconf 85' lang='lat' dir='ltr'><strong>gratia</strong></span> <span class='ocrx_word' id='word_1_482' title='bbox 868 3939 971 3997; x_wconf 90' lang='lat' dir='ltr'><strong>Dei</strong></span> <span class='ocrx_word' id='word_1_483' title='bbox 998 3940 1241 3998; x_wconf 89' lang='lat' dir='ltr'><strong>humilis</strong></span> <span class='ocrx_word' id='word_1_484' title='bbox 1290 3943 1622 4016; x_wconf 90' lang='lat' dir='ltr'><strong>episcopus,</strong></span> <span class='ocrx_word' id='word_1_485' title='bbox 1682 3949 1912 4004; x_wconf 84' lang='lat' dir='ltr'><strong>cunctis</strong></span> <span class='ocrx_word' id='word_1_486' title='bbox 1959 3965 2057 4004; x_wconf 88' lang='lat' dir='ltr'><strong>sa-</strong></span> 
     </span>
    </p>
   </div>
   <div class='ocr_carea' id='block_1_72' title="bbox 408 4025 2054 4103">
    <p class='ocr_par' dir='ltr' id='par_1_72' title="bbox 408 4025 2054 4103">
     <span class='ocr_line' id='line_1_72' title="bbox 408 4025 2054 4103; baseline 0.008 -24"><span class='ocrx_word' id='word_1_487' title='bbox 408 4025 742 4103; x_wconf 85' lang='lat' dir='ltr'><strong>cerdotibus</strong></span> <span class='ocrx_word' id='word_1_488' title='bbox 775 4045 1099 4102; x_wconf 88' lang='lat' dir='ltr'><strong>eorumque</strong></span> <span class='ocrx_word' id='word_1_489' title='bbox 1128 4031 1420 4089; x_wconf 88' lang='lat' dir='ltr'><strong>ministris</strong></span> <span class='ocrx_word' id='word_1_490' title='bbox 1468 4033 1528 4088; x_wconf 90' lang='lat' dir='ltr'><strong>iu</strong></span> <span class='ocrx_word' id='word_1_491' title='bbox 1577 4041 1780 4092; x_wconf 88' lang='lat' dir='ltr'><strong>nostra</strong></span> <span class='ocrx_word' id='word_1_492' title='bbox 1830 4037 2054 4094; x_wconf 88' lang='lat' dir='ltr'><strong>Vercel-</strong></span> 
     </span>
    </p>
   </div>
   <div class='ocr_carea' id='block_1_73' title="bbox 404 4112 2052 4184">
    <p class='ocr_par' dir='ltr' id='par_1_73' title="bbox 404 4112 2052 4184">
     <span class='ocr_line' id='line_1_73' title="bbox 404 4112 2052 4184; baseline 0.01 -16"><span class='ocrx_word' id='word_1_493' title='bbox 404 4112 556 4174; x_wconf 84' lang='lat' dir='ltr'><strong>lensi</strong></span> <span class='ocrx_word' id='word_1_494' title='bbox 586 4116 852 4174; x_wconf 83' lang='lat' dir='ltr'><strong>dioecessi</strong></span> <span class='ocrx_word' id='word_1_495' title='bbox 883 4121 1385 4178; x_wconf 85' lang='lat' dir='ltr'><strong>commorantibus</strong></span> <span class='ocrx_word' id='word_1_496' title='bbox 1414 4127 1639 4180; x_wconf 66' lang='lat' dir='ltr'><strong>aeternae</strong></span> <span class='ocrx_word' id='word_1_497' title='bbox 1671 4123 1965 4184; x_wconf 82' lang='lat' dir='ltr'><strong>felicitatis</strong></span> <span class='ocrx_word' id='word_1_498' title='bbox 1987 4143 2052 4184; x_wconf 93' lang='lat' dir='ltr'><strong>co</strong></span> 
     </span>
    </p>
   </div>
   <div class='ocr_carea' id='block_1_74' title="bbox 406 4219 636 4274">
    <p class='ocr_par' dir='ltr' id='par_1_74' title="bbox 406 4219 636 4274">
     <span class='ocr_line' id='line_1_74' title="bbox 406 4219 636 4274; baseline 0.013 -18"><span class='ocrx_word' id='word_1_499' title='bbox 406 4219 636 4274; x_wconf 86' lang='lat' dir='ltr'><strong>ronam.</strong></span> 
     </span>
    </p>
   </div>
   <div class='ocr_carea' id='block_1_75' title="bbox 475 4291 2052 4374">
    <p class='ocr_par' dir='ltr' id='par_1_75' title="bbox 475 4291 2052 4374">
     <span class='ocr_line' id='line_1_75' title="bbox 475 4291 2052 4374; baseline 0.009 -28"><span class='ocrx_word' id='word_1_500' title='bbox 475 4291 613 4355; x_wconf 72' lang='lat' dir='ltr'><strong>Quae</strong></span> <span class='ocrx_word' id='word_1_501' title='bbox 642 4292 859 4364; x_wconf 69' lang='lat' dir='ltr'><strong>saepius</strong></span> <span class='ocrx_word' id='word_1_502' title='bbox 891 4301 1274 4370; x_wconf 89' lang='lat' dir='ltr'><strong>usurpantur,</strong></span> <span class='ocrx_word' id='word_1_503' title='bbox 1307 4298 1662 4374; x_wconf 81' lang='lat' dir='ltr'><strong>cbarissimi,</strong></span> <span class='ocrx_word' id='word_1_504' title='bbox 1707 4302 1921 4374; x_wconf 68' lang='lat' dir='ltr'><strong>saepius</strong></span> <span class='ocrx_word' id='word_1_505' title='bbox 1952 4304 2052 4360; x_wconf 93' lang='lat' dir='ltr'><strong>de-</strong></span> 
     </span>
    </p>
   </div>
   <div class='ocr_carea' id='block_1_76' title="bbox 402 4380 2048 4463">
    <p class='ocr_par' dir='ltr' id='par_1_76' title="bbox 402 4380 2048 4463">
     <span class='ocr_line' id='line_1_76' title="bbox 402 4380 2048 4463; baseline 0.009 -29"><span class='ocrx_word' id='word_1_506' title='bbox 402 4380 674 4450; x_wconf 85' lang='lat' dir='ltr'><strong>testando</strong></span> <span class='ocrx_word' id='word_1_507' title='bbox 707 4381 1080 4458; x_wconf 85' lang='lat' dir='ltr'><strong>reprimenda</strong></span> <span class='ocrx_word' id='word_1_508' title='bbox 1111 4390 1270 4458; x_wconf 89' lang='lat' dir='ltr'><strong>sunt,</strong></span> <span class='ocrx_word' id='word_1_509' title='bbox 1300 4387 1483 4444; x_wconf 91' lang='lat' dir='ltr'><strong>donec</strong></span> <span class='ocrx_word' id='word_1_510' title='bbox 1541 4389 1838 4446; x_wconf 84' lang='lat' dir='ltr'><strong>exinanita</strong></span> <span class='ocrx_word' id='word_1_511' title='bbox 1867 4396 1922 4446; x_wconf 91' lang='lat' dir='ltr'><strong>et</strong></span> <span class='ocrx_word' id='word_1_512' title='bbox 1952 4409 2048 4463; x_wconf 89' lang='lat' dir='ltr'><strong>pe-</strong></span> 
     </span>
    </p>
   </div>
   <div class='ocr_carea' id='block_1_77' title="bbox 402 4468 2050 4550">
    <p class='ocr_par' dir='ltr' id='par_1_77' title="bbox 402 4468 2050 4550">
     <span class='ocr_line' id='line_1_77' title="bbox 402 4468 2050 4550; baseline 0.007 -27"><span class='ocrx_word' id='word_1_513' title='bbox 402 4468 562 4546; x_wconf 80' lang='lat' dir='ltr'><strong>nitus</strong></span> <span class='ocrx_word' id='word_1_514' title='bbox 619 4470 839 4528; x_wconf 85' lang='lat' dir='ltr'><strong>abolita</strong></span> <span class='ocrx_word' id='word_1_515' title='bbox 895 4474 1216 4531; x_wconf 88' lang='lat' dir='ltr'><strong>deﬁciant:</strong></span> <span class='ocrx_word' id='word_1_516' title='bbox 1252 4476 1302 4531; x_wconf 89' lang='lat' dir='ltr'><strong>si</strong></span> <span class='ocrx_word' id='word_1_517' title='bbox 1353 4480 1553 4533; x_wconf 90' lang='lat' dir='ltr'><strong>autem</strong></span> <span class='ocrx_word' id='word_1_518' title='bbox 1619 4483 1754 4550; x_wconf 91' lang='lat' dir='ltr'><strong>post</strong></span> <span class='ocrx_word' id='word_1_519' title='bbox 1808 4479 2050 4536; x_wconf 87' lang='lat' dir='ltr'><strong>interdi-</strong></span> 
     </span>
    </p>
   </div>
   <div class='ocr_carea' id='block_1_78' title="bbox 402 4559 2047 4642">
    <p class='ocr_par' dir='ltr' id='par_1_78' title="bbox 402 4559 2047 4642">
     <span class='ocr_line' id='line_1_78' title="bbox 402 4559 2047 4642; baseline 0.008 -30"><span class='ocrx_word' id='word_1_520' title='bbox 402 4561 564 4616; x_wconf 86' lang='lat' dir='ltr'><strong>ctum</strong></span> <span class='ocrx_word' id='word_1_521' title='bbox 598 4559 863 4632; x_wconf 84' lang='lat' dir='ltr'><strong>neglecta</strong></span> <span class='ocrx_word' id='word_1_522' title='bbox 892 4562 1130 4630; x_wconf 80' lang='lat' dir='ltr'><strong>fuerint,</strong></span> <span class='ocrx_word' id='word_1_523' title='bbox 1190 4570 1246 4620; x_wconf 90' lang='lat' dir='ltr'><strong>et</strong></span> <span class='ocrx_word' id='word_1_524' title='bbox 1303 4566 1857 4628; x_wconf 62' lang='lat' dir='ltr'><strong>silcutiopoutecta</strong></span> <span class='ocrx_word' id='word_1_525' title='bbox 1912 4587 2047 4642; x_wconf 87' lang='lat' dir='ltr'><strong>per-</strong></span> 
     </span>
    </p>
   </div>
   <div class='ocr_carea' id='block_1_79' title="bbox 2169 3413 3824 3487">
    <p class='ocr_par' dir='ltr' id='par_1_79' title="bbox 2169 3413 3824 3487">
     <span class='ocr_line' id='line_1_79' title="bbox 2169 3413 3824 3487; baseline 0.002 -15"><span class='ocrx_word' id='word_1_526' title='bbox 2169 3413 2638 3486; x_wconf 88' lang='lat' dir='ltr'><strong>Omuipotentem</strong></span> <span class='ocrx_word' id='word_1_527' title='bbox 2651 3415 2883 3487; x_wconf 81' lang='lat' dir='ltr'><strong>expedit</strong></span> <span class='ocrx_word' id='word_1_528' title='bbox 2902 3431 3139 3472; x_wconf 80' lang='lat' dir='ltr'><strong>exorare</strong></span> <span class='ocrx_word' id='word_1_529' title='bbox 3163 3415 3440 3486; x_wconf 87' lang='lat' dir='ltr'><strong>ipsosque</strong></span> <span class='ocrx_word' id='word_1_530' title='bbox 3453 3414 3824 3475; x_wconf 82' lang='lat' dir='ltr'><strong>salutaribus</strong></span> 
     </span>
    </p>
   </div>
   <div class='ocr_carea' id='block_1_80' title="bbox 2166 3503 3822 3578">
    <p class='ocr_par' dir='ltr' id='par_1_80' title="bbox 2166 3503 3822 3578">
     <span class='ocr_line' id='line_1_80' title="bbox 2166 3503 3822 3578; baseline 0.004 -20"><span class='ocrx_word' id='word_1_531' title='bbox 2166 3503 2408 3560; x_wconf 90' lang='lat' dir='ltr'><strong>monitis</strong></span> <span class='ocrx_word' id='word_1_532' title='bbox 2430 3507 2502 3560; x_wconf 87' lang='lat' dir='ltr'><strong>ad</strong></span> <span class='ocrx_word' id='word_1_533' title='bbox 2527 3504 2771 3560; x_wconf 84' lang='lat' dir='ltr'><strong>metiora</strong></span> <span class='ocrx_word' id='word_1_534' title='bbox 2801 3504 3069 3560; x_wconf 88' lang='lat' dir='ltr'><strong>convenit</strong></span> <span class='ocrx_word' id='word_1_535' title='bbox 3096 3503 3406 3571; x_wconf 86' lang='lat' dir='ltr'><strong>exhortari,</strong></span> <span class='ocrx_word' id='word_1_536' title='bbox 3431 3507 3497 3560; x_wconf 85' lang='lat' dir='ltr'><strong>ut</strong></span> <span class='ocrx_word' id='word_1_537' title='bbox 3525 3520 3634 3563; x_wconf 83' lang='lat' dir='ltr'><strong>eos</strong></span> <span class='ocrx_word' id='word_1_538' title='bbox 3668 3523 3822 3578; x_wconf 87' lang='lat' dir='ltr'><strong>quo-</strong></span> 
     </span>
    </p>
   </div>
   <div class='ocr_carea' id='block_1_81' title="bbox 2166 3592 3819 3664">
    <p class='ocr_par' dir='ltr' id='par_1_81' title="bbox 2166 3592 3819 3664">
     <span class='ocr_line' id='line_1_81' title="bbox 2166 3592 3819 3664; baseline 0.004 -17"><span class='ocrx_word' id='word_1_539' title='bbox 2166 3607 2282 3663; x_wconf 88' lang='lat' dir='ltr'><strong>quo</strong></span> <span class='ocrx_word' id='word_1_540' title='bbox 2332 3592 2506 3648; x_wconf 91' lang='lat' dir='ltr'><strong>modo</strong></span> <span class='ocrx_word' id='word_1_541' title='bbox 2547 3593 2846 3650; x_wconf 87' lang='lat' dir='ltr'><strong>vobiscum</strong></span> <span class='ocrx_word' id='word_1_542' title='bbox 2902 3594 3119 3664; x_wconf 88' lang='lat' dir='ltr'><strong>pariter</strong></span> <span class='ocrx_word' id='word_1_543' title='bbox 3171 3592 3414 3650; x_wconf 87' lang='lat' dir='ltr'><strong>valeatis</strong></span> <span class='ocrx_word' id='word_1_544' title='bbox 3469 3592 3819 3662; x_wconf 82' lang='lat' dir='ltr'><strong>sublimare,</strong></span> 
     </span>
    </p>
   </div>
   <div class='ocr_carea' id='block_1_82' title="bbox 2167 3679 3822 3755">
    <p class='ocr_par' dir='ltr' id='par_1_82' title="bbox 2167 3679 3822 3755">
     <span class='ocr_line' id='line_1_82' title="bbox 2167 3679 3822 3755; baseline 0.004 -20"><span class='ocrx_word' id='word_1_545' title='bbox 2167 3679 2394 3736; x_wconf 91' lang='lat' dir='ltr'><strong>dicente</strong></span> <span class='ocrx_word' id='word_1_546' title='bbox 2415 3681 2664 3738; x_wconf 90' lang='lat' dir='ltr'><strong>Domino</strong></span> <span class='ocrx_word' id='word_1_547' title='bbox 2696 3701 2713 3736; x_wconf 91' lang='lat'><strong><em>:</em></strong></span> <span class='ocrx_word' id='word_1_548' title='bbox 2745 3682 2806 3738; x_wconf 84' lang='lat' dir='ltr'><strong>Si</strong></span> <span class='ocrx_word' id='word_1_549' title='bbox 2831 3685 3011 3753; x_wconf 76' lang='lat' dir='ltr'><strong>frater</strong></span> <span class='ocrx_word' id='word_1_550' title='bbox 3033 3685 3268 3755; x_wconf 81' lang='lat' dir='ltr'><strong>fratrem</strong></span> <span class='ocrx_word' id='word_1_551' title='bbox 3294 3681 3592 3753; x_wconf 69' lang='lat' dir='ltr'><strong>adjuvant.</strong></span> <span class='ocrx_word' id='word_1_552' title='bbox 3653 3685 3822 3741; x_wconf 77' lang='lat' dir='ltr'><strong>ambo</strong></span> 
     </span>
    </p>
   </div>
   <div class='ocr_carea' id='block_1_83' title="bbox 2171 3769 3820 3842">
    <p class='ocr_par' dir='ltr' id='par_1_83' title="bbox 2171 3769 3820 3842">
     <span class='ocr_line' id='line_1_83' title="bbox 2171 3769 3820 3842; baseline 0.004 -18"><span class='ocrx_word' id='word_1_553' title='bbox 2171 3769 2589 3826; x_wconf 75' lang='lat' dir='ltr'><strong>exaltabuntur.</strong></span> <span class='ocrx_word' id='word_1_554' title='bbox 2622 3772 2692 3827; x_wconf 90' lang='lat' dir='ltr'><strong>Et</strong></span> <span class='ocrx_word' id='word_1_555' title='bbox 2737 3770 2955 3828; x_wconf 90' lang='lat' dir='ltr'><strong>Paulus</strong></span> <span class='ocrx_word' id='word_1_556' title='bbox 3011 3770 3326 3842; x_wconf 80' lang='lat' dir='ltr'><strong>Apostolus</strong></span> <span class='ocrx_word' id='word_1_557' title='bbox 3355 3791 3375 3825; x_wconf 89' lang='lat'><strong><em>:</em></strong></span> <span class='ocrx_word' id='word_1_558' title='bbox 3404 3772 3556 3829; x_wconf 74' lang='lat' dir='ltr'><strong>Alter</strong></span> <span class='ocrx_word' id='word_1_559' title='bbox 3582 3775 3820 3830; x_wconf 70' lang='lat' dir='ltr'><strong>atteriu:</strong></span> 
     </span>
    </p>
   </div>
   <div class='ocr_carea' id='block_1_84' title="bbox 2167 3859 3816 3932">
    <p class='ocr_par' dir='ltr' id='par_1_84' title="bbox 2167 3859 3816 3932">
     <span class='ocr_line' id='line_1_84' title="bbox 2167 3859 3816 3932; baseline 0.004 -21"><span class='ocrx_word' id='word_1_560' title='bbox 2167 3872 2333 3913; x_wconf 85' lang='lat' dir='ltr'><strong>onera</strong></span> <span class='ocrx_word' id='word_1_561' title='bbox 2355 3868 2573 3929; x_wconf 80' lang='lat' dir='ltr'><strong>portate</strong></span> <span class='ocrx_word' id='word_1_562' title='bbox 2599 3868 2650 3916; x_wconf 85' lang='lat' dir='ltr'><strong>et</strong></span> <span class='ocrx_word' id='word_1_563' title='bbox 2676 3862 2756 3916; x_wconf 78' lang='lat' dir='ltr'><strong>sic</strong></span> <span class='ocrx_word' id='word_1_564' title='bbox 2785 3861 3171 3932; x_wconf 70' lang='lat' dir='ltr'><strong>adimplebiti:</strong></span> <span class='ocrx_word' id='word_1_565' title='bbox 3203 3860 3374 3931; x_wconf 82' lang='lat' dir='ltr'><strong>legem</strong></span> <span class='ocrx_word' id='word_1_566' title='bbox 3407 3859 3613 3920; x_wconf 71' lang='lat' dir='ltr'><strong>Christi</strong></span> <span class='ocrx_word' id='word_1_567' title='bbox 3672 3861 3816 3932; x_wconf 82' lang='lat' dir='ltr'><strong>(Gal.</strong></span> 
     </span>
    </p>
   </div>
   <div class='ocr_carea' id='block_1_85' title="bbox 2163 3947 3809 4020">
    <p class='ocr_par' dir='ltr' id='par_1_85' title="bbox 2163 3947 3809 4020">
     <span class='ocr_line' id='line_1_85' title="bbox 2163 3947 3809 4020; baseline 0.004 -19"><span class='ocrx_word' id='word_1_568' title='bbox 2163 3963 2238 4017; x_wconf 72' lang='lat' dir='ltr'><strong>vx,</strong></span> <span class='ocrx_word' id='word_1_569' title='bbox 2271 3947 2347 4016; x_wconf 85' lang='lat'><strong>2).</strong></span> <span class='ocrx_word' id='word_1_570' title='bbox 2383 3949 2448 4004; x_wconf 91' lang='lat' dir='ltr'><strong>Et</strong></span> <span class='ocrx_word' id='word_1_571' title='bbox 2476 3949 2729 4006; x_wconf 88' lang='lat' dir='ltr'><strong>Jacobus</strong></span> <span class='ocrx_word' id='word_1_572' title='bbox 2759 3949 2842 4004; x_wconf 93' lang='lat' dir='ltr'><strong>ait</strong></span> <span class='ocrx_word' id='word_1_573' title='bbox 2875 3965 2888 4006; x_wconf 91' lang='lat'>:</span> <span class='ocrx_word' id='word_1_574' title='bbox 2923 3950 3087 4006; x_wconf 87' lang='lat' dir='ltr'><strong>Orate</strong></span> <span class='ocrx_word' id='word_1_575' title='bbox 3112 3965 3218 4020; x_wconf 83' lang='lat' dir='ltr'><strong>pro</strong></span> <span class='ocrx_word' id='word_1_576' title='bbox 3257 3950 3494 4005; x_wconf 78' lang='lat' dir='ltr'><strong>invicem</strong></span> <span class='ocrx_word' id='word_1_577' title='bbox 3544 3957 3606 4006; x_wconf 78' lang='lat' dir='ltr'><strong>ut</strong></span> <span class='ocrx_word' id='word_1_578' title='bbox 3629 3952 3809 4007; x_wconf 72' lang='lat' dir='ltr'><strong>salve-</strong></span> 
     </span>
    </p>
   </div>
   <div class='ocr_carea' id='block_1_86' title="bbox 2166 4037 3816 4109">
    <p class='ocr_par' dir='ltr' id='par_1_86' title="bbox 2166 4037 3816 4109">
     <span class='ocr_line' id='line_1_86' title="bbox 2166 4037 3816 4109; baseline 0.004 -20"><span class='ocrx_word' id='word_1_579' title='bbox 2166 4037 2310 4091; x_wconf 85' lang='lat' dir='ltr'><strong>mini</strong></span> <span class='ocrx_word' id='word_1_580' title='bbox 2337 4037 2471 4108; x_wconf 86' lang='lat' dir='ltr'><strong>(Jac.</strong></span> <span class='ocrx_word' id='word_1_581' title='bbox 2504 4055 2558 4093; x_wconf 89' lang='lat' dir='ltr'><strong>v.</strong></span> <span class='ocrx_word' id='word_1_582' title='bbox 2593 4039 2702 4109; x_wconf 81' lang='grc'><strong>16).</strong></span> <span class='ocrx_word' id='word_1_583' title='bbox 2763 4043 2872 4094; x_wconf 89' lang='lat' dir='ltr'><strong>Per</strong></span> <span class='ocrx_word' id='word_1_584' title='bbox 2923 4037 3232 4094; x_wconf 89' lang='lat' dir='ltr'><strong>Dominum</strong></span> <span class='ocrx_word' id='word_1_585' title='bbox 3289 4041 3560 4094; x_wconf 88' lang='lat' dir='ltr'><strong>nostrum</strong></span> <span class='ocrx_word' id='word_1_586' title='bbox 3607 4038 3816 4095; x_wconf 85' lang='lat' dir='ltr'><strong>Jesum</strong></span> 
     </span>
    </p>
   </div>
   <div class='ocr_carea' id='block_1_87' title="bbox 2166 4124 3817 4199">
    <p class='ocr_par' dir='ltr' id='par_1_87' title="bbox 2166 4124 3817 4199">
     <span class='ocr_line' id='line_1_87' title="bbox 2166 4124 3817 4199; baseline 0.004 -21"><span class='ocrx_word' id='word_1_587' title='bbox 2166 4124 2484 4195; x_wconf 88' lang='lat' dir='ltr'><strong>Christum,</strong></span> <span class='ocrx_word' id='word_1_588' title='bbox 2517 4126 2619 4197; x_wconf 90' lang='lat' dir='ltr'><strong>qui</strong></span> <span class='ocrx_word' id='word_1_589' title='bbox 2655 4143 2789 4184; x_wconf 92' lang='lat' dir='ltr'><strong>cum</strong></span> <span class='ocrx_word' id='word_1_590' title='bbox 2823 4129 2987 4183; x_wconf 86' lang='lat' dir='ltr'><strong>Patre</strong></span> <span class='ocrx_word' id='word_1_591' title='bbox 3043 4131 3370 4197; x_wconf 90' lang='lat' dir='ltr'><strong>sanctoque</strong></span> <span class='ocrx_word' id='word_1_592' title='bbox 3426 4126 3648 4199; x_wconf 84' lang='lat' dir='ltr'><strong>Spiritu</strong></span> <span class='ocrx_word' id='word_1_593' title='bbox 3676 4128 3817 4185; x_wconf 86' lang='lat' dir='ltr'><strong>vivit</strong></span> 
     </span>
    </p>
   </div>
   <div class='ocr_carea' id='block_1_88' title="bbox 2167 4213 3812 4287">
    <p class='ocr_par' dir='ltr' id='par_1_88' title="bbox 2167 4213 3812 4287">
     <span class='ocr_line' id='line_1_88' title="bbox 2167 4213 3812 4287; baseline 0.003 -20"><span class='ocrx_word' id='word_1_594' title='bbox 2167 4218 2224 4268; x_wconf 92' lang='lat' dir='ltr'><strong>et</strong></span> <span class='ocrx_word' id='word_1_595' title='bbox 2253 4213 2537 4285; x_wconf 86' lang='lat' dir='ltr'><strong>gloriatur</strong></span> <span class='ocrx_word' id='word_1_596' title='bbox 2566 4219 2718 4274; x_wconf 86' lang='lat' dir='ltr'><strong>Deus</strong></span> <span class='ocrx_word' id='word_1_597' title='bbox 2757 4232 2860 4287; x_wconf 87' lang='lat' dir='ltr'><strong>per</strong></span> <span class='ocrx_word' id='word_1_598' title='bbox 2913 4215 3114 4274; x_wconf 89' lang='lat' dir='ltr'><strong>omnia</strong></span> <span class='ocrx_word' id='word_1_599' title='bbox 3171 4215 3384 4274; x_wconf 64' lang='lat' dir='ltr'><strong>secula</strong></span> <span class='ocrx_word' id='word_1_600' title='bbox 3441 4216 3812 4274; x_wconf 67' lang='lat' dir='ltr'><strong>seculorum.</strong></span> 
     </span>
    </p>
   </div>
   <div class='ocr_carea' id='block_1_89' title="bbox 2165 4305 2376 4360">
    <p class='ocr_par' dir='ltr' id='par_1_89' title="bbox 2165 4305 2376 4360">
     <span class='ocr_line' id='line_1_89' title="bbox 2165 4305 2376 4360; baseline 0.005 -3"><span class='ocrx_word' id='word_1_601' title='bbox 2165 4305 2376 4360; x_wconf 85' lang='lat' dir='ltr'><strong>Amen.</strong></span> 
     </span>
    </p>
   </div>
   <div class='ocr_carea' id='block_1_90' title="bbox 2735 4393 3222 4450">
    <p class='ocr_par' dir='ltr' id='par_1_90' title="bbox 2735 4393 3222 4450">
     <span class='ocr_line' id='line_1_90' title="bbox 2735 4393 3222 4450; baseline 0 -2"><span class='ocrx_word' id='word_1_602' title='bbox 2735 4393 3095 4450; x_wconf 65' lang='lat' dir='ltr'><strong>EPISTULA</strong></span> <span class='ocrx_word' id='word_1_603' title='bbox 3125 4393 3222 4450; x_wconf 83' lang='lat' dir='ltr'><strong>XI.</strong></span> 
     </span>
    </p>
   </div>
   <div class='ocr_carea' id='block_1_91' title="bbox 2607 4497 3361 4540">
    <p class='ocr_par' dir='ltr' id='par_1_91' title="bbox 2607 4497 3361 4540">
     <span class='ocr_line' id='line_1_91' title="bbox 2607 4497 3361 4540; baseline -0.003 -2"><span class='ocrx_word' id='word_1_604' title='bbox 2607 4499 2681 4538; x_wconf 79' lang='lat' dir='ltr'><strong>AD</strong></span> <span class='ocrx_word' id='word_1_605' title='bbox 2718 4499 3158 4540; x_wconf 75' lang='lat' dir='ltr'><strong>SUFFRAGANROS</strong></span> <span class='ocrx_word' id='word_1_606' title='bbox 3197 4497 3361 4538; x_wconf 86' lang='lat' dir='ltr'><strong>SUOS.</strong></span> 
     </span>
    </p>
   </div>
   <div class='ocr_carea' id='block_1_92' title="bbox 2236 4569 3812 4629">
    <p class='ocr_par' dir='ltr' id='par_1_92' title="bbox 2236 4569 3812 4629">
     <span class='ocr_line' id='line_1_92' title="bbox 2236 4569 3812 4629; baseline 0.001 -5"><span class='ocrx_word' id='word_1_607' title='bbox 2236 4570 2634 4628; x_wconf 87' lang='lat' dir='ltr'><strong>Sanctissimis</strong></span> <span class='ocrx_word' id='word_1_608' title='bbox 2663 4577 2719 4628; x_wconf 88' lang='lat' dir='ltr'><strong>et</strong></span> <span class='ocrx_word' id='word_1_609' title='bbox 2747 4571 3146 4629; x_wconf 87' lang='lat' dir='ltr'><strong>dilectissimis</strong></span> <span class='ocrx_word' id='word_1_610' title='bbox 3164 4569 3560 4628; x_wconf 81' lang='lat' dir='ltr'><strong>contratribus</strong></span> <span class='ocrx_word' id='word_1_611' title='bbox 3587 4569 3710 4628; x_wconf 82' lang='lat' dir='ltr'><strong>illis</strong></span> <span class='ocrx_word' id='word_1_612' title='bbox 3724 4587 3812 4626; x_wconf 79' lang='lat' dir='ltr'><strong>ve-</strong></span> 
     </span>
    </p>
   </div>
   <div class='ocr_carea' id='block_1_93' title="bbox 405 4647 3813 4744">
    <p class='ocr_par' dir='ltr' id='par_1_93' title="bbox 405 4647 3813 4744">
     <span class='ocr_line' id='line_1_93' title="bbox 405 4647 3813 4744; baseline 0.004 -45"><span class='ocrx_word' id='word_1_613' title='bbox 405 4647 755 4744; x_wconf 63' lang='lat' dir='ltr'><strong>manserint,</strong></span> <span class='ocrx_word' id='word_1_614' title='bbox 789 4650 1225 4744; x_wconf 72' lang='lat' dir='ltr'><strong>magisarmari</strong></span> <span class='ocrx_word' id='word_1_615' title='bbox 1258 4670 1436 4744; x_wconf 87' lang='lat' dir='ltr'><strong>quam</strong></span> <span class='ocrx_word' id='word_1_616' title='bbox 1467 4656 1725 4744; x_wconf 83' lang='lat' dir='ltr'><strong>abdicari</strong></span> <span class='ocrx_word' id='word_1_617' title='bbox 1757 4658 2048 4716; x_wconf 90' lang='lat' dir='ltr'><strong>videntur.</strong></span> <span class='ocrx_word' id='word_1_618' title='bbox 2083 4677 2132 4744; x_wconf 72' lang='grc' dir='ltr'><strong>Β</strong></span> <span class='ocrx_word' id='word_1_619' title='bbox 2166 4659 2526 4716; x_wconf 89' lang='lat' dir='ltr'><strong>nerabilibus</strong></span> <span class='ocrx_word' id='word_1_620' title='bbox 2557 4660 2870 4732; x_wconf 90' lang='lat' dir='ltr'><strong>episcopis,</strong></span> <span class='ocrx_word' id='word_1_621' title='bbox 2901 4665 3037 4717; x_wconf 78' lang='lat' dir='ltr'><strong>Atto</strong></span> <span class='ocrx_word' id='word_1_622' title='bbox 3068 4659 3258 4731; x_wconf 84' lang='lat' dir='ltr'><strong>gratia</strong></span> <span class='ocrx_word' id='word_1_623' title='bbox 3282 4658 3386 4716; x_wconf 86' lang='lat' dir='ltr'><strong>Dei</strong></span> <span class='ocrx_word' id='word_1_624' title='bbox 3415 4657 3666 4716; x_wconf 82' lang='lat' dir='ltr'><strong>humilis</strong></span> <span class='ocrx_word' id='word_1_625' title='bbox 3699 4657 3813 4731; x_wconf 88' lang='lat' dir='ltr'><strong>epi-</strong></span> 
     </span>
    </p>
   </div>
   <div class='ocr_carea' id='block_1_94' title="bbox 403 4729 2054 4812">
    <p class='ocr_par' dir='ltr' id='par_1_94' title="bbox 403 4729 2054 4812">
     <span class='ocr_line' id='line_1_94' title="bbox 403 4729 2054 4812; baseline 0.013 -28"><span class='ocrx_word' id='word_1_626' title='bbox 403 4729 502 4788; x_wconf 74' lang='lat' dir='ltr'><strong>Vte</strong></span> <span class='ocrx_word' id='word_1_627' title='bbox 535 4733 692 4792; x_wconf 89' lang='lat' dir='ltr'><strong>enim</strong></span> <span class='ocrx_word' id='word_1_628' title='bbox 721 4734 893 4790; x_wconf 92' lang='lat' dir='ltr'><strong>nobis</strong></span> <span class='ocrx_word' id='word_1_629' title='bbox 923 4737 1160 4808; x_wconf 88' lang='lat' dir='ltr'><strong>erit,qui</strong></span> <span class='ocrx_word' id='word_1_630' title='bbox 1189 4740 1367 4812; x_wconf 83' lang='lat' dir='ltr'><strong>hujus</strong></span> <span class='ocrx_word' id='word_1_631' title='bbox 1401 4743 1710 4800; x_wconf 89' lang='lat' dir='ltr'><strong>ministerii</strong></span> <span class='ocrx_word' id='word_1_632' title='bbox 1741 4763 1890 4802; x_wconf 90' lang='lat' dir='ltr'><strong>onus</strong></span> <span class='ocrx_word' id='word_1_633' title='bbox 1921 4764 2054 4804; x_wconf 90' lang='lat' dir='ltr'><strong>sus-</strong></span> 
     </span>
    </p>
   </div>
   <div class='ocr_carea' id='block_1_95' title="bbox 405 4819 2056 4907">
    <p class='ocr_par' dir='ltr' id='par_1_95' title="bbox 405 4819 2056 4907">
     <span class='ocr_line' id='line_1_95' title="bbox 405 4819 2056 4907; baseline 0.012 -34"><span class='ocrx_word' id='word_1_634' title='bbox 405 4819 698 4894; x_wconf 84' lang='lat' dir='ltr'><strong>cepimus,</strong></span> <span class='ocrx_word' id='word_1_635' title='bbox 718 4821 768 4878; x_wconf 90' lang='lat' dir='ltr'><strong>si</strong></span> <span class='ocrx_word' id='word_1_636' title='bbox 799 4823 1102 4881; x_wconf 88' lang='lat' dir='ltr'><strong>veritatem</strong></span> <span class='ocrx_word' id='word_1_637' title='bbox 1134 4827 1449 4899; x_wconf 65' lang='lat' dir='ltr'><strong>praidicare</strong></span> <span class='ocrx_word' id='word_1_638' title='bbox 1477 4832 1924 4907; x_wconf 85' lang='lat' dir='ltr'><strong>neglexerimus,</strong></span> <span class='ocrx_word' id='word_1_639' title='bbox 1957 4840 2056 4894; x_wconf 74' lang='lat' dir='ltr'><strong>Vas</strong></span> 
     </span>
    </p>
   </div>
   <div class='ocr_carea' id='block_1_96' title="bbox 404 4907 2054 4996">
    <p class='ocr_par' dir='ltr' id='par_1_96' title="bbox 404 4907 2054 4996">
     <span class='ocr_line' id='line_1_96' title="bbox 404 4907 2054 4996; baseline 0.012 -33"><span class='ocrx_word' id='word_1_640' title='bbox 404 4907 575 4996; x_wconf 64' lang='lat' dir='ltr'><strong>nobis</strong></span> <span class='ocrx_word' id='word_1_641' title='bbox 605 4910 735 4979; x_wconf 88' lang='lat' dir='ltr'><strong>erit,</strong></span> <span class='ocrx_word' id='word_1_642' title='bbox 770 4909 820 4967; x_wconf 91' lang='lat' dir='ltr'><strong>si</strong></span> <span class='ocrx_word' id='word_1_643' title='bbox 852 4912 1086 4970; x_wconf 88' lang='lat' dir='ltr'><strong>silentio</strong></span> <span class='ocrx_word' id='word_1_644' title='bbox 1113 4916 1604 4988; x_wconf 86' lang='lat' dir='ltr'><strong>oppresserimus,</strong></span> <span class='ocrx_word' id='word_1_645' title='bbox 1637 4937 1764 4991; x_wconf 65' lang='lat' dir='ltr'><strong>quas</strong></span> <span class='ocrx_word' id='word_1_646' title='bbox 1816 4940 2054 4996; x_wconf 84' lang='lat' dir='ltr'><strong>erogare</strong></span> 
     </span>
    </p>
   </div>
   <div class='ocr_carea' id='block_1_97' title="bbox 403 4981 2053 5077">
    <p class='ocr_par' dir='ltr' id='par_1_97' title="bbox 403 4981 2053 5077">
     <span class='ocr_line' id='line_1_97' title="bbox 403 4981 2053 5077; baseline 0.012 -27"><span class='ocrx_word' id='word_1_647' title='bbox 403 4981 821 5077; x_wconf 72' lang='lat' dir='ltr'><strong>n&#39;ummulariis</strong></span> <span class='ocrx_word' id='word_1_648' title='bbox 838 4981 1297 5071; x_wconf 49' lang='lat' dir='ltr'><strong>jubemurh-uid</strong></span> <span class='ocrx_word' id='word_1_649' title='bbox 1322 5002 1380 5056; x_wconf 89' lang='lat' dir='ltr'><strong>in</strong></span> <span class='ocrx_word' id='word_1_650' title='bbox 1396 5004 1590 5060; x_wconf 89' lang='lat' dir='ltr'><strong>futuro</strong></span> <span class='ocrx_word' id='word_1_651' title='bbox 1612 4981 1824 5064; x_wconf 78' lang='lat' dir='ltr'><strong>dicturi</strong></span> <span class='ocrx_word' id='word_1_652' title='bbox 1845 4981 2053 5069; x_wconf 64' lang='lat' dir='ltr'><strong>suibus</strong></span> 
     </span>
    </p>
   </div>
   <div class='ocr_carea' id='block_1_98' title="bbox 405 5085 2053 5167">
    <p class='ocr_par' dir='ltr' id='par_1_98' title="bbox 405 5085 2053 5167">
     <span class='ocr_line' id='line_1_98' title="bbox 405 5085 2053 5167; baseline 0.01 -29"><span class='ocrx_word' id='word_1_653' title='bbox 405 5085 694 5156; x_wconf 84' lang='lat' dir='ltr'><strong>examine,</strong></span> <span class='ocrx_word' id='word_1_654' title='bbox 737 5087 786 5143; x_wconf 91' lang='lat' dir='ltr'><strong>si</strong></span> <span class='ocrx_word' id='word_1_655' title='bbox 847 5090 1147 5147; x_wconf 85' lang='lat' dir='ltr'><strong>veritatem</strong></span> <span class='ocrx_word' id='word_1_656' title='bbox 1208 5091 1626 5148; x_wconf 80' lang='lat' dir='ltr'><strong>confundimur</strong></span> <span class='ocrx_word' id='word_1_657' title='bbox 1689 5098 2053 5167; x_wconf 64' lang='lat' dir='ltr'><strong>praedicare?</strong></span> 
     </span>
    </p>
   </div>
   <div class='ocr_carea' id='block_1_99' title="bbox 398 5171 2051 5254">
    <p class='ocr_par' dir='ltr' id='par_1_99' title="bbox 398 5171 2051 5254">
     <span class='ocr_line' id='line_1_99' title="bbox 398 5171 2051 5254; baseline 0.012 -29"><span class='ocrx_word' id='word_1_658' title='bbox 398 5171 692 5246; x_wconf 85' lang='lat' dir='ltr'><strong>negligere</strong></span> <span class='ocrx_word' id='word_1_659' title='bbox 710 5175 863 5231; x_wconf 92' lang='lat' dir='ltr'><strong>enim</strong></span> <span class='ocrx_word' id='word_1_660' title='bbox 891 5177 988 5247; x_wconf 90' lang='lat' dir='ltr'><strong>qui</strong></span> <span class='ocrx_word' id='word_1_661' title='bbox 1012 5183 1206 5251; x_wconf 87' lang='lat' dir='ltr'><strong>potest</strong></span> <span class='ocrx_word' id='word_1_662' title='bbox 1237 5179 1550 5238; x_wconf 89' lang='lat' dir='ltr'><strong>deturbare</strong></span> <span class='ocrx_word' id='word_1_663' title='bbox 1575 5188 2051 5254; x_wconf 88' lang='lat' dir='ltr'><strong>perversos.nihil</strong></span> 
     </span>
    </p>
   </div>
   <div class='ocr_carea' id='block_1_100' title="bbox 403 5259 2049 5343">
    <p class='ocr_par' dir='ltr' id='par_1_100' title="bbox 403 5259 2049 5343">
     <span class='ocr_line' id='line_1_100' title="bbox 403 5259 2049 5343; baseline 0.012 -29"><span class='ocrx_word' id='word_1_664' title='bbox 403 5259 565 5319; x_wconf 87' lang='lat' dir='ltr'><strong>aliud</strong></span> <span class='ocrx_word' id='word_1_665' title='bbox 601 5266 691 5316; x_wconf 88' lang='lat' dir='ltr'><strong>est</strong></span> <span class='ocrx_word' id='word_1_666' title='bbox 720 5279 898 5334; x_wconf 89' lang='lat' dir='ltr'><strong>quam</strong></span> <span class='ocrx_word' id='word_1_667' title='bbox 933 5266 1265 5324; x_wconf 86' lang='lat' dir='ltr'><strong>fovere.Nec</strong></span> <span class='ocrx_word' id='word_1_668' title='bbox 1279 5274 1437 5325; x_wconf 89' lang='lat' dir='ltr'><strong>caret</strong></span> <span class='ocrx_word' id='word_1_669' title='bbox 1457 5272 1731 5343; x_wconf 89' lang='lat' dir='ltr'><strong>scrupulo</strong></span> <span class='ocrx_word' id='word_1_670' title='bbox 1757 5275 2049 5334; x_wconf 86' lang='lat' dir='ltr'><strong>societatis</strong></span> 
     </span>
    </p>
   </div>
   <div class='ocr_carea' id='block_1_101' title="bbox 393 5346 1938 5421">
    <p class='ocr_par' dir='ltr' id='par_1_101' title="bbox 393 5346 1938 5421">
     <span class='ocr_line' id='line_1_101' title="bbox 393 5346 1938 5421; baseline 0.01 -19"><span class='ocrx_word' id='word_1_671' title='bbox 393 5346 663 5418; x_wconf 63' lang='lat' dir='ltr'><strong>occulta),</strong></span> <span class='ocrx_word' id='word_1_672' title='bbox 698 5351 797 5421; x_wconf 91' lang='lat' dir='ltr'><strong>qui</strong></span> <span class='ocrx_word' id='word_1_673' title='bbox 829 5354 1139 5411; x_wconf 84' lang='lat' dir='ltr'><strong>manifeste</strong></span> <span class='ocrx_word' id='word_1_674' title='bbox 1172 5357 1412 5413; x_wconf 83' lang='lat' dir='ltr'><strong>facinori</strong></span> <span class='ocrx_word' id='word_1_675' title='bbox 1444 5358 1659 5416; x_wconf 87' lang='lat' dir='ltr'><strong>desinit</strong></span> <span class='ocrx_word' id='word_1_676' title='bbox 1687 5362 1938 5420; x_wconf 88' lang='lat' dir='ltr'><strong>obviare.</strong></span> 
     </span>
    </p>
   </div>
   <div class='ocr_carea' id='block_1_102' title="bbox 463 5435 2044 5522">
    <p class='ocr_par' dir='ltr' id='par_1_102' title="bbox 463 5435 2044 5522">
     <span class='ocr_line' id='line_1_102' title="bbox 463 5435 2044 5522; baseline 0.011 -30"><span class='ocrx_word' id='word_1_677' title='bbox 463 5435 542 5492; x_wconf 89' lang='lat' dir='ltr'><strong>De</strong></span> <span class='ocrx_word' id='word_1_678' title='bbox 575 5441 864 5498; x_wconf 85' lang='lat' dir='ltr'><strong>castitatis</strong></span> <span class='ocrx_word' id='word_1_679' title='bbox 891 5444 1106 5500; x_wconf 89' lang='lat' dir='ltr'><strong>etenim</strong></span> <span class='ocrx_word' id='word_1_680' title='bbox 1128 5446 1519 5515; x_wconf 85' lang='lat' dir='ltr'><strong>bono,fratres</strong></span> <span class='ocrx_word' id='word_1_681' title='bbox 1551 5450 2044 5522; x_wconf 51' lang='lat' dir='ltr'><strong>meigamdudum</strong></span> 
     </span>
    </p>
   </div>
   <div class='ocr_carea' id='block_1_103' title="bbox 387 5523 2043 5611">
    <p class='ocr_par' dir='ltr' id='par_1_103' title="bbox 387 5523 2043 5611">
     <span class='ocr_line' id='line_1_103' title="bbox 387 5523 2043 5611; baseline 0.013 -34"><span class='ocrx_word' id='word_1_682' title='bbox 387 5523 554 5579; x_wconf 89' lang='lat' dir='ltr'><strong>vobis</strong></span> <span class='ocrx_word' id='word_1_683' title='bbox 587 5525 784 5599; x_wconf 82' lang='lat' dir='ltr'><strong>aliqua</strong></span> <span class='ocrx_word' id='word_1_684' title='bbox 831 5532 1021 5587; x_wconf 90' lang='lat' dir='ltr'><strong>verbis</strong></span> <span class='ocrx_word' id='word_1_685' title='bbox 1081 5534 1485 5592; x_wconf 86' lang='lat' dir='ltr'><strong>intimavimus</strong></span> <span class='ocrx_word' id='word_1_686' title='bbox 1535 5541 1850 5611; x_wconf 62' lang='lat' dir='ltr'><strong>;qumdam</strong></span> <span class='ocrx_word' id='word_1_687' title='bbox 1909 5560 2043 5599; x_wconf 90' lang='lat' dir='ltr'><strong>vero</strong></span> 
     </span>
    </p>
   </div>
   <div class='ocr_carea' id='block_1_104' title="bbox 391 5612 2039 5702">
    <p class='ocr_par' dir='ltr' id='par_1_104' title="bbox 391 5612 2039 5702">
     <span class='ocr_line' id='line_1_104' title="bbox 391 5612 2039 5702; baseline 0.013 -35"><span class='ocrx_word' id='word_1_688' title='bbox 391 5612 593 5683; x_wconf 88' lang='lat' dir='ltr'><strong>criptis</strong></span> <span class='ocrx_word' id='word_1_689' title='bbox 615 5633 928 5688; x_wconf 69' lang='lat' dir='ltr'><strong>suggerere</strong></span> <span class='ocrx_word' id='word_1_690' title='bbox 958 5638 1075 5676; x_wconf 90' lang='lat' dir='ltr'><strong>non</strong></span> <span class='ocrx_word' id='word_1_691' title='bbox 1107 5624 1514 5681; x_wconf 88' lang='lat' dir='ltr'><strong>omisimus.lu</strong></span> <span class='ocrx_word' id='word_1_692' title='bbox 1541 5629 1758 5698; x_wconf 88' lang='lat' dir='ltr'><strong>quibus</strong></span> <span class='ocrx_word' id='word_1_693' title='bbox 1772 5632 2039 5702; x_wconf 75' lang='lat' dir='ltr'><strong>quaedam</strong></span> 
     </span>
    </p>
   </div>
   <div class='ocr_carea' id='block_1_105' title="bbox 388 5699 2037 5793">
    <p class='ocr_par' dir='ltr' id='par_1_105' title="bbox 388 5699 2037 5793">
     <span class='ocr_line' id='line_1_105' title="bbox 388 5699 2037 5793; baseline 0.015 -38"><span class='ocrx_word' id='word_1_694' title='bbox 388 5699 681 5761; x_wconf 87' lang='lat' dir='ltr'><strong>incentiva</strong></span> <span class='ocrx_word' id='word_1_695' title='bbox 704 5706 1147 5783; x_wconf 85' lang='lat' dir='ltr'><strong>descripsimus,</strong></span> <span class='ocrx_word' id='word_1_696' title='bbox 1171 5714 1417 5785; x_wconf 85' lang='lat' dir='ltr'><strong>ejusque</strong></span> <span class='ocrx_word' id='word_1_697' title='bbox 1435 5699 1807 5776; x_wconf 74' lang='lat' dir='ltr'><strong>calamitates</strong></span> <span class='ocrx_word' id='word_1_698' title='bbox 1821 5721 2037 5793; x_wconf 87' lang='lat' dir='ltr'><strong>partim</strong></span> 
     </span>
    </p>
   </div>
   <div class='ocr_carea' id='block_1_106' title="bbox 2166 4747 3811 4820">
    <p class='ocr_par' dir='ltr' id='par_1_106' title="bbox 2166 4747 3811 4820">
     <span class='ocr_line' id='line_1_106' title="bbox 2166 4747 3811 4820; baseline 0.001 -17"><span class='ocrx_word' id='word_1_699' title='bbox 2166 4765 2400 4820; x_wconf 88' lang='lat' dir='ltr'><strong>scopus,</strong></span> <span class='ocrx_word' id='word_1_700' title='bbox 2430 4749 2632 4806; x_wconf 84' lang='lat' dir='ltr'><strong>ﬁdeles</strong></span> <span class='ocrx_word' id='word_1_701' title='bbox 2661 4753 2720 4808; x_wconf 88' lang='lat' dir='ltr'><strong>in</strong></span> <span class='ocrx_word' id='word_1_702' title='bbox 2767 4749 2999 4806; x_wconf 83' lang='lat' dir='ltr'><strong>Christo</strong></span> <span class='ocrx_word' id='word_1_703' title='bbox 3059 4748 3352 4806; x_wconf 85' lang='lat' dir='ltr'><strong>orationes</strong></span> <span class='ocrx_word' id='word_1_704' title='bbox 3410 4763 3546 4805; x_wconf 87' lang='lat' dir='ltr'><strong>cum</strong></span> <span class='ocrx_word' id='word_1_705' title='bbox 3600 4747 3811 4804; x_wconf 80' lang='lat' dir='ltr'><strong>devoto</strong></span> 
     </span>
    </p>
   </div>
   <div class='ocr_carea' id='block_1_107' title="bbox 2165 4836 2474 4894">
    <p class='ocr_par' dir='ltr' id='par_1_107' title="bbox 2165 4836 2474 4894">
     <span class='ocr_line' id='line_1_107' title="bbox 2165 4836 2474 4894; baseline 0.006 -3"><span class='ocrx_word' id='word_1_706' title='bbox 2165 4836 2474 4894; x_wconf 82' lang='lat' dir='ltr'><strong>famulatu.</strong></span> 
     </span>
    </p>
   </div>
   <div class='ocr_carea' id='block_1_108' title="bbox 2238 4923 3813 4998">
    <p class='ocr_par' dir='ltr' id='par_1_108' title="bbox 2238 4923 3813 4998">
     <span class='ocr_line' id='line_1_108' title="bbox 2238 4923 3813 4998; baseline -0.001 -15"><span class='ocrx_word' id='word_1_707' title='bbox 2238 4926 2404 4983; x_wconf 86' lang='lat' dir='ltr'><strong>Novit</strong></span> <span class='ocrx_word' id='word_1_708' title='bbox 2436 4927 2696 4986; x_wconf 86' lang='lat' dir='ltr'><strong>charitas</strong></span> <span class='ocrx_word' id='word_1_709' title='bbox 2734 4931 2946 4994; x_wconf 85' lang='lat' dir='ltr'><strong>vestra,</strong></span> <span class='ocrx_word' id='word_1_710' title='bbox 2998 4926 3140 4998; x_wconf 88' lang='lat' dir='ltr'><strong>quia</strong></span> <span class='ocrx_word' id='word_1_711' title='bbox 3195 4924 3382 4982; x_wconf 88' lang='lat' dir='ltr'><strong>nostri</strong></span> <span class='ocrx_word' id='word_1_712' title='bbox 3428 4923 3813 4997; x_wconf 80' lang='lat' dir='ltr'><strong>principeset</strong></span> 
     </span>
    </p>
   </div>
   <div class='ocr_carea' id='block_1_109' title="bbox 2162 5013 3811 5087">
    <p class='ocr_par' dir='ltr' id='par_1_109' title="bbox 2162 5013 3811 5087">
     <span class='ocr_line' id='line_1_109' title="bbox 2162 5013 3811 5087; baseline 0.001 -18"><span class='ocrx_word' id='word_1_713' title='bbox 2162 5014 2407 5080; x_wconf 87' lang='lat' dir='ltr'><strong>domini,</strong></span> <span class='ocrx_word' id='word_1_714' title='bbox 2439 5015 2851 5086; x_wconf 85' lang='lat' dir='ltr'><strong>gloriosissimi</strong></span> <span class='ocrx_word' id='word_1_715' title='bbox 2883 5014 3107 5072; x_wconf 88' lang='lat' dir='ltr'><strong>scilicet</strong></span> <span class='ocrx_word' id='word_1_716' title='bbox 3136 5031 3322 5087; x_wconf 78' lang='lat' dir='ltr'><strong>neges,</strong></span> <span class='ocrx_word' id='word_1_717' title='bbox 3357 5015 3503 5072; x_wconf 84' lang='lat' dir='ltr'><strong>dum</strong></span> <span class='ocrx_word' id='word_1_718' title='bbox 3531 5013 3811 5078; x_wconf 79' lang='lat' dir='ltr'><strong>hostilem</strong></span> 
     </span>
    </p>
   </div>
   <div class='ocr_carea' id='block_1_110' title="bbox 2161 5102 3809 5176">
    <p class='ocr_par' dir='ltr' id='par_1_110' title="bbox 2161 5102 3809 5176">
     <span class='ocr_line' id='line_1_110' title="bbox 2161 5102 3809 5176; baseline 0 -20"><span class='ocrx_word' id='word_1_719' title='bbox 2161 5119 2224 5158; x_wconf 91' lang='lat' dir='ltr'><strong>se</strong></span> <span class='ocrx_word' id='word_1_720' title='bbox 2255 5104 2458 5164; x_wconf 87' lang='lat' dir='ltr'><strong>dicunt</strong></span> <span class='ocrx_word' id='word_1_721' title='bbox 2488 5104 2778 5175; x_wconf 89' lang='lat' dir='ltr'><strong>suspicari</strong></span> <span class='ocrx_word' id='word_1_722' title='bbox 2810 5104 3120 5176; x_wconf 85' lang='lat' dir='ltr'><strong>impetum,</strong></span> <span class='ocrx_word' id='word_1_723' title='bbox 3153 5108 3376 5173; x_wconf 84' lang='lat' dir='ltr'><strong>nostra,</strong></span> <span class='ocrx_word' id='word_1_724' title='bbox 3429 5102 3658 5170; x_wconf 78' lang='lat' dir='ltr'><strong>scilicet</strong></span> <span class='ocrx_word' id='word_1_725' title='bbox 3684 5102 3809 5175; x_wconf 80' lang='lat' dir='ltr'><strong>epi-</strong></span> 
     </span>
    </p>
   </div>
   <div class='ocr_carea' id='block_1_111' title="bbox 2160 5191 3808 5265">
    <p class='ocr_par' dir='ltr' id='par_1_111' title="bbox 2160 5191 3808 5265">
     <span class='ocr_line' id='line_1_111' title="bbox 2160 5191 3808 5265; baseline 0.001 -19"><span class='ocrx_word' id='word_1_726' title='bbox 2160 5208 2474 5264; x_wconf 88' lang='lat' dir='ltr'><strong>sc0porum</strong></span> <span class='ocrx_word' id='word_1_727' title='bbox 2505 5198 2710 5249; x_wconf 90' lang='lat' dir='ltr'><strong>contra</strong></span> <span class='ocrx_word' id='word_1_728' title='bbox 2740 5193 2860 5250; x_wconf 70' lang='lat' dir='ltr'><strong>haec</strong></span> <span class='ocrx_word' id='word_1_729' title='bbox 2918 5197 3186 5265; x_wconf 67' lang='lat' dir='ltr'><strong>quaerunt</strong></span> <span class='ocrx_word' id='word_1_730' title='bbox 3230 5191 3534 5265; x_wconf 75' lang='lat' dir='ltr'><strong>suﬁragia,</strong></span> <span class='ocrx_word' id='word_1_731' title='bbox 3565 5208 3674 5248; x_wconf 87' lang='lat' dir='ltr'><strong>nec</strong></span> <span class='ocrx_word' id='word_1_732' title='bbox 3703 5208 3808 5248; x_wconf 84' lang='lat' dir='ltr'><strong>ne-</strong></span> 
     </span>
    </p>
   </div>
   <div class='ocr_carea' id='block_1_112' title="bbox 2160 5279 3808 5352">
    <p class='ocr_par' dir='ltr' id='par_1_112' title="bbox 2160 5279 3808 5352">
     <span class='ocr_line' id='line_1_112' title="bbox 2160 5279 3808 5352; baseline 0.001 -18"><span class='ocrx_word' id='word_1_733' title='bbox 2160 5279 2299 5335; x_wconf 83' lang='lat' dir='ltr'><strong>stris</strong></span> <span class='ocrx_word' id='word_1_734' title='bbox 2328 5280 2586 5336; x_wconf 89' lang='lat' dir='ltr'><strong>contenti</strong></span> <span class='ocrx_word' id='word_1_735' title='bbox 2637 5280 3184 5352; x_wconf 84' lang='lat' dir='ltr'><strong>pollicitationibus,</strong></span> <span class='ocrx_word' id='word_1_736' title='bbox 3240 5297 3352 5348; x_wconf 83' lang='lat' dir='ltr'><strong>nec</strong></span> <span class='ocrx_word' id='word_1_737' title='bbox 3401 5281 3474 5338; x_wconf 83' lang='lat' dir='ltr'><strong>de</strong></span> <span class='ocrx_word' id='word_1_738' title='bbox 3531 5279 3808 5348; x_wconf 73' lang='lat' dir='ltr'><strong>ﬁdelitate</strong></span> 
     </span>
    </p>
   </div>
   <div class='ocr_carea' id='block_1_113' title="bbox 2149 5368 3806 5441">
    <p class='ocr_par' dir='ltr' id='par_1_113' title="bbox 2149 5368 3806 5441">
     <span class='ocr_line' id='line_1_113' title="bbox 2149 5368 3806 5441; baseline 0.001 -18"><span class='ocrx_word' id='word_1_739' title='bbox 2149 5368 2487 5437; x_wconf 82' lang='lat' dir='ltr'><strong>jurameuto</strong></span> <span class='ocrx_word' id='word_1_740' title='bbox 2519 5370 2752 5428; x_wconf 84' lang='lat' dir='ltr'><strong>ﬁrmata</strong></span> <span class='ocrx_word' id='word_1_741' title='bbox 2774 5369 3277 5437; x_wconf 85' lang='lat' dir='ltr'><strong>conﬁsis,obsides</strong></span> <span class='ocrx_word' id='word_1_742' title='bbox 3298 5369 3544 5441; x_wconf 83' lang='lat' dir='ltr'><strong>insuper</strong></span> <span class='ocrx_word' id='word_1_743' title='bbox 3573 5385 3609 5427; x_wconf 89' lang='lat' dir='ltr'><strong>a</strong></span> <span class='ocrx_word' id='word_1_744' title='bbox 3637 5368 3806 5426; x_wconf 79' lang='lat' dir='ltr'><strong>nobis</strong></span> 
     </span>
    </p>
   </div>
   <div class='ocr_carea' id='block_1_114' title="bbox 2155 5457 3806 5530">
    <p class='ocr_par' dir='ltr' id='par_1_114' title="bbox 2155 5457 3806 5530">
     <span class='ocr_line' id='line_1_114' title="bbox 2155 5457 3806 5530; baseline -0.001 -18"><span class='ocrx_word' id='word_1_745' title='bbox 2155 5473 2258 5528; x_wconf 87' lang='lat' dir='ltr'><strong>pro</strong></span> <span class='ocrx_word' id='word_1_746' title='bbox 2290 5474 2355 5513; x_wconf 91' lang='lat' dir='ltr'><strong>eo</strong></span> <span class='ocrx_word' id='word_1_747' title='bbox 2387 5459 2652 5530; x_wconf 83' lang='lat' dir='ltr'><strong>accipere</strong></span> <span class='ocrx_word' id='word_1_748' title='bbox 2684 5464 2748 5516; x_wconf 90' lang='lat' dir='ltr'><strong>ut</strong></span> <span class='ocrx_word' id='word_1_749' title='bbox 2798 5475 2986 5530; x_wconf 88' lang='lat' dir='ltr'><strong>nuper</strong></span> <span class='ocrx_word' id='word_1_750' title='bbox 3042 5458 3293 5518; x_wconf 85' lang='lat' dir='ltr'><strong>audistis</strong></span> <span class='ocrx_word' id='word_1_751' title='bbox 3343 5457 3584 5516; x_wconf 86' lang='lat' dir='ltr'><strong>omnino</strong></span> <span class='ocrx_word' id='word_1_752' title='bbox 3641 5457 3806 5515; x_wconf 62' lang='lat' dir='ltr'><strong>labe.-</strong></span> 
     </span>
    </p>
   </div>
   <div class='ocr_carea' id='block_1_115' title="bbox 2154 5546 3800 5620">
    <p class='ocr_par' dir='ltr' id='par_1_115' title="bbox 2154 5546 3800 5620">
     <span class='ocr_line' id='line_1_115' title="bbox 2154 5546 3800 5620; baseline 0.001 -21"><span class='ocrx_word' id='word_1_753' title='bbox 2154 5550 2303 5600; x_wconf 89' lang='lat' dir='ltr'><strong>rant.</strong></span> <span class='ocrx_word' id='word_1_754' title='bbox 2339 5547 2486 5610; x_wconf 90' lang='lat' dir='ltr'><strong>Quid</strong></span> <span class='ocrx_word' id='word_1_755' title='bbox 2519 5552 2721 5606; x_wconf 67' lang='lat' dir='ltr'><strong>vestra:</strong></span> <span class='ocrx_word' id='word_1_756' title='bbox 2753 5548 3051 5604; x_wconf 83' lang='lat' dir='ltr'><strong>sanctitati</strong></span> <span class='ocrx_word' id='word_1_757' title='bbox 3083 5563 3260 5620; x_wconf 90' lang='lat' dir='ltr'><strong>super</strong></span> <span class='ocrx_word' id='word_1_758' title='bbox 3287 5547 3398 5603; x_wconf 89' lang='lat' dir='ltr'><strong>hoc</strong></span> <span class='ocrx_word' id='word_1_759' title='bbox 3453 5546 3647 5604; x_wconf 83' lang='lat' dir='ltr'><strong>visum</strong></span> <span class='ocrx_word' id='word_1_760' title='bbox 3677 5547 3800 5606; x_wconf 79' lang='lat' dir='ltr'><strong>fue-</strong></span> 
     </span>
    </p>
   </div>
   <div class='ocr_carea' id='block_1_116' title="bbox 2153 5635 3794 5710">
    <p class='ocr_par' dir='ltr' id='par_1_116' title="bbox 2153 5635 3794 5710">
     <span class='ocr_line' id='line_1_116' title="bbox 2153 5635 3794 5710; baseline 0.004 -21"><span class='ocrx_word' id='word_1_761' title='bbox 2153 5635 2246 5702; x_wconf 89' lang='lat' dir='ltr'><strong>rit,</strong></span> <span class='ocrx_word' id='word_1_762' title='bbox 2274 5635 2437 5690; x_wconf 88' lang='lat' dir='ltr'><strong>nobis</strong></span> <span class='ocrx_word' id='word_1_763' title='bbox 2470 5652 2757 5710; x_wconf 87' lang='lat' dir='ltr'><strong>exponere</strong></span> <span class='ocrx_word' id='word_1_764' title='bbox 2803 5635 3012 5696; x_wconf 88' lang='lat' dir='ltr'><strong>vestris</strong></span> <span class='ocrx_word' id='word_1_765' title='bbox 3069 5637 3252 5694; x_wconf 86' lang='lat' dir='ltr'><strong>sacris</strong></span> <span class='ocrx_word' id='word_1_766' title='bbox 3311 5636 3597 5710; x_wconf 80' lang='lat' dir='ltr'><strong>apicibus,</strong></span> <span class='ocrx_word' id='word_1_767' title='bbox 3656 5635 3794 5708; x_wconf 76' lang='lat' dir='ltr'><strong>quia</strong></span> 
     </span>
    </p>
   </div>
   <div class='ocr_carea' id='block_1_117' title="bbox 2149 5723 3788 5800">
    <p class='ocr_par' dir='ltr' id='par_1_117' title="bbox 2149 5723 3788 5800">
     <span class='ocr_line' id='line_1_117' title="bbox 2149 5723 3788 5800; baseline 0.002 -21"><span class='ocrx_word' id='word_1_768' title='bbox 2149 5723 2326 5782; x_wconf 88' lang='lat' dir='ltr'><strong>simul</strong></span> <span class='ocrx_word' id='word_1_769' title='bbox 2356 5741 2512 5784; x_wconf 90' lang='lat' dir='ltr'><strong>nunc</strong></span> <span class='ocrx_word' id='word_1_770' title='bbox 2543 5731 2677 5799; x_wconf 88' lang='lat' dir='ltr'><strong>apte</strong></span> <span class='ocrx_word' id='word_1_771' title='bbox 2705 5726 2866 5797; x_wconf 88' lang='lat' dir='ltr'><strong>loqui</strong></span> <span class='ocrx_word' id='word_1_772' title='bbox 2897 5743 3012 5786; x_wconf 86' lang='lat' dir='ltr'><strong>non</strong></span> <span class='ocrx_word' id='word_1_773' title='bbox 3071 5742 3410 5800; x_wconf 80' lang='lat' dir='ltr'><strong>possumus,</strong></span> <span class='ocrx_word' id='word_1_774' title='bbox 3436 5740 3554 5786; x_wconf 79' lang='lat' dir='ltr'><strong>non</strong></span> <span class='ocrx_word' id='word_1_775' title='bbox 3617 5723 3788 5784; x_wconf 77' lang='lat' dir='ltr'><strong>dedi-</strong></span> 
     </span>
    </p>
   </div>
  </div>
