3946 6400
121 437 222 514 ιιι

1603 435 2042 500 ΕΡΙΒΤΟΒΔΞ.

3423 429 3538 496 122

121 571 393 650 gnemini,
423 573 490 628 Si
523 571 748 646 prafati
769 571 1016 633 obsides
1043 591 1077 630 a
1096 572 1266 630 nobis
1294 573 1477 631 dandi
1509 571 1766 645 sunt,vel
1795 572 1852 640 Α
1878 587 1992 628 non
2015 571 2123 628 erit
2148 571 2300 630 ultra
2326 571 2426 630 hoe
2441 570 2790 645 proverbium
2821 569 2882 626 in
2913 568 3083 627 Israel
3114 567 3330 643 (Eneeh.
3373 584 3540 635 xvm,

123 665 168 728 si
195 660 551 728 denominati
581 679 645 719 se
675 678 778 734 pro
803 661 1258 735 nobisobligari
1306 663 1589 730 noverint,
1625 661 1765 733 quid

124 751 402 827 agendum
434 751 535 823 sit,
568 755 670 814 aut
721 751 770 807 si
821 752 1250 821 consenserint,
1275 768 1397 824 quo
1446 754 1638 824 pacto,
1667 754 1770 808 aut

123 859 245 904 cum
269 858 393 914 qua
438 840 752 904 securitate
777 841 894 900 hoc
940 842 1066 898 ﬁeri
1098 845 1388 914 oporteat,
1419 841 1479 897 Si
1534 840 1770 913 scriptis

124 933 236 998 hac
289 931 601 992 conventio
639 931 914 988 adnotari
955 931 1284 999 conveniat,
1329 931 1419 987 vel
1466 932 1518 987 si
1575 931 1770 986 verbis

123 1019 522 1084 tantummodo
552 1021 826 1078 crede-tur
845 1021 1283 1091 communibus,
1299 1020 1348 1076 si
1376 1020 1672 1076 terminus
1693 1020 1774 1075 sit

123 1111 532 1183 imponendae,
565 1109 656 1166 vel
682 1110 747 1167 in
779 1115 1090 1182 quantum,
1125 1115 1226 1167 aut
1255 1110 1306 1166 si
1338 1111 1690 1182 subreptum
1707 1109 1772 1164 in

121 1199 302 1272 aliquo
339 1199 710 1272 principibus
736 1200 820 1270 ide
841 1201 1020 1258 nobis
1049 1199 1245 1267 fuerit,
1282 1201 1438 1272 quod
1467 1199 1772 1255 violaveri-

122 1305 244 1356 mus
273 1288 642 1362 pmpositam
685 1289 1086 1360 sponsionem,
1119 1305 1223 1360 pro
1274 1305 1391 1360 qua
1417 1286 1644 1359 prmfati
1671 1287 1774 1341 .ob-

119 1378 264 1440 sides
292 1378 425 1442 dari
469 1378 768 1448 iubentur,
799 1376 1060 1449 qualiter
1107 1377 1371 1434 convinci
1420 1375 1508 1431 vel
1539 1374 1773 1431 delendi

121 1468 339 1533 debeat,
369 1471 475 1524 aut
521 1483 654 1538 quae
677 1467 777 1524 lex
819 1467 1087 1540 vigorem
1133 1466 1194 1522 in
1224 1465 1443 1522 talibus
1490 1465 1771 1531 obtineat,

122 1560 313 1623 utrum
341 1555 766 1625 ecclesiastica,
792 1573 866 1613 an
881 1556 1066 1613 etiam
1089 1555 1412 1622 mundana,
1441 1556 1530 1611 vel
1557 1553 1776 1626 quibus

121 1644 362 1711 testibus
393 1645 613 1707 eadem
660 1644 968 1705 conventio
1005 1645 1397 1718 approbatur,
1429 1643 1480 1700 si
1526 1643 1684 1698 inter
1712 1659 1778 1698 se

121 1733 355 1798 diverse
376 1739 574 1808 partes
593 1734 983 1794 dissenserint
999 1733 1486 1793 manifestissime
1507 1731 1777 1805 propala-

127 1825 195 1894 ri,
221 1824 276 1880 si
307 1823 433 1882 ﬁeri
457 1829 674 1897 potest,
708 1823 1012 1884 humiliter
1031 1823 1423 1896 exposcimus.
1449 1822 1776 1878 Plurimum

1877 663 1953 730 3).
1989 661 2138 716 Fieri
2186 662 2401 733 quippe
2449 664 2659 732 potest,
2692 663 2758 716 ut
2801 659 2884 715 sit
2925 659 3080 714 inter
3129 663 3354 732 gentes,
3387 658 3543 713 inter

1878 751 2196 823 Egyptios,
2229 752 2332 807 sed
2362 750 2539 806 etiam
2568 751 2629 806 in
2662 749 3042 819 Babylonios,
3075 748 3176 804 sed
3226 764 3343 803 non
3373 747 3435 802 in
3466 749 3544 803 Is-

1879 839 2021 896 rael.
2050 839 2263 911 Utique
2293 840 2393 912 qui
2424 840 2576 896 hanc
2606 839 2912 912 postponit
2961 837 3339 906 sententiam,
3374 841 3432 892 et
3473 837 3542 890 ﬁ-

1880 929 2027 985 lium
2060 929 2263 1002 patris,
2295 929 2383 985 vel
2417 946 2523 1001 pro
2569 929 2824 1000 alicujus
2851 926 3123 1000 parentis
3174 926 3348 999 culpa
3375 925 3542 981 dam-

1881 1019 2124 1089 naverit,
2160 1035 2295 1076 reus
2325 1019 2454 1086 erit,
2487 1022 2545 1075 et
2595 1035 2708 1075 non
2762 1016 3087 1074 Israelitico
3117 1014 3333 1089 populo
3382 1031 3542 1082 com-

1853 1169 1858 1179 η
1881 1109 2206 1181 putabitur.

1953 1199 2022 1252 Et
2052 1198 2299 1254 fortasse
2329 1197 2474 1253 dicit
2505 1196 2722 1269 aliquis
2755 1213 2768 1250 :
2803 1196 3061 1268 Quiquid
3095 1194 3153 1250 in
3184 1193 3544 1266 ihujusmodi

1882 1286 2183 1343 hominem
2216 1287 2424 1352 fecero,
2459 1288 2531 1341 ad
2581 1303 2718 1342 eum
2751 1287 3022 1357 pertinet,
3058 1285 3159 1357 qui
3207 1300 3342 1340 eum
3396 1282 3543 1338 mihi

1882 1374 2146 1430 tradidit.
2169 1378 2332 1430 Certe
2353 1391 2552 1430 revera
2573 1375 2712 1446 quia
2734 1375 2806 1428 ad
2829 1390 2965 1429 eum
2992 1373 3245 1444 pertinet
3274 1391 3288 1439 ;
3313 1373 3413 1428 sed
3437 1389 3542 1427 nec

1883 1468 1948 1521 tu
1977 1464 2108 1520 ideo
2148 1464 2547 1520 excusaboris.
2582 1464 2707 1520 Non
2759 1463 2918 1519 enim
2949 1479 3057 1518 suo
3107 1467 3341 1532 peccato
3371 1465 3542 1516 tuum

1884 1570 2167 1610 evacuare
2196 1553 2437 1626 poteris,
2471 1554 2573 1610 sed
2605 1555 2656 1608 si
2687 1552 2784 1608 ille
2807 1552 2965 1608 male
2997 1551 3176 1617 dedit,
3211 1555 3270 1605 et
3296 1554 3360 1605 tu
3392 1549 3547 1606 male

1885 1643 2185 1714 accepisti,
2206 1644 2413 1699 ambos
2444 1642 2668 1699 tenebit
2690 1641 2995 1712 iniquitas.
3023 1639 3125 1696 Ille
3146 1637 3544 1696 Christianum

1884 1735 1988 1787 tuo
2018 1732 2302 1804 supponit
2352 1731 2566 1804 gladio,
2594 1731 2708 1787 tibi
2737 1729 3065 1787 Christiano
3098 1745 3214 1785 non
3243 1727 3376 1784 ideo
3407 1743 3544 1783 eum

1886 1821 2056 1876 ferire
2085 1821 2301 1877 licebit.
2324 1821 2473 1886 Quid
2519 1827 2584 1876 ut
2613 1823 3017 1892 percuteretur
3055 1816 3367 1890 peccavit?
3396 1815 3544 1881 Quid

127 1913 340 2013 etenim
361 1917 428 1970 :et
457 1929 614 1972 nunc
635 1917 701 1973 :et
729 1913 788 1972 in
817 1913 1018 1972 futuro
1038 1912 1273 1981 valebit,
1301 1913 1352 1969 si
1382 1916 1504 1968 tam
1537 1909 1778 2013 grandis
1806 1944 1856 2009 Β
1888 1910 2040 1966 male
2067 1911 2249 1966 fecit?
2279 1911 2500 1982 Nempe
2527 1910 2577 1966 si
2610 1909 2918 1966 c-haritatis
2943 1924 3126 1964 causa
3155 1923 3218 1963 se
3237 1907 3549 1979 objecit,ut

128 2017 227 2068 seu
263 2002 538 2062 inaudita
591 2019 771 2062 causa
812 2003 871 2060 in
916 2004 1045 2075 ipso
1089 2002 1326 2059 exordio
1374 2000 1782 2058 saluberrimis

127 2091 298 2148 fuerit
319 2095 673 2164 pertractata
691 2091 1243 2163 .consiliis,qiusque
1256 2090 1527 2147 deﬁnitio
1550 2089 1782 2163 paginis

127 2182 558 2250 nomnendata,
617 2181 840 2240 nullam
890 2180 1138 2238 ulterius
1181 2180 1630 2252 ambiguitatem
1675 2178 1784 2234 ad-

124 2268 340 2328 mittat.
396 2269 488 2327 Me
527 2286 768 2342 quoque
819 2274 945 2328 tam
995 2270 1262 2326 desidem
1313 2273 1371 2324 et
1415 2268 1782 2339 imperitum,

119 2357 404 2422 conﬁteor
432 2358 720 2418 hactenus
761 2375 878 2416 non
925 2357 1222 2429 reperisse
1248 2356 1322 2412 ab
1372 2354 1785 2412 ecclesiasticis

117 2445 464 2509 doctoribus
493 2444 608 2502 tale
637 2444 778 2515 quid
823 2444 1172 2502 auctoritate
1220 2443 1543 2510 ﬁrmatum,
1574 2441 1662 2498 vel
1693 2458 1787 2498 ex-

116 2533 312 2606 emplo
346 2531 742 2605 propositum.
778 2532 887 2588 Sed
919 2532 970 2588 si
1002 2531 1138 2604 quis
1166 2531 1642 2588 studiosissimus
1673 2531 1784 2588 hoc

117 2622 386 2686 invenire
417 2621 675 2694 potuerit
702 2624 1123 2693 perscrutator,
1156 2636 1263 2693 ego
1294 2621 1450 2692 quod
1497 2637 1532 2676 a
1559 2619 1781 2676 sanctis

115 2711 394 2770 Patribus
418 2714 714 2768 statutum
746 2714 859 2777 est,
886 2707 1306 2766 inviolabiliter
1354 2725 1552 2766 assero
1581 2709 1780 2765 obser-

117 2801 377 2862 vandum
390 2797 777 2856 .Fidelitatem
799 2814 1036 2870 quoque
1049 2803 1385 2854 nostrorum
1403 2797 1780 2854 dominorum

120 2894 174 2952 et
203 2905 416 2962 regum
435 2887 763 2961 opleniterin
795 2888 1076 2947 omnibus
1107 2888 1310 2958 judico
1331 2888 1777 2944 observandam.

124 2977 289 3038 Nullo
313 2977 493 3035 modo
513 2977 671 3033 enim
693 2981 829 3035 ante
853 2976 1056 3036 oculos
1077 2977 1287 3036 divi-nae
1302 2977 1632 3048 maiestatis
1648 2977 1780 3049 puri

128 3067 372 3124 inveniri
409 3083 752 3140 possumus,
777 3065 828 3123 si
858 3066 944 3126 eis
971 3066 1242 3124 inﬁdeles
1264 3066 1560 3124 ullatenus
1582 3067 1781 3123 existi-

127 3172 274 3220 mas.
304 3158 403 3212 Ait
433 3155 591 3214 enim
615 3155 900 3214 Dominus
929 3155 991 3212 in
1020 3156 1329 3229 Evangelio
1361 3174 1376 3212 :
1409 3156 1473 3212 Si
1500 3157 1783 3213 hominem

121 3261 274 3317 quem
305 3245 456 3309 vides
499 3261 612 3302 non
661 3245 879 3317 diligis,
907 3247 1084 3302 Deum
1112 3262 1270 3317 quem
1315 3261 1425 3301 non
1470 3245 1620 3302 vides
1647 3261 1778 3318 quo-

1892 2001 2143 2057 alterum
2170 2000 2854 2065 liberaret,bonora~ndus
2869 2002 2986 2069 est,
3011 2013 3126 2053 non
3145 1996 3544 2069 perimendus.

1892 2091 1983 2148 Ait
2009 2089 2168 2146 enim
2199 2091 2407 2145 beatus
2436 2093 2646 2144 Petrus
2676 2087 2978 2160 apostolus
3010 2103 3025 2142 :
3058 2089 3193 2142 Ante
3219 2087 3409 2142 omnia
3425 2101 3549 2140 mu-

1892 2188 2046 2236 tuam
2073 2181 2140 2235 in
2174 2179 2520 2249 voanetipsos
2556 2178 2888 2232 charitatem
2917 2177 3236 2231 continuam
3265 2175 3546 2239 habentes,

1892 2270 2022 2338 quia
2043 2267 2284 2322 charitas
2307 2267 2480 2337 operit
2502 2265 2914 2320 multitudinem
2951 2272 3310 2334 peccatorum
3329 2263 3376 2335 (Ι
3393 2267 3545 2318 Petr.

1893 2372 1971 2423 tv,
1991 2357 2069 2424 8).
2099 2356 2168 2410 Et
2188 2355 2470 2410 Dominus
2487 2354 2546 2409 in
2567 2353 2875 2427 Evangelio
2897 2370 2910 2408 :
2937 2355 3195 2426 Majorem
3223 2353 3549 2408 charitalem

1892 2461 2053 2502 nemo
2074 2445 2428 2516 habet,quam
2449 2453 2510 2498 ut
2524 2445 2776 2499 animam
2793 2459 2950 2498 suam
2959 2446 3126 2514 ponat
3142 2445 3265 2514 quis
3281 2457 3385 2514 pro
3405 2443 3549 2496 ami-

1891 2537 1973 2592 cis
1993 2536 2110 2590 suis
2132 2534 2309 2606 (Joan.
2326 2550 2416 2602 xv,
2431 2534 2502 2588 ’17
2509 2534 2546 2603 ).
2569 2537 2794 2602 Moyses
2815 2537 3010 2589 autem
3035 2531 3415 2604 semetipsum
3440 2548 3548 2602 pro

1891 2623 2107 2696 populo
2131 2622 2311 2678 Israel
2328 2621 2741 2695 cpponens,ait
2761 2622 2834 2678 ad
2861 2622 3174 2677 Dominum
3199 2638 3212 2676 :
3236 2622 3342 2676 Aut
3362 2619 3551 2675 dimit-

1890 2722 1942 2769 te
1969 2714 2105 2781 illis,
2129 2712 2376 2778 Domine,
2400 2712 2540 2767 hanc
2568 2727 2798 2781 noxam,
2821 2715 2916 2766 aut
2944 2711 3066 2767 dele
3089 2726 3180 2766 me
3199 2709 3263 2766 de
3290 2711 3431 2764 libro
3451 2712 3546 2765 tuo

1890 2817 2049 2874 quem
2076 2802 2346 2874 scripsisti
2375 2801 2577 2873 (Exod.
2605 2817 2782 2871 xxxu,
2816 2801 2928 2872 31).
2963 2799 3066 2856 Cui
3098 2800 3180 2856 ait
3211 2799 3494 2855 Dominus
3529 2815 3542 2854 :

1892 2894 2000 2962 Qui
2031 2892 2350 2961 *peecaverit
2403 2892 2470 2946 in
2531 2907 2639 2958 me,
2696 2889 2890 2947 delebo
2947 2905 3075 2946 eum
3129 2890 3193 2945 de
3259 2889 3399 2944 libro
3455 2896 3546 2944 tuo

1890 2981 2078 3053 (lbid.,
2109 2983 2221 3053 33).
2254 2982 2334 3035 Ac
2363 2980 2413 3036 si
2445 2981 2666 3036 diceret
2699 2995 2713 3036 :
2746 2981 2834 3035 Tu
2867 2980 3015 3035 bene
3063 2978 3328 3050 postulas
3359 2995 3372 3044 ;
3407 2978 3546 3049 quia

1891 3071 1985 3142 pie
2015 3069 2319 3141 postulas;
2354 3085 2460 3141 ego
2487 3073 2683 3125 autem
2706 3085 2820 3124 non
2850 3069 2932 3124 ita
2957 3067 3298 3134 faciam,sed
3319 3070 3549 3122 rectum

1884 3160 2182 3232 judicium
2192 3158 2562 3230 judicabo.Si
2581 3173 2717 3213 vero
2738 3173 2842 3229 pro
2867 3157 3110 3213 alterius
3132 3155 3322 3229 gratia
3333 3155 3549 3227 aliquis

1892 3264 1956 3304 se
1982 3247 2181 3303 taliter
2210 3245 2570 3319 Opposuerit,
2602 3249 2669 3301 ut
2687 3246 2836 3302 alter
2864 3244 3074 3302 exinde
3095 3245 3326 3301 lucrum
3350 3244 3552 3318 acqui-

297 3341 455 3408 potes
490 3313 790 3404 diligere?
821 3336 877 3407 (ι
893 3337 1060 3395 ,Joan.
1097 3313 1175 3401 Iv,
1206 3336 1260 3402 7,
1293 3336 1371 3404 8.)
1402 3336 1472 3393 Et
1518 3313 1784 3407 ideo'pro
1813 3313 1857 3382 CI
1895 3341 2005 3405 rat,
2038 3338 2126 3393 vel
2157 3313 2427 3410 gloriam,
2459 3334 2570 3391 hoc
2600 3336 2846 3391 minime
2875 3335 3070 3392 laudo.
3107 3335 3169 3390 In
3201 3335 3316 3391 isto
3337 3313 3468 3405 jam
3496 3333 3546 3389 si

122 3422 353 3489 illorum
377 3424 662 3486 ﬁdelitate
688 3423 973 3496 regnique
996 3428 1151 3482 statu
1183 3427 1240 3480 et
1272 3441 1410 3496 pace
1429 3423 1610 3481 .ncbis
1631 3428 1784 3480 sata-

121 3527 248 3585 gere
270 3513 570 3585 convenit,
603 3513 1111 3585 quemadmodum
1135 3512 1547 3588 sanctissimos
1568 3529 1784 3585 praesu-

123 3601 220 3672 les,
243 3607 490 3667 nostros
524 3601 824 3675 siquidem
845 3603 1448 3674 praedecessoms,pro
1479 3600 1781 3673 religioso-

124 3707 247 3754 rum
277 3692 620 3766 principum
647 3692 925 3752 novimus
945 3690 1247 3749 laborasse
1278 3691 1488 3749 salute.
1511 3690 1782 3764 Alioquin

128 3779 201 3838 nil
213 3779 364 3844 ultra
373 3797 600 3840 novum
614 3780 868 3852 adjicere
883 3797 1120 3849 censeo,
1133 3779 1250 3838 nisi
1262 3780 1518 3838 maxima
1529 3779 1784 3836 utilitate

122 3867 202 3934 vel
232 3870 586 3934 necessitate
614 3873 882 3942 cogente.
913 3869 1118 3928 sumni
1150 3869 1447 3941 pontiﬁcis
1468 3868 1782 3939 sententia,

124 3956 203 4013 vel
216 3958 537 4031 prudentiu
547 3974 604 4020 m
626 3957 800 4016 fuerit
812 3957 1224 4030 episcoporum
1241 3957 1631 4015 deliberatum
1644 3975 1783 4015 eon-

125 4045 264 4103 silio.
297 4048 592 4112 Novimus
625 4047 784 4110 enim
819 4047 980 4120 quia,
1002 4051 1069 4106 ut
1093 4047 1176 4104 ait
1215 4048 1498 4104 Dominus
1520 4064 1624 4119 per
1653 4064 1784 4118 pro-

126 4134 351 4206 phetam
383 4155 396 4194 :
435 4136 586 4208 Quid
613 4145 690 4202 est
735 4136 854 4206 hoc,
885 4137 1030 4209 quod
1075 4138 1289 4194 vertitis
1337 4139 1403 4193 in
1431 4137 1785 4208 proverbium

124 4223 350 4286 dicentes
379 4246 399 4284 :
429 4230 637 4286 Patres
660 4227 1015 4288 comederunt
1062 4242 1198 4284 uvas
1247 4226 1491 4296 acerbas,
1518 4233 1573 4282 et
1599 4225 1784 4282 dentes

125 4311 358 4381 ﬁliorum
397 4317 806 4388 obstupescunt.
846 4317 971 4371 Vivo
1002 4331 1118 4387 ego,
1150 4315 1288 4378 dicit
1335 4317 1620 4382 Dominus,
1653 4317 1784 4386 quia

128 4417 229 4458 non
257 4407 360 4461 erit
388 4407 549 4462 ultra
601 4403 704 4462 hoc
740 4406 1098 4477 proverbium
1123 4405 1185 4459 in
1231 4404 1406 4460 Israel
1436 4423 1455 4462 :
1485 4409 1545 4460 ut
1593 4407 1785 4460 anima

125 4494 312 4564 patris,
333 4496 420 4551 ita.
450 4498 500 4550 et
525 4495 720 4550 anima
739 4495 853 4566 ﬁlii
869 4509 992 4549 mea
1011 4497 1091 4549 est
1112 4492 1329 4565 (Esceh.
1352 4510 1516 4562 xvm,
1536 4494 1612 4565 2).
1645 4494 1782 4548 Ani-

127 4595 208 4637 ma
227 4599 344 4654 qua:
368 4585 712 4656 peccaverit,
745 4585 868 4657 ipsa
887 4584 1174 4639 morietur.
1205 4583 1381 4638 Filius
1409 4598 1520 4639 non
1545 4584 1784 4655 portabit

1889 3426 2134 3493 venerit,
2159 3441 2360 3481 revera
2383 3422 2782 3496 triplicabitur
2810 3423 3344 3494 homicidium,nec
3373 3421 3548 3478 alieni

1892 3519 2067 3571 erunt
2097 3531 2130 3569 a
2151 3512 2396 3569 crimine
2411 3517 2540 3568 tam
2567 3513 2694 3584 ipse
2715 3513 2816 3584 qui
2839 3512 3223 3568 homicidium
3250 3516 3547 3584 perpetra-

1891 3603 2058 3672 verit,
2092 3619 2271 3675 quam
2301 3601 2398 3658 ille
2427 3601 2529 3675 qui
2559 3601 2860 3658 hominem
2893 3602 3004 3657 sub
3034 3599 3135 3656 tali
3168 3600 3551 3656 conventione

1892 3692 2154 3758 tradidit,
2187 3708 2291 3748 seu
2321 3695 2381 3748 et
2409 3692 2557 3764 ipse,
2579 3691 2679 3764 qui
2713 3691 2821 3746 hoc
2853 3692 2924 3746 de
2955 3706 3018 3746 se
3048 3689 3174 3746 ﬁeri
3204 3688 3548 3762 permisit,s‘i

1894 3783 1966 3839 ad
1995 3780 2418 3854 intelligibilem
2445 3782 2573 3852 jam
2602 3779 2866 3853 pervenit
2885 3783 3137 3836 aetatem.
3155 3779 3302 3835 Nam
3325 3780 3396 3835 de
3419 3795 3548 3851 par-

1895 3871 2046 3928 vulis
2073 3871 2214 3943 quid
2243 3869 2405 3926 aliud
2428 3869 2745 3926 dicendum
2769 3870 2998 3938 est,nisi
3030 3869 3186 3942 quod
3207 3870 3548 3924 innocentes

1893 3967 2162 4034 pereunt,
2194 3965 2253 4015 et
2289 3959 2556 4016 insontes
2603 3957 2910 4014 existunt?
2943 3958 3094 4014 Audi
3124 3959 3266 4029 quid
3316 3959 3387 4013 de
3418 3957 3546 4029 ipso

1896 4049 2142 4105 Domino
2167 4052 2362 4104 actum
2380 4045 2760 4103 sit.Vinctum
2787 4047 2956 4102 illum
2972 4047 3155 4102 Judaei
3180 4045 3363 4102 Pilato
3381 4045 3548 4101 obtu-

1892 4138 2108 4205 lerunt,
2139 4142 2208 4194 ut
2255 4136 2714 4209 cruciﬁgeretur,
2759 4137 3018 4192 dicentes
3049 4152 3063 4190 :
3099 4136 3374 4206 Crueiﬁge
3399 4152 3545 4192 eum.

1891 4233 2002 4287 Nos
2031 4229 2205 4296 legem
2232 4226 2515 4296 habemus,
2547 4231 2602 4282 et
2647 4225 2947 4282 secundum
3003 4227 3176 4297 legem
3222 4225 3376 4282 debet
3402 4227 3549 4280 mori

1892 4319 2074 4388 (toan.
2105 4335 2222 4389 xxx,
2251 4317 2329 4387 7).
2364 4318 2434 4372 Et
2459 4316 2676 4372 iterum
2713 4333 2726 4372 :
2755 4304 3002 4386 Sanguis
3029 4317 3151 4386 ejus
3178 4330 3346 4383 super
3373 4329 3471 4369 nos
3499 4321 3551 4368 et

1892 4423 2057 4480 super
2085 4407 2227 4477 filios
2269 4414 2478 4461 nostros
2515 4404 2726 4473 (Matth.
2775 4419 2952 4471 xxvn,
2991 4403 3106 4469 23).
3137 4402 3246 4456 Sed
3279 4401 3548 4471 quamvis

1891 4497 2018 4569 ipse
2040 4495 2249 4550 dixerit
2272 4510 2285 4550 :
2309 4493 2538 4548 Mundus
2549 4509 2715 4546 suma
2736 4493 3011 4560 sanguine
3029 4489 3386 4562 hujus(lbid.,
3409 4490 3499 4560 24)
3531 4515 3544 4556 ;

1894 4589 1959 4641 ut
1988 4583 2258 4656 quamvis
2281 4597 2492 4636 manus
2516 4579 2738 4646 laverit,
2763 4584 2956 4635 tamen
2989 4579 3128 4652 quia
3158 4579 3546 4635 homicidium

132 4669 473 4744 iniquitatem
497 4675 686 4747 patris
714 4680 764 4730 et
806 4679 972 4745 pater
1002 4688 1113 4728 non
1138 4671 1385 4744 portabit
1431 4673 1783 4744 iniquitatem
1815 4689 1862 4754 Β
1891 4672 2160 4745 improbe
2205 4669 2574 4743 perpetravit,
2609 4668 2946 4726 nullatenus
2977 4670 3189 4743 poterit
3239 4686 3273 4724 a
3301 4667 3547 4724 crimine

130 4759 234 4828 ﬁlii
259 4763 445 4834 (lbid.,
467 4765 587 4834 20).
613 4763 757 4829 Quis
794 4777 932 4834 ergo
954 4761 1268 4834 religiosus
1297 4764 1499 4817 contra
1529 4761 1787 4818 Domini-

136 4862 250 4906 cam
279 4852 640 4909 sententiam
672 4851 864 4908 dicere
894 4851 1127 4919 audeat,
1162 4850 1317 4923 quod
1349 4849 1565 4923 aliquis
1596 4850 1787 4908 ﬁdelis

134 4953 226 5008 pro
255 4942 443 5012 patris
473 4943 796 4999 damnetur
841 4940 1172 5012 iniquitate,
1205 4944 1307 4996 aut
1355 4955 1458 5011 pro
1490 4938 1616 5008 ﬁlii,
1650 4956 1786 4996 cum

135 5029 322 5086 audiat
341 5030 542 5104 ipsum
571 5029 888 5086 Dominum
914 5029 1208 5086 dicentem
1234 5045 1247 5085 :
1269 5029 1452 5086 Filius
1478 5043 1589 5084 non
1604 5033 1786 5100 porta-

136 5116 203 5173 bit
233 5121 590 5194 iniquitatem
615 5122 817 5192 patris,
841 5135 940 5175 nec
965 5123 1124 5192 pater
1149 5118 1308 5189 ﬁlii?
1328 5117 1604 5183 Quamvis
1625 5119 1785 5176 enim

138 5204 272 5264 ﬁliia
292 5211 645 5284 parentibus
665 5225 878 5266 noxam
900 5209 1077 5281 primi
1096 5207 1785 5274 hoministrabant,sacri

137 5293 296 5356 fontis
323 5301 688 5375 baptismate
708 5299 1079 5372 expiandam,
1109 5302 1305 5354 tamen
1329 5296 1552 5369 aliquid
1583 5302 1786 5368 postea

137 5390 338 5454 peccati
364 5393 647 5465 parentes
675 5388 1024 5461 admittunt,
1053 5387 1152 5444 ubi
1183 5385 1288 5442 ﬁlii
1319 5386 1635 5459 participes
1665 5403 1782 5442 non

138 5481 284 5547 sunt,
313 5481 384 5536 ad
415 5495 520 5537 eos
550 5494 670 5535 non
701 5477 995 5550 pertinere
1016 5478 1152 5549 quis
1182 5474 1433 5548 ambigit
1452 5473 1480 5529 ‘l
1509 5474 1620 5530 Sed
1652 5479 1708 5530 et
1732 5475 1781 5531 si

141 5561 250 5620 ﬁeri
272 5570 441 5626 etiam
466 5571 690 5643 potest,
713 5571 781 5623 ut
801 5571 996 5640 patres
1015 5566 1330 5623 comedent
1354 5581 1496 5620 uvas
1519 5564 1780 5636 acerbas,

142 5656 190 5707 et
208 5655 398 5716 dentes
419 5658 684 5716 ﬁliorum
699 5657 1312 5730 obtupescant,tamen
1337 5671 1452 5710 non
1476 5654 1630 5710 inter
1649 5670 1778 5723 nos,

143 5756 242 5802 non
283 5745 341 5806 in
389 5747 596 5810 Israel.
629 5747 725 5806 Ait
751 5746 911 5806 enim
960 5745 1295 5806 Dominus:
1337 5745 1463 5804 Vivo
1509 5759 1604 5817 ego
1647 5744 1782 5816 quia

1895 4760 2184 4818 excusari.
2219 4759 2366 4817 Nam
2400 4757 2687 4814 Dominici
2741 4759 2947 4816 eﬁ‘usio
2975 4758 3283 4830 sanguinis
3313 4761 3370 4813 et
3416 4755 3549 4812 illos

1897 4849 2235 4919 maculavit,
2269 4853 2324 4904 et
2354 4847 2511 4903 hunc
2540 4848 2599 4903 in
2632 4853 2979 4920 perpetuum
3007 4847 3325 4904 damnavit.
3350 4846 3461 4901 Sed
3493 4849 3551 4901 et

1897 4939 2006 4995 hoc
2024 4939 2096 4994 de
2112 4954 2202 4994 om
2215 4937 2812 4993 nibusinnocentibus
2825 4937 2895 4993 ad
2914 4951 3146 5009 pmnam
3167 4934 3399 4990 traditis
3421 4949 3551 4989 sen-

1894 5028 2162 5084 tiendum
2193 5032 2302 5084 est.
2335 5027 2583 5092 Quidam
2618 5043 2720 5099 pro
2750 5027 3046 5098 angustia,
3069 5030 3134 5079 ut
3152 5041 3214 5080 se
3244 5023 3317 5080 ab
3349 5023 3546 5095 aliquo

1893 5115 2143 5174 liberare
2174 5116 2426 5188 possint,
2460 5115 2709 5171 alterum
2758 5119 3084 5187 cpponunt,
3115 5113 3202 5170 vel
3235 5113 3410 5169 etiam
3444 5129 3548 5185 pro

1895 5206 2204 5263 commodo
2235 5209 2299 5261 ut
2325 5221 2429 5277 pro
2459 5203 2562 5260 tali
2603 5203 2938 5260 adulatione
2967 5203 3143 5260 ditari
3175 5203 3362 5258 vitant
3387 5202 3548 5257 vide-

1895 5300 2088 5351 antur.
2123 5295 2371 5362 Quidam
2415 5309 2550 5348 vero
2595 5293 2846 5348 nimium
2883 5293 2943 5348 in
2975 5309 3037 5350 se
3068 5292 3449 5360 conﬁdentes,
3481 5307 3551 5346 ea

1893 5385 2133 5458 quidem
2163 5382 2672 5456 promittunt,quaa
2705 5399 2822 5437 suae
2851 5399 2964 5438 non
2998 5386 3136 5437 sunt
3158 5380 3550 5454 potestatis,et

1893 5491 1998 5548 pro
2024 5473 2128 5530 tali
2150 5470 2571 5545 pollicitatione
2604 5470 2839 5527 obsides
2863 5475 3292 5543 ponunt,quam
3314 5469 3434 5527 illis
3454 5469 3549 5525 vix

1892 5562 2212 5636 adimplere
2241 5559 2624 5633 permittitur.
2649 5559 2790 5624 Quis
2819 5561 2976 5615 enim
2999 5561 3068 5615 de
3099 5575 3161 5614 se
3191 5573 3548 5631 praesumere

1891 5653 2123 5720 audeat,
2156 5648 2245 5705 vel
2273 5654 2407 5721 quis
2455 5649 2526 5704 de
2575 5664 2638 5704 se
2669 5650 2879 5721 poterit
2909 5665 3038 5705 esse
3085 5663 3326 5704 securus
3347 5647 3375 5701 ‘l
3404 5645 3546 5712 Quis

1890 5739 2219 5816 promptior
2239 5740 2310 5798 de
2332 5738 2584 5811 alicuius
2601 5754 2864 5812 unquam
2882 5737 3096 5811 poterit
3116 5752 3247 5794 esse
3267 5733 3544 5792 ﬁdelitate
