3946 6430
366 436 484 501 123

1387 438 1730 502 ΑΤΤΟΝ18
1773 438 2363 503 VERCELLENSIS
2409 439 2762 504 EPlSCOPI

3669 429 3789 505 iet

351 571 524 630 beato
549 575 744 642 Petro,
777 571 877 645 qui
925 571 1006 628 ait
1033 573 1107 630 ad
1136 571 1448 630 Dominum
1483 589 1497 628 :
1532 573 1597 627 Et
1626 573 1678 628 si
1704 574 2008 644 oportuerit
2037 573 2093 641 Α
2121 573 2423 637 Quomodo
2453 573 2608 629 enim
2641 591 2744 646 pro
2767 589 2830 630 se
2859 573 3005 630 alios
3036 572 3289 645 objicere
3322 572 3584 646 periculo
3615 579 3775 647 pote-

359 678 448 718 me
476 665 622 718 mori
648 670 844 729 tecum,
875 679 987 719 non
1016 665 1068 718 te
1096 663 1300 734 negabo
1320 663 1348 716 ?
1374 661 1583 732 (Matth.
1617 679 1770 726 xxvr,
1802 661 1917 732 35.)
1950 662 2016 716 Et

358 757 561 808 tamen
586 752 830 809 Domino
853 753 1224 824 praedicente,
1248 757 1562 823 antequam
1593 750 1785 824 gallus
1809 755 2014 806 canta-

359 845 467 910 ret,
502 845 591 897 ter
619 857 755 897 eum
784 841 1034 914 negavit.
1067 841 1332 897 Christus
1352 840 1508 896 enim
1528 844 1592 896 ut
1623 841 1775 896 Deus
1807 856 2015 912 cogno-

359 931 443 987 vit
475 930 625 986 Petri
650 931 1058 1003 fragilitatem;
1093 931 1300 985 Petrus
1317 933 1512 985 autem
1544 929 1875 985 considerat
1895 945 2013 984 sum

367 1020 504 1076 ﬁdei
537 1021 824 1076 ardorem.
855 1020 1014 1083 Quod
1063 1023 1259 1074 autem
1313 1019 1595 1074 Dominus
1647 1017 1791 1073 dicit
1821 1016 2014 1089 praevi-

363 1109 574 1176 dendo,
598 1109 706 1164 iste
738 1110 984 1180 denegat
1015 1109 1291 1163 amando.
1313 1107 1419 1163 Ubi
1448 1105 1748 1162 moraliter
1775 1106 2016 1160 instrui-

359 1215 511 1265 mur,
543 1203 608 1252 ut
635 1201 922 1268 quantum
953 1197 1308 1252 conﬁdimus
1357 1197 1428 1252 de
1459 1197 1666 1251 ardore
1696 1195 1850 1262 ﬁdei,
1883 1199 2013 1249 tan-

350 1291 474 1342 tum
510 1286 820 1342 timeamus
843 1287 914 1342 de
935 1286 1132 1342 carnis
1154 1284 1714 1358 fragilitate,quia,si
1739 1287 2009 1339 nostrum

352 1374 430 1430 sit
458 1373 626 1442 velle,
659 1374 758 1429 Dei
790 1379 987 1429 autem
1013 1379 1103 1429 est
1133 1375 1431 1444 perﬁcere.
1452 1373 1652 1444 Neque
1676 1388 1782 1428 nos
1813 1387 2015 1426 secun-

353 1463 496 1518 dum
529 1463 766 1518 beatum
800 1461 1197 1534 Augustinum
1249 1462 1330 1533 (in
1359 1465 1523 1517 Joan.
1551 1464 1719 1516 tract.
1753 1460 1844 1529 66)
1877 1475 2011 1514 cum

354 1552 471 1607 ista
500 1551 775 1622 dicimus,
809 1553 1067 1623 primum
1086 1549 1484 1622 apostolorum
1517 1565 1794 1606 accusare
1825 1549 2009 1604 delec-

354 1643 462 1708 tat,
496 1640 598 1695 sed
629 1639 785 1696 hunc
835 1640 1119 1695 intuendo
1171 1639 1472 1695 admoneri
1505 1655 1612 1694 nos
1659 1642 1908 1709 oportet,
1943 1653 2016 1692 ne

355 1728 533 1784 homo
559 1729 875 1801 quisquam
903 1730 975 1784 de
1005 1728 1282 1784 humanis
1305 1727 1535 1784 viribus
1565 1727 1844 1782 conﬁdat.
1869 1726 2015 1781 Nam

359 1817 500 1889 quid
547 1817 707 1872 aliud
756 1817 1040 1889 pertinuit
1068 1818 1141 1872 ad
1189 1818 1489 1872 doctorem
1538 1816 2017 1887 Salvatoremque

2125 665 2283 730 runt,
2316 662 2416 734 qui
2447 678 2508 718 se
2558 680 2661 734 pro
2705 662 2823 718 illis
2870 679 3161 735 opponere
3209 663 3472 719 debent?
3503 665 3780 736 Legimus

2124 767 2380 823 namque
2412 752 2482 807 de
2503 752 2671 808 beato
2687 751 2933 806 Paulino
2965 750 3406 824 episcopo,quia
3433 769 3568 808 cum
3591 769 3652 809 se
3676 769 3780 826 pro

2123 855 2241 894 uno
2271 844 2500 895 tantum
2531 839 2717 894 vidum
2749 839 2867 895 ﬁlio
2895 839 3238 912 captivitati,
3269 841 3388 896 imo
3421 846 3480 897 et
3507 841 3781 897 servituti

2123 928 2487 996 tradidisset,
2520 928 2737 984 multos
2768 929 2828 984 in
2858 929 2969 985 hoc
3016 929 3299 985 liberasse
3341 930 3621 1001 captivos.
3656 930 3782 994 Quo

2123 1016 2300 1072 etiam
2333 1018 2392 1072 in
2443 1019 2596 1073 facto
2644 1021 2765 1073 tam
2806 1035 2841 1073 a
2888 1018 3056 1073 beato
3101 1019 3397 1090 Gregorio,
3431 1035 3609 1090 quam
3659 1023 3719 1074 et
3748 1037 3782 1074 a

2125 1105 2331 1161 multis
2362 1105 2492 1161 aliis
2523 1106 2915 1162 sanctissimis
2946 1105 3224 1162 laudatus
3255 1111 3345 1162 est
3375 1107 3665 1164 Patribus.

2194 1194 2386 1250 Unum
2404 1198 2602 1251 tamen
2625 1195 2744 1251 scio
2762 1195 2963 1267 procul
2987 1195 3187 1264 dubio,
3211 1196 3367 1267 quod
3388 1197 3604 1268 ubique
3625 1196 3782 1252 dice—

2124 1287 2241 1351 tur,
2276 1284 2416 1355 quia
2444 1284 2495 1340 si
2527 1283 2670 1340 illud
2706 1284 2838 1341 ﬁdei
2890 1284 3214 1353 vinculum,
3245 1285 3400 1356 quod
3450 1285 3592 1342 olim
3623 1286 3781 1341 inter

2123 1372 2414 1445 principes
2447 1377 2797 1444 nostrosque
2819 1373 3006 1428 valuit
3027 1373 3506 1445 praadecessores,
3532 1374 3778 1430 minime

2123 1462 2278 1533 apud
2314 1477 2420 1516 nos
2441 1461 2666 1517 servari
2697 1461 2971 1530 creditur,
2997 1466 3099 1517 aut
3124 1462 3418 1534 principes
3440 1463 3785 1534 deteriores,

2125 1554 2227 1606 aut
2256 1567 2362 1605 nos
2393 1549 2705 1621 nequiores
2725 1567 2854 1606 esse
2885 1551 3224 1623 probamur.
3251 1551 3397 1614 Quia
3427 1555 3528 1606 aut
3554 1550 3639 1605 illi
3675 1567 3788 1606 sua

2125 1639 2349 1694 saevitia
2377 1639 2520 1694 adeo
2551 1639 2707 1694 exosi
2739 1639 3033 1704 videntur,
3066 1643 3132 1694 ut
3179 1640 3247 1694 ad
3283 1640 3624 1712 popularem
3651 1641 3784 1710 jam

2125 1744 2240 1784 non
2273 1727 2503 1800 possint
2551 1727 2741 1784 redire
2788 1744 3070 1795 amorem,
3103 1732 3198 1783 aut
3229 1745 3336 1784 nos
3385 1729 3528 1784 adeo
3573 1726 3787 1800 perﬁdi

2126 1816 2518 1888 suspicamur,
2545 1820 2611 1872 ut
2638 1816 2869 1872 nullum
2900 1817 2959 1872 in
2991 1817 3163 1873 nobis
3184 1817 3319 1872 ﬁdei
3347 1817 3525 1872 robur
3551 1815 3787 1872 consis-

355 1906 768 1975 nostrum,nisi
791 1910 856 1962 ut
885 1905 1054 1962 nobis
1071 1922 1448 1978 nequaquam
1466 1907 1536 1961 de
1568 1921 1631 1960 se
1657 1921 2014 1976 quemquam
2044 1941 2094 2006 B
2129 1910 2232 1975 tat,
2265 1908 2366 1960 aut
2413 1909 2751 1976 utrumque.
2785 1905 3038 1977 Quisque
3081 1909 3279 1961 tamen
3330 1921 3466 1977 pars
3514 1904 3624 1959 hoc
3659 1919 3780 1958 me-

365 1995 576 2050 debere
607 2011 958 2067 praesumere
998 1995 1058 2050 in
1105 1995 1233 2067 ipso
1264 1995 1454 2066 primo
1485 1993 1884 2066 apostolorum
1916 1994 2017 2049 de-

363 2083 992 2155 monstraretexemplo
1004 2083 1032 2138 ?
1047 2084 1110 2139 In
1133 2084 1331 2139 anima
1347 2083 1546 2155 itaque
1575 2083 1820 2155 contigit
1836 2083 2014 2150 Petri,

362 2173 518 2243 quod
541 2172 889 2228 oﬁ'erebatin
907 2189 1166 2244 corpore.
1191 2171 1290 2228 Ille
1303 2173 1460 2227 enim
1485 2176 1731 2227 mortem
1755 2171 2016 2243 corporis

366 2260 662 2330 oﬁ'erebat,
695 2260 796 2316 sed
828 2265 1076 2316 mortem
1125 2261 1336 2316 animae
1367 2261 1615 2315 incurrit
1646 2278 1660 2318 :
1695 2259 1835 2331 quia
1863 2259 2018 2314 sicut

357 2347 545 2404 vivere
574 2353 664 2404 est
705 2350 970 2405 conﬁteri
1019 2349 1341 2417 Christum,
1376 2349 1460 2404 sic
1507 2353 1563 2404 et
1593 2349 1741 2404 mori
1793 2353 1883 2404 est
1913 2363 2013 2403 ne-

357 2453 496 2509 gare
525 2453 682 2493 eum.
700 2438 850 2503 Quid
868 2443 926 2493 et
953 2439 1163 2494 beatus
1192 2438 1452 2493 Thomas
1474 2438 1688 2493 dixerit
1710 2437 2011 2493 novimus:

359 2526 562 2582 Eamus
592 2535 647 2583 et
673 2543 769 2582 nos
795 2535 847 2582 et
892 2529 1200 2583 moriamur
1238 2543 1363 2582 cum
1391 2543 1455 2581 eo
1473 2544 1494 2590 ;
1525 2527 1788 2582 similiter
1832 2530 2017 2582 autem

359 2620 414 2670 et
443 2617 634 2672 czteri
660 2632 847 2671 omnes
893 2617 1157 2672 dixerunt
1204 2617 1385 2688 (Joan.
1419 2634 1495 2685 ιι,
1531 2616 1620 2686 16)
1653 2634 1666 2683 ;
1712 2619 1770 2670 et
1816 2620 2014 2671 tamen

363 2719 552 2760 omnes
579 2706 772 2762 relicto
799 2722 861 2761 eo
889 2708 1158 2779 fugerunt
1189 2706 1399 2778 (Matth.
1430 2722 1605 2772 xxvn,
1635 2705 1748 2775 59).

434 2795 504 2848 Et
533 2799 755 2850 certum
790 2800 879 2850 est
909 2795 1203 2867 apostolos
1233 2811 1299 2850 eo
1315 2795 1442 2866 jam
1473 2798 1735 2866 tempore
1764 2793 1897 2864 plus
1918 2809 2018 2848 eos

364 2881 606 2954 diligere
647 2883 984 2952 Dominum,
1018 2900 1196 2954 quam
1244 2900 1348 2939 vos
1379 2899 1582 2938 omnes
1633 2881 2014 2953 propinquos.

361 2972 430 3026 Et
459 2971 588 3027 ideo
621 2972 722 3044 qui
757 2990 861 3044 pro
894 2972 1052 3028 illius
1084 2978 1223 3027 tunc
1256 2989 1370 3027 non
1402 2976 1541 3027 sunt
1580 2971 1787 3026 retenti
1820 2986 2018 3026 amore

361 3076 466 3132 pro
499 3060 678 3116 nullis
709 3061 911 3133 utique
940 3065 1162 3117 starent
1187 3060 1512 3116 obsidibus.
1541 3060 1753 3116 Multos
1784 3075 2016 3132 quoque

365 3149 698 3205 audivimus
724 3153 783 3205 et
801 3150 1060 3206 vidimus
1091 3153 1221 3222 post
1245 3150 1412 3205 datos
1435 3150 1669 3207 obsides
1692 3150 1915 3204 irritam
1942 3149 2018 3204 fe-

366 3237 519 3295 cisse
550 3239 949 3310 sponsionem.
979 3239 1272 3302 Quosdam
1293 3255 1428 3294 vero
1458 3239 1633 3295 etiam
1664 3239 1888 3310 absque
1919 3239 2016 3294 da-

2128 1993 2317 2050 ruisse
2347 1994 2732 2061 convincitur,
2767 1999 3059 2066 oporteret
3104 1994 3155 2049 ei
3209 1994 3398 2066 magis
3429 1993 3780 2061 subsistere,

2125 2099 2304 2154 quam
2337 2082 2408 2137 ad
2441 2081 2556 2138 tale
2585 2082 2684 2137 diu
2716 2082 2977 2154 protrahi
3007 2082 3279 2153 dedecus,
3309 2082 3466 2153 quod
3500 2081 3682 2137 absit.

2197 2173 2575 2242 Quapropter,
2608 2170 2997 2241 dilectissimi,
3031 2187 3267 2226 oremus
3296 2170 3615 2226 Dominum
3649 2186 3776 2225 om-

2125 2261 2505 2332 nipotentem,
2526 2263 2592 2315 ut
2621 2265 2852 2316 nostros
2882 2259 3343 2332 gloriosissimos
3374 2273 3539 2330 reges
3563 2258 3784 2330 ubique

2125 2354 2446 2418 conservet,
2473 2367 2698 2422 nosque
2727 2348 2845 2403 illis
2869 2349 3218 2405 commissos
3239 2349 3513 2420 dignetur
3533 2348 3779 2415 tueri,in

2124 2439 2398 2494 omnibus
2447 2438 2618 2493 nobis
2669 2437 3118 2493 adversitatibus
3169 2436 3498 2508 propitiari.
3533 2435 3667 2492 Illis
3716 2437 3785 2492 de

2125 2531 2328 2582 nostra
2357 2526 2635 2582 ﬁdelitate
2657 2527 2833 2582 donet
2862 2525 3162 2593 ﬁduciam,
3189 2529 3248 2580 et
3279 2525 3448 2580 nobis
3480 2525 3541 2580 in
3575 2541 3782 2580 eorum

2125 2617 2406 2688 obsequio
2429 2615 2836 2689 perseverandi
2859 2619 3093 2686 praestet
3113 2613 3788 2670 constantiam.Tribuat

2125 2705 2257 2761 illos
2288 2705 2460 2761 nobis
2480 2704 2851 2775 tranquillos,
2871 2720 3096 2775 nosque
3126 2704 3210 2760 eis
3240 2703 3414 2759 faciat
3441 2694 3570 2758 ésse
3602 2703 3786 2758 devo-

2125 2798 2236 2849 tos.
2260 2793 2394 2850 Etsi
2418 2792 2750 2865 fragilitatis
2769 2809 2966 2862 causa,
2990 2797 3090 2847 aut
3118 2792 3231 2863 ipsi
3255 2792 3314 2847 in
3334 2791 3525 2858 nobis,
3550 2795 3661 2847 aut
3679 2809 3786 2848 nos

2127 2887 2327 2939 contra
2356 2882 2486 2938 illos
2518 2881 2744 2953 aliquid
2779 2882 3049 2953 iniquum
3079 2880 3510 2948 commisimus,
3534 2880 3623 2935 sic
3654 2881 3784 2951 ejus

2125 2971 2434 3027 clementia
2465 2970 2747 3036 deleatur,
2782 2975 2846 3025 ut
2869 2970 3029 3026 nulla
3049 2971 3176 3041 jam
3207 2970 3266 3025 in
3300 2974 3602 3042 posterum
3635 2969 3784 3024 ultio

2124 3061 2331 3117 exinde
2359 3065 2737 3132 praeparetur.
2753 3059 3135 3115 Dimittamus
3153 3059 3369 3129 debita,
3390 3061 3455 3113 ut
3475 3057 3784 3114 dimittan-

2122 3154 2240 3217 tur,
2275 3166 2388 3205 non
2418 3149 2786 3205 vindicamus
2819 3149 3038 3215 omnia,
3063 3165 3135 3204 ne
3166 3148 3366 3203 omnia
3384 3147 3782 3203 vindicentur.

2126 3240 2250 3295 Non
2283 3239 2651 3294 vindicentur
2680 3239 2937 3294 maxima
2968 3255 3072 3310 pro
3099 3237 3490 3304 minimis,sed
3513 3242 3789 3293 servetur

368 3325 448 3383 tis
481 3326 787 3382 obsidibus
809 3343 996 3400 usque
1022 3329 1093 3383 ab
1127 3332 1372 3382 mortem
1396 3328 1569 3382 ﬁdem
1601 3344 1882 3383 servasse.
1906 3326 2015 3382 Ve-
2048 3313 2090 3377 C
2131 3329 2418 3384 modestia
2449 3331 2506 3384 et
2535 3328 2594 3382 in
2621 3328 2871 3400 magnis.
2904 3326 3112 3383 Nullus
3139 3327 3294 3399 quod
3324 3325 3489 3382 alteri
3513 3326 3783 3393 debetur,

369 3420 707 3472 rumtaman
739 3416 789 3472 si
807 3415 942 3472 talis
962 3417 1279 3488 expetenda
1303 3421 1392 3472 est
1420 3416 1718 3488 obligatio,
1739 3434 1772 3472 a
1787 3415 2017 3472 stolidis

367 3510 424 3560 et
454 3505 743 3576 perversis
767 3509 1064 3576 Deumque
1091 3522 1206 3561 non
1238 3505 1581 3562 curantibus
1608 3506 2016 3561 tantummodo

364 3593 651 3666 exigenda
679 3599 789 3650 est.
814 3594 916 3649 Vir
945 3599 1138 3650 autem
1166 3595 1422 3667 prudens
1453 3599 1510 3649 et
1538 3595 2018 3666 catholicus,quaa

369 3698 474 3754 pro
499 3682 596 3736 Dei
618 3683 1038 3754 omnipotentis
1059 3683 1739 3754 timoresuaequeanimaa
1763 3683 2017 3754 periculo

371 3787 490 3825 non
524 3770 798 3838 custodit,
832 3788 935 3842 pro
967 3771 1145 3826 nullis
1175 3771 1390 3843 poterit
1433 3787 1662 3827 servare
1691 3772 2016 3828 obsidibus.

373 3859 709 3914 Cavendum
742 3863 832 3914 est
863 3875 998 3931 ergo
1027 3859 1138 3914 hoc
1191 3860 1468 3916 omnibus
1514 3859 1883 3928 Christianis,
1918 3861 2016 3916 sed

370 3946 746 4018 pontiﬁcibus
763 3947 924 4002 nullo
943 3949 1115 4003 modo
1138 3948 1363 4004 aestimo
1385 3951 1879 4020 praesumendum.
1904 3950 2019 4005 Sic-

368 4039 434 4091 ut
463 4036 619 4091 enim
671 4041 947 4108 apostatae
993 4038 1290 4108 dicuntur,
1323 4038 1423 4109 qui
1474 4043 1608 4110 post
1656 4039 2018 4111 baptismum

366 4122 579 4178 Christi
612 4129 921 4196 suceptum
976 4142 1186 4181 rursus
1232 4125 1302 4180 ad
1349 4142 1713 4198 paganorum
1763 4127 1932 4192 ritus,
1964 4131 2023 4182 et

373 4211 665 4267 idolorum
684 4218 1100 4268 convertuntur
1117 4214 1430 4280 culturam,
1446 4215 1530 4271 sic
1545 4215 1722 4270 etiam
1743 4221 2023 4286 apostataa

378 4301 658 4356 dicuntur
687 4306 743 4357 et
792 4303 1142 4372 sacerdotes,
1176 4303 1276 4375 qui
1325 4301 1640 4359 Ecclesiam
1689 4305 2024 4361 deserentes

376 4405 708 4461 censuram,
757 4393 828 4448 ad
880 4391 1194 4448 militarem
1244 4407 1307 4447 se
1355 4393 1664 4448 conferunt
1713 4393 2019 4450 actionem.

2127 3421 2445 3490 praesumat
2492 3417 2923 3489 concupiscere,
2983 3417 3123 3488 quia
3174 3417 3310 3471 hinc
3355 3414 3546 3471 solent
3586 3415 3787 3487 jurgia

2127 3524 2360 3579 semper
2402 3523 2680 3563 crescere.
2715 3507 2980 3562 Sufﬁciat
3028 3506 3346 3577 unicuique
3393 3505 3550 3576 quod
3606 3521 3783 3561 suum

2127 3601 2239 3664 est,
2271 3612 2376 3650 nec
2425 3597 2697 3652 invadere
2729 3595 2986 3665 aliquem
3017 3595 3263 3651 delectet
3310 3595 3466 3666 quod
3515 3611 3639 3650 non
3673 3598 3781 3651 est.

2128 3684 2236 3748 Qui
2260 3684 2416 3740 enim
2433 3683 2651 3756 injuste
2672 3686 2887 3755 gaudet
2915 3685 3236 3756 acquirere,
3256 3683 3403 3740 solet
3421 3682 3600 3739 etiam
3625 3685 3783 3756 quod

2120 3775 2280 3844 juste
2297 3777 2454 3829 tenet
2483 3773 2921 3829 amittere.Nam
2944 3773 3357 3850 licetjudicum
3384 3772 3601 3845 poterit
3614 3789 3784 3829 voces

2127 3862 2383 3927 inﬁcere,
2432 3861 2694 3917 divinum
2744 3879 2858 3918 non
2905 3862 3117 3918 valebit
3155 3862 3447 3934 judicium
3499 3861 3780 3935 effugere.

2131 3952 2235 4007 Det
2264 3950 2433 4007 nobis
2462 3949 2749 4007 Dominus
2779 3953 2851 4007 ab
2885 3953 3098 4008 exteris
3148 3967 3372 4024 pacem,
3407 3954 3464 4006 et
3487 3951 3646 4007 inter
3677 3967 3784 4006 nos

2131 4056 2300 4096 suam
2332 4041 2592 4095 conferat
2623 4040 2987 4096 charitatem.
3019 4040 3104 4096 Sit
3147 4057 3332 4096 unum
3365 4055 3464 4096 cor
3488 4039 3781 4106 omnium,

2131 4134 2197 4184 ut
2229 4128 2548 4201 diligamus
2601 4131 2780 4185 Deum
2829 4135 2886 4185 et
2930 4130 3283 4202 proximum.
3338 4129 3520 4201 Digne
3550 4143 3786 4201 semper

2129 4218 2441 4273 laudemus
2483 4217 2820 4285 Dominum,
2854 4223 2913 4276 et
2942 4219 3358 4276 benedicamus
3406 4233 3625 4275 nomen
3658 4220 3783 4290 ejus

2131 4307 2191 4362 in
2223 4306 2526 4362 saeculum.
2559 4308 2765 4364 Amen.
