3946 6402
126 432 226 496 125
712 432 1131 497 EXPOSITIO
1172 432 1254 495 IN
1299 432 1731 497 EPISTOLAS
1776 432 2035 497 PAULI.
2069 467 2147 478 —
2175 433 2256 495 IN
2300 433 2551 497 EPIST.
2584 434 2690 495 AD
2737 431 2930 493 ROM.

3420 427 3536 488 126

1445 756 2207 858 ATTONIS

898 1000 1978 1089 VERCELLENSIS
2096 1000 2773 1088 EPISCOPI

1374 1220 2281 1356 EXPOSITIO
2368 1294 2373 1295 ε

315 1492 2101 1663 EPISTOLARUM
2222 1494 2426 1662 S.
2543 1487 3372 1658 PAULI.

774 1930 952 1991 ISTE
994 1931 1231 1992 LIBER
1272 1931 1512 1993 PAULI
1558 1930 1909 1991 RETINET
1952 1929 2294 1989 DlGTA'l‘A
2337 1930 2569 1989 BEATI

776 2011 1414 2084 TRAGTATUSQUE
1460 2012 1700 2072 SIMUL
1744 2010 2088 2071 DISERTO
2134 2008 2487 2072 SIRMATE
2532 2006 2920 2071 COMPTOS.

1158 2340 1703 2430 EPISTOLA
1764 2342 1908 2425 AD
1971 2338 2549 2426 ROMANOS.

696 2705 1229 2764 ARGUMENTUM.

192 2849 402 2906 Primo
437 2848 877 2905 discutiendum
900 2854 989 2905 est
1011 2867 1191 2922 quare
1212 2850 1473 2923 Epistola
1493 2853 1563 2907 ad
1590 2853 1798 2908 Roma-

124 2957 233 2997 nos
264 2940 329 2995 in
364 2938 655 3011 principio
688 2942 961 3011 ponatur,
994 2956 1127 2996 cum
1159 2941 1476 3013 Apostolus
1518 2959 1633 2997 non
1666 2958 1796 2997 eam

124 3030 421 3102 primum,
453 3029 559 3084 sed
590 3032 722 3101 post
750 3029 1040 3099 quasdam
1072 3029 1219 3086 alias
1263 3031 1583 3103 scripserit.
1617 3030 1801 3087 Aiunt

125 3120 285 3175 enim
342 3120 503 3191 quod
554 3118 807 3190 primam
861 3119 1163 3192 scripserit
1194 3121 1265 3175 ad
1298 3120 1589 3177 Hebraeos.
1638 3120 1799 3178 Hanc

126 3209 526 3281 questionem
549 3207 818 3265 nonnulli
839 3208 948 3265 hoc
971 3208 1145 3264 modo
1168 3208 1428 3265 solvunt:
1454 3210 1638 3265 Roma
1654 3226 1802 3282 pene

123 3299 311 3355 totius
343 3302 530 3371 caput
557 3302 682 3354 erat
714 3298 985 3371 imperii;
1029 3298 1307 3371 quoniam
1362 3299 1610 3355 Romani
1659 3303 1801 3355 tunc

124 3404 273 3461 pene
287 3387 577 3445 omnibus
590 3387 867 3459 gentibus
886 3387 1280 3459 imperabant;
1296 3388 1543 3460 ideoque
1555 3388 1803 3461 dignum

124 3477 259 3545 fuit,
312 3482 403 3545 ut,
454 3477 528 3533 ob
576 3493 779 3533 eorum
843 3477 1223 3533 reverentiam
1276 3477 1536 3548 Epistola
1583 3478 1655 3533 ad
1704 3494 1805 3533 eos

127 3567 353 3639 scripta
386 3566 586 3639 prima
615 3570 951 3638 poneretur.
984 3565 1099 3620 Alii
1125 3582 1280 3635 vero,
1300 3572 1366 3621 ut
1394 3566 1673 3639 Origenes
1711 3583 1804 3623 as-

128 3656 289 3724 serit,
324 3659 760 3727 pertractantes
802 3655 1002 3724 ﬁdem,
1061 3659 1120 3711 et
1162 3656 1375 3711 merita
1432 3654 1804 3727 singularum

128 3746 428 3818 gentium,
465 3762 594 3817 quae
625 3745 1021 3816 crediderunt,
1068 3750 1123 3801 et
1173 3745 1244 3801 ad
1299 3762 1447 3817 quas
1493 3745 1806 3815 Apostolus

130 3834 345 3891 direxit
384 3834 697 3907 epistolas,
730 3834 1056 3891 secundum
1106 3835 1445 3891 earumdem
1497 3835 1695 3904 ﬁdem,
1750 3839 1808 3889 et

132 3925 347 3981 merita
377 3941 485 3981 eas
515 3924 788 3980 ordinare
819 3925 1219 3981 decreverunt.

201 4031 463 4088 Romani
512 4034 711 4087 autem
761 4032 1009 4087 minoris
1058 4036 1227 4087 erant
1274 4030 1409 4087 ﬁdei
1460 4035 1517 4086 et
1562 4030 1805 4087 meriti:

134 4121 410 4178 nonnulli
446 4119 608 4177 enim
640 4137 843 4177 eorum
876 4121 1020 4177 adeo
1069 4121 1246 4176 rudes
1275 4124 1461 4190 erant,
1495 4124 1561 4175 ut
1591 4136 1653 4175 se
1684 4136 1806 4175 cre-

132 4212 339 4268 darent
371 4228 497 4268 non
531 4209 634 4266 Dei
665 4211 874 4283 gratia,
907 4211 1009 4267 sed
1041 4210 1166 4266 suis
1198 4209 1423 4266 meritis
1454 4226 1582 4265 esse
1621 4208 1807 4265 salva-

134 4303 252 4370 tos;
286 4301 551 4373 ideoque
582 4299 921 4371 Epistolam,
946 4317 1074 4372 quae
1097 4301 1164 4354 ad
1196 4315 1295 4356 eos
1317 4299 1536 4370 scripta
1564 4303 1673 4369 est,
1699 4298 1810 4369 pri-

132 4406 293 4447 mam
325 4394 685 4464 posuerunt.
729 4389 951 4447 Deinde
980 4389 1270 4462 gradatim
1303 4389 1687 4444 ascendentes
1719 4404 1808 4443 se-

134 4481 401 4536 cundum
435 4480 644 4547 ﬁdem,
677 4482 736 4536 et
763 4478 972 4536 merita
1001 4478 1414 4553 gentilium,ut
1443 4477 1669 4533 dictum
1700 4480 1809 4547 est,

134 4570 570 4628 ordinaverunt
597 4567 915 4641 Epistolas.

204 4676 354 4735 Hinc
386 4681 504 4749 est,
537 4676 694 4749 quod
727 4673 1048 4748 Epistolam
1091 4674 1165 4730 ad
1213 4672 1486 4729 Hebraeos
1530 4672 1811 4745 scriptam

138 4765 415 4824 ultimam
432 4764 1081 4839 posuerunt,quoniam
1102 4762 1188 4819 illi
1204 4762 1445 4835 majoris
1465 4764 1632 4817 erant
1650 4760 1809 4829 ﬁdei,

139 4855 332 4913 meriti
360 4860 423 4913 et
455 4854 741 4924 scientiis,
771 4855 930 4911 unde
957 4858 1016 4910 et
1046 4853 1121 4910 ab
1149 4850 1425 4924 Apostolo
1458 4850 1619 4907 omni
1639 4849 1814 4906 laude

138 4948 566 5018 praeferuntur.
580 4945 712 5016 Sed,
734 4944 875 5018 quia
894 4960 1029 5000 eum
1050 4941 1313 5015 Epistola
1332 4940 1656 5014 legitur,ita
1684 4956 1814 5010 pro-

139 5037 401 5093 nuntiari
418 5033 868 5107 solet:Epistola
886 5034 1042 5090 beati
1063 5032 1229 5090 Pauli
1252 5029 1655 5103 apostolizipsa
1676 5046 1817 5101 quo«

140 5142 247 5198 que
278 5125 700 5200 pronuntiatio
730 5124 1001 5193 sollicite,
1053 5127 1110 5179 et
1160 5121 1405 5179 solerter
1449 5119 1819 5177 discutienda

140 5220 239 5272 est.
272 5217 538 5291 Epistola
570 5214 786 5271 Graece.
818 5213 1019 5270 Latine
1039 5212 1255 5269 dicitur
1283 5213 1640 5284 supermissa.
1671 5209 1814 5263 Nam

142 5307 236 5378 Ερί
262 5312 467 5365 ϐτωοθ
501 5304 709 5362 Latine
739 5303 958 5360 dicitur
985 5318 1172 5375 super,
1201 5302 1341 5357 stola
1371 5304 1567 5357 autem
1590 5300 1767 5354 missa
1799 5316 1817 5351 :

144 5397 223 5452 sic
250 5397 413 5454 enim
440 5393 701 5470 epistola
724 5393 961 5460 dicitur,
993 5392 1148 5448 sicut
1177 5389 1562 5461 epitaphium,
1595 5393 1653 5443 et
1691 5386 1816 5457 epi-

142 5485 499 5544 thalamium

146 5590 317 5646 super
342 5573 623 5633 tumulos
641 5576 1011 5629 mortuorum
1031 5569 1337 5636 scribitur;
1369 5565 1817 5639 epithalamium

148 5683 299 5736 vero,
330 5668 497 5741 quod
541 5679 721 5736 super
748 5662 985 5733 nuptias
1033 5661 1105 5716 ad
1156 5657 1487 5715 thalamum
1537 5654 1815 5713 canitur:

149 5758 300 5837 quod
331 5758 578 5831 primus
622 5752 836 5811 cecinit
878 5750 1153 5809 Salomon
1204 5765 1305 5806 rex
1356 5745 1533 5805 Israel
1582 5746 1641 5803 in
1688 5744 1821 5801 lau-

1820 2709 1877 2776 Α
1907 2708 2040 2764 dem
2072 2707 2271 2777 sponsi
2303 2711 2361 2763 et
2390 2722 2642 2779 sponsae,
2675 2704 2733 2760 id
2765 2708 2879 2775 est,
2905 2700 3122 2759 Christi
3167 2703 3225 2756 et
3270 2696 3561 2755 Ecclesiae.

1906 2798 2018 2853 Sed
2052 2797 2434 2868 quaerendum
2466 2799 2556 2851 est
2587 2809 2767 2866 quare
2796 2801 2914 2848 tam
2949 2792 3148 2861 hujus,
3185 2804 3364 2861 quam
3396 2791 3564 2843 ciste-

1909 2904 2110 2943 rerum
2128 2884 2526 2957 apostolorum
2551 2884 2768 2954 scripta
2789 2881 3027 2954 speciali
3051 2880 3309 2952 quodam
3330 2876 3567 2933 nomine

1910 2976 2167 3049 epistolis
2196 2979 2501 3033 vocantur.
2528 2975 2595 3029 Et
2620 2978 2753 3045 apte
2784 2971 3023 3042 quidem
3047 2986 3059 3024 :
3079 2967 3358 3040 quoniam
3392 2983 3568 3037 super

1910 3066 2121 3138 legem,
2152 3070 2210 3121 et
2240 3064 2577 3136 prOpbetas,
2620 3077 2725 3117 nec
2766 3076 2883 3115 non
2934 3074 3111 3129 super
3156 3056 3409 3129 gratiam
3442 3056 3570 3125 ejus

1911 3155 2130 3222 addita,
2164 3158 2221 3208 et
2251 3154 2434 3208 missa
2482 3154 2622 3206 sunt
2667 3150 2740 3204 ad
2792 3147 3111 3204 resecanda
3150 3144 3312 3211 vitia,
3343 3161 3471 3216 quas
3503 3160 3572 3199 ex

1911 3241 2380 3315 transgressione
2412 3238 2708 3311 Evangelii
2760 3237 2982 3294 noviter
3028 3235 3387 3292 oriebantur.
3420 3233 3569 3289 Nam

1913 3350 2031 3405 qua
2060 3331 2383 3387 intentione
2406 3333 2539 3401 post
2566 3332 2865 3400 acceptam
2889 3327 3078 3399 legem
3101 3323 3395 3396 prOphetaa
3419 3323 3569 3377 dire-

1914 3422 1987 3477 cti
2031 3425 2198 3487 sunt;
2232 3419 2458 3474 scilicet
2489 3422 2555 3473 ut
2580 3432 2781 3472 eorum
2830 3413 3123 3470 vaticiniis
3175 3414 3573 3468 resecarentur

1914 3509 2055 3565 vitia
2105 3525 2175 3563 ex
2226 3508 2373 3579 legis
2423 3505 2893 3577 transgressione
2939 3507 3067 3557 orta
3112 3500 3386 3567 :eadem,
3439 3502 3573 3569 post

1916 3602 2212 3669 acceptam
2246 3595 2539 3667 Evangelii
2573 3593 2821 3667 gratiam
2852 3591 3082 3646 directa:
3113 3592 3253 3644 sunt
3289 3585 3568 3659 epistolae,

1916 3692 1981 3743 ut
2011 3703 2213 3743 earum
2251 3684 2584 3751 sententiis,
2632 3687 2809 3755 atque
2854 3681 3158 3753 praeceptis
3202 3676 3576 3747 expiarentur

1915 3777 2074 3846 vitia,
2106 3793 2236 3847 quae
2261 3792 2331 3830 ex
2358 3774 2506 3847 legis
2536 3771 3005 3844 transgressione
3034 3764 3568 3824 nascebantur.No-

1915 3867 2162 3922 tandum
2198 3869 2415 3931 autem,
2436 3862 2575 3935 quia
2604 3861 2848 3934 pulchre
2875 3858 3190 3931 Apostolus
3219 3857 3419 3911 decem
3441 3858 3571 3909 tan-

1916 3960 2043 4010 tum
2075 3953 2350 4008 Ecclesiis
2381 3951 2591 4006 direxit
2620 3948 2917 4021 epistolas.
2952 3948 3098 4003 Nam
3120 3949 3373 4016 quatuor
3394 3942 3571 3996 disci-

1918 4043 2076 4116 pulis
2099 4042 2289 4098 misit:
2313 4046 2377 4095 ut
2398 4041 2548 4095 sicut
2568 4038 2672 4092 ﬁlii
2690 4036 2866 4094 Israel
2892 4035 3117 4092 liberati
3142 4034 3215 4089 ab
3236 4029 3574 4104 [Egyptiaca

1918 4132 2200 4189 servitute
2229 4132 2602 4185 transeuntes
2636 4142 2796 4182 mare
2828 4126 3188 4192 Rubrum,et
3216 4120 3468 4192 suscepti
3497 4119 3571 4173 ab

1919 4238 2114 4278 eremo
2143 4222 2342 4275 decem
2373 4220 2548 4275 verba
2576 4217 2722 4289 legis
2755 4218 3123 4287 acceperunt,
3148 4212 3364 4285 quibus
3390 4210 3461 4265 ad
3485 4226 3574 4265 sa-

1918 4311 2103 4366 lutem
2127 4310 2586 4374 instruerentur;
2620 4307 2700 4361 ita
2720 4306 2836 4361 veri
2863 4301 3225 4366 Israelitae,id
3256 4297 3574 4369 est,ﬁdeles

1918 4398 2147 4455 liberati
2181 4399 2254 4453 ab
2284 4396 2637 4470 Egyptiaca,
2670 4395 2726 4449 id
2758 4398 2850 4449 est
2896 4394 3228 4447 daemonum
3271 4386 3573 4457 servitute,

1920 4493 1978 4545 et
2006 4492 2383 4543 transeuntes
2414 4501 2576 4540 mare
2604 4481 2905 4552 baptismi,
2934 4479 3091 4551 quod
3125 4477 3256 4533 ideo
3306 4476 3572 4531 Rubrum

1921 4576 2157 4641 dicitur,
2190 4575 2329 4646 quia
2357 4573 2645 4643 sanguine
2672 4568 2905 4625 Domini
2935 4572 3025 4625 est
3051 4566 3437 4633 rubricatum,
3474 4581 3573 4619 su-

1921 4665 2225 4738 sceptique
2255 4663 2327 4717 ab
2357 4677 2553 4717 eremo
2584 4659 2889 4732 praesentis
2908 4656 3172 4715 Ecclesiae
3189 4657 3390 4712 decem
3412 4654 3578 4726 Epis-

1921 4754 2176 4812 tolarum
2192 4750 2502 4809 sententiis
2514 4750 2974 4806 intormarentur
2988 4748 3061 4804 ad
3073 4747 3254 4803 vitam
3274 4749 3549 4801 aeternam
3560 4784 3574 4810 ,

1923 4853 1981 4902 et
2010 4843 2261 4899 salutem
2292 4845 2655 4914 perpetuam.
2710 4843 2856 4911 Apte
2902 4839 3081 4895 etiam
3131 4832 3577 4908 quatuordecim

1926 4933 2163 5005 scripsit
2196 4950 2209 4988 :
2244 4948 2380 4987 nam
2409 4932 2563 4987 sicut
2592 4928 2831 4986 denario
2860 4926 3204 4997 Decalogus,
3232 4923 3316 4978 ita
3343 4923 3580 4992 quater-

1926 5022 2091 5079 nario
2120 5022 2386 5079 doctrina
2412 5019 2710 5093 Evangelii
2740 5017 3101 5090 designatur.
3125 5010 3578 5078 Quatuordecim

1926 5130 2062 5186 ergo
2093 5111 2386 5185 Epistolas
2416 5110 2656 5182 scripsit
2703 5104 3041 5179 Apostolus,
3073 5107 3140 5159 ut
3174 5102 3303 5175 ipso
3334 5115 3579 5156 numero

1928 5202 2299 5259 concordiam
2330 5200 2561 5273 legis,et
2585 5197 2786 5271 gratia:
2805 5196 3254 5260 demonstraret,
3278 5205 3459 5263 seque
3490 5189 3580 5244 ni-

1927 5292 2251 5349 hilominus
2278 5289 2543 5361 ejusdem
2575 5287 2743 5359 legis,
2771 5289 2829 5340 et
2856 5283 3056 5357 gratia;
3088 5279 3584 5354 impletorem,do—

1930 5387 2172 5450 ctorem,
2200 5384 2260 5437 et
2287 5378 2697 5451 expositorem.
2729 5375 2944 5430 Beatus
2975 5372 3210 5440 dicitur,
3235 5368 3405 5443 quasi
3434 5368 3583 5424 bene

557 5500 573 5541 :
624 5482 989 5555 epitaphium
1038 5459 1296 5553 namq—ue
1333 5459 1601 5544 carmen,
1657 5475 1811 5548 quod
1844 5459 1888 5527 C
1926 5476 2122 5546 aptus,
2152 5469 2240 5527 vel
2269 5470 2418 5525 bene
2468 5470 2705 5534 auctus;
2738 5468 2797 5520 et
2824 5480 3025 5520 revera
3067 5460 3164 5517 ille
3213 5461 3421 5516 beatus
3472 5460 3581 5555 est,

1929 5561 2031 5634 qui
2062 5562 2220 5615 caret
2240 5556 2517 5614 omnibus
2534 5555 2789 5622 malis,et
2805 5552 3067 5609 abundat
3087 5549 3364 5607 omnibus
3387 5546 3579 5601 bonis.

1928 5631 2245 5722 Apostolus
2276 5646 2477 5718 itaque
2520 5659 2653 5699 vere
2704 5643 2910 5698 beatus
2957 5644 3098 5705 erat,
3133 5636 3413 5709 quoniam
3444 5637 3503 5688 et
3534 5631 3582 5687 si

1930 5736 2353 5811 temporalibus
2382 5732 2748 5793 afﬁciebatur
2776 5728 3058 5801 adversis,
3085 5732 3283 5787 tamen
3303 5722 3580 5796 spiritua-
