3946 6442
1389 478 1728 542 ΑΤἸῸΝΙΞ
1775 475 2365 543 VERCELLENSIS
2410 478 2768 542 EPISGOPI

3673 478 3793 541 128

371 609 530 667 libus
545 609 876 681 replebatur
893 612 1449 686 bonis(64‘).Paulus
1471 614 1706 671 Hebrzeo
1730 631 2020 682 sermone,
2052 615 2108 680 Α
2209 613 2277 669 Et
2307 613 2446 686 quia
2469 614 2765 685 praefatam
2790 612 3002 669 Urbem
3021 615 3267 686 uterque
3290 611 3542 687 populus
3564 612 3794 669 habita-

379 700 580 756 Latine
607 701 824 765 dicitur
849 703 1225 772 admirabilis,
1246 704 1364 760 sive
1386 706 1688 760 electus.Et
1718 710 1847 775 apte
1880 722 2024 776 quo-

379 791 514 846 dam
548 791 827 862 praesagio
858 792 1222 847 admirabilis
1253 793 1442 848 dictus
1471 798 1578 860 est,
1613 793 1891 864 quoniam
1937 793 2028 847 in-

381 880 602 948 cipiens
632 881 703 935 ab
733 880 1112 952 Jerosolymis
1141 897 1242 952 per
1272 881 1536 952 singulas
1569 883 2028 954 circumquaque

380 969 646 1040 regiones
676 987 861 1039 usque
893 971 961 1024 ad
996 969 1288 1038 Illyricum
1320 971 1668 1026 mirabiliter
1697 972 2030 1042 praedicavit

382 1057 759 1128 Evangelium
785 1076 797 1112 :
823 1059 942 1113 sive
971 1058 1105 1127 quia
1130 1057 1315 1112 multa
1349 1060 2023 1131 mirandaJdestsigna,

381 1149 432 1201 et
468 1145 730 1217 prodigia
763 1146 1148 1202 fceit.Electus
1170 1153 1366 1203 autem
1391 1149 1517 1204 ideo
1545 1149 1735 1204 dictus
1757 1154 1863 1216 est,
1891 1167 2030 1221 quo-

382 1235 540 1290 niam
564 1235 784 1290 electus
797 1240 930 1290 esta
946 1237 1187 1292 Domino
1205 1239 1274 1292 ad
1296 1239 1726 1309 praedicationis
1747 1240 2026 1294 ofﬁcium.

380 1323 542 1378 Unde
573 1325 695 1393 ipse
724 1324 861 1379 alibi
895 1325 1033 1379 dicit
1063 1343 1076 1381 :
1109 1327 1260 1380 Sicut
1290 1329 1455 1395 elegit
1499 1344 1596 1383 nos
1643 1331 1705 1383 in
1753 1331 1867 1399 ipso
1907 1337 2034 1383 ante

379 1414 580 1468 mundi
606 1415 1049 1468 constitutionem
1079 1416 1337 1485 (Ephesi,
1362 1417 1436 1486 4).
1467 1417 1609 1471 Hinc
1631 1423 1684 1472 et
1708 1418 1764 1471 in
1787 1419 2032 1472 Actibus

384 1501 786 1572 apostolorum
819 1502 1071 1571 Spiritus
1104 1510 1349 1559 sanctus
1379 1505 1658 1577 loquitur,
1684 1506 1882 1563 dicens
1907 1523 1918 1561 :
1943 1507 2034 1563 Se—

383 1595 606 1659 gregate
633 1593 776 1646 mihi
803 1593 1121 1648 Barnabam
1149 1602 1201 1648 et
1241 1595 1498 1665 Paulum,
1534 1595 1588 1650 in
1622 1611 1753 1667 opus
1797 1597 1864 1651 ad
1893 1597 2036 1667 quod

384 1680 527 1748 elegi
554 1695 641 1734 eos
670 1681 803 1746 (Act.
836 1698 959 1751 xm,
986 1683 1062 1753 2).
1097 1681 1310 1738 Paulus
1340 1701 1472 1739 vero
1504 1684 1562 1739 in
1599 1685 1802 1740 Latino
1821 1702 2038 1740 sermo-

387 1785 458 1824 ne
489 1786 524 1823 a
551 1769 783 1824 modico
807 1769 1000 1825 dictus
1021 1775 1136 1826 est:
1158 1777 1246 1826 est
1266 1773 1422 1827 enim
1445 1789 1638 1828 sermo
1660 1773 2035 1841 humilitatis;

387 1858 543 1912 unde
575 1858 782 1914 beatus
811 1859 1176 1930 Augustinus
1201 1860 1343 1916 dicit
1375 1877 1388 1914 :
1424 1861 1606 1917 Usum
1640 1863 1848 1918 Latince
1873 1862 2038 1918 locn-

2137 703 2254 769 bat,
2287 703 2472 758 Judzei
2507 708 2680 776 atque
2711 702 2957 775 gentiles
2988 702 3311 774 plurimum
3345 705 3496 757 inter
3525 720 3587 758 se
3617 702 3794 758 dissi-

2139 793 2363 862 dentes,
2411 797 2466 848 et
2515 792 2682 863 quasi
2733 797 3061 864 pugnanter
3109 792 3476 862 dimicantes,
3511 792 3634 847 haec
3680 792 3792 847 sibi

2138 882 2474 937 insultando
2506 886 2562 936 et
2593 881 2922 936 altercando
2944 881 3191 952 objicere
3222 881 3796 937 solobant.Dicebant

2139 971 2295 1026 enim
2324 971 2506 1025 Judaei
2542 987 2554 1024 :
2589 971 2706 1026 Nos
2737 987 2923 1042 genus
2954 969 3226 1040 electum,
3261 970 3512 1042 populus
3537 969 3793 1041 acquisi-

2137 1059 2337 1130 tionis,
2372 1060 2536 1131 plebs
2569 1065 2771 1114 sancta
2819 1076 2887 1113 ex
2935 1059 3114 1131 stirpe
3147 1059 3610 1130 patriarcharum
3643 1064 3791 1126 orta,

2139 1165 2287 1220 quos
2319 1148 2603 1203 Dominus
2645 1147 2848 1202 multis
2899 1148 3082 1219 signis
3114 1154 3170 1203 et
3199 1147 3480 1219 prodigiis
3511 1148 3584 1202 ab
3616 1152 3795 1220 zEgy-

2141 1239 2330 1310 ptiaca
2361 1238 2638 1292 servitute
2667 1237 2965 1304 liberavit;
3002 1253 3107 1292 nos
3133 1237 3304 1292 siccis
3336 1237 3582 1307 pedibus
3634 1253 3797 1292 mare

2141 1327 2684 1393 transivimus;cum
2701 1326 2971 1381 inimicos
2988 1330 3217 1380 nostros
3237 1325 3567 1397 gravissimi
3583 1327 3798 1381 fluctus

2141 1415 2526 1481 involverent;
2553 1415 2724 1470 nobis
2743 1415 2801 1469 in
2828 1416 3055 1470 deserto
3079 1415 3264 1486 legem
3289 1415 3469 1481 dedit,
3501 1419 3557 1469 et
3581 1431 3799 1469 manna

2143 1506 2215 1560 de
2245 1504 2387 1559 ccelo
2415 1503 2595 1575 pluit;
2628 1520 2843 1576 aquam
2869 1505 2940 1560 de
2963 1509 3126 1574 petra
3146 1520 3420 1560 emanare
3448 1503 3602 1570 fecit;
3629 1503 3800 1558 nobis

2142 1597 2360 1649 terram
2391 1592 2557 1660 lacte,
2595 1597 2652 1648 et
2683 1591 2852 1648 melle
2907 1599 3240 1648 manantem
3293 1592 3582 1665 promisit,
3633 1597 3691 1647 et
3740 1592 3801 1647 in

2145 1682 2438 1748 eamdem,
2487 1681 2639 1736 sicut
2687 1682 3054 1752 promiserat,
3096 1681 3437 1736 introduxit.
3492 1682 3573 1736 Ex
3629 1681 3802 1736 nobis

2147 1769 2537 1841 prophetze,ex
2562 1769 2731 1825 nobis
2762 1787 2823 1824 se
2851 1769 3046 1840 ipsum
3068 1769 3123 1823 in
3143 1786 3318 1825 carne
3339 1773 3648 1824 venturum
3674 1785 3804 1841 pro-

2148 1859 2328 1926 misit,
2361 1863 2415 1914 et
2443 1858 2681 1914 veniens
2728 1875 2796 1913 ex
2845 1858 3014 1913 nobis
3047 1875 3282 1914 carnem
3314 1858 3588 1930 sumpsit,
3623 1863 3802 1929 atque

386 1945 566 2002 tionis
597 1947 903 2016 advertite;
938 1965 1074 2003 nam
1105 1948 1322 2004 Paulus
1351 1951 1618 2007 modicus
1649 1952 1864 2008 dicitur
1895 1967 1908 2007 :
1948 1951 2035 2008 sic
2066 1985 2114 2050 B
2144 1947 2298 2004 inter
2317 1963 2424 2004 nos
2445 1952 2840 2002 commoratus
2859 1945 3047 2002 multa
3063 1947 3232 2019 signa
3247 1951 3304 2003 et
3322 1946 3617 2002 mirabilia
3640 1946 3798 2015 iecit,

388 2035 545 2090 enim
577 2035 834 2090 solemus
864 2037 1087 2092 dicere:
1113 2038 1287 2093 Paulo
1310 2042 1441 2108 post
1469 2039 1675 2095 videbo
1709 2044 1781 2110 te,
1807 2045 1863 2095 et
1894 2057 2036 2112 pau-

388 2122 512 2179 lum
546 2122 640 2179 hic
683 2131 974 2196 exspecta,
1023 2125 1079 2180 id
1131 2132 1240 2194 est,
1301 2132 1432 2197 post
1489 2129 1786 2184 modicum
1832 2130 2037 2184 videbo

385 2216 462 2279 te,
495 2217 552 2268 et
581 2213 876 2268 modicum
904 2215 998 2269 hic
1028 2217 1570 2286 exspecta.Pulchre
1600 2217 1799 2289 itaque
1849 2235 1881 2273 a
1913 2234 2034 2273 mo-
2061 2209 2068 2212 ’

386 2302 514 2357 dico
545 2302 733 2358 dictus
759 2309 866 2369 est,
900 2305 1176 2374 quoniam
1229 2321 1455 2377 magnae
1501 2306 1613 2362 fuit
1659 2307 2033 2372 humilitatis.

389 2389 551 2446 Unde
581 2395 638 2445 et
668 2391 793 2462 ipse
825 2391 963 2446 alibi
999 2393 1140 2447 dicit
1191 2409 1204 2447 :
1255 2396 1364 2462 Ego
1408 2397 1558 2450 enim
1603 2413 1726 2450 sum
1768 2398 2037 2452 minimus

386 2477 784 2550 apostolorum,
825 2483 923 2550 qui
966 2497 1074 2536 non
1120 2498 1242 2536 sum
1286 2483 1483 2553 dign-us
1531 2485 1717 2539 vocari
1764 2486 2039 2555 apostolus

389 2566 434 2638 (I
491 2565 610 2621 Cor.
661 2584 752 2637 xv,
803 2566 880 2638 9).
944 2569 1219 2638 Apostolus
1277 2571 1489 2625 Graece.
1559 2571 1758 2627 Latino
1824 2573 2041 2626 dicitur

387 2657 608 2724 missus,
643 2656 713 2710 Et
741 2655 981 2726 pulchre
1010 2658 1228 2713 missus
1260 2659 1454 2713 dictus
1478 2664 1585 2726 est,
1613 2659 1751 2730 quia
1781 2677 1897 2715 non
1919 2676 2037 2714 sua

391 2743 584 2800 carnis
615 2744 899 2800 instinctu
928 2747 1180 2816 venit,ut
1209 2748 1700 2819 pseudoapostoli,
1736 2765 1838 2804 nec
1861 2766 1893 2803 a
1915 2749 2040 2804 dia-

390 2832 544 2902 bolo,
571 2833 658 2889 vel
691 2835 762 2889 ab
793 2834 1052 2903 homine,
1085 2837 1185 2890 sed
1213 2854 1248 2891 a
1279 2837 1393 2892 Deo
1421 2838 1644 2893 missus
1676 2843 1784 2909 est,
1807 2843 1874 2894 ut
1904 2854 2038 2893 eum

390 2922 665 2993 gentibus
715 2922 1072 2994 praedicaret.
1139 2925 1299 2980 Unde
1357 2926 1636 2982 Dominus
1683 2927 1745 2981 in
1793 2927 2039 2982 Actibus

387 3011 792 3082 apostolorum
825 3012 967 3067 dicit
998 3029 1012 3067 :
1044 3013 1175 3069 Ecce
1203 3031 1299 3083 ego
1331 3013 1401 3069 ad
1425 3023 1606 3086 gentes
1649 3016 1807 3087 longe
1833 3019 2040 3087 positas

384 3103 606 3156 mittam
635 3109 685 3156 te
715 3103 1025 3172 (65).Quod
1058 3118 1269 3159 nomen
1302 3119 1406 3176 per
1435 3121 1497 3160 se
1529 3108 1786 3176 positum
1809 3120 2041 3177 semper

385 3188 447 3243 in
496 3189 649 3244 bono
697 3189 998 3263 accipitur.
1047 3193 1339 3249 Romanos
1386 3193 1563 3250 Italos
1611 3210 1740 3250 esse
1789 3199 2036 3266 constat,

388 3279 668 3348 quoniam
692 3280 874 3335 Roma
896 3281 955 3335 in
980 3283 1235 3352 quadam
1261 3283 1434 3338 Italis:
1466 3288 1629 3354 parte
1651 3285 1764 3340 sita
1785 3289 2039 3355 est,quo-

2147 2052 2372 2108 nosque
2401 2037 2458 2091 in
2491 2036 2800 2107 Evangelio
2831 2035 3002 2106 ﬁlios,
3035 2052 3136 2092 vos
3167 2037 3361 2107 potius
3383 2052 3557 2091 canes
3593 2035 3802 2108 appet-

2146 2125 2309 2193 lavit,
2342 2129 2398 2180 et
2426 2125 2552 2180 ideo
2586 2125 2877 2180 consortio
2910 2129 3108 2179 nostro
3141 2124 3302 2195 digni
3335 2140 3452 2180 non
3483 2124 3805 2195 estis,qnia

2147 2230 2378 2283 semper
2406 2213 2563 2269 idola
2591 2231 2739 2268 vana
2768 2218 2824 2268 et
2855 2217 3018 2267 muta
3050 2212 3336 2267 coluistis.
3370 2213 3454 2266 Ad
3498 2212 3619 2267 haec
3664 2229 3805 2285 gen-

2145 2303 2277 2358 tiles
2308 2303 2771 2374 respondebant:
2791 2302 2942 2357 Vera
2963 2317 3090 2356 esse
3113 2301 3408 2356 credimus
3430 2318 3558 2372 quae
3583 2301 3798 2368 dicitis;

2145 2396 2408 2447 attamen
2443 2396 2663 2462 quanto
2697 2392 2920 2461 majora
2940 2407 3078 2461 erga
3099 2407 3199 2445 vos
3233 2389 3333 2445 Dei
3363 2390 3648 2444 beneﬁcia
3669 2407 3806 2444 nar-

2147 2479 2602 2547 raveritis,tanto
2625 2496 2724 2534 vos
2749 2479 3068 2534 deteriores
3101 2478 3425 2533 ostendetis
3447 2494 3458 2532 :
3481 2479 3625 2548 ipsis
3647 2479 3806 2534 enim

2147 2569 2416 2639 pedibus,
2449 2569 2668 2640 quibus
2699 2585 2860 2623 mare
2906 2584 3008 2638 per
3055 2568 3276 2622 siccum
3309 2567 3632 2636 transistis,
3675 2573 3808 2623 ante

2150 2656 2307 2711 idola
2335 2655 2604 2711 saltando
2636 2655 2896 2722 lusistis;
2928 2655 3056 2726 ipso
3089 2672 3328 2726 ore,quo
3361 2672 3579 2710 manna
3611 2673 3806 2711 come-

2150 2744 2663 2811 distia,laudantes
2694 2745 2833 2798 deos
2864 2759 3072 2798 aureos
3103 2743 3383 2799 dicebatis
3418 2759 3430 2797 :
3460 2742 3529 2798 Hi
3560 2749 3703 2798 sunt
3729 2744 3810 2799 dii

2148 2833 2257 2900 tui,
2291 2832 2493 2904 Israel,
2526 2832 2624 2904 qui
2659 2833 2986 2888 eduxerunt
3030 2836 3086 2887 te
3125 2833 3196 2888 de
3242 2837 3399 2887 terra
3431 2833 3699 2904 Egypti;
3729 2838 3808 2902 et,

2150 2928 2214 2978 ut
2245 2927 2450 2978 caetera
2481 2921 3014 2992 prietermittamus,
3051 2921 3176 2992 ipso
3204 2937 3307 2994 per
3331 2921 3683 2994 mysterium
3713 2921 3809 2976 in-

2149 3011 2504 3068 carnationis
2535 3015 2874 3083 apparente,
2909 3027 3025 3066 non
3074 3009 3268 3066 solum
3318 3009 3619 3081 suscipere
3669 3027 3810 3065 eum

2149 3100 2446 3168 noluistis,
2481 3101 2606 3168 sed,
2636 3101 2790 3171 quod
2823 3104 2911 3154 est
2936 3099 3216 3164 deterius,
3242 3102 3429 3154 morte
3457 3099 3814 3170 turpissima

2149 3189 2603 3248 condemnastis.
2622 3189 2737 3245 Nos
2767 3205 2901 3245 vero
2931 3188 3094 3244 nulla
3115 3189 3244 3259 ejus
3273 3187 3443 3260 signa
3471 3193 3809 3258 cernentes,

2149 3279 2274 3336 sola
2304 3279 2461 3334 fama
2494 3278 2753 3334 nominis
2785 3278 2912 3347 ejus
2944 3277 3163 3347 audita,
3179 3276 3381 3333 statim
3409 3276 3808 3332 credidimus:

387 3383 518 3422 rum
551 3367 887 3440 imperium,
923 3374 986 3424 ut
1014 3370 1154 3425 dicit
1183 3371 1388 3427 beatus
1413 3352 2036 3445 Augustinus,quanto
2067 3352 2110 3419 C
2149 3368 2304 3424 unde
2337 3371 2534 3423 nostro
2567 3365 2858 3423 consortio
2912 3365 3074 3438 digni
3119 3382 3236 3421 non
3282 3363 3444 3431 estis,
3477 3380 3587 3420 nec
3635 3365 3809 3422 nobis

385 3457 445 3510 in
477 3455 797 3527 primordio
829 3458 1061 3515 brevius
1091 3461 1219 3530 iuit,
1245 3466 1304 3516 et
1333 3463 1662 3534 angustius,
1695 3465 1859 3517 tanto
1882 3466 2036 3533 post-

383 3546 626 3601 modum
664 3548 856 3618 majus
885 3551 942 3603 et
965 3547 1328 3606 latius.Adeo
1355 3552 1509 3606 enim
1543 3556 1938 3619 excreverunt,
1971 3555 2037 3606 ut

387 3651 532 3707 pene
561 3637 751 3691 totum
784 3636 898 3692 sibi
929 3637 1249 3694 subderent
1285 3641 1508 3708 orbem,
1561 3641 1773 3712 partim
1823 3640 2036 3712 gladiis

385 3722 796 3790 interimendo,
833 3726 1045 3794 partim
1070 3728 1180 3782 sub
1210 3727 1497 3783 tributum
1530 3729 2038 3800 redigendo.Unde

383 3815 444 3867 et
475 3815 606 3882 apte
634 3813 880 3868 Romani
912 3813 1052 3868 dicti
1086 3820 1244 3884 sunt,
1277 3817 1432 3887 quod
1465 3817 1923 3888 interpretantur
1943 3833 2038 3871 su-

387 3898 623 3968 blimes,
664 3898 784 3956 sive
813 3906 1106 3971 tonantes,
1138 3905 1415 3975 quoniam
1437 3905 1588 3960 sicut
1607 3906 1824 3961 tonitru
1848 3905 2036 3960 homi-

390 4003 494 4043 nes
524 3992 721 4060 terret,
754 3990 836 4046 ita
863 4007 1066 4047 eorum
1098 3991 1275 4048 timor
1300 3997 1489 4049 totum
1513 3995 1791 4050 invaserit
1811 3994 2033 4049 orbem.

389 4077 672 4134 Praeterea
717 4080 1044 4152 sciendum,
1095 4083 1234 4155 quia
1283 4084 1562 4139 Romanis
1612 4101 1725 4139 non
1779 4083 2032 4154 primum

388 4167 702 4237 Apostolus
731 4169 1111 4241 Evangelium
1144 4172 1636 4243 annuntiavit,aut
1664 4173 1798 4228 ﬁdei
1821 4173 2038 4226 funda-

393 4259 657 4310 mentum
688 4256 898 4326 posuit,
932 4260 1054 4324 sed,
1089 4264 1155 4314 ut
1182 4261 1422 4331 quidam
1455 4261 1677 4331 dicunt,
1712 4259 2038 4330 Petrus,alii

387 4359 526 4400 vero
543 4345 1188 4420 Barnabas,autaliquis
1202 4350 1573 4422 septuaginta
1587 4348 2036 4421 discipulorum.

393 4435 463 4489 Et
510 4435 633 4490 ﬁeri
679 4436 920 4507 quidem
973 4439 1184 4510 potuit,
1235 4444 1320 4505 ut,
1355 4439 1704 4510 praedicante
1750 4438 2036 4505 Barnaba,

389 4528 497 4579 aut
525 4524 726 4596 aliquo
756 4524 1176 4598 discipulorum
1210 4529 1465 4597 Domini,
1488 4529 1664 4584 ﬁdem
1695 4527 1906 4582 Christi
1933 4544 2038 4582 su-

389 4613 706 4682 sceperint,
733 4617 790 4668 et
817 4632 854 4669 a
884 4620 1047 4671 Petro
1076 4617 1136 4671 in
1167 4618 1371 4672 eadem
1403 4618 1518 4672 ﬁde
1539 4617 1657 4672 sint
1686 4615 2039 4684 conﬁrmati,

2147 3456 2492 3530 aequiparari
2525 3455 3056 3528 potestis.Audiens
3080 3454 3263 3527 igitur
3292 3452 3613 3526 Apostolus
3653 3454 3812 3511 inter

2147 3563 2247 3602 eos
2271 3545 2422 3601 hanc
2449 3544 2906 3611 dissensionem,
2943 3543 3114 3615 quasi
3157 3559 3262 3616 pro
3305 3542 3502 3615 lapide
3531 3543 3809 3615 angulari

2148 3637 2393 3693 Domino
2439 3634 2709 3691 videlicet
2733 3635 2875 3690 Jesu
2907 3634 3138 3691 Christo
3185 3633 3478 3706 legatione
3525 3634 3806 3707 fungens,

2149 3726 2304 3781 sicut
2334 3726 2459 3797 ipse
2489 3724 2662 3779 dicit:
2682 3729 2788 3779 Pro
2822 3723 3028 3780 Christo
3057 3725 3205 3778 enim
3229 3724 3498 3794 legatione
3515 3724 3811 3793 fungimur

2147 3817 2223 3884 (II
2251 3814 2371 3871 Cor.
2403 3831 2459 3880 ν,
2490 3815 2613 3882 20);
2649 3813 2867 3886 (Ephes,
2891 3830 2966 3880 v1,
3011 3813 3103 3884 20)
3140 3829 3154 3868 ε
3187 3829 3250 3869 se
3284 3811 3548 3868 medium
3580 3812 3802 3884 posuit,

2149 3907 2419 3974 atque,ut
2440 3920 2538 3958 eos
2569 3903 2641 3958 ad
2673 3903 2835 3974 pacis
2858 3901 3230 3959 concordiam
3259 3905 3319 3957 et
3349 3901 3483 3956 ﬁdei
3515 3901 3808 3956 unitatem

2148 3997 2465 4059 revocaret,
2499 3993 2648 4048 hanc
2677 3992 2760 4048 eis
2791 3991 2997 4047 direxit
3026 3990 3358 4063 epistolam,
3385 3990 3442 4044 in
3467 4005 3585 4060 qua
3609 3994 3811 4045 osten-

2153 4081 2238 4136 dit
2267 4098 2364 4137 eos
2396 4099 2601 4137 omnes
2633 4098 2760 4136 esse
2779 4084 3142 4152 peccatores,
3175 4083 3233 4134 et
3261 4095 3428 4151 egere
3461 4077 3652 4151 gratia
3688 4079 3814 4133 Dei.

2147 4169 2314 4225 Unde
2347 4170 2518 4243 paulo
2551 4171 2796 4225 inferius
2827 4170 2970 4224 dicit
3003 4188 3015 4230 ;
3051 4168 3172 4225 Non
3197 4173 3277 4224 est
3307 4169 3590 4224 distinctio
3629 4167 3815 4225 Juda’i

2149 4262 2198 4315 et
2232 4260 2420 4315 Graeci
2450 4259 2624 4327 (Rom.
2669 4276 2724 4324 x,
2759 4261 2866 4330 12).
2903 4259 3098 4314 Omnes
3138 4258 3288 4314 enim
3331 4262 3714 4330 peccaverunt,
3763 4261 3816 4313 et

2149 4351 2307 4420 egent
2347 4349 2529 4418 gratia
2558 4348 2656 4402 Dei
2687 4347 2817 4419 (66).
2853 4347 3121 4402 Ostendit
3151 4345 3538 4402 nihilominus
3567 4361 3669 4402 eos
3696 4363 3810 4402 non

2152 4437 2276 4493 suis
2308 4435 2559 4504 meritis,
2593 4437 2692 4490 sed
2724 4435 2822 4490 Dei
2858 4436 3044 4508 gratia
3073 4435 3360 4503 salvatos;
3393 4435 3645 4506 ideoque
3675 4433 3810 4489 nul-

2151 4525 2270 4582 lam
2322 4525 2529 4580 debere
2581 4541 2711 4580 esse
2757 4523 3207 4580 dissensionem.
3242 4523 3406 4580 Unde
3447 4521 3600 4578 circa
3631 4523 3811 4579 ﬁnem

2152 4615 2330 4684 hujus
2380 4613 2649 4684 Epistolas
2710 4614 2768 4667 in
2819 4613 3151 4668 civitatibus
3202 4613 3562 4669 exhortando
3613 4611 3806 4667 dicit:

385 4700 492 4755 sed
543 4701 731 4772 magis
774 4718 808 4754 a
854 4703 1035 4758 Paulo
1083 4705 1455 4762 corroborati.
1495 4708 1760 4761 Attamen
1806 4720 2040 4776 quoquo
2071 4723 2118 4788 D
2151 4705 2382 4775 Propter
2410 4702 2550 4774 quod
2579 4702 2840 4772 suscipite
2867 4703 3122 4768 invicem,
3156 4703 3298 4757 sicut
3326 4706 3378 4757 et
3407 4701 3653 4756 Christus
3683 4716 3814 4756 sus-

390 4789 570 4844 modo
598 4791 842 4844 verbum
875 4791 1172 4864 Evangelii
1221 4796 1292 4848 ad
1342 4809 1442 4849 eos
1492 4796 1772 4864 pervenit,
1821 4799 1877 4849 et
1923 4793 2037 4864 ipsi
2148 4794 2291 4864 cepit
2321 4807 2414 4847 vos
2443 4793 2508 4846 in
2538 4791 2798 4847 honorem
2827 4790 2926 4846 Dei
2951 4791 3126 4860 (Rom.
3160 4807 3254 4856 xv,
3283 4790 3361 4862 7).

391 4877 632 4950 quidem
665 4884 1080 4950 susceperunt;
1135 4883 1235 4936 sed
1288 4886 1488 4952 postea
1517 4885 1771 4953 corrupti
1815 4888 1954 4938 sunt
2009 4899 2043 4938 a

391 4969 919 5040 pseudoapostolis,
953 4975 1010 5024 et
1049 4970 1297 5034 inducti,
1331 4975 1395 5025 ut
1423 4970 1607 5040 legem
1640 4977 1696 5025 et
1727 4973 2042 5042 prophetas

391 5057 1383 5131 carnaliterintelligerent.Plurimi
1401 5075 1657 5129 namque
1685 5060 2040 5126 Iudaeorum,

389 5145 494 5217 qui
526 5147 1199 5218 crediderunt,gentibus
1229 5164 1391 5218 aeque
1419 5148 1673 5203 credulis
1706 5149 2044 5204 asserebant

391 5232 542 5287 nihil
570 5235 849 5304 prodesse
893 5236 1066 5290 ﬁdem
1113 5236 1325 5292 Christi
1375 5237 1693 5309 suscipere,
1745 5242 1917 5302 atque
1971 5238 2040 5292 ad

389 5321 689 5393 Evangelii
722 5324 972 5394 gratiam
1006 5325 1256 5381 transire
1285 5327 1510 5396 absque
1541 5325 1762 5381 carnali
1793 5326 2042 5380 circum-

390 5409 632 5467 cisione.
669 5411 830 5467 Unde
881 5418 939 5468 et
976 5412 1262 5470 instanter
1313 5416 1589 5486 Apostolo
1636 5414 2039 5482 detrahebant,

392 5501 550 5569 quod
582 5506 785 5572 gentes
817 5503 884 5556 ad
933 5504 1108 5558 ﬁdem
1159 5505 1373 5560 Christi
1423 5505 1769 5577 susceperit,
1822 5504 2044 5575 absque

394 5585 650 5644 carnalis
681 5588 827 5661 legis
857 5591 1277 5648 observatione.

464 5697 608 5841 ἑθέν)
643 5695 704 5750 In
737 5698 997 5770 margine
1029 5701 1374 5772 autographi
1409 5701 1484 5757 ibi
1518 5701 1730 5773 legitur
1757 5718 1884 5774 cap.
1917 5699 1959 5756 Ι.

485 5768 579 5841 65)
613 5773 736 5824 Act.
768 5785 906 5839 xxn,
939 5773 1007 5826 24
1041 5787 1053 5826 :
1091 5774 1363 5840 Quoniam
1392 5790 1488 5841 ego
1517 5775 1580 5830 in
1605 5777 1855 5831 nationes
1889 5773 1959 5829 to:

485 5768 579 5842 65)
613 5773 736 5824 Act.
768 5768 906 5839 xxu,
939 5773 1007 5826 24
1041 5787 1053 5826 :
1091 5768 1363 5840 Quoniam
1392 5790 1488 5841 ego
1517 5768 1855 5831 in'natione's
1889 5773 2044 5843 longe

2223 4881 2380 4951 (CAP.
2415 4881 2482 4951 Ι.)
2517 4881 2722 4935 Paulus
2747 4895 2936 4935 servus
2969 4877 3176 4935 Christi
3227 4881 3352 4935 Iesu
3403 4880 3620 4934 vocatus
3647 4894 3813 4950 apos-

2151 4972 2310 5026 tolus.
2343 4974 2656 5041 segregatus
2687 4971 2747 5024 in
2774 4970 3136 5041 Bvangelium
3166 4969 3283 5024 Dei.
3318 4967 3384 5024 In
3416 4967 3602 5022 fronte
3625 4967 3814 5039 hujus

2151 5059 2422 5131 Epistolis
2439 5059 2624 5113 oritur
2646 5059 3100 5130 quaestio,quare
3124 5057 3225 5132 qui
3245 5057 3409 5130 prius
3434 5056 3818 5128 Saulus,post

2149 5147 2588 5204 conversionem
2624 5147 2816 5203 dictus
2847 5148 2925 5202 sit
2955 5145 3188 5203 Paulus.
3212 5146 3447 5217 Legitur
3477 5143 3721 5217 quidem
3749 5147 3816 5202 in

2151 5237 2346 5292 Veteri
2375 5229 2750 5292 Testamento
2764 5237 3160 5309 quorumdam
3177 5236 3493 5292 nominum
3510 5233 3666 5291 facta
3683 5251 3820 5290 mu-

2147 5327 2385 5395 tatio,ut
2415 5326 2630 5381 Abram
2661 5331 2863 5398 postea
2893 5325 3084 5382 dictus
3115 5329 3206 5382 est
3235 5323 3612 5396 Abraham,et
3641 5323 3817 5380 Sarai

2150 5415 2496 5482 Sara,Jacob
2513 5431 2748 5486 quoque
2767 5415 3036 5472 lsrael.In
3054 5417 3211 5471 Novo
3233 5419 3406 5472 etiam
3430 5415 3815 5470 Testamento

2151 5505 2260 5560 hoc
2291 5504 2752 5573 invenitur,nam
2776 5505 2875 5578 qui
2907 5505 3071 5578 prius
3103 5504 3328 5571 Simon,
3352 5507 3558 5577 postea
3609 5503 3813 5561 dictus

2150 5598 2240 5650 est
2270 5594 2502 5661 Petrus;
2539 5594 2641 5648 ﬁlii
2670 5595 2947 5651 Zebedaei.
2983 5595 3240 5652 Joannes
3269 5597 3326 5651 et
3352 5593 3608 5651 Jacobus
3660 5591 3812 5651 Boa-

2149 5701 2368 5756 mittam
2399 5708 2468 5754 te.
2501 5703 2588 5756 Ita
2614 5699 2886 5757 Vulgata.

2223 5772 2336 5846 (66)
2368 5772 2522 5828 Rom.
2571 5788 2656 5840 ιιι,
2700 5769 2791 5844 2‘2,
2833 5773 2924 5846 23,
2971 5781 3022 5830 et
3071 5781 3230 5844 egent
3255 5773 3436 5847 gtoriu
3471 5769 3591 5829 Dei.
3623 5773 3810 5846 Vulg.
