3946 6412
101 438 200 500 133

685 436 1110 498 EXPOSITIO
1153 437 1232 498 ΙΝ
1277 436 1714 498 EPISTOLAS
1763 436 2229 499 PAULI.-—-IN
2277 435 2531 498 EPIST.
2563 439 2666 498 AD
2713 437 2906 499 ROM.

3397 437 3516 499 134

103 571 242 628 fidei.
275 570 388 626 Sed
421 585 526 642 pro
569 585 686 642 quo
710 573 734 626 Ρ
761 575 876 626 Pro
902 572 1148 642 nomine,
1182 570 1397 643 inquit,
1431 571 1574 640 ejus,
1605 572 1742 626 tan-
1774 573 1828 637 Α
1861 570 2184 641 praefertur.
2210 571 2320 626 Sed
2352 571 2496 628 dicit
2518 575 2765 630 fortasse
2786 573 3000 646 aliquis
3027 589 3038 628 :
3067 572 3183 627 Cur
3201 571 3517 643 Apostolus

105 677 266 733 quam
297 659 520 716 diceret
551 675 566 714 :
600 659 820 716 Idcirco
851 660 1103 732 gratiam
1134 664 1191 716 et
1220 659 1616 732 apostolatum
1649 676 1746 715 ac-

107 749 237 823 cepi,
267 754 334 804 ut
363 764 570 805 omnes
601 749 878 805 obediant
909 750 1065 818 fidei,
1098 753 1155 805 et
1185 749 1424 805 credant
1455 749 1514 804 in
1560 765 1694 805 eum
1731 765 1746 804 :

108 846 158 897 et
182 839 514 912 quicunque
544 838 940 911 praadestinati
990 843 1047 895 et
1089 838 1351 895 salvandi
1383 842 1545 910 sunt,
1579 839 1748 911 signo

109 928 351 986 nominis
373 929 504 998 ejus
526 927 854 1000 signentur.
882 931 950 982 Et
981 945 1054 984 ne
1083 927 1230 984 forte
1250 928 1373 984 haec
1393 928 1582 1000 gratia
1608 927 1751 982 solis

107 1016 312 1074 Judaeis
362 1033 643 1073 concessa
685 1017 998 1088 videretur,
1038 1019 1100 1072 in
1148 1017 1401 1073 omnibus
1451 1017 1702 1088 gentibus
1731 1034 1749 1070 :

109 1123 300 1174 rursus
322 1122 394 1162 ne
408 1106 654 1162 Romani
676 1106 1014 1162 viderentur
1034 1107 1277 1178 excepti,
1293 1106 1598 1177 subjunxit
1614 1107 1748 1177 (75):

108 1199 165 1253 In
189 1196 387 1268 quibus
426 1197 558 1251 estis
604 1204 656 1252 et
705 1213 794 1252 vos
831 1199 1015 1253 vocati
1050 1198 1178 1253 Iesu
1207 1197 1440 1260 Christi,
1473 1196 1629 1267 quod
1661 1200 1752 1250 est

108 1289 292 1359 aperte
323 1285 554 1342 dicere:
587 1286 694 1350 Qui
727 1285 994 1342 omnium
1025 1286 1288 1357 gentium
1313 1284 1599 1350 Salvator,
1623 1285 1756 1356 ejus

111 1380 158 1430 et
187 1391 283 1430 vos
313 1374 460 1430 estis
487 1375 696 1443 vocati,
722 1375 995 1446 quamvis
1027 1391 1142 1430 non
1176 1375 1234 1430 in
1257 1375 1619 1441 Judaeorum,
1652 1374 1754 1430 sed

110 1464 166 1518 in
187 1465 447 1535 gentium
473 1479 717 1520 numero
741 1463 980 1520 inventi.
997 1465 1202 1537 Igitur,
1219 1464 1358 1536 quia
1375 1464 1602 1519 dixerat
1623 1465 1757 1536 quis

109 1553 378 1608 scriberet
403 1569 416 1608 :
452 1553 685 1623 Paulus,
715 1553 1011 1624 inquiens,
1034 1569 1192 1608 serus
1219 1553 1422 1608 Christi
1442 1555 1592 1618 Iesu,
1617 1557 1756 1623 etc.,

112 1647 170 1696 ut
218 1641 554 1698 ostenderet
601 1641 818 1714 quibus
866 1642 1171 1708 scriberet,
1205 1641 1414 1697 addit:
1472 1642 1755 1713 Omnibus,

109 1731 199 1800 qui
239 1732 370 1786 sunt
415 1734 607 1787 Romae
649 1731 872 1786 dilectis
915 1731 1015 1786 Dei
1051 1731 1254 1786 vocatis
1282 1731 1488 1786 sanctis
1519 1729 1670 1801 (76);
1704 1733 1762 1784 et

112 1819 353 1891 reliqua.
379 1818 481 1875 His
511 1817 706 1875 verbis
737 1819 995 1874 divinam
1029 1819 1404 1875 commendat
1434 1818 1760 1874 misericor-

111 1907 282 1976 diam,
315 1911 373 1964 et
403 1907 679 1963 meritum
712 1907 1043 1964 humanum
1075 1912 1337 1964 evacuat.
1371 1907 1518 1963 Nam
1551 1912 1759 1962 notan-

110 1996 266 2062 dum,
295 1996 437 2068 quia
466 2013 582 2052 non
615 1997 718 2068 ait,
752 1996 1134 2070 diligentibus
1163 1997 1370 2068 Deum,
1397 1997 1498 2052 sed
1531 1995 1763 2052 dilectis

110 2085 204 2141 Dei
237 2103 249 2140 :
303 2103 417 2142 non
464 2087 622 2142 enim
652 2086 781 2142 ideo
811 2086 1008 2142 dilecti
1041 2091 1204 2151 sunt,
1237 2086 1377 2158 quia
1408 2085 1762 2155 dilexerunt,

113 2175 208 2230 sed
263 2175 404 2246 quia
455 2174 652 2230 dilecti
702 2179 862 2244 sunt,
913 2174 1131 2230 idcirco
1191 2173 1558 2241 dilexerunt;
1612 2173 1766 2228 unde

109 2262 363 2320 Joannes
384 2281 396 2319 :
421 2265 739 2337 Ditigamus
761 2265 953 2332 Deum,
969 2265 1228 2334 quoniam
1254 2266 1370 2334 ipse
1394 2264 1554 2334 prior
1571 2262 1768 2316 dilexit

111 2368 202 2407 nos
251 2353 301 2424 (I
328 2353 487 2409 Ioan.
525 2370 599 2420 Iv,
637 2355 744 2422 10).
780 2352 890 2408 Sed
940 2353 1082 2423 quid
1129 2355 1240 2417 est,
1273 2352 1428 2422 quod
1461 2350 1541 2405 ait
1573 2351 1770 2406 vocatis

109 2444 312 2498 sanctis
337 2445 364 2494 .9
403 2439 680 2512 Nunquid
715 2441 904 2496 sancti
933 2439 1122 2495 vocati
1153 2444 1294 2495 sunt
1315 2439 1342 2493 ‘l
1370 2439 1494 2494 Non
1528 2439 1731 2510 utique
1755 2455 1768 2505 ;

110 2531 204 2588 sed
227 2529 426 2586 vocati
456 2532 596 2584 sunt
625 2527 834 2583 sancti.
860 2527 1084 2584 Similis
1105 2528 1260 2583 enim
1285 2531 1370 2583 est
1404 2526 1525 2582 hiec
1555 2526 1771 2582 locutio

109 2617 186 2673 illi
213 2616 536 2687 Zachariae,
562 2616 661 2688 qui
690 2616 810 2672 ait:
847 2617 1100 2673 Visitavit
1119 2619 1169 2672 et
1195 2617 1326 2686 fecit
1347 2615 1774 2687 redemptionem

106 2707 282 2778 plebis
334 2721 460 2763 suae
506 2705 659 2777 (Luc.
710 2722 750 2776 1,
801 2706 913 2776 48),
967 2722 1080 2761 non
1121 2721 1249 2776 quas
1291 2722 1398 2760 sua
1429 2705 1636 2772 fuerat,
1669 2705 1768 2760 sed

114 2811 288 2868 quam
308 2794 605 2850 visitando
636 2795 852 2849 fecerat
881 2810 1072 2850 suam.
1097 2793 1352 2850 Joannes
1380 2793 1553 2849 etiam
1587 2793 1728 2848 dicit
1756 2810 1770 2849 :

117 2887 175 2942 Ut
202 2886 352 2955 ﬁlios
383 2884 504 2949 Dei,
533 2885 630 2955 qui
659 2891 820 2939 erant
838 2883 1095 2955 dispersi,
1117 2891 1474 2955 congregaret
1502 2885 1562 2938 in
1595 2898 1773 2938 unum

116 2976 290 3045 (Joan.
323 2990 407 3042 ιι,
438 2973 530 3044 52)
565 2991 578 3029 :
613 2987 804 3044 neque
833 2973 993 3028 enim
1025 2973 1275 3044 dispersi
1310 2971 1503 3028 adhuc
1537 2971 1641 3026 lilii
1675 2971 1772 3028 Dei

116 3068 297 3134 erant,
331 3062 437 3118 sed
470 3063 883 3135 congregando
929 3062 987 3117 in
1029 3077 1216 3117 unum
1249 3062 1462 3118 fecerat
1491 3079 1590 3118 eos
1622 3061 1774 3118 ﬁlios

119 3152 232 3208 Dei.
267 3153 340 3208 Et
394 3151 671 3208 Salomon
707 3167 720 3205 :
773 3152 1066 3208 Mulierem
1093 3155 1296 3223 fortem
1325 3153 1448 3222 quis
1490 3153 1778 3207 inveniet?

121 3243 295 3311 (Prov.
347 3258 508 3308 xxxi,
560 3241 674 3312 10.)
731 3240 856 3296 Non
906 3241 1064 3296 enim
1121 3240 1334 3296 mulier
1382 3239 1526 3309 haec,
1574 3241 1631 3295 id
1689 3244 1779 3296 est

121 3336 319 3387 sancta
346 3329 631 3398 Ecclesia,
668 3330 836 3386 fortis
886 3347 919 3385 a
965 3329 1214 3386 Domino
1254 3330 1491 3386 inventa
1528 3334 1635 3398 est,
1671 3329 1774 3385 sed

122 3419 240 3492 ipse
274 3420 628 3475 inveniendo
662 3419 798 3474 fecit
825 3435 953 3474 eam
1008 3420 1238 3476 fortem.

191 3509 460 3566 Ostensis
477 3509 731 3580 denique
747 3508 966 3580 quibus
986 3508 1436 3579 scriberet,nihil
1457 3510 1779 3579 supererat,

128 3598 234 3653 nisi
266 3604 330 3654 ut
351 3597 609 3655 salutem
637 3602 898 3670 poneret,
923 3597 1094 3669 cujus
1125 3597 1251 3654 loco
1274 3597 1471 3668 posuit
1502 3613 1702 3669 pacem
1727 3599 1784 3650 et

128 3687 392 3758 gratiam,
427 3688 714 3754 subdens,
742 3689 928 3759 gratia
956 3688 1124 3758 vobis,
1156 3695 1207 3742 et
1251 3703 1366 3758 pax
1407 3704 1441 3742 a
1489 3689 1593 3742 Deo
1621 3687 1786 3740 Patre

130 3786 327 3848 nostro,
360 3786 412 3835 et
439 3779 676 3835 Domino
702 3781 836 3834 Iesu
869 3776 1106 3832 Christo.
1140 3777 1302 3840 Quod
1335 3775 1478 3832 dicit
1506 3793 1542 3831 a
1569 3777 1682 3831 Deo
1711 3775 1783 3830 ad

132 3867 373 3936 gratiam
407 3873 468 3923 et
512 3883 718 3938 pacem
752 3865 1079 3937 respondet.
1115 3867 1186 3921 Et
1216 3870 1348 3936 apte
1378 3865 1616 3938 quidem
1648 3881 1784 3937 gra-

133 3954 267 4010 tiam
300 3961 470 4012 aDeo
503 3955 666 4023 dicit,
691 3955 971 4028 quoniam
1006 3958 1243 4008 noverat
1271 3970 1400 4010 esse
1431 3954 1504 4009 ah
1536 3953 1787 4008 homini-

135 4042 255 4112 bus;
270 4043 1023 4118 quemadmodumJudices
1038 4059 1313 4115 personas
1327 4041 1784 4110 considerantes,

134 4132 214 4186 vel
242 4135 570 4207 cupiditate
601 4133 847 4204 astricti,
883 4132 1080 4200 illecti,
1113 4132 1202 4188 vel
1253 4132 1465 4188 timore
1497 4131 1787 4204 perterriti

136 4224 345 4291 gratias
375 4223 727 4281 hominibus
755 4227 1030 4295 praestare
1051 4220 1262 4278 solent.
1287 4220 1570 4277 Similiter
1599 4226 1657 4277 et
1686 4237 1787 4294 pa-

139 4325 250 4366 cem
282 4329 314 4369 a
345 4313 464 4370 Deo
496 4316 684 4386 optat,
719 4313 997 4384 quoniam
1031 4315 1269 4368 noverat
1299 4327 1429 4367 esse
1461 4327 1664 4384 pacem
1715 4310 1788 4366 ab

137 4398 490 4474 hominibus,
515 4403 592 4458 de
618 4417 734 4474 qua
753 4401 1038 4457 Dominus
1066 4400 1127 4455 in
1149 4399 1495 4472 Evangelia:
1522 4400 1640 4455 Non
1662 4417 1791 4472 qua-

140 4487 239 4544 lem
264 4508 455 4562 pacem
485 4491 739 4548 mundus
767 4490 881 4557 dat,
914 4505 1010 4558 ego
1055 4488 1121 4544 do
1168 4490 1319 4545 vobis
1350 4492 1533 4557 (Joan.
1567 4505 1642 4560 IV,
1681 4490 1788 4556 10).

140 4577 201 4634 Et
219 4582 567 4652 notandum,
583 4579 724 4653 quia
742 4577 1048 4652 principali
1067 4576 1301 4650 egregio
1319 4577 1524 4633 ordine
1539 4577 1791 4649 gratiam

145 4669 256 4736 paci
287 4669 615 4743 praeposuit
648 4685 660 4724 :
711 4667 902 4740 gratia
931 4666 1090 4723 enim
1121 4671 1230 4736 est,
1263 4682 1382 4737 qua
1411 4666 1524 4736 (77)
1557 4669 1793 4736 peccata
1824 4687 1870 4751 Ι)

143 4753 398 4817 laxantur
423 4787 436 4829 ;
470 4777 591 4833 pax
620 4764 842 4826 autem,
869 4774 987 4828 qua
1011 4755 1461 4813 reconciliamur
1481 4755 1618 4810 Deo.
1653 4759 1791 4811 Pec-

145 4851 257 4901 cata
275 4849 427 4905 enim
454 4853 666 4906 nostra
692 4847 1020 4903 diviserunt
1041 4862 1148 4901 nos
1175 4863 1210 4900 a
1235 4847 1344 4900 Deo
1367 4845 1502 4917 (78),
1527 4848 1583 4899 et
1610 4843 1793 4899 aversi

147 4949 364 4994 eramus
415 4941 488 4996 ab
533 4955 626 4995 eo.
662 4937 808 5002 Quia
850 4952 988 5010 ergo
1021 4936 1162 4990 dum
1197 4952 1298 5007 per
1328 4935 1580 5005 gratiam
1613 4934 1677 4987 fit
1709 4950 1794 4988 re-

150 5025 331 5084 missio
363 5035 772 5102 peccatorum,
798 5025 1251 5082 reconciliamur
1276 5024 1412 5091 Deo,
1441 5024 1568 5096 ipsa
1598 5039 1798 5078 recon-

153 5113 349 5175 ciliatio
401 5136 518 5192 pax
568 5116 830 5174 dicitur:
883 5116 1128 5186 ideoque
1178 5112 1420 5186 pulchre
1450 5113 1640 5185 gratia
1670 5113 1797 5184 paci

215 5244 317 5314 (75)
351 5241 818 5324 ln__autographo
863 5245 995 5312 post
1025 5239 1611 5324 verhu‘mHsubjunmit,
1644 5237 1798 5324 quod

160 5309 553 5385 compendiose
593 5309 904 5385 'scriptum
965 5316 1089 5375 est,
1121 5309 1411 5385 additur,
1472 5313 1604 5385 ait,_
1632 5309 1795 5385 quod

161 5397 246 5450 per
274 5380 535 5444 errorem
589 5380 755 5442 t'orte'
786 5382 1168 5441 amanuensis
1197 5397 1503 5454 perperam
1537 5380 1798 5436 additum

161 5459 254 5510 est.

220 5530 323 5597 (76)
351 5530 748 5589 Conferantur
767 5544 896 5600 quin
921 5529 1259 5600 sequuntur
1291 5539 1424 5578 cum
1457 5523 1803 5600 inter_preta-_

162 5594 316 5666 tione,
349 5618 475 5675 quae
532 5594 803 5658 inferius
839 5594 1110 5675 habet—ur,
1142 5596 1455 5675 verborum
1490 5613 1502 5650 :
1557 5595 1804 5675 his,.qui

163 5666 440 5748 secundum
452 5676 802 5748 prepositum
819 5672 992 5748 vocati
1006 5666 1136 5726 sunt
1151 5669 1412 5748 sanct_i,et
1428 5666 1802 5748 sequentium

167 5742 226 5796 ad
256 5760 374 5821 cap.
405 5737 530 5806 vin.
555 5737 780 5804 Exinde
810 5742 968 5801 enim
1000 5756 1203 5801 eruere
1233 5740 1362 5812 erit,
1387 5737 1656 5814 quanam
1684 5737 1803 5798 illis

1858 659 2048 714 Patris
2076 664 2330 726 tantum,
2359 665 2414 717 et
2446 662 2572 717 Filii
2596 663 2955 720 mentionem
2982 662 3136 732 fecit,
3160 666 3218 717 et
3249 678 3362 717 non
3386 661 3516 732 Spi-

1859 748 2009 804 ritus
2030 749 2218 804 sancti
2235 749 2263 803 ?
2282 750 2385 805 Cui
2410 753 2918 824 respondendum:
2941 751 3087 818 Quia
3110 751 3301 823 gratia
3322 754 3379 806 et
3402 767 3514 822 pax

1859 839 2013 894 dona
2036 839 2133 894 Dei
2166 843 2342 906 sunt;
2377 841 2599 896 donum
2632 847 2824 897 autem
2851 841 2947 896 Dei
2981 846 3068 897 est
3089 841 3345 912 Spiritus
3378 857 3514 896 san-

1861 931 2012 994 ctus,
2040 927 2195 999 quod
2232 929 2513 985 Dominus
2544 929 2906 998 manifestat,
2939 947 3073 985 cum
3107 930 3249 984 dicit
3279 930 3352 985 ad
3384 945 3516 983 mu-

1862 1014 2063 1071 lierem
2089 1017 2517 1072 Samaritanam
2550 1035 2563 1074 :
2596 1019 2656 1074 Si
2684 1021 2852 1074 scires
2871 1020 3074 1074 donum
3097 1021 3201 1074 Dei
3227 1019 3413 1090 (Joan.
3440 1034 3516 1084 1v,

1866 1105 1976 1176 10),
2024 1110 2133 1161 etc.
2183 1107 2266 1174 Si,
2317 1122 2453 1179 ergo
2506 1108 2698 1180 gratia
2749 1112 2806 1163 et
2855 1125 2967 1180 pax
3018 1109 3171 1163 dona
3221 1115 3361 1164 sunt
3393 1107 3517 1174 Dei,

1865 1196 2095 1248 constat
2125 1193 2326 1264 procul
2356 1194 2534 1249 dubio
2566 1195 2705 1266 quia
2737 1196 3052 1267 Apostolus
3098 1196 3280 1251 totius
3327 1196 3520 1251 Trini-

1865 1281 2003 1336 tatis
2035 1283 2170 1337 fecit
2211 1283 2592 1338 mentionem.

1938 1415 2123 1487 Igitur
2145 1415 2312 1471 finita
2332 1415 2683 1472 salutatione
2711 1417 2952 1489 pulchre
2977 1418 3296 1489 Apostolus
3328 1436 3525 1475 narra-

1867 1503 2045 1559 tionis
2095 1520 2213 1559 suae
2261 1505 2566 1560 exordium
2616 1523 2650 1562 a
2695 1506 3020 1578 gratiarum
3062 1509 3235 1578 cmpit
3274 1509 3524 1574 actione,

1869 1593 2072 1648 dicens
2106 1609 2118 1648 :
2172 1593 2426 1648 Primum
2467 1594 2685 1665 quidem
2727 1596 2946 1667 gratias
2975 1612 3075 1666 ago
3107 1597 3210 1652 Deo
3241 1612 3380 1664 meo,
3413 1601 3524 1652 etc.

1869 1681 2079 1737 Gratiae
2130 1688 2270 1737 sunt
2316 1681 2543 1754 laudes,
2606 1701 2752 1754 quas
2815 1687 2926 1740 Deo
2988 1684 3309 1741 offerimus.
3345 1691 3407 1741 1n
3459 1702 3527 1742 eo

1870 1771 2090 1842 itaque,
2124 1771 2279 1842 quod
2311 1772 2626 1842 Apostolus
2658 1774 2880 1845 gratias
2928 1775 3049 1846 agit
3097 1775 3213 1831 Deo
3264 1791 3368 1847 pro
3415 1776 3530 1830 fide

1874 1859 2294 1930 Romanorum,
2329 1877 2435 1933 nos
2469 1878 2778 1917 monemur
2808 1865 2875 1917 ut
2902 1862 2973 1918 de
3003 1863 3281 1920 omnibus
3313 1864 3530 1920 nostris

1790 1943 1839 2007 Β
1870 1953 1989 2004 tam
2025 1949 2322 2022 prosperis
2355 1967 2532 2022 quam
2580 1951 2860 2022 adversis,
2892 1958 2951 2007 et
2999 1952 3070 2008 de
3118 1952 3392 2016 aliorum,
3428 1953 3529 2008 sed

1873 2043 2106 2093 tantum
2140 2039 2455 2110 prosperis,
2490 2039 2606 2094 Deo
2654 2040 2872 2112 gratias
2915 2041 3128 2096 referre
3160 2044 3527 2098 studeamus.

1874 2127 1986 2181 Sed
2018 2143 2198 2197 quare
2228 2126 2544 2197 Apostolus
2577 2143 2690 2181 non
2726 2127 3010 2194 absolute,
3047 2130 3148 2184 sed
3185 2147 3319 2185 cum
3370 2131 3529 2201 adje-

1877 2214 2066 2270 ctione
2090 2215 2171 2269 ait
2192 2216 2299 2270 Deo
2321 2231 2437 2269 meo
2454 2219 2478 2267 Ρ
2496 2215 2745 2283 Scilicet,
2763 2222 2826 2271 ut
2848 2219 3202 2286 ostenderet,
3219 2219 3357 2290 quia
3378 2220 3533 2275 Deus

1880 2308 2089 2358 natura
2119 2303 2385 2357 omnium
2420 2309 2530 2369 est,
2556 2303 2855 2360 voluntate
2885 2322 3018 2361 vero
3051 2311 3108 2361 et
3139 2309 3370 2376 merito,
3395 2297 3534 2380 pan:

1880 2407 2104 2460 corum,
2128 2391 2186 2445 id
2222 2395 2311 2445 est
2341 2391 2706 2448 solummodo
2734 2392 3076 2450 electorum.
3102 2396 3234 2451 Haec
3260 2413 3396 2468 ergo
3428 2415 3537 2453 vox

1881 2479 2116 2535 illorum
2150 2485 2381 2535 tantum
2413 2485 2522 2545 est,
2550 2481 2620 2536 de
2652 2482 2870 2552 quibus
2901 2483 3188 2540 Dominus
3219 2485 3361 2540 dicit
3387 2504 3400 2541 :
3428 2487 3535 2557 Ego

1877 2586 1999 2624 sum
2030 2570 2172 2624 Deus
2200 2569 2494 2636 Abraham,
2531 2574 2672 2626 Deus
2703 2573 2872 2640 Isaac,
2906 2582 2957 2627 et
2984 2574 3125 2629 Deus
3153 2575 3318 2630 Iacob
3344 2593 3362 2630 :
3397 2593 3534 2632 nam

1878 2657 1939 2712 in
1986 2657 2078 2713 his
2128 2658 2317 2714 tribus
2359 2676 2564 2714 omnes
2595 2661 3179 2733 comprehenduntur
3207 2663 3394 2720 electi.
3430 2665 3537 2720 Per

1880 2763 2055 2818 quem
2087 2746 2306 2818 gratias
2339 2752 2493 2819 agat,
2526 2749 2784 2804 ostendit
2816 2767 2829 2805 :
2872 2756 2982 2806 Per
3008 2755 3199 2808 Iesum
3232 2752 3532 2809 Christum.

1880 2834 2073 2891 laudis
2135 2853 2389 2907 namque
2446 2855 2566 2892 suae
2624 2838 2979 2894 sacrificium
3039 2841 3155 2897 Deo
3216 2843 3534 2912 oil‘erebat;

1881 2926 2151 2997 ideoque,
2176 2930 2242 2980 ut
2271 2931 2502 2997 gratum
2527 2927 2710 2998 fieret,
2738 2945 2840 2999 per
2868 2945 3114 2985 manum
3146 2933 3365 2986 summi
3398 2950 3536 3004 pon-

1881 3014 2058 3069 tiﬁcis
2088 3015 2294 3070 offerre
2323 3015 2586 3086 cupiens,
2621 3015 2852 3072 aiebat:
2888 3023 2998 3073 Per
3023 3019 3204 3074 Iesum
3239 3019 3534 3078 Christum.

1887 3102 2047 3158 Unde
2079 3119 2187 3157 nos
2210 3119 2520 3158 monemur
2550 3109 2617 3158 ut
2639 3105 2868 3176 quoties
2891 3106 3171 3162 orationis
3193 3114 3427 3173 nostrae,
3450 3110 3539 3164 vel

1886 3191 2134 3246 actionis
2165 3190 2417 3260 alicujus
2448 3190 2804 3248 sacriﬁcium
2837 3192 2953 3250 Deo
2993 3195 3200 3252 oll'erre
3242 3196 3538 3265 volumus,

1805 3309 1848 3377 ρ
1890 3297 1991 3352 per
2019 3281 2148 3351 ejus
2178 3297 2418 3336 manum
2465 3281 2800 3337 offeramus.

1961 3415 2076 3485 (79)
2109 3413 2252 3468 Hine
2282 3412 2549 3468 Ecclesiae
2583 3417 2946 3472 consuetudo
2977 3419 3299 3492 descendit,
3335 3426 3399 3476 ut
3448 3440 3542 3478 sa-

1891 3502 2155 3558 cerdotes
2180 3501 2429 3573 singulis
2451 3502 2722 3572 precibus
2744 3505 2812 3558 ad
2813 3505 3101 3578 jungant:
3124 3510 3234 3564 Per
3252 3511 3545 3568 Dominum

1892 3598 2139 3646 nostrum
2165 3591 2348 3646 Iesum
2379 3590 2682 3647 Christum.
2710 3597 2818 3648 Pro
2849 3595 3066 3665 quibus
3098 3601 3295 3653 autem
3325 3601 3546 3671 gratias

1894 3685 2050 3753 agat,
2075 3679 2444 3736 manifestat:
2468 3682 2576 3736 Pro
2597 3683 2850 3738 omnibus
2871 3685 3039 3739 vobis.
3062 3685 3168 3741 Ubi
3193 3690 3541 3756 notandum,

1893 3771 2034 3844 quia
2055 3787 2170 3825 non
2202 3769 2303 3833 ait,
2327 3786 2430 3841 pro
2461 3771 2848 3842 sapientibus,
2875 3790 2977 3845 pro
3007 3775 3288 3834 divitibus
3315 3796 3327 3834 :
3362 3796 3433 3835 ne
3462 3780 3547 3835 vi-

1897 3861 2130 3915 deretur
2161 3876 2544 3931 personarum
2579 3866 2849 3933 acceptor
2890 3864 2992 3918 sed
3038 3867 3411 3936 generaliter,
3443 3886 3548 3941 pro

1894 3949 2092 4015 vobis;
2121 3964 2186 4002 ac
2214 3947 2262 4003 si
2285 3946 2520 4018 diceret,
2548 3948 2606 4003 in
2639 3949 2866 4006 unitate
2893 3952 3023 4006 fidei
3053 3955 3412 4010 constitutis.
3437 3961 3552 4013 Cur

1898 4042 2092 4092 autem
2126 4037 2346 4109 gratias
2378 4041 2531 4108 agat,
2565 4038 2827 4110 aperitur
2863 4055 2998 4095 cum
3046 4042 3358 4112 subditur;
3411 4045 3550 4112 Quia

1896 4125 2027 4196 ﬁdes
2047 4128 2226 4180 vestra
2253 4127 2628 4180 annuntiatur
2655 4127 2714 4180 in
2737 4129 2994 4182 universo
3024 4130 3247 4186 mundo.
3272 4131 3442 4190 Fides
3464 4139 3554 4190 est

1899 4213 2206 4270 Trinitatis
2237 4214 2551 4282 confessio,
2583 4221 2640 4270 et
2669 4215 2850 4272 totius
2881 4217 3114 4288 pietatis
3158 4237 3225 4276 ac
3274 4221 3554 4279 bonitatis

1900 4304 2374 4371 fundamentum,
2408 4309 2583 4376 atque
2623 4304 2844 4377 religio.
2887 4307 3054 4364 Fides
3085 4308 3321 4365 illarum
3354 4327 3552 4367 rerum

1899 4397 2007 4458 est,
2032 4410 2160 4465 quae
2191 4409 2306 4449 non
2336 4392 2626 4448 videntur.
2653 4393 2814 4450 Unde
2843 4395 3156 4465 Apostolus
3189 4413 3202 4450 :
3245 4401 3339 4452 Est
3368 4402 3556 4454 mitem

1901 4483 2036 4552 ﬁdes
2082 4483 2417 4554 sperandum
2469 4482 2781 4536 substantia
2800 4497 3005 4552 rerum,
3031 4490 3420 4554 argumentum
3448 4504 3561 4544 non

1900 4572 2289 4644 apparentium
2343 4570 2524 4640 (Hebr.
2575 4587 2654 4637 xx,
2707 4571 2779 4640 1).
2833 4571 3001 4626 Fides
3033 4573 3267 4639 dicitur,
3300 4592 3369 4632 eo
3399 4577 3556 4649 quod

1904 4661 1968 4716 fit
1983 4660 2039 4714 id
2061 4659 2214 4731 quod
2232 4657 2448 4714 dicitur
2463 4662 2564 4714 aut
2580 4659 2962 4729 promittitur.
2981 4663 3143 4728 Quod
3167 4668 3363 4721 autem
3382 4667 3556 4723 dicit:

1904 4752 1966 4805 In
1997 4751 2252 4804 universo
2281 4747 2512 4815 mundo,
2537 4747 2585 4803 si
2618 4747 2966 4821 simpliciter
2995 4752 3232 4823 quidem
3266 4754 3559 4829 intelliga-

1909 4855 2063 4904 mus,
2098 4838 2401 4893 universas
2452 4838 2659 4892 mundi
2707 4838 2890 4894 voluit
2944 4840 3190 4913 intelligi
3244 4849 3457 4914 partes.
3493 4845 3563 4899 Et

1909 4931 2062 4983 certe
2093 4925 2281 4999 potuit
2313 4927 2458 4994 fieri,
2493 4927 2773 4998 quoniam
2807 4929 3050 4984 Romani
3084 4937 3224 4984 tunc
3259 4947 3403 5001 pene
3433 4948 3557 4986 om-

1908 5017 2084 5072 nibus
2105 5017 2378 5089 gentibus
2412 5016 2798 5087 imperabant,
2825 5022 2890 5072 ut
2919 5017 3075 5072 fama
3102 5018 3233 5073 fidei
3263 5035 3468 5076 eorum
3489 5023 3560 5076 ad

1910 5106 2214 5163 universas
2247 5106 2452 5161 mundi
2493 5105 2873 5178 pervolaverit
2903 5111 3118 5178 partes.
3155 5108 3477 5166 Possumus
3507 5114 3565 5166 et

1910 5229 2817 5313 temporibus‘fuetit.doctorum
2870 5235 2926 5286 et
2980 5231 3242 5313 Ecclesiae
3274 5233 3565 5290 sententia

1911 5305 1982 5361 de
2016 5303 2087 5358 iis
2118 5320 2245 5361 qua:
2278 5303 2452 5358 hodie
2485 5307 2707 5357 tantam
2743 5303 2903 5358 litem
2937 5309 3188 5358 movent.

2016 5321 2087 5358 IIS
2162 5321 2245 5358 uie
2279 5320 2452 5358 nocte
2485 5320 2707 5357 tantam
2743 5320 2903 5358 mem
2937 5320 3188 5358 movent.

1983 5376 2095 5446 (77)
2118 5320 2190 5429 (in
2224 5373 2585 5446 autographa
2616 5373 2741 5429 loco
2766 5391 2871 5445 qua
2894 5373 3106 5445 legitur
3126 5378 3273 5446 quia.
3299 5376 3441 5430 Mihi
3475 5382 3566 5432 ta-

1914 5463 2046 5502 men
2075 5447 2286 5501 menda
2309 5445 2434 5499 visa
2453 5448 2542 5499 est
2567 5446 2966 5513 amanuensis,
2991 5452 3048 5502 et
3077 5445 3290 5502 melius
3314 5447 3568 5504 auctoris

1913 5535 2153 5575 sensum
2187 5519 2266 5572 ita
2308 5517 2531 5570 referri.

1985 5592 2098 5661 (78)
2131 5588 2319 5644 Verba
2339 5592 2639 5658 peccata...
2661 5591 2774 5644 Deo
2797 5587 2857 5646 in
2881 5588 3146 5662 margine
3168 5588 3430 5646 inferiori
3453 5589 3568 5647 sita

1913 5667 2072 5718 sunt.

1986 5733 2098 5811 (79)
2130 5731 2195 5790 In
2227 5746 2415 5808 marg.
2447 5746 2574 5805 cap.
2610 5730 2680 5790 II.
