  <div class='ocr_page' id='page_1' title='image "/cluster/home/n/w/nwhite01/storage/ocr_20150623/134-135/uc1.31175013627537/075.png"; bbox 0 0 3946 6412; ppageno 0'>
   <div class='ocr_carea' id='block_1_1' title="bbox 415 433 530 492">
    <p class='ocr_par' dir='ltr' id='par_1_1' title="bbox 415 433 530 492">
     <span class='ocr_line' id='line_1_1' title="bbox 415 433 530 492; baseline 0.009 -1"><span class='ocrx_word' id='word_1_1' title='bbox 415 433 530 492; x_wconf 71' lang='grc'>135</span> 
     </span>
    </p>
   </div>
   <div class='ocr_carea' id='block_1_2' title="bbox 1428 427 2803 492">
    <p class='ocr_par' dir='ltr' id='par_1_2' title="bbox 1428 427 2803 492">
     <span class='ocr_line' id='line_1_2' title="bbox 1428 427 2803 492; baseline -0.001 -2"><span class='ocrx_word' id='word_1_2' title='bbox 1428 430 1767 492; x_wconf 79' lang='grc' dir='ltr'>ΔΤΤΟΝ15</span> <span class='ocrx_word' id='word_1_3' title='bbox 1817 429 2406 492; x_wconf 81' lang='lat' dir='ltr'>VERCELLENSIS</span> <span class='ocrx_word' id='word_1_4' title='bbox 2448 427 2803 490; x_wconf 82' lang='lat' dir='ltr'>EPISCOPI</span> 
     </span>
    </p>
   </div>
   <div class='ocr_carea' id='block_1_3' title="bbox 3710 423 3818 488">
    <p class='ocr_par' dir='ltr' id='par_1_3' title="bbox 3710 423 3818 488">
     <span class='ocr_line' id='line_1_3' title="bbox 3710 423 3818 488; baseline 0 0"><span class='ocrx_word' id='word_1_5' title='bbox 3710 423 3818 488; x_wconf 67' lang='lat'>£36</span> 
     </span>
    </p>
   </div>
   <div class='ocr_carea' id='block_1_4' title="bbox 420 559 3814 635">
    <p class='ocr_par' dir='ltr' id='par_1_4' title="bbox 420 559 3814 635">
     <span class='ocr_line' id='line_1_4' title="bbox 420 559 3814 635; baseline -0 -16"><span class='ocrx_word' id='word_1_6' title='bbox 420 580 524 635; x_wconf 91' lang='lat' dir='ltr'>per</span> <span class='ocrx_word' id='word_1_7' title='bbox 553 562 955 635; x_wconf 79' lang='lat' dir='ltr'>synecdochen</span> <span class='ocrx_word' id='word_1_8' title='bbox 989 561 1212 619; x_wconf 91' lang='lat' dir='ltr'>dictum</span> <span class='ocrx_word' id='word_1_9' title='bbox 1242 561 1586 635; x_wconf 81' lang='lat' dir='ltr'>intelligere,</span> <span class='ocrx_word' id='word_1_10' title='bbox 1619 567 1685 617; x_wconf 92' lang='lat' dir='ltr'>ut</span> <span class='ocrx_word' id='word_1_11' title='bbox 1714 581 1748 618; x_wconf 89' lang='lat' dir='ltr'>a</span> <span class='ocrx_word' id='word_1_12' title='bbox 1776 566 1896 619; x_wconf 91' lang='lat' dir='ltr'>toto</span> <span class='ocrx_word' id='word_1_13' title='bbox 1929 580 2058 634; x_wconf 87' lang='lat' dir='ltr'>par-</span> <span class='ocrx_word' id='word_1_14' title='bbox 2090 564 2145 630; x_wconf 80' lang='grc' dir='ltr'><strong>Α</strong></span> <span class='ocrx_word' id='word_1_15' title='bbox 2173 562 2460 618; x_wconf 87' lang='lat' dir='ltr'>funderet.</span> <span class='ocrx_word' id='word_1_16' title='bbox 2494 562 2612 618; x_wconf 87' lang='lat' dir='ltr'>Hoc</span> <span class='ocrx_word' id='word_1_17' title='bbox 2641 561 2843 632; x_wconf 80' lang='lat' dir='ltr'>itaque</span> <span class='ocrx_word' id='word_1_18' title='bbox 2871 560 3023 616; x_wconf 81' lang='lat' dir='ltr'>dicto</span> <span class='ocrx_word' id='word_1_19' title='bbox 3054 575 3117 616; x_wconf 93' lang='lat' dir='ltr'>se</span> <span class='ocrx_word' id='word_1_20' title='bbox 3165 559 3421 616; x_wconf 75' lang='lat' dir='ltr'>ostendit</span> <span class='ocrx_word' id='word_1_21' title='bbox 3450 559 3814 632; x_wconf 80' lang='lat' dir='ltr'>impletorem‘</span> 
     </span>
    </p>
   </div>
   <div class='ocr_carea' id='block_1_5' title="bbox 414 652 956 724">
    <p class='ocr_par' dir='ltr' id='par_1_5' title="bbox 414 652 956 724">
     <span class='ocr_line' id='line_1_5' title="bbox 414 652 956 724; baseline -0.002 -15"><span class='ocrx_word' id='word_1_22' title='bbox 414 658 532 709; x_wconf 85' lang='lat' dir='ltr'>tem</span> <span class='ocrx_word' id='word_1_23' title='bbox 576 652 956 724; x_wconf 88' lang='lat' dir='ltr'>accipiamus.</span> 
     </span>
    </p>
   </div>
   <div class='ocr_carea' id='block_1_6' title="bbox 483 741 2062 812">
    <p class='ocr_par' dir='ltr' id='par_1_6' title="bbox 483 741 2062 812">
     <span class='ocr_line' id='line_1_6' title="bbox 483 741 2062 812; baseline 0 -16"><span class='ocrx_word' id='word_1_24' title='bbox 483 741 761 812; x_wconf 84' lang='lat' dir='ltr'>Sequitur</span> <span class='ocrx_word' id='word_1_25' title='bbox 793 759 806 798; x_wconf 90' lang='lat'>:</span> <span class='ocrx_word' id='word_1_26' title='bbox 863 743 1024 797; x_wconf 87' lang='lat' dir='ltr'>Testis</span> <span class='ocrx_word' id='word_1_27' title='bbox 1051 742 1194 796; x_wconf 88' lang='lat' dir='ltr'>mihi</span> <span class='ocrx_word' id='word_1_28' title='bbox 1229 749 1306 796; x_wconf 86' lang='lat' dir='ltr'>est</span> <span class='ocrx_word' id='word_1_29' title='bbox 1335 742 1495 805; x_wconf 87' lang='lat' dir='ltr'>Deus,</span> <span class='ocrx_word' id='word_1_30' title='bbox 1528 743 1620 795; x_wconf 85' lang='lat' dir='ltr'>cui</span> <span class='ocrx_word' id='word_1_31' title='bbox 1645 743 1825 797; x_wconf 85' lang='lat' dir='ltr'>servio</span> <span class='ocrx_word' id='word_1_32' title='bbox 1856 743 1915 796; x_wconf 87' lang='lat' dir='ltr'>in</span> <span class='ocrx_word' id='word_1_33' title='bbox 1942 743 2062 812; x_wconf 88' lang='lat' dir='ltr'>spi—</span> 
     </span>
    </p>
   </div>
   <div class='ocr_carea' id='block_1_7' title="bbox 414 831 2059 902">
    <p class='ocr_par' dir='ltr' id='par_1_7' title="bbox 414 831 2059 902">
     <span class='ocr_line' id='line_1_7' title="bbox 414 831 2059 902; baseline 0.001 -17"><span class='ocrx_word' id='word_1_34' title='bbox 414 833 530 887; x_wconf 89' lang='lat' dir='ltr'>ritu</span> <span class='ocrx_word' id='word_1_35' title='bbox 552 847 669 887; x_wconf 87' lang='lat' dir='ltr'>meo</span> <span class='ocrx_word' id='word_1_36' title='bbox 700 833 758 886; x_wconf 90' lang='lat' dir='ltr'>in</span> <span class='ocrx_word' id='word_1_37' title='bbox 779 831 1072 901; x_wconf 84' lang='lat' dir='ltr'>Evangelia</span> <span class='ocrx_word' id='word_1_38' title='bbox 1090 832 1230 887; x_wconf 87' lang='lat' dir='ltr'>Filii</span> <span class='ocrx_word' id='word_1_39' title='bbox 1255 832 1391 902; x_wconf 87' lang='lat' dir='ltr'>ejus,</span> <span class='ocrx_word' id='word_1_40' title='bbox 1417 835 1528 885; x_wconf 87' lang='lat' dir='ltr'>etc.</span> <span class='ocrx_word' id='word_1_41' title='bbox 1558 831 1658 885; x_wconf 87' lang='lat' dir='ltr'>llic</span> <span class='ocrx_word' id='word_1_42' title='bbox 1680 832 2059 902; x_wconf 68' lang='lat' dir='ltr'>quaerendum</span> 
     </span>
    </p>
   </div>
   <div class='ocr_carea' id='block_1_8' title="bbox 412 918 2062 991">
    <p class='ocr_par' dir='ltr' id='par_1_8' title="bbox 412 918 2062 991">
     <span class='ocr_line' id='line_1_8' title="bbox 412 918 2062 991; baseline 0 -17"><span class='ocrx_word' id='word_1_43' title='bbox 412 924 521 987; x_wconf 88' lang='lat' dir='ltr'>est,</span> <span class='ocrx_word' id='word_1_44' title='bbox 537 935 716 991; x_wconf 89' lang='lat' dir='ltr'>quare</span> <span class='ocrx_word' id='word_1_45' title='bbox 734 920 959 991; x_wconf 87' lang='lat' dir='ltr'>juravit</span> <span class='ocrx_word' id='word_1_46' title='bbox 974 918 1310 990; x_wconf 82' lang='lat' dir='ltr'>Apostolus,</span> <span class='ocrx_word' id='word_1_47' title='bbox 1335 935 1468 973; x_wconf 90' lang='lat' dir='ltr'>cum</span> <span class='ocrx_word' id='word_1_48' title='bbox 1492 919 1780 974; x_wconf 88' lang='lat' dir='ltr'>Dominus</span> <span class='ocrx_word' id='word_1_49' title='bbox 1800 919 1859 974; x_wconf 89' lang='lat' dir='ltr'>in</span> <span class='ocrx_word' id='word_1_50' title='bbox 1882 921 2062 975; x_wconf 88' lang='lat' dir='ltr'>Evan-</span> 
     </span>
    </p>
   </div>
   <div class='ocr_carea' id='block_1_9' title="bbox 411 1009 2055 1081">
    <p class='ocr_par' dir='ltr' id='par_1_9' title="bbox 411 1009 2055 1081">
     <span class='ocr_line' id='line_1_9' title="bbox 411 1009 2055 1081; baseline -0.001 -17"><span class='ocrx_word' id='word_1_51' title='bbox 411 1009 560 1080; x_wconf 88' lang='lat' dir='ltr'>gelio</span> <span class='ocrx_word' id='word_1_52' title='bbox 590 1009 934 1081; x_wconf 67' lang='lat' dir='ltr'>praecipiat:</span> <span class='ocrx_word' id='word_1_53' title='bbox 986 1009 1162 1064; x_wconf 77' lang='lat' dir='ltr'>Nolite</span> <span class='ocrx_word' id='word_1_54' title='bbox 1208 1010 1406 1077; x_wconf 76' lang='lat' dir='ltr'>iurare</span> <span class='ocrx_word' id='word_1_55' title='bbox 1456 1010 1679 1064; x_wconf 78' lang='lat' dir='ltr'>omnino</span> <span class='ocrx_word' id='word_1_56' title='bbox 1731 1011 1907 1075; x_wconf 87' lang='lat' dir='ltr'>(Joan.</span> <span class='ocrx_word' id='word_1_57' title='bbox 1941 1026 2055 1076; x_wconf 70' lang='lat' dir='ltr'>xxv,</span> 
     </span>
    </p>
   </div>
   <div class='ocr_carea' id='block_1_10' title="bbox 411 1097 2060 1169">
    <p class='ocr_par' dir='ltr' id='par_1_10' title="bbox 411 1097 2060 1169">
     <span class='ocr_line' id='line_1_10' title="bbox 411 1097 2060 1169; baseline 0 -17"><span class='ocrx_word' id='word_1_58' title='bbox 411 1099 519 1169; x_wconf 90' lang='grc'>17).</span> <span class='ocrx_word' id='word_1_59' title='bbox 537 1097 813 1169; x_wconf 88' lang='lat' dir='ltr'>Nunquid</span> <span class='ocrx_word' id='word_1_60' title='bbox 837 1101 1037 1153; x_wconf 89' lang='lat' dir='ltr'>contra</span> <span class='ocrx_word' id='word_1_61' title='bbox 1058 1097 1290 1153; x_wconf 87' lang='lat' dir='ltr'>Domini</span> <span class='ocrx_word' id='word_1_62' title='bbox 1315 1101 1669 1168; x_wconf 79' lang='lat' dir='ltr'>praeceptum</span> <span class='ocrx_word' id='word_1_63' title='bbox 1693 1097 2060 1169; x_wconf 85' lang='lat' dir='ltr'>egitAposto-</span> 
     </span>
    </p>
   </div>
   <div class='ocr_carea' id='block_1_11' title="bbox 409 1185 2058 1258">
    <p class='ocr_par' dir='ltr' id='par_1_11' title="bbox 409 1185 2058 1258">
     <span class='ocr_line' id='line_1_11' title="bbox 409 1185 2058 1258; baseline 0.001 -18"><span class='ocrx_word' id='word_1_64' title='bbox 409 1186 542 1242; x_wconf 87' lang='lat' dir='ltr'>lus?</span> <span class='ocrx_word' id='word_1_65' title='bbox 566 1187 824 1252; x_wconf 88' lang='lat' dir='ltr'>Minime,</span> <span class='ocrx_word' id='word_1_66' title='bbox 849 1185 955 1240; x_wconf 85' lang='lat' dir='ltr'>Sed</span> <span class='ocrx_word' id='word_1_67' title='bbox 984 1187 1042 1240; x_wconf 88' lang='lat' dir='ltr'>in</span> <span class='ocrx_word' id='word_1_68' title='bbox 1065 1202 1132 1241; x_wconf 92' lang='lat' dir='ltr'>eo</span> <span class='ocrx_word' id='word_1_69' title='bbox 1158 1186 1314 1257; x_wconf 89' lang='lat' dir='ltr'>quod</span> <span class='ocrx_word' id='word_1_70' title='bbox 1341 1186 1626 1241; x_wconf 80' lang='lat' dir='ltr'>Dominus</span> <span class='ocrx_word' id='word_1_71' title='bbox 1648 1186 1920 1258; x_wconf 84' lang='lat' dir='ltr'>praecepit</span> <span class='ocrx_word' id='word_1_72' title='bbox 1939 1203 2058 1241; x_wconf 87' lang='lat' dir='ltr'>non</span> 
     </span>
    </p>
   </div>
   <div class='ocr_carea' id='block_1_12' title="bbox 409 1273 2056 1347">
    <p class='ocr_par' dir='ltr' id='par_1_12' title="bbox 409 1273 2056 1347">
     <span class='ocr_line' id='line_1_12' title="bbox 409 1273 2056 1347; baseline -0.002 -16"><span class='ocrx_word' id='word_1_73' title='bbox 409 1293 535 1331; x_wconf 91' lang='lat' dir='ltr'>esse</span> <span class='ocrx_word' id='word_1_74' title='bbox 559 1276 905 1347; x_wconf 88' lang='lat' dir='ltr'>jurandum,</span> <span class='ocrx_word' id='word_1_75' title='bbox 928 1281 985 1330; x_wconf 90' lang='lat' dir='ltr'>et</span> <span class='ocrx_word' id='word_1_76' title='bbox 1007 1273 1324 1346; x_wconf 83' lang='lat' dir='ltr'>Apostolus</span> <span class='ocrx_word' id='word_1_77' title='bbox 1347 1275 1580 1345; x_wconf 80' lang='lat' dir='ltr'>iuravit,</span> <span class='ocrx_word' id='word_1_78' title='bbox 1605 1276 1780 1330; x_wconf 88' lang='lat' dir='ltr'>datur</span> <span class='ocrx_word' id='word_1_79' title='bbox 1809 1275 2056 1346; x_wconf 82' lang='lat' dir='ltr'>intelligi</span> 
     </span>
    </p>
   </div>
   <div class='ocr_carea' id='block_1_13' title="bbox 407 1363 2060 1437">
    <p class='ocr_par' dir='ltr' id='par_1_13' title="bbox 407 1363 2060 1437">
     <span class='ocr_line' id='line_1_13' title="bbox 407 1363 2060 1437; baseline -0.001 -17"><span class='ocrx_word' id='word_1_80' title='bbox 407 1366 546 1437; x_wconf 82' lang='lat' dir='ltr'>quia</span> <span class='ocrx_word' id='word_1_81' title='bbox 560 1365 841 1420; x_wconf 87' lang='lat' dir='ltr'>Dominus</span> <span class='ocrx_word' id='word_1_82' title='bbox 857 1381 974 1418; x_wconf 89' lang='lat' dir='ltr'>non</span> <span class='ocrx_word' id='word_1_83' title='bbox 993 1364 1268 1436; x_wconf 76' lang='lat' dir='ltr'>praecepit</span> <span class='ocrx_word' id='word_1_84' title='bbox 1283 1381 1355 1418; x_wconf 88' lang='lat' dir='ltr'>ne</span> <span class='ocrx_word' id='word_1_85' title='bbox 1367 1363 1499 1434; x_wconf 87' lang='lat' dir='ltr'>quis</span> <span class='ocrx_word' id='word_1_86' title='bbox 1509 1365 1844 1434; x_wconf 88' lang='lat' dir='ltr'>juramento</span> <span class='ocrx_word' id='word_1_87' title='bbox 1858 1368 2060 1418; x_wconf 83' lang='lat' dir='ltr'>utatur</span> 
     </span>
    </p>
   </div>
   <div class='ocr_carea' id='block_1_14' title="bbox 408 1453 2056 1524">
    <p class='ocr_par' dir='ltr' id='par_1_14' title="bbox 408 1453 2056 1524">
     <span class='ocr_line' id='line_1_14' title="bbox 408 1453 2056 1524; baseline -0.001 -15"><span class='ocrx_word' id='word_1_88' title='bbox 408 1456 467 1509; x_wconf 90' lang='lat' dir='ltr'>in</span> <span class='ocrx_word' id='word_1_89' title='bbox 501 1453 868 1519; x_wconf 85' lang='lat' dir='ltr'>necessariis,</span> <span class='ocrx_word' id='word_1_90' title='bbox 900 1453 1002 1508; x_wconf 91' lang='lat' dir='ltr'>sed</span> <span class='ocrx_word' id='word_1_91' title='bbox 1051 1456 1118 1506; x_wconf 91' lang='lat' dir='ltr'>ut</span> <span class='ocrx_word' id='word_1_92' title='bbox 1164 1468 1336 1508; x_wconf 90' lang='lat' dir='ltr'>nemo</span> <span class='ocrx_word' id='word_1_93' title='bbox 1359 1454 1766 1523; x_wconf 89' lang='lat' dir='ltr'>juramentum</span> <span class='ocrx_word' id='word_1_94' title='bbox 1799 1456 2056 1524; x_wconf 88' lang='lat' dir='ltr'>appetat,</span> 
     </span>
    </p>
   </div>
   <div class='ocr_carea' id='block_1_15' title="bbox 409 1541 2054 1616">
    <p class='ocr_par' dir='ltr' id='par_1_15' title="bbox 409 1541 2054 1616">
     <span class='ocr_line' id='line_1_15' title="bbox 409 1541 2054 1616; baseline -0.001 -18"><span class='ocrx_word' id='word_1_95' title='bbox 409 1543 581 1616; x_wconf 89' lang='lat' dir='ltr'>quasi</span> <span class='ocrx_word' id='word_1_96' title='bbox 612 1558 915 1598; x_wconf 90' lang='lat' dir='ltr'>summum</span> <span class='ocrx_word' id='word_1_97' title='bbox 945 1541 1189 1596; x_wconf 89' lang='lat' dir='ltr'>bonum.</span> <span class='ocrx_word' id='word_1_98' title='bbox 1221 1545 1370 1596; x_wconf 87' lang='lat' dir='ltr'>Sunt</span> <span class='ocrx_word' id='word_1_99' title='bbox 1421 1542 1577 1596; x_wconf 86' lang='lat' dir='ltr'>enim</span> <span class='ocrx_word' id='word_1_100' title='bbox 1623 1542 1890 1614; x_wconf 63' lang='lat' dir='ltr'>quaedam</span> <span class='ocrx_word' id='word_1_101' title='bbox 1939 1557 2054 1612; x_wconf 89' lang='lat' dir='ltr'>res,</span> 
     </span>
    </p>
   </div>
   <div class='ocr_carea' id='block_1_16' title="bbox 406 1631 2054 1704">
    <p class='ocr_par' dir='ltr' id='par_1_16' title="bbox 406 1631 2054 1704">
     <span class='ocr_line' id='line_1_16' title="bbox 406 1631 2054 1704; baseline -0.001 -17"><span class='ocrx_word' id='word_1_102' title='bbox 406 1648 534 1704; x_wconf 65' lang='lat' dir='ltr'>quae</span> <span class='ocrx_word' id='word_1_103' title='bbox 568 1635 625 1686; x_wconf 90' lang='lat' dir='ltr'>et</span> <span class='ocrx_word' id='word_1_104' title='bbox 652 1631 710 1686; x_wconf 91' lang='lat' dir='ltr'>in</span> <span class='ocrx_word' id='word_1_105' title='bbox 744 1648 807 1686; x_wconf 89' lang='lat' dir='ltr'>se</span> <span class='ocrx_word' id='word_1_106' title='bbox 837 1635 894 1685; x_wconf 88' lang='lat' dir='ltr'>et</span> <span class='ocrx_word' id='word_1_107' title='bbox 925 1645 1027 1701; x_wconf 89' lang='lat' dir='ltr'>per</span> <span class='ocrx_word' id='word_1_108' title='bbox 1057 1647 1119 1686; x_wconf 89' lang='lat' dir='ltr'>se</span> <span class='ocrx_word' id='word_1_109' title='bbox 1148 1631 1311 1685; x_wconf 80' lang='lat' dir='ltr'>bonae</span> <span class='ocrx_word' id='word_1_110' title='bbox 1343 1633 1499 1698; x_wconf 92' lang='lat' dir='ltr'>sunt,</span> <span class='ocrx_word' id='word_1_111' title='bbox 1533 1635 1591 1686; x_wconf 89' lang='lat' dir='ltr'>et</span> <span class='ocrx_word' id='word_1_112' title='bbox 1620 1631 1748 1686; x_wconf 88' lang='lat' dir='ltr'>ideo</span> <span class='ocrx_word' id='word_1_113' title='bbox 1779 1635 2054 1703; x_wconf 87' lang='lat' dir='ltr'>appeten-</span> 
     </span>
    </p>
   </div>
   <div class='ocr_carea' id='block_1_17' title="bbox 407 1718 2056 1792">
    <p class='ocr_par' dir='ltr' id='par_1_17' title="bbox 407 1718 2056 1792">
     <span class='ocr_line' id='line_1_17' title="bbox 407 1718 2056 1792; baseline -0.001 -16"><span class='ocrx_word' id='word_1_114' title='bbox 407 1721 514 1792; x_wconf 84' lang='lat' dir='ltr'>dae,</span> <span class='ocrx_word' id='word_1_115' title='bbox 547 1725 613 1774; x_wconf 92' lang='lat' dir='ltr'>ut</span> <span class='ocrx_word' id='word_1_116' title='bbox 640 1720 924 1789; x_wconf 85' lang='lat' dir='ltr'>virtutes;</span> <span class='ocrx_word' id='word_1_117' title='bbox 961 1722 1103 1775; x_wconf 89' lang='lat' dir='ltr'>sunt</span> <span class='ocrx_word' id='word_1_118' title='bbox 1132 1718 1278 1789; x_wconf 66' lang='lat' dir='ltr'>alite,</span> <span class='ocrx_word' id='word_1_119' title='bbox 1312 1735 1416 1776; x_wconf 90' lang='lat' dir='ltr'>nec</span> <span class='ocrx_word' id='word_1_120' title='bbox 1461 1719 1522 1774; x_wconf 91' lang='lat' dir='ltr'>in</span> <span class='ocrx_word' id='word_1_121' title='bbox 1573 1736 1653 1789; x_wconf 91' lang='lat' dir='ltr'>se,</span> <span class='ocrx_word' id='word_1_122' title='bbox 1687 1737 1792 1774; x_wconf 90' lang='lat' dir='ltr'>nec</span> <span class='ocrx_word' id='word_1_123' title='bbox 1845 1736 1947 1791; x_wconf 87' lang='lat' dir='ltr'>per</span> <span class='ocrx_word' id='word_1_124' title='bbox 1993 1735 2056 1775; x_wconf 88' lang='lat' dir='ltr'>se</span> 
     </span>
    </p>
   </div>
   <div class='ocr_carea' id='block_1_18' title="bbox 405 1807 2054 1880">
    <p class='ocr_par' dir='ltr' id='par_1_18' title="bbox 405 1807 2054 1880">
     <span class='ocr_line' id='line_1_18' title="bbox 405 1807 2054 1880; baseline 0 -16"><span class='ocrx_word' id='word_1_125' title='bbox 405 1811 592 1877; x_wconf 65' lang='lat' dir='ltr'>honre,</span> <span class='ocrx_word' id='word_1_126' title='bbox 623 1809 725 1864; x_wconf 90' lang='lat' dir='ltr'>sed</span> <span class='ocrx_word' id='word_1_127' title='bbox 765 1825 868 1879; x_wconf 91' lang='lat' dir='ltr'>pro</span> <span class='ocrx_word' id='word_1_128' title='bbox 899 1807 1030 1862; x_wconf 89' lang='lat' dir='ltr'>aliis</span> <span class='ocrx_word' id='word_1_129' title='bbox 1061 1807 1423 1876; x_wconf 77' lang='lat' dir='ltr'>necessariae,</span> <span class='ocrx_word' id='word_1_130' title='bbox 1454 1808 1607 1863; x_wconf 90' lang='lat' dir='ltr'>sicut</span> <span class='ocrx_word' id='word_1_131' title='bbox 1634 1807 1822 1876; x_wconf 87' lang='lat' dir='ltr'>cibus,</span> <span class='ocrx_word' id='word_1_132' title='bbox 1858 1813 2054 1880; x_wconf 89' lang='lat' dir='ltr'>potus,</span> 
     </span>
    </p>
   </div>
   <div class='ocr_carea' id='block_1_19' title="bbox 403 1895 2136 2001">
    <p class='ocr_par' dir='ltr' id='par_1_19' title="bbox 403 1895 2136 2001">
     <span class='ocr_line' id='line_1_19' title="bbox 403 1895 2136 2001; baseline -0.002 -46"><span class='ocrx_word' id='word_1_133' title='bbox 403 1903 460 1956; x_wconf 87' lang='lat' dir='ltr'>et</span> <span class='ocrx_word' id='word_1_134' title='bbox 489 1899 929 1953; x_wconf 86' lang='lat' dir='ltr'>vestimentum.</span> <span class='ocrx_word' id='word_1_135' title='bbox 953 1895 1084 1952; x_wconf 66' lang='lat' dir='ltr'>Haec</span> <span class='ocrx_word' id='word_1_136' title='bbox 1105 1897 1260 1951; x_wconf 90' lang='lat' dir='ltr'>enim</span> <span class='ocrx_word' id='word_1_137' title='bbox 1294 1897 1622 1952; x_wconf 87' lang='lat' dir='ltr'>necessaria</span> <span class='ocrx_word' id='word_1_138' title='bbox 1649 1901 1786 1952; x_wconf 92' lang='lat' dir='ltr'>sunt</span> <span class='ocrx_word' id='word_1_139' title='bbox 1818 1898 1889 1952; x_wconf 91' lang='lat' dir='ltr'>ad</span> <span class='ocrx_word' id='word_1_140' title='bbox 1924 1914 2052 1952; x_wconf 90' lang='lat' dir='ltr'>sus-</span> <span class='ocrx_word' id='word_1_141' title='bbox 2087 1936 2136 2001; x_wconf 82' lang='lat' dir='ltr'><strong>B</strong></span> 
     </span>
    </p>
   </div>
   <div class='ocr_carea' id='block_1_20' title="bbox 403 1985 2054 2057">
    <p class='ocr_par' dir='ltr' id='par_1_20' title="bbox 403 1985 2054 2057">
     <span class='ocr_line' id='line_1_20' title="bbox 403 1985 2054 2057; baseline -0.001 -15"><span class='ocrx_word' id='word_1_142' title='bbox 403 1987 787 2042; x_wconf 89' lang='lat' dir='ltr'>tentationem</span> <span class='ocrx_word' id='word_1_143' title='bbox 817 1985 947 2041; x_wconf 65' lang='lat' dir='ltr'>vitm</span> <span class='ocrx_word' id='word_1_144' title='bbox 979 1985 1304 2057; x_wconf 70' lang='lat' dir='ltr'>praesentis,</span> <span class='ocrx_word' id='word_1_145' title='bbox 1339 1986 1439 2040; x_wconf 90' lang='lat' dir='ltr'>sed</span> <span class='ocrx_word' id='word_1_146' title='bbox 1471 2003 1608 2051; x_wconf 89' lang='lat' dir='ltr'>non,</span> <span class='ocrx_word' id='word_1_147' title='bbox 1643 1990 1709 2041; x_wconf 91' lang='lat' dir='ltr'>ut</span> <span class='ocrx_word' id='word_1_148' title='bbox 1753 2003 2054 2041; x_wconf 90' lang='lat' dir='ltr'>summum</span> 
     </span>
    </p>
   </div>
   <div class='ocr_carea' id='block_1_21' title="bbox 403 2072 2055 2147">
    <p class='ocr_par' dir='ltr' id='par_1_21' title="bbox 403 2072 2055 2147">
     <span class='ocr_line' id='line_1_21' title="bbox 403 2072 2055 2147; baseline 0 -18"><span class='ocrx_word' id='word_1_149' title='bbox 403 2075 647 2144; x_wconf 91' lang='lat' dir='ltr'>bonum,</span> <span class='ocrx_word' id='word_1_150' title='bbox 671 2075 1015 2147; x_wconf 88' lang='lat' dir='ltr'>appetenda.</span> <span class='ocrx_word' id='word_1_151' title='bbox 1039 2072 1318 2128; x_wconf 88' lang='lat' dir='ltr'>Similiter</span> <span class='ocrx_word' id='word_1_152' title='bbox 1337 2075 1838 2146; x_wconf 88' lang='lat' dir='ltr'>etjuramentum,</span> <span class='ocrx_word' id='word_1_153' title='bbox 1869 2091 1973 2130; x_wconf 91' lang='lat' dir='ltr'>nec</span> <span class='ocrx_word' id='word_1_154' title='bbox 1996 2075 2055 2129; x_wconf 92' lang='lat' dir='ltr'>in</span> 
     </span>
    </p>
   </div>
   <div class='ocr_carea' id='block_1_22' title="bbox 407 2163 2054 2236">
    <p class='ocr_par' dir='ltr' id='par_1_22' title="bbox 407 2163 2054 2236">
     <span class='ocr_line' id='line_1_22' title="bbox 407 2163 2054 2236; baseline -0.001 -16"><span class='ocrx_word' id='word_1_155' title='bbox 407 2181 488 2231; x_wconf 88' lang='lat' dir='ltr'>se,</span> <span class='ocrx_word' id='word_1_156' title='bbox 513 2180 618 2219; x_wconf 89' lang='lat' dir='ltr'>nec</span> <span class='ocrx_word' id='word_1_157' title='bbox 649 2179 754 2235; x_wconf 90' lang='lat' dir='ltr'>per</span> <span class='ocrx_word' id='word_1_158' title='bbox 782 2179 843 2219; x_wconf 89' lang='lat' dir='ltr'>se</span> <span class='ocrx_word' id='word_1_159' title='bbox 875 2164 1090 2218; x_wconf 89' lang='lat' dir='ltr'>bonum</span> <span class='ocrx_word' id='word_1_160' title='bbox 1112 2169 1238 2231; x_wconf 90' lang='lat' dir='ltr'>est;</span> <span class='ocrx_word' id='word_1_161' title='bbox 1274 2163 1374 2218; x_wconf 90' lang='lat' dir='ltr'>sed</span> <span class='ocrx_word' id='word_1_162' title='bbox 1400 2165 1534 2234; x_wconf 91' lang='lat' dir='ltr'>quis</span> <span class='ocrx_word' id='word_1_163' title='bbox 1568 2168 1757 2236; x_wconf 89' lang='lat' dir='ltr'>potest</span> <span class='ocrx_word' id='word_1_164' title='bbox 1782 2181 1848 2220; x_wconf 92' lang='lat' dir='ltr'>eo</span> <span class='ocrx_word' id='word_1_165' title='bbox 1882 2164 1964 2219; x_wconf 91' lang='lat' dir='ltr'>uti</span> <span class='ocrx_word' id='word_1_166' title='bbox 1996 2164 2054 2218; x_wconf 91' lang='lat' dir='ltr'>in</span> 
     </span>
    </p>
   </div>
   <div class='ocr_carea' id='block_1_23' title="bbox 407 2251 2056 2325">
    <p class='ocr_par' dir='ltr' id='par_1_23' title="bbox 407 2251 2056 2325">
     <span class='ocr_line' id='line_1_23' title="bbox 407 2251 2056 2325; baseline -0.002 -15"><span class='ocrx_word' id='word_1_167' title='bbox 407 2252 801 2310; x_wconf 84' lang='lat' dir='ltr'>necessariis?</span> <span class='ocrx_word' id='word_1_168' title='bbox 831 2252 991 2310; x_wconf 89' lang='lat' dir='ltr'>verbi</span> <span class='ocrx_word' id='word_1_169' title='bbox 1024 2251 1231 2325; x_wconf 89' lang='lat' dir='ltr'>gratia,</span> <span class='ocrx_word' id='word_1_170' title='bbox 1264 2253 1352 2308; x_wconf 90' lang='lat' dir='ltr'>vis</span> <span class='ocrx_word' id='word_1_171' title='bbox 1392 2252 1649 2322; x_wconf 86' lang='lat' dir='ltr'>aliquem</span> <span class='ocrx_word' id='word_1_172' title='bbox 1706 2253 1935 2309; x_wconf 85' lang='lat' dir='ltr'>trahere</span> <span class='ocrx_word' id='word_1_173' title='bbox 1983 2253 2056 2308; x_wconf 89' lang='lat' dir='ltr'>ad</span> 
     </span>
    </p>
   </div>
   <div class='ocr_carea' id='block_1_24' title="bbox 405 2340 2055 2414">
    <p class='ocr_par' dir='ltr' id='par_1_24' title="bbox 405 2340 2055 2414">
     <span class='ocr_line' id='line_1_24' title="bbox 405 2340 2055 2414; baseline 0.001 -18"><span class='ocrx_word' id='word_1_174' title='bbox 405 2343 602 2409; x_wconf 83' lang='lat' dir='ltr'>ﬁdem,</span> <span class='ocrx_word' id='word_1_175' title='bbox 637 2346 693 2396; x_wconf 89' lang='lat' dir='ltr'>et</span> <span class='ocrx_word' id='word_1_176' title='bbox 722 2340 820 2395; x_wconf 89' lang='lat' dir='ltr'>ille</span> <span class='ocrx_word' id='word_1_177' title='bbox 849 2341 955 2395; x_wconf 87' lang='lat' dir='ltr'>tibi</span> <span class='ocrx_word' id='word_1_178' title='bbox 987 2341 1220 2396; x_wconf 88' lang='lat' dir='ltr'>credere</span> <span class='ocrx_word' id='word_1_179' title='bbox 1264 2359 1379 2396; x_wconf 92' lang='lat' dir='ltr'>non</span> <span class='ocrx_word' id='word_1_180' title='bbox 1420 2343 1565 2406; x_wconf 83' lang='lat' dir='ltr'>vult,</span> <span class='ocrx_word' id='word_1_181' title='bbox 1600 2343 1712 2397; x_wconf 89' lang='lat' dir='ltr'>nisi</span> <span class='ocrx_word' id='word_1_182' title='bbox 1753 2343 1957 2414; x_wconf 88' lang='lat' dir='ltr'>jures;</span> <span class='ocrx_word' id='word_1_183' title='bbox 1991 2346 2055 2397; x_wconf 87' lang='lat' dir='ltr'>tu</span> 
     </span>
    </p>
   </div>
   <div class='ocr_carea' id='block_1_25' title="bbox 407 2429 2052 2503">
    <p class='ocr_par' dir='ltr' id='par_1_25' title="bbox 407 2429 2052 2503">
     <span class='ocr_line' id='line_1_25' title="bbox 407 2429 2052 2503; baseline 0.004 -17"><span class='ocrx_word' id='word_1_184' title='bbox 407 2447 565 2503; x_wconf 88' lang='lat' dir='ltr'>ergo,</span> <span class='ocrx_word' id='word_1_185' title='bbox 599 2430 650 2484; x_wconf 89' lang='lat' dir='ltr'>si</span> <span class='ocrx_word' id='word_1_186' title='bbox 700 2445 768 2484; x_wconf 90' lang='lat' dir='ltr'>ea</span> <span class='ocrx_word' id='word_1_187' title='bbox 811 2429 1153 2497; x_wconf 88' lang='lat' dir='ltr'>intentione,</span> <span class='ocrx_word' id='word_1_188' title='bbox 1187 2446 1305 2500; x_wconf 91' lang='lat' dir='ltr'>qua</span> <span class='ocrx_word' id='word_1_189' title='bbox 1354 2431 1690 2501; x_wconf 81' lang='lat' dir='ltr'>Apostolus,</span> <span class='ocrx_word' id='word_1_190' title='bbox 1738 2433 2052 2502; x_wconf 85' lang='lat' dir='ltr'>juraveris.</span> 
     </span>
    </p>
   </div>
   <div class='ocr_carea' id='block_1_26' title="bbox 409 2516 2058 2591">
    <p class='ocr_par' dir='ltr' id='par_1_26' title="bbox 409 2516 2058 2591">
     <span class='ocr_line' id='line_1_26' title="bbox 409 2516 2058 2591; baseline 0.002 -17"><span class='ocrx_word' id='word_1_191' title='bbox 409 2536 525 2574; x_wconf 90' lang='lat' dir='ltr'>non</span> <span class='ocrx_word' id='word_1_192' title='bbox 556 2535 735 2574; x_wconf 89' lang='lat' dir='ltr'>erras.</span> <span class='ocrx_word' id='word_1_193' title='bbox 769 2516 912 2572; x_wconf 85' lang='lat' dir='ltr'>Hinc</span> <span class='ocrx_word' id='word_1_194' title='bbox 945 2517 1225 2573; x_wconf 89' lang='lat' dir='ltr'>Dominus</span> <span class='ocrx_word' id='word_1_195' title='bbox 1259 2519 1317 2572; x_wconf 91' lang='lat' dir='ltr'>in</span> <span class='ocrx_word' id='word_1_196' title='bbox 1350 2519 1654 2591; x_wconf 80' lang='lat' dir='ltr'>Evangelia</span> <span class='ocrx_word' id='word_1_197' title='bbox 1687 2519 1862 2575; x_wconf 89' lang='lat' dir='ltr'>dicit:</span> <span class='ocrx_word' id='word_1_198' title='bbox 1895 2522 2058 2590; x_wconf 85' lang='lat' dir='ltr'>Quod</span> 
     </span>
    </p>
   </div>
   <div class='ocr_carea' id='block_1_27' title="bbox 412 2607 2059 2680">
    <p class='ocr_par' dir='ltr' id='par_1_27' title="bbox 412 2607 2059 2680">
     <span class='ocr_line' id='line_1_27' title="bbox 412 2607 2059 2680; baseline 0.001 -18"><span class='ocrx_word' id='word_1_199' title='bbox 412 2608 497 2663; x_wconf 89' lang='lat' dir='ltr'>his</span> <span class='ocrx_word' id='word_1_200' title='bbox 525 2607 768 2678; x_wconf 76' lang='lat' dir='ltr'>amplius</span> <span class='ocrx_word' id='word_1_201' title='bbox 796 2610 898 2675; x_wconf 85' lang='lat' dir='ltr'>est,</span> <span class='ocrx_word' id='word_1_202' title='bbox 921 2623 953 2661; x_wconf 90' lang='lat' dir='ltr'>a</span> <span class='ocrx_word' id='word_1_203' title='bbox 983 2608 1136 2662; x_wconf 84' lang='lat' dir='ltr'>malo</span> <span class='ocrx_word' id='word_1_204' title='bbox 1167 2616 1244 2661; x_wconf 88' lang='lat' dir='ltr'>est</span> <span class='ocrx_word' id='word_1_205' title='bbox 1266 2607 1473 2680; x_wconf 83' lang='lat' dir='ltr'>(Matth.</span> <span class='ocrx_word' id='word_1_206' title='bbox 1502 2624 1555 2673; x_wconf 91' lang='lat' dir='ltr'>v,</span> <span class='ocrx_word' id='word_1_207' title='bbox 1578 2609 1690 2677; x_wconf 84' lang='lat'>37).</span> <span class='ocrx_word' id='word_1_208' title='bbox 1716 2607 1823 2662; x_wconf 87' lang='lat' dir='ltr'>Ubi</span> <span class='ocrx_word' id='word_1_209' title='bbox 1856 2614 2059 2664; x_wconf 90' lang='lat' dir='ltr'>notan-</span> 
     </span>
    </p>
   </div>
   <div class='ocr_carea' id='block_1_28' title="bbox 412 2696 2057 2768">
    <p class='ocr_par' dir='ltr' id='par_1_28' title="bbox 412 2696 2057 2768">
     <span class='ocr_line' id='line_1_28' title="bbox 412 2696 2057 2768; baseline 0.001 -16"><span class='ocrx_word' id='word_1_210' title='bbox 412 2699 578 2764; x_wconf 92' lang='lat' dir='ltr'>dum,</span> <span class='ocrx_word' id='word_1_211' title='bbox 610 2696 748 2768; x_wconf 89' lang='lat' dir='ltr'>quia</span> <span class='ocrx_word' id='word_1_212' title='bbox 779 2713 894 2751; x_wconf 87' lang='lat' dir='ltr'>non</span> <span class='ocrx_word' id='word_1_213' title='bbox 926 2696 1028 2766; x_wconf 88' lang='lat' dir='ltr'>ait,</span> <span class='ocrx_word' id='word_1_214' title='bbox 1063 2697 1274 2751; x_wconf 88' lang='lat' dir='ltr'>malum</span> <span class='ocrx_word' id='word_1_215' title='bbox 1303 2699 1402 2762; x_wconf 90' lang='lat' dir='ltr'>est,</span> <span class='ocrx_word' id='word_1_216' title='bbox 1435 2697 1558 2763; x_wconf 91' lang='lat' dir='ltr'>sed,</span> <span class='ocrx_word' id='word_1_217' title='bbox 1592 2714 1627 2751; x_wconf 88' lang='lat' dir='ltr'>a</span> <span class='ocrx_word' id='word_1_218' title='bbox 1668 2699 1813 2752; x_wconf 88' lang='lat' dir='ltr'>malo</span> <span class='ocrx_word' id='word_1_219' title='bbox 1841 2706 1920 2752; x_wconf 91' lang='lat' dir='ltr'>est</span> <span class='ocrx_word' id='word_1_220' title='bbox 1939 2715 1959 2758; x_wconf 87' lang='lat'><em>;</em></span> <span class='ocrx_word' id='word_1_221' title='bbox 1991 2715 2057 2754; x_wconf 88' lang='lat' dir='ltr'>ac</span> 
     </span>
    </p>
   </div>
   <div class='ocr_carea' id='block_1_29' title="bbox 411 2783 2056 2856">
    <p class='ocr_par' dir='ltr' id='par_1_29' title="bbox 411 2783 2056 2856">
     <span class='ocr_line' id='line_1_29' title="bbox 411 2783 2056 2856; baseline 0 -14"><span class='ocrx_word' id='word_1_222' title='bbox 411 2786 461 2842; x_wconf 91' lang='lat' dir='ltr'>si</span> <span class='ocrx_word' id='word_1_223' title='bbox 494 2787 748 2842; x_wconf 87' lang='lat' dir='ltr'>diceret:</span> <span class='ocrx_word' id='word_1_224' title='bbox 783 2785 945 2851; x_wconf 89' lang='lat' dir='ltr'>Quod</span> <span class='ocrx_word' id='word_1_225' title='bbox 969 2790 1032 2839; x_wconf 91' lang='lat' dir='ltr'>tu</span> <span class='ocrx_word' id='word_1_226' title='bbox 1058 2786 1249 2856; x_wconf 88' lang='lat' dir='ltr'>juras,</span> <span class='ocrx_word' id='word_1_227' title='bbox 1276 2787 1347 2840; x_wconf 89' lang='lat' dir='ltr'>ab</span> <span class='ocrx_word' id='word_1_228' title='bbox 1378 2783 1538 2841; x_wconf 90' lang='lat' dir='ltr'>illius</span> <span class='ocrx_word' id='word_1_229' title='bbox 1561 2784 1714 2840; x_wconf 89' lang='lat' dir='ltr'>malo</span> <span class='ocrx_word' id='word_1_230' title='bbox 1737 2788 2056 2854; x_wconf 87' lang='lat' dir='ltr'>descendit,</span> 
     </span>
    </p>
   </div>
   <div class='ocr_carea' id='block_1_30' title="bbox 411 2873 2061 2947">
    <p class='ocr_par' dir='ltr' id='par_1_30' title="bbox 411 2873 2061 2947">
     <span class='ocr_line' id='line_1_30' title="bbox 411 2873 2061 2947; baseline 0.001 -18"><span class='ocrx_word' id='word_1_231' title='bbox 411 2874 508 2945; x_wconf 89' lang='lat' dir='ltr'>qui</span> <span class='ocrx_word' id='word_1_232' title='bbox 537 2879 592 2930; x_wconf 89' lang='lat' dir='ltr'>te</span> <span class='ocrx_word' id='word_1_233' title='bbox 603 2875 805 2945; x_wconf 86' lang='lat' dir='ltr'>jurare</span> <span class='ocrx_word' id='word_1_234' title='bbox 825 2874 1032 2944; x_wconf 87' lang='lat' dir='ltr'>coegit.</span> <span class='ocrx_word' id='word_1_235' title='bbox 1051 2874 1334 2928; x_wconf 86' lang='lat' dir='ltr'>Dominus</span> <span class='ocrx_word' id='word_1_236' title='bbox 1355 2873 1532 2946; x_wconf 85' lang='lat' dir='ltr'>igitur</span> <span class='ocrx_word' id='word_1_237' title='bbox 1554 2873 1768 2930; x_wconf 91' lang='lat' dir='ltr'>idcirco</span> <span class='ocrx_word' id='word_1_238' title='bbox 1790 2877 2061 2947; x_wconf 65' lang='lat' dir='ltr'>praecepit</span> 
     </span>
    </p>
   </div>
   <div class='ocr_carea' id='block_1_31' title="bbox 414 2961 2058 3035">
    <p class='ocr_par' dir='ltr' id='par_1_31' title="bbox 414 2961 2058 3035">
     <span class='ocr_line' id='line_1_31' title="bbox 414 2961 2058 3035; baseline -0.001 -15"><span class='ocrx_word' id='word_1_239' title='bbox 414 2981 529 3020; x_wconf 90' lang='lat' dir='ltr'>non</span> <span class='ocrx_word' id='word_1_240' title='bbox 549 2963 1114 3034; x_wconf 85' lang='lat' dir='ltr'>essejurandum,ne</span> <span class='ocrx_word' id='word_1_241' title='bbox 1131 2961 1264 3034; x_wconf 91' lang='lat' dir='ltr'>quis</span> <span class='ocrx_word' id='word_1_242' title='bbox 1282 2979 1383 3034; x_wconf 90' lang='lat' dir='ltr'>per</span> <span class='ocrx_word' id='word_1_243' title='bbox 1399 2963 2058 3035; x_wconf 87' lang='lat' dir='ltr'>assiduitatemjurandi</span> 
     </span>
    </p>
   </div>
   <div class='ocr_carea' id='block_1_32' title="bbox 411 3051 2058 3125">
    <p class='ocr_par' dir='ltr' id='par_1_32' title="bbox 411 3051 2058 3125">
     <span class='ocr_line' id='line_1_32' title="bbox 411 3051 2058 3125; baseline 0.001 -17"><span class='ocrx_word' id='word_1_244' title='bbox 411 3054 470 3108; x_wconf 90' lang='lat' dir='ltr'>in</span> <span class='ocrx_word' id='word_1_245' title='bbox 504 3052 829 3124; x_wconf 84' lang='lat' dir='ltr'>perjurium</span> <span class='ocrx_word' id='word_1_246' title='bbox 862 3052 1104 3106; x_wconf 89' lang='lat' dir='ltr'>incidat.</span> <span class='ocrx_word' id='word_1_247' title='bbox 1129 3052 1296 3116; x_wconf 89' lang='lat' dir='ltr'>Nam,</span> <span class='ocrx_word' id='word_1_248' title='bbox 1321 3051 1472 3107; x_wconf 89' lang='lat' dir='ltr'>sicut</span> <span class='ocrx_word' id='word_1_249' title='bbox 1497 3051 1597 3123; x_wconf 87' lang='lat' dir='ltr'>qui</span> <span class='ocrx_word' id='word_1_250' title='bbox 1630 3070 1742 3107; x_wconf 91' lang='lat' dir='ltr'>non</span> <span class='ocrx_word' id='word_1_251' title='bbox 1774 3053 2058 3125; x_wconf 88' lang='lat' dir='ltr'>loquitur,</span> 
     </span>
    </p>
   </div>
   <div class='ocr_carea' id='block_1_33' title="bbox 411 3140 2058 3213">
    <p class='ocr_par' dir='ltr' id='par_1_33' title="bbox 411 3140 2058 3213">
     <span class='ocr_line' id='line_1_33' title="bbox 411 3140 2058 3213; baseline 0 -15"><span class='ocrx_word' id='word_1_252' title='bbox 411 3160 526 3198; x_wconf 88' lang='lat' dir='ltr'>non</span> <span class='ocrx_word' id='word_1_253' title='bbox 561 3141 863 3208; x_wconf 89' lang='lat' dir='ltr'>mentitur,</span> <span class='ocrx_word' id='word_1_254' title='bbox 897 3140 979 3195; x_wconf 91' lang='lat' dir='ltr'>ita</span> <span class='ocrx_word' id='word_1_255' title='bbox 1008 3141 1109 3212; x_wconf 90' lang='lat' dir='ltr'>qui</span> <span class='ocrx_word' id='word_1_256' title='bbox 1141 3157 1255 3196; x_wconf 89' lang='lat' dir='ltr'>non</span> <span class='ocrx_word' id='word_1_257' title='bbox 1279 3141 1461 3211; x_wconf 87' lang='lat' dir='ltr'>jurat,</span> <span class='ocrx_word' id='word_1_258' title='bbox 1497 3158 1611 3196; x_wconf 91' lang='lat' dir='ltr'>non</span> <span class='ocrx_word' id='word_1_259' title='bbox 1646 3142 1922 3213; x_wconf 87' lang='lat' dir='ltr'>perjurat.</span> <span class='ocrx_word' id='word_1_260' title='bbox 1947 3144 2058 3198; x_wconf 92' lang='lat' dir='ltr'>Sed</span> 
     </span>
    </p>
   </div>
   <div class='ocr_carea' id='block_1_34' title="bbox 411 3230 2056 3302">
    <p class='ocr_par' dir='ltr' id='par_1_34' title="bbox 411 3230 2056 3302">
     <span class='ocr_line' id='line_1_34' title="bbox 411 3230 2056 3302; baseline 0.001 -16"><span class='ocrx_word' id='word_1_261' title='bbox 411 3232 551 3302; x_wconf 91' lang='lat' dir='ltr'>quid</span> <span class='ocrx_word' id='word_1_262' title='bbox 583 3236 691 3296; x_wconf 90' lang='lat' dir='ltr'>est,</span> <span class='ocrx_word' id='word_1_263' title='bbox 726 3231 880 3301; x_wconf 92' lang='lat' dir='ltr'>quod</span> <span class='ocrx_word' id='word_1_264' title='bbox 911 3245 974 3285; x_wconf 88' lang='lat' dir='ltr'>se</span> <span class='ocrx_word' id='word_1_265' title='bbox 1002 3230 1320 3300; x_wconf 87' lang='lat' dir='ltr'>Apostolus</span> <span class='ocrx_word' id='word_1_266' title='bbox 1350 3231 1408 3284; x_wconf 94' lang='lat' dir='ltr'>in</span> <span class='ocrx_word' id='word_1_267' title='bbox 1453 3231 1663 3302; x_wconf 88' lang='lat' dir='ltr'>spiritu</span> <span class='ocrx_word' id='word_1_268' title='bbox 1697 3232 1910 3286; x_wconf 90' lang='lat' dir='ltr'>servire</span> <span class='ocrx_word' id='word_1_269' title='bbox 1941 3231 2056 3287; x_wconf 90' lang='lat' dir='ltr'>Deo</span> 
     </span>
    </p>
   </div>
   <div class='ocr_carea' id='block_1_35' title="bbox 2170 648 3813 723">
    <p class='ocr_par' dir='ltr' id='par_1_35' title="bbox 2170 648 3813 723">
     <span class='ocr_line' id='line_1_35' title="bbox 2170 648 3813 723; baseline -0.001 -17"><span class='ocrx_word' id='word_1_270' title='bbox 2170 651 2329 706; x_wconf 89' lang='lat' dir='ltr'>illius</span> <span class='ocrx_word' id='word_1_271' title='bbox 2361 650 2655 723; x_wconf 66' lang='lat' dir='ltr'>pracepti,</span> <span class='ocrx_word' id='word_1_272' title='bbox 2689 651 2842 722; x_wconf 89' lang='lat' dir='ltr'>quod</span> <span class='ocrx_word' id='word_1_273' title='bbox 2875 649 3015 705; x_wconf 83' lang='lat' dir='ltr'>alibi</span> <span class='ocrx_word' id='word_1_274' title='bbox 3047 648 3261 715; x_wconf 84' lang='lat' dir='ltr'>docuit,</span> <span class='ocrx_word' id='word_1_275' title='bbox 3294 648 3493 704; x_wconf 87' lang='lat' dir='ltr'>dicens</span> <span class='ocrx_word' id='word_1_276' title='bbox 3527 667 3541 704; x_wconf 88' lang='lat'>:</span> <span class='ocrx_word' id='word_1_277' title='bbox 3579 648 3708 705; x_wconf 78' lang='lat' dir='ltr'>Sine</span> <span class='ocrx_word' id='word_1_278' title='bbox 3735 652 3813 705; x_wconf 82' lang='lat' dir='ltr'>in-</span> 
     </span>
    </p>
   </div>
   <div class='ocr_carea' id='block_1_36' title="bbox 2169 739 3808 810">
    <p class='ocr_par' dir='ltr' id='par_1_36' title="bbox 2169 739 3808 810">
     <span class='ocr_line' id='line_1_36' title="bbox 2169 739 3808 810; baseline 0.001 -16"><span class='ocrx_word' id='word_1_279' title='bbox 2169 742 2513 796; x_wconf 85' lang='lat' dir='ltr'>termissione</span> <span class='ocrx_word' id='word_1_280' title='bbox 2543 746 2699 795; x_wconf 83' lang='lat' dir='ltr'>orate</span> <span class='ocrx_word' id='word_1_281' title='bbox 2727 740 2784 810; x_wconf 87' lang='lat' dir='ltr'>(l&#39;</span> <span class='ocrx_word' id='word_1_282' title='bbox 2806 740 2982 795; x_wconf 88' lang='lat' dir='ltr'>Thess.</span> <span class='ocrx_word' id='word_1_283' title='bbox 3012 757 3071 802; x_wconf 92' lang='lat' dir='ltr'>v,</span> <span class='ocrx_word' id='word_1_284' title='bbox 3103 739 3213 809; x_wconf 87' lang='grc'>17).</span> <span class='ocrx_word' id='word_1_285' title='bbox 3255 739 3364 793; x_wconf 86' lang='lat' dir='ltr'>Sed</span> <span class='ocrx_word' id='word_1_286' title='bbox 3398 753 3577 810; x_wconf 84' lang='lat' dir='ltr'>quare</span> <span class='ocrx_word' id='word_1_287' title='bbox 3609 739 3808 795; x_wconf 87' lang='lat' dir='ltr'>Roma-</span> 
     </span>
    </p>
   </div>
   <div class='ocr_carea' id='block_1_37' title="bbox 2169 827 3812 900">
    <p class='ocr_par' dir='ltr' id='par_1_37' title="bbox 2169 827 3812 900">
     <span class='ocr_line' id='line_1_37' title="bbox 2169 827 3812 900; baseline 0 -18"><span class='ocrx_word' id='word_1_288' title='bbox 2169 829 2262 884; x_wconf 88' lang='lat' dir='ltr'>nis</span> <span class='ocrx_word' id='word_1_289' title='bbox 2292 828 2552 884; x_wconf 89' lang='lat' dir='ltr'>indicare</span> <span class='ocrx_word' id='word_1_290' title='bbox 2581 828 2784 897; x_wconf 85' lang='lat' dir='ltr'>voluit,</span> <span class='ocrx_word' id='word_1_291' title='bbox 2818 829 2973 900; x_wconf 91' lang='lat' dir='ltr'>quod</span> <span class='ocrx_word' id='word_1_292' title='bbox 3016 842 3248 900; x_wconf 83' lang='lat' dir='ltr'>semper</span> <span class='ocrx_word' id='word_1_293' title='bbox 3295 843 3398 900; x_wconf 90' lang='lat' dir='ltr'>pro</span> <span class='ocrx_word' id='word_1_294' title='bbox 3449 827 3537 884; x_wconf 85' lang='lat' dir='ltr'>eis</span> <span class='ocrx_word' id='word_1_295' title='bbox 3579 828 3812 884; x_wconf 66' lang='lat' dir='ltr'>oraret?</span> 
     </span>
    </p>
   </div>
   <div class='ocr_carea' id='block_1_38' title="bbox 2170 915 3808 989">
    <p class='ocr_par' dir='ltr' id='par_1_38' title="bbox 2170 915 3808 989">
     <span class='ocr_line' id='line_1_38' title="bbox 2170 915 3808 989; baseline 0.001 -17"><span class='ocrx_word' id='word_1_296' title='bbox 2170 918 2278 981; x_wconf 86' lang='lat' dir='ltr'>Qui</span> <span class='ocrx_word' id='word_1_297' title='bbox 2300 917 2458 973; x_wconf 90' lang='lat' dir='ltr'>enim</span> <span class='ocrx_word' id='word_1_298' title='bbox 2485 933 2722 973; x_wconf 89' lang='lat' dir='ltr'>necesse</span> <span class='ocrx_word' id='word_1_299' title='bbox 2745 921 2836 974; x_wconf 89' lang='lat' dir='ltr'>est</span> <span class='ocrx_word' id='word_1_300' title='bbox 2854 916 3060 972; x_wconf 83' lang='lat' dir='ltr'>amicis</span> <span class='ocrx_word' id='word_1_301' title='bbox 3083 916 3300 972; x_wconf 88' lang='lat' dir='ltr'>nostris</span> <span class='ocrx_word' id='word_1_302' title='bbox 3329 915 3608 984; x_wconf 83' lang='lat' dir='ltr'>indicare,</span> <span class='ocrx_word' id='word_1_303' title='bbox 3633 917 3680 972; x_wconf 89' lang='lat' dir='ltr'>si</span> <span class='ocrx_word' id='word_1_304' title='bbox 3711 927 3808 989; x_wconf 83' lang='lat' dir='ltr'>pro</span> 
     </span>
    </p>
   </div>
   <div class='ocr_carea' id='block_1_39' title="bbox 2167 1003 3813 1078">
    <p class='ocr_par' dir='ltr' id='par_1_39' title="bbox 2167 1003 3813 1078">
     <span class='ocr_line' id='line_1_39' title="bbox 2167 1003 3813 1078; baseline 0 -18"><span class='ocrx_word' id='word_1_305' title='bbox 2167 1007 2253 1062; x_wconf 92' lang='lat' dir='ltr'>eis</span> <span class='ocrx_word' id='word_1_306' title='bbox 2282 1022 2522 1062; x_wconf 88' lang='lat' dir='ltr'>oramus</span> <span class='ocrx_word' id='word_1_307' title='bbox 2542 1007 2569 1061; x_wconf 88' lang='lat'>?</span> <span class='ocrx_word' id='word_1_308' title='bbox 2602 1007 2714 1062; x_wconf 82' lang='lat' dir='ltr'>Hoc</span> <span class='ocrx_word' id='word_1_309' title='bbox 2760 1005 2891 1061; x_wconf 90' lang='lat' dir='ltr'>ideo</span> <span class='ocrx_word' id='word_1_310' title='bbox 2920 1003 3233 1077; x_wconf 81' lang='lat' dir='ltr'>Apostolus</span> <span class='ocrx_word' id='word_1_311' title='bbox 3281 1005 3417 1078; x_wconf 81' lang='lat' dir='ltr'>egit,</span> <span class='ocrx_word' id='word_1_312' title='bbox 3451 1009 3518 1060; x_wconf 91' lang='lat' dir='ltr'>ut</span> <span class='ocrx_word' id='word_1_313' title='bbox 3568 1005 3813 1062; x_wconf 77' lang='lat' dir='ltr'>Romani</span> 
     </span>
    </p>
   </div>
   <div class='ocr_carea' id='block_1_40' title="bbox 2168 1094 3808 1168">
    <p class='ocr_par' dir='ltr' id='par_1_40' title="bbox 2168 1094 3808 1168">
     <span class='ocr_line' id='line_1_40' title="bbox 2168 1094 3808 1168; baseline 0.001 -18"><span class='ocrx_word' id='word_1_314' title='bbox 2168 1096 2358 1168; x_wconf 88' lang='lat' dir='ltr'>magis</span> <span class='ocrx_word' id='word_1_315' title='bbox 2387 1113 2522 1151; x_wconf 90' lang='lat' dir='ltr'>eum</span> <span class='ocrx_word' id='word_1_316' title='bbox 2553 1095 2881 1165; x_wconf 73' lang='lat' dir='ltr'>diligerent,</span> <span class='ocrx_word' id='word_1_317' title='bbox 2915 1100 2974 1150; x_wconf 89' lang='lat' dir='ltr'>et</span> <span class='ocrx_word' id='word_1_318' title='bbox 2999 1095 3130 1166; x_wconf 86' lang='lat' dir='ltr'>ejus</span> <span class='ocrx_word' id='word_1_319' title='bbox 3162 1094 3465 1167; x_wconf 70' lang='lat' dir='ltr'>prmoeptis</span> <span class='ocrx_word' id='word_1_320' title='bbox 3493 1095 3808 1152; x_wconf 83' lang='lat' dir='ltr'>obedirent.</span> 
     </span>
    </p>
   </div>
   <div class='ocr_carea' id='block_1_41' title="bbox 2166 1182 3810 1256">
    <p class='ocr_par' dir='ltr' id='par_1_41' title="bbox 2166 1182 3810 1256">
     <span class='ocr_line' id='line_1_41' title="bbox 2166 1182 3810 1256; baseline 0 -18"><span class='ocrx_word' id='word_1_321' title='bbox 2166 1185 2350 1256; x_wconf 85' lang='lat' dir='ltr'>Magis</span> <span class='ocrx_word' id='word_1_322' title='bbox 2381 1183 2600 1256; x_wconf 88' lang='lat' dir='ltr'>quippe</span> <span class='ocrx_word' id='word_1_323' title='bbox 2628 1199 2735 1239; x_wconf 87' lang='lat' dir='ltr'>nos</span> <span class='ocrx_word' id='word_1_324' title='bbox 2765 1183 3035 1250; x_wconf 87' lang='lat' dir='ltr'>audiunt,</span> <span class='ocrx_word' id='word_1_325' title='bbox 3067 1183 3167 1254; x_wconf 86' lang='lat' dir='ltr'>qui</span> <span class='ocrx_word' id='word_1_326' title='bbox 3199 1182 3473 1256; x_wconf 85' lang='lat' dir='ltr'>diligunt,</span> <span class='ocrx_word' id='word_1_327' title='bbox 3501 1193 3690 1255; x_wconf 81' lang='lat' dir='ltr'>quam&quot;</span> <span class='ocrx_word' id='word_1_328' title='bbox 3710 1182 3810 1256; x_wconf 83' lang='lat' dir='ltr'>qui-</span> 
     </span>
    </p>
   </div>
   <div class='ocr_carea' id='block_1_42' title="bbox 2166 1271 3804 1344">
    <p class='ocr_par' dir='ltr' id='par_1_42' title="bbox 2166 1271 3804 1344">
     <span class='ocr_line' id='line_1_42' title="bbox 2166 1271 3804 1344; baseline 0 -16"><span class='ocrx_word' id='word_1_329' title='bbox 2166 1273 2298 1328; x_wconf 92' lang='lat' dir='ltr'>odio</span> <span class='ocrx_word' id='word_1_330' title='bbox 2329 1273 2564 1328; x_wconf 81' lang='lat' dir='ltr'>habent.</span> <span class='ocrx_word' id='word_1_331' title='bbox 2597 1275 2866 1328; x_wconf 87' lang='lat' dir='ltr'>Attamen</span> <span class='ocrx_word' id='word_1_332' title='bbox 2893 1272 3208 1344; x_wconf 82' lang='lat' dir='ltr'>Apostolus</span> <span class='ocrx_word' id='word_1_333' title='bbox 3239 1271 3623 1328; x_wconf 84' lang='lat' dir='ltr'>intentionem</span> <span class='ocrx_word' id='word_1_334' title='bbox 3653 1276 3711 1328; x_wconf 81' lang='lat' dir='ltr'>et</span> <span class='ocrx_word' id='word_1_335' title='bbox 3737 1274 3804 1328; x_wconf 84' lang='lat' dir='ltr'>tl-</span> 
     </span>
    </p>
   </div>
   <div class='ocr_carea' id='block_1_43' title="bbox 2165 1361 3805 1434">
    <p class='ocr_par' dir='ltr' id='par_1_43' title="bbox 2165 1361 3805 1434">
     <span class='ocr_line' id='line_1_43' title="bbox 2165 1361 3805 1434; baseline -0.001 -17"><span class='ocrx_word' id='word_1_336' title='bbox 2165 1377 2300 1418; x_wconf 89' lang='lat' dir='ltr'>nem</span> <span class='ocrx_word' id='word_1_337' title='bbox 2327 1364 2418 1418; x_wconf 88' lang='lat' dir='ltr'>sui</span> <span class='ocrx_word' id='word_1_338' title='bbox 2441 1361 2666 1434; x_wconf 84' lang='lat' dir='ltr'>placiti,</span> <span class='ocrx_word' id='word_1_339' title='bbox 2693 1379 2807 1418; x_wconf 89' lang='lat' dir='ltr'>non</span> <span class='ocrx_word' id='word_1_340' title='bbox 2832 1363 2893 1416; x_wconf 91' lang='lat' dir='ltr'>in</span> <span class='ocrx_word' id='word_1_341' title='bbox 2915 1379 2996 1428; x_wconf 89' lang='lat' dir='ltr'>se,</span> <span class='ocrx_word' id='word_1_342' title='bbox 3022 1362 3122 1418; x_wconf 88' lang='lat' dir='ltr'>sed</span> <span class='ocrx_word' id='word_1_343' title='bbox 3144 1361 3204 1416; x_wconf 91' lang='lat' dir='ltr'>in</span> <span class='ocrx_word' id='word_1_344' title='bbox 3227 1361 3805 1432; x_wconf 81' lang='lat' dir='ltr'>Domino-constituit,</span> 
     </span>
    </p>
   </div>
   <div class='ocr_carea' id='block_1_44' title="bbox 2167 1451 3807 1524">
    <p class='ocr_par' dir='ltr' id='par_1_44' title="bbox 2167 1451 3807 1524">
     <span class='ocr_line' id='line_1_44' title="bbox 2167 1451 3807 1524; baseline 0 -18"><span class='ocrx_word' id='word_1_345' title='bbox 2167 1455 2232 1506; x_wconf 92' lang='lat' dir='ltr'>ut</span> <span class='ocrx_word' id='word_1_346' title='bbox 2260 1467 2364 1522; x_wconf 91' lang='lat' dir='ltr'>per</span> <span class='ocrx_word' id='word_1_347' title='bbox 2391 1451 2762 1508; x_wconf 88' lang='lat' dir='ltr'>dilectionem</span> <span class='ocrx_word' id='word_1_348' title='bbox 2794 1468 2962 1508; x_wconf 87' lang='lat' dir='ltr'>suam</span> <span class='ocrx_word' id='word_1_349' title='bbox 2998 1452 3345 1524; x_wconf 87' lang='lat' dir='ltr'>perduceret</span> <span class='ocrx_word' id='word_1_350' title='bbox 3373 1465 3488 1508; x_wconf 84' lang='lat' dir='ltr'>eos</span> <span class='ocrx_word' id='word_1_351' title='bbox 3522 1452 3594 1507; x_wconf 84' lang='lat' dir='ltr'>ad</span> <span class='ocrx_word' id='word_1_352' title='bbox 3643 1451 3807 1508; x_wconf 76' lang='lat' dir='ltr'>dilee~</span> 
     </span>
    </p>
   </div>
   <div class='ocr_carea' id='block_1_45' title="bbox 2166 1539 2543 1596">
    <p class='ocr_par' dir='ltr' id='par_1_45' title="bbox 2166 1539 2543 1596">
     <span class='ocr_line' id='line_1_45' title="bbox 2166 1539 2543 1596; baseline -0.003 0"><span class='ocrx_word' id='word_1_353' title='bbox 2166 1539 2389 1596; x_wconf 79' lang='lat' dir='ltr'>tionem</span> <span class='ocrx_word' id='word_1_354' title='bbox 2420 1540 2543 1596; x_wconf 88' lang='lat' dir='ltr'>Dei.</span> 
     </span>
    </p>
   </div>
   <div class='ocr_carea' id='block_1_46' title="bbox 2236 1623 3807 1700">
    <p class='ocr_par' dir='ltr' id='par_1_46' title="bbox 2236 1623 3807 1700">
     <span class='ocr_line' id='line_1_46' title="bbox 2236 1623 3807 1700; baseline 0.001 -16"><span class='ocrx_word' id='word_1_355' title='bbox 2236 1628 2558 1699; x_wconf 78' lang='lat' dir='ltr'>Sequitur:</span> <span class='ocrx_word' id='word_1_356' title='bbox 2613 1629 2926 1697; x_wconf 79' lang='lat' dir='ltr'>Obsecraus,</span> <span class='ocrx_word' id='word_1_357' title='bbox 2961 1633 3022 1684; x_wconf 84' lang='lat' dir='ltr'>ut</span> <span class='ocrx_word' id='word_1_358' title='bbox 3061 1631 3113 1684; x_wconf 88' lang='lat' dir='ltr'>si</span> <span class='ocrx_word' id='word_1_359' title='bbox 3155 1629 3421 1700; x_wconf 86' lang='lat' dir='ltr'>quomodo</span> <span class='ocrx_word' id='word_1_360' title='bbox 3451 1629 3685 1686; x_wconf 74' lang='lat' dir='ltr'>tandem</span> <span class='ocrx_word' id='word_1_361' title='bbox 3703 1623 3807 1685; x_wconf 83' lang='lat' dir='ltr'>ali-</span> 
     </span>
    </p>
   </div>
   <div class='ocr_carea' id='block_1_47' title="bbox 2164 1715 3808 1790">
    <p class='ocr_par' dir='ltr' id='par_1_47' title="bbox 2164 1715 3808 1790">
     <span class='ocr_line' id='line_1_47' title="bbox 2164 1715 3808 1790; baseline 0 -17"><span class='ocrx_word' id='word_1_362' title='bbox 2164 1717 2384 1789; x_wconf 81' lang='lat' dir='ltr'>quando</span> <span class='ocrx_word' id='word_1_363' title='bbox 2411 1733 2736 1790; x_wconf 78' lang='lat' dir='ltr'>prosperum</span> <span class='ocrx_word' id='word_1_364' title='bbox 2763 1721 2872 1774; x_wconf 80' lang='lat' dir='ltr'>iter</span> <span class='ocrx_word' id='word_1_365' title='bbox 2894 1715 3126 1774; x_wconf 78' lang='lat' dir='ltr'>habeam</span> <span class='ocrx_word' id='word_1_366' title='bbox 3165 1719 3228 1773; x_wconf 84' lang='lat' dir='ltr'>in</span> <span class='ocrx_word' id='word_1_367' title='bbox 3274 1718 3552 1774; x_wconf 76' lang='lat' dir='ltr'>voluntate</span> <span class='ocrx_word' id='word_1_368' title='bbox 3580 1719 3686 1774; x_wconf 76' lang='grc' dir='ltr'><em>Βοῖ-</em></span> <span class='ocrx_word' id='word_1_369' title='bbox 3721 1733 3808 1773; x_wconf 80' lang='lat' dir='ltr'>ve-</span> 
     </span>
    </p>
   </div>
   <div class='ocr_carea' id='block_1_48' title="bbox 2162 1806 3804 1880">
    <p class='ocr_par' dir='ltr' id='par_1_48' title="bbox 2162 1806 3804 1880">
     <span class='ocr_line' id='line_1_48' title="bbox 2162 1806 3804 1880; baseline 0.002 -20"><span class='ocrx_word' id='word_1_370' title='bbox 2162 1806 2358 1861; x_wconf 81' lang='lat' dir='ltr'>niendi</span> <span class='ocrx_word' id='word_1_371' title='bbox 2378 1806 2450 1861; x_wconf 83' lang='lat' dir='ltr'>ad</span> <span class='ocrx_word' id='word_1_372' title='bbox 2479 1823 2585 1863; x_wconf 85' lang='lat' dir='ltr'>vos.</span> <span class='ocrx_word' id='word_1_373' title='bbox 2610 1808 2993 1863; x_wconf 81' lang='lat' dir='ltr'>Proﬂciscens</span> <span class='ocrx_word' id='word_1_374' title='bbox 3016 1807 3332 1878; x_wconf 84' lang='lat' dir='ltr'>Apostolus</span> <span class='ocrx_word' id='word_1_375' title='bbox 3356 1808 3426 1864; x_wconf 88' lang='lat' dir='ltr'>ad</span> <span class='ocrx_word' id='word_1_376' title='bbox 3450 1807 3804 1880; x_wconf 54' lang='lat' dir='ltr'>pradicatioa</span> 
     </span>
    </p>
   </div>
   <div class='ocr_carea' id='block_1_49' title="bbox 2170 1895 3810 1969">
    <p class='ocr_par' dir='ltr' id='par_1_49' title="bbox 2170 1895 3810 1969">
     <span class='ocr_line' id='line_1_49' title="bbox 2170 1895 3810 1969; baseline 0.002 -20"><span class='ocrx_word' id='word_1_377' title='bbox 2170 1895 2264 1951; x_wconf 92' lang='lat' dir='ltr'>nis</span> <span class='ocrx_word' id='word_1_378' title='bbox 2294 1896 2575 1963; x_wconf 77' lang='lat' dir='ltr'>ofﬁcium,</span> <span class='ocrx_word' id='word_1_379' title='bbox 2606 1897 2848 1969; x_wconf 84' lang='lat' dir='ltr'>optabat</span> <span class='ocrx_word' id='word_1_380' title='bbox 2885 1897 3156 1969; x_wconf 88' lang='lat' dir='ltr'>precibus</span> <span class='ocrx_word' id='word_1_381' title='bbox 3201 1901 3263 1952; x_wconf 88' lang='lat' dir='ltr'>et</span> <span class='ocrx_word' id='word_1_382' title='bbox 3311 1897 3810 1953; x_wconf 73' lang='lat' dir='ltr'>obsecrationibus</span> 
     </span>
    </p>
   </div>
   <div class='ocr_carea' id='block_1_50' title="bbox 2167 1983 3810 2058">
    <p class='ocr_par' dir='ltr' id='par_1_50' title="bbox 2167 1983 3810 2058">
     <span class='ocr_line' id='line_1_50' title="bbox 2167 1983 3810 2058; baseline 0.001 -19"><span class='ocrx_word' id='word_1_383' title='bbox 2167 1983 2447 2052; x_wconf 86' lang='lat' dir='ltr'>obtinere,</span> <span class='ocrx_word' id='word_1_384' title='bbox 2481 1989 2547 2040; x_wconf 90' lang='lat' dir='ltr'>ut</span> <span class='ocrx_word' id='word_1_385' title='bbox 2590 2001 2936 2058; x_wconf 85' lang='lat' dir='ltr'>prosperum</span> <span class='ocrx_word' id='word_1_386' title='bbox 2986 1985 3095 2042; x_wconf 87' lang='lat' dir='ltr'>iter</span> <span class='ocrx_word' id='word_1_387' title='bbox 3144 1985 3383 2042; x_wconf 77' lang='lat' dir='ltr'>haberet</span> <span class='ocrx_word' id='word_1_388' title='bbox 3429 1986 3698 2043; x_wconf 82' lang='lat' dir='ltr'>veniendi</span> <span class='ocrx_word' id='word_1_389' title='bbox 3735 1985 3810 2041; x_wconf 78' lang='lat' dir='ltr'>ad-</span> 
     </span>
    </p>
   </div>
   <div class='ocr_carea' id='block_1_51' title="bbox 2168 2073 3806 2146">
    <p class='ocr_par' dir='ltr' id='par_1_51' title="bbox 2168 2073 3806 2146">
     <span class='ocr_line' id='line_1_51' title="bbox 2168 2073 3806 2146; baseline 0.001 -18"><span class='ocrx_word' id='word_1_390' title='bbox 2168 2073 2480 2130; x_wconf 88' lang='lat' dir='ltr'>Romanos.</span> <span class='ocrx_word' id='word_1_391' title='bbox 2523 2075 2634 2131; x_wconf 89' lang='lat' dir='ltr'>Sed</span> <span class='ocrx_word' id='word_1_392' title='bbox 2666 2090 2846 2146; x_wconf 86' lang='lat' dir='ltr'>quare</span> <span class='ocrx_word' id='word_1_393' title='bbox 2877 2075 3122 2146; x_wconf 88' lang='lat' dir='ltr'>addidit,</span> <span class='ocrx_word' id='word_1_394' title='bbox 3156 2077 3215 2130; x_wconf 86' lang='lat' dir='ltr'>in</span> <span class='ocrx_word' id='word_1_395' title='bbox 3247 2077 3526 2132; x_wconf 77' lang='lat' dir='ltr'>voluntate</span> <span class='ocrx_word' id='word_1_396' title='bbox 3551 2077 3692 2131; x_wconf 73' lang='lat' dir='ltr'>Dei?</span> <span class='ocrx_word' id='word_1_397' title='bbox 3717 2075 3806 2131; x_wconf 70' lang='grc' dir='ltr'>νίι-</span> 
     </span>
    </p>
   </div>
   <div class='ocr_carea' id='block_1_52' title="bbox 2167 2162 3804 2237">
    <p class='ocr_par' dir='ltr' id='par_1_52' title="bbox 2167 2162 3804 2237">
     <span class='ocr_line' id='line_1_52' title="bbox 2167 2162 3804 2237; baseline 0.001 -20"><span class='ocrx_word' id='word_1_398' title='bbox 2167 2162 2395 2233; x_wconf 90' lang='lat' dir='ltr'>delicet,</span> <span class='ocrx_word' id='word_1_399' title='bbox 2431 2164 2570 2235; x_wconf 88' lang='lat' dir='ltr'>quia</span> <span class='ocrx_word' id='word_1_400' title='bbox 2599 2169 2837 2220; x_wconf 85' lang='lat' dir='ltr'>noverat</span> <span class='ocrx_word' id='word_1_401' title='bbox 2877 2181 3005 2221; x_wconf 82' lang='lat' dir='ltr'>esse</span> <span class='ocrx_word' id='word_1_402' title='bbox 3042 2165 3487 2237; x_wconf 86' lang='lat' dir='ltr'>prosperitatem</span> <span class='ocrx_word' id='word_1_403' title='bbox 3538 2165 3665 2221; x_wconf 87' lang='lat' dir='ltr'>sine</span> <span class='ocrx_word' id='word_1_404' title='bbox 3713 2179 3804 2220; x_wconf 88' lang='lat' dir='ltr'>vo-</span> 
     </span>
    </p>
   </div>
   <div class='ocr_carea' id='block_1_53' title="bbox 2166 2252 3811 2326">
    <p class='ocr_par' dir='ltr' id='par_1_53' title="bbox 2166 2252 3811 2326">
     <span class='ocr_line' id='line_1_53' title="bbox 2166 2252 3811 2326; baseline 0.002 -20"><span class='ocrx_word' id='word_1_405' title='bbox 2166 2256 2390 2317; x_wconf 80' lang='lat' dir='ltr'>luntate</span> <span class='ocrx_word' id='word_1_406' title='bbox 2421 2252 2522 2308; x_wconf 89' lang='lat' dir='ltr'>Dei</span> <span class='ocrx_word' id='word_1_407' title='bbox 2556 2270 2569 2308; x_wconf 94' lang='lat'>:</span> <span class='ocrx_word' id='word_1_408' title='bbox 2623 2269 2755 2309; x_wconf 90' lang='lat' dir='ltr'>ecce</span> <span class='ocrx_word' id='word_1_409' title='bbox 2801 2253 2968 2309; x_wconf 86' lang='lat' dir='ltr'>enim</span> <span class='ocrx_word' id='word_1_410' title='bbox 3010 2253 3150 2309; x_wconf 89' lang='lat' dir='ltr'>mali</span> <span class='ocrx_word' id='word_1_411' title='bbox 3195 2253 3620 2326; x_wconf 86' lang='lat' dir='ltr'>temporalibus</span> <span class='ocrx_word' id='word_1_412' title='bbox 3651 2253 3811 2310; x_wconf 86' lang='lat' dir='ltr'>bonis</span> 
     </span>
    </p>
   </div>
   <div class='ocr_carea' id='block_1_54' title="bbox 2167 2343 3808 2416">
    <p class='ocr_par' dir='ltr' id='par_1_54' title="bbox 2167 2343 3808 2416">
     <span class='ocr_line' id='line_1_54' title="bbox 2167 2343 3808 2416; baseline 0.001 -19"><span class='ocrx_word' id='word_1_413' title='bbox 2167 2348 2587 2416; x_wconf 85' lang='lat' dir='ltr'>prosperantur</span> <span class='ocrx_word' id='word_1_414' title='bbox 2615 2345 2728 2415; x_wconf 89' lang='lat'>(80)</span> <span class='ocrx_word' id='word_1_415' title='bbox 2756 2361 2769 2411; x_wconf 88' lang='lat'><strong>;</strong></span> <span class='ocrx_word' id='word_1_416' title='bbox 2803 2344 2904 2400; x_wconf 87' lang='lat' dir='ltr'>sed</span> <span class='ocrx_word' id='word_1_417' title='bbox 2939 2345 3060 2399; x_wconf 73' lang='lat' dir='ltr'>haec</span> <span class='ocrx_word' id='word_1_418' title='bbox 3093 2343 3460 2416; x_wconf 85' lang='lat' dir='ltr'>prosperitas</span> <span class='ocrx_word' id='word_1_419' title='bbox 3483 2359 3604 2400; x_wconf 87' lang='lat' dir='ltr'>non</span> <span class='ocrx_word' id='word_1_420' title='bbox 3637 2348 3720 2400; x_wconf 90' lang='lat' dir='ltr'>est</span> <span class='ocrx_word' id='word_1_421' title='bbox 3745 2357 3808 2400; x_wconf 77' lang='lat' dir='ltr'>ex</span> 
     </span>
    </p>
   </div>
   <div class='ocr_carea' id='block_1_55' title="bbox 2164 2433 3801 2506">
    <p class='ocr_par' dir='ltr' id='par_1_55' title="bbox 2164 2433 3801 2506">
     <span class='ocr_line' id='line_1_55' title="bbox 2164 2433 3801 2506; baseline 0 -18"><span class='ocrx_word' id='word_1_422' title='bbox 2164 2433 2461 2490; x_wconf 75' lang='lat' dir='ltr'>voluntate</span> <span class='ocrx_word' id='word_1_423' title='bbox 2490 2433 2612 2490; x_wconf 92' lang='lat' dir='ltr'>Dei.</span> <span class='ocrx_word' id='word_1_424' title='bbox 2645 2434 2924 2506; x_wconf 89' lang='lat' dir='ltr'>Sequitur</span> <span class='ocrx_word' id='word_1_425' title='bbox 2954 2453 2967 2490; x_wconf 93' lang='lat'>:</span> <span class='ocrx_word' id='word_1_426' title='bbox 3024 2434 3279 2489; x_wconf 79' lang='lat' dir='ltr'>Desidere</span> <span class='ocrx_word' id='word_1_427' title='bbox 3309 2436 3462 2489; x_wconf 80' lang='lat' dir='ltr'>enim</span> <span class='ocrx_word' id='word_1_428' title='bbox 3490 2433 3679 2490; x_wconf 79' lang='lat' dir='ltr'>videre</span> <span class='ocrx_word' id='word_1_429' title='bbox 3702 2449 3801 2504; x_wconf 80' lang='lat' dir='ltr'>vos,</span> 
     </span>
    </p>
   </div>
   <div class='ocr_carea' id='block_1_56' title="bbox 2166 2521 3806 2594">
    <p class='ocr_par' dir='ltr' id='par_1_56' title="bbox 2166 2521 3806 2594">
     <span class='ocr_line' id='line_1_56' title="bbox 2166 2521 3806 2594; baseline -0.001 -17"><span class='ocrx_word' id='word_1_430' title='bbox 2166 2531 2227 2577; x_wconf 85' lang='lat' dir='ltr'>ut</span> <span class='ocrx_word' id='word_1_431' title='bbox 2262 2523 2477 2592; x_wconf 83' lang='lat' dir='ltr'>aliquid</span> <span class='ocrx_word' id='word_1_432' title='bbox 2518 2524 2828 2594; x_wconf 82' lang='lat' dir='ltr'>impertiar,</span> <span class='ocrx_word' id='word_1_433' title='bbox 2860 2527 2967 2578; x_wconf 85' lang='lat' dir='ltr'>etc.</span> <span class='ocrx_word' id='word_1_434' title='bbox 3003 2523 3120 2578; x_wconf 89' lang='lat' dir='ltr'>Cur</span> <span class='ocrx_word' id='word_1_435' title='bbox 3164 2523 3536 2579; x_wconf 84' lang='lat' dir='ltr'>desiderabat</span> <span class='ocrx_word' id='word_1_436' title='bbox 3586 2539 3685 2580; x_wconf 90' lang='lat' dir='ltr'>eos</span> <span class='ocrx_word' id='word_1_437' title='bbox 3731 2521 3806 2577; x_wconf 54' lang='lat' dir='ltr'>vi-é</span> 
     </span>
    </p>
   </div>
   <div class='ocr_carea' id='block_1_57' title="bbox 2167 2610 3806 2683">
    <p class='ocr_par' dir='ltr' id='par_1_57' title="bbox 2167 2610 3806 2683">
     <span class='ocr_line' id='line_1_57' title="bbox 2167 2610 3806 2683; baseline 0.001 -19"><span class='ocrx_word' id='word_1_438' title='bbox 2167 2611 2301 2665; x_wconf 89' lang='lat' dir='ltr'>dere</span> <span class='ocrx_word' id='word_1_439' title='bbox 2321 2611 2348 2663; x_wconf 87' lang='lat'>?</span> <span class='ocrx_word' id='word_1_440' title='bbox 2378 2611 2675 2681; x_wconf 90' lang='lat' dir='ltr'>Numquid</span> <span class='ocrx_word' id='word_1_441' title='bbox 2711 2610 2960 2666; x_wconf 84' lang='lat' dir='ltr'>levitatis</span> <span class='ocrx_word' id='word_1_442' title='bbox 2991 2612 3211 2680; x_wconf 89' lang='lat' dir='ltr'>studio,</span> <span class='ocrx_word' id='word_1_443' title='bbox 3240 2612 3393 2666; x_wconf 89' lang='lat' dir='ltr'>sicut</span> <span class='ocrx_word' id='word_1_444' title='bbox 3422 2612 3694 2668; x_wconf 88' lang='lat' dir='ltr'>homines</span> <span class='ocrx_word' id='word_1_445' title='bbox 3722 2625 3806 2683; x_wconf 82' lang='lat' dir='ltr'>pa-</span> 
     </span>
    </p>
   </div>
   <div class='ocr_carea' id='block_1_58' title="bbox 2167 2698 3806 2772">
    <p class='ocr_par' dir='ltr' id='par_1_58' title="bbox 2167 2698 3806 2772">
     <span class='ocr_line' id='line_1_58' title="bbox 2167 2698 3806 2772; baseline 0.001 -20"><span class='ocrx_word' id='word_1_446' title='bbox 2167 2703 2362 2754; x_wconf 89' lang='lat' dir='ltr'>rentes</span> <span class='ocrx_word' id='word_1_447' title='bbox 2394 2717 2553 2766; x_wconf 89' lang='lat' dir='ltr'>suos,</span> <span class='ocrx_word' id='word_1_448' title='bbox 2578 2699 2773 2754; x_wconf 91' lang='lat' dir='ltr'>studio</span> <span class='ocrx_word' id='word_1_449' title='bbox 2803 2698 3128 2770; x_wconf 85' lang='lat' dir='ltr'>epulandi?</span> <span class='ocrx_word' id='word_1_450' title='bbox 3158 2700 3303 2755; x_wconf 82' lang='lat' dir='ltr'>Non.</span> <span class='ocrx_word' id='word_1_451' title='bbox 3327 2700 3440 2755; x_wconf 85' lang='lat' dir='ltr'>Sed</span> <span class='ocrx_word' id='word_1_452' title='bbox 3472 2701 3602 2772; x_wconf 88' lang='lat' dir='ltr'>ipse</span> <span class='ocrx_word' id='word_1_453' title='bbox 3631 2699 3806 2758; x_wconf 89' lang='lat' dir='ltr'>reddit</span> 
     </span>
    </p>
   </div>
   <div class='ocr_carea' id='block_1_59' title="bbox 2167 2787 3804 2861">
    <p class='ocr_par' dir='ltr' id='par_1_59' title="bbox 2167 2787 3804 2861">
     <span class='ocr_line' id='line_1_59' title="bbox 2167 2787 3804 2861; baseline 0.001 -18"><span class='ocrx_word' id='word_1_454' title='bbox 2167 2803 2428 2854; x_wconf 89' lang='lat' dir='ltr'>causam,</span> <span class='ocrx_word' id='word_1_455' title='bbox 2464 2788 2684 2855; x_wconf 87' lang='lat' dir='ltr'>dicens,</span> <span class='ocrx_word' id='word_1_456' title='bbox 2715 2791 2776 2842; x_wconf 82' lang='lat' dir='ltr'>ut</span> <span class='ocrx_word' id='word_1_457' title='bbox 2820 2787 3033 2858; x_wconf 87' lang='lat' dir='ltr'>aliquid</span> <span class='ocrx_word' id='word_1_458' title='bbox 3074 2788 3368 2858; x_wconf 84' lang='lat' dir='ltr'>impertiar</span> <span class='ocrx_word' id='word_1_459' title='bbox 3409 2790 3568 2844; x_wconf 82' lang='lat' dir='ltr'>vobis</span> <span class='ocrx_word' id='word_1_460' title='bbox 3620 2791 3804 2861; x_wconf 57' lang='lat' dir='ltr'>gratia</span> 
     </span>
    </p>
   </div>
   <div class='ocr_carea' id='block_1_60' title="bbox 2165 2876 3803 2949">
    <p class='ocr_par' dir='ltr' id='par_1_60' title="bbox 2165 2876 3803 2949">
     <span class='ocr_line' id='line_1_60' title="bbox 2165 2876 3803 2949; baseline 0 -17"><span class='ocrx_word' id='word_1_461' title='bbox 2165 2877 2479 2949; x_wconf 82' lang='lat' dir='ltr'>spiritalis:</span> <span class='ocrx_word' id='word_1_462' title='bbox 2512 2877 2571 2930; x_wconf 89' lang='lat' dir='ltr'>id</span> <span class='ocrx_word' id='word_1_463' title='bbox 2602 2880 2709 2941; x_wconf 90' lang='lat' dir='ltr'>est,</span> <span class='ocrx_word' id='word_1_464' title='bbox 2733 2881 2798 2930; x_wconf 91' lang='lat' dir='ltr'>ut</span> <span class='ocrx_word' id='word_1_465' title='bbox 2827 2876 3153 2932; x_wconf 87' lang='lat' dir='ltr'>doctrinam</span> <span class='ocrx_word' id='word_1_466' title='bbox 3180 2881 3243 2932; x_wconf 85' lang='lat' dir='ltr'>et</span> <span class='ocrx_word' id='word_1_467' title='bbox 3266 2877 3624 2935; x_wconf 85' lang='lat' dir='ltr'>miraculum</span> <span class='ocrx_word' id='word_1_468' title='bbox 3653 2877 3803 2935; x_wconf 87' lang='lat' dir='ltr'>vobis</span> 
     </span>
    </p>
   </div>
   <div class='ocr_carea' id='block_1_61' title="bbox 2167 2965 3804 3037">
    <p class='ocr_par' dir='ltr' id='par_1_61' title="bbox 2167 2965 3804 3037">
     <span class='ocr_line' id='line_1_61' title="bbox 2167 2965 3804 3037; baseline 0.001 -17"><span class='ocrx_word' id='word_1_469' title='bbox 2167 2965 2423 3021; x_wconf 88' lang='lat' dir='ltr'>tribuam</span> <span class='ocrx_word' id='word_1_470' title='bbox 2454 2965 2850 3037; x_wconf 86' lang='lat' dir='ltr'>patrationum</span> <span class='ocrx_word' id='word_1_471' title='bbox 2873 2965 3006 3036; x_wconf 89' lang='grc'>(81).</span> <span class='ocrx_word' id='word_1_472' title='bbox 3033 2966 3117 3021; x_wconf 91' lang='lat' dir='ltr'>Ad</span> <span class='ocrx_word' id='word_1_473' title='bbox 3150 2965 3289 3036; x_wconf 91' lang='lat' dir='ltr'>quid</span> <span class='ocrx_word' id='word_1_474' title='bbox 3322 2970 3517 3022; x_wconf 84' lang='lat' dir='ltr'>autem</span> <span class='ocrx_word' id='word_1_475' title='bbox 3551 2968 3674 3025; x_wconf 73' lang='lat' dir='ltr'>haec</span> <span class='ocrx_word' id='word_1_476' title='bbox 3701 2967 3804 3022; x_wconf 89' lang='lat' dir='ltr'>im-</span> 
     </span>
    </p>
   </div>
   <div class='ocr_carea' id='block_1_62' title="bbox 2169 3053 3809 3128">
    <p class='ocr_par' dir='ltr' id='par_1_62' title="bbox 2169 3053 3809 3128">
     <span class='ocr_line' id='line_1_62' title="bbox 2169 3053 3809 3128; baseline 0.001 -20"><span class='ocrx_word' id='word_1_477' title='bbox 2169 3053 2368 3125; x_wconf 89' lang='lat' dir='ltr'>pertiri</span> <span class='ocrx_word' id='word_1_478' title='bbox 2395 3054 2552 3122; x_wconf 83' lang='lat' dir='ltr'>velit,</span> <span class='ocrx_word' id='word_1_479' title='bbox 2577 3053 2855 3124; x_wconf 88' lang='lat' dir='ltr'>aperitur,</span> <span class='ocrx_word' id='word_1_480' title='bbox 2876 3070 3008 3108; x_wconf 88' lang='lat' dir='ltr'>cum</span> <span class='ocrx_word' id='word_1_481' title='bbox 3040 3054 3349 3109; x_wconf 87' lang='lat' dir='ltr'>subditur:</span> <span class='ocrx_word' id='word_1_482' title='bbox 3384 3055 3465 3110; x_wconf 88' lang='lat' dir='ltr'>Ad</span> <span class='ocrx_word' id='word_1_483' title='bbox 3491 3058 3809 3128; x_wconf 74' lang='lat' dir='ltr'>confirman-</span> 
     </span>
    </p>
   </div>
   <div class='ocr_carea' id='block_1_63' title="bbox 2167 3142 3807 3217">
    <p class='ocr_par' dir='ltr' id='par_1_63' title="bbox 2167 3142 3807 3217">
     <span class='ocr_line' id='line_1_63' title="bbox 2167 3142 3807 3217; baseline 0.001 -21"><span class='ocrx_word' id='word_1_484' title='bbox 2167 3142 2260 3197; x_wconf 86' lang='lat' dir='ltr'>dos</span> <span class='ocrx_word' id='word_1_485' title='bbox 2307 3159 2415 3210; x_wconf 87' lang='lat' dir='ltr'>vos,</span> <span class='ocrx_word' id='word_1_486' title='bbox 2449 3142 2666 3214; x_wconf 90' lang='lat' dir='ltr'>quibus</span> <span class='ocrx_word' id='word_1_487' title='bbox 2715 3142 2908 3197; x_wconf 85' lang='lat' dir='ltr'>verbis</span> <span class='ocrx_word' id='word_1_488' title='bbox 2957 3143 3211 3198; x_wconf 87' lang='lat' dir='ltr'>ostendit</span> <span class='ocrx_word' id='word_1_489' title='bbox 3257 3160 3357 3199; x_wconf 90' lang='lat' dir='ltr'>eos</span> <span class='ocrx_word' id='word_1_490' title='bbox 3407 3143 3602 3200; x_wconf 88' lang='lat' dir='ltr'>adhuc</span> <span class='ocrx_word' id='word_1_491' title='bbox 3656 3159 3807 3217; x_wconf 83' lang='lat' dir='ltr'>egere</span> 
     </span>
    </p>
   </div>
   <div class='ocr_carea' id='block_1_64' title="bbox 2169 3231 3808 3304">
    <p class='ocr_par' dir='ltr' id='par_1_64' title="bbox 2169 3231 3808 3304">
     <span class='ocr_line' id='line_1_64' title="bbox 2169 3231 3808 3304; baseline 0.001 -19"><span class='ocrx_word' id='word_1_492' title='bbox 2169 3231 2303 3286; x_wconf 80' lang='lat' dir='ltr'>ﬁdei</span> <span class='ocrx_word' id='word_1_493' title='bbox 2327 3231 2787 3298; x_wconf 85' lang='lat' dir='ltr'>conﬁrmatione,</span> <span class='ocrx_word' id='word_1_494' title='bbox 2812 3231 3083 3302; x_wconf 91' lang='lat' dir='ltr'>quamvis</span> <span class='ocrx_word' id='word_1_495' title='bbox 3114 3249 3213 3287; x_wconf 90' lang='lat' dir='ltr'>eos</span> <span class='ocrx_word' id='word_1_496' title='bbox 3238 3233 3511 3304; x_wconf 89' lang='lat' dir='ltr'>superius</span> <span class='ocrx_word' id='word_1_497' title='bbox 3544 3233 3808 3290; x_wconf 88' lang='lat' dir='ltr'>laudibus</span> 
     </span>
    </p>
   </div>
   <div class='ocr_carea' id='block_1_65' title="bbox 411 3306 3808 3394">
    <p class='ocr_par' dir='ltr' id='par_1_65' title="bbox 411 3306 3808 3394">
     <span class='ocr_line' id='line_1_65' title="bbox 411 3306 3808 3394; baseline -0 -19"><span class='ocrx_word' id='word_1_498' title='bbox 411 3321 640 3388; x_wconf 86' lang='lat' dir='ltr'>asserit,</span> <span class='ocrx_word' id='word_1_499' title='bbox 675 3335 808 3375; x_wconf 91' lang='lat' dir='ltr'>cum</span> <span class='ocrx_word' id='word_1_500' title='bbox 843 3319 1114 3386; x_wconf 88' lang='lat' dir='ltr'>servitus,</span> <span class='ocrx_word' id='word_1_501' title='bbox 1148 3319 1407 3390; x_wconf 90' lang='lat' dir='ltr'>corporis</span> <span class='ocrx_word' id='word_1_502' title='bbox 1439 3319 1516 3374; x_wconf 92' lang='lat' dir='ltr'>sit</span> <span class='ocrx_word' id='word_1_503' title='bbox 1558 3319 1840 3383; x_wconf 88' lang='lat' dir='ltr'>officium,</span> <span class='ocrx_word' id='word_1_504' title='bbox 1873 3321 2056 3376; x_wconf 86' lang='lat' dir='ltr'>oratio</span> <span class='ocrx_word' id='word_1_505' title='bbox 2088 3306 2130 3373; x_wconf 87' lang='lat' dir='ltr'>C</span> <span class='ocrx_word' id='word_1_506' title='bbox 2170 3319 2511 3392; x_wconf 70' lang='lat' dir='ltr'>praetulerit,</span> <span class='ocrx_word' id='word_1_507' title='bbox 2536 3335 2604 3374; x_wconf 89' lang='lat' dir='ltr'>ea</span> <span class='ocrx_word' id='word_1_508' title='bbox 2633 3320 2856 3375; x_wconf 86' lang='lat' dir='ltr'>scilicet</span> <span class='ocrx_word' id='word_1_509' title='bbox 2885 3321 3224 3385; x_wconf 88' lang='lat' dir='ltr'>intentione,</span> <span class='ocrx_word' id='word_1_510' title='bbox 3249 3325 3423 3390; x_wconf 89' lang='lat' dir='ltr'>utea,</span> <span class='ocrx_word' id='word_1_511' title='bbox 3448 3337 3580 3394; x_wconf 69' lang='lat' dir='ltr'>qum</span> <span class='ocrx_word' id='word_1_512' title='bbox 3612 3322 3668 3377; x_wconf 91' lang='lat' dir='ltr'>in</span> <span class='ocrx_word' id='word_1_513' title='bbox 3702 3320 3808 3377; x_wconf 87' lang='lat' dir='ltr'>illis</span> 
     </span>
    </p>
   </div>
   <div class='ocr_carea' id='block_1_66' title="bbox 410 3407 2052 3480">
    <p class='ocr_par' dir='ltr' id='par_1_66' title="bbox 410 3407 2052 3480">
     <span class='ocr_line' id='line_1_66' title="bbox 410 3407 2052 3480; baseline -0.001 -15"><span class='ocrx_word' id='word_1_514' title='bbox 410 3425 566 3479; x_wconf 89' lang='lat' dir='ltr'>vero,</span> <span class='ocrx_word' id='word_1_515' title='bbox 599 3408 814 3464; x_wconf 90' lang='lat' dir='ltr'>mentis</span> <span class='ocrx_word' id='word_1_516' title='bbox 837 3407 864 3462; x_wconf 88' lang='lat'>?</span> <span class='ocrx_word' id='word_1_517' title='bbox 892 3409 1165 3463; x_wconf 87' lang='lat' dir='ltr'>Attamen</span> <span class='ocrx_word' id='word_1_518' title='bbox 1196 3408 1504 3463; x_wconf 90' lang='lat' dir='ltr'>sciendum</span> <span class='ocrx_word' id='word_1_519' title='bbox 1534 3408 1674 3478; x_wconf 89' lang='lat' dir='ltr'>quia</span> <span class='ocrx_word' id='word_1_520' title='bbox 1721 3410 1914 3480; x_wconf 85' lang='lat' dir='ltr'>majus</span> <span class='ocrx_word' id='word_1_521' title='bbox 1945 3408 2052 3465; x_wconf 89' lang='lat' dir='ltr'>ali-</span> 
     </span>
    </p>
   </div>
   <div class='ocr_carea' id='block_1_67' title="bbox 411 3496 2060 3571">
    <p class='ocr_par' dir='ltr' id='par_1_67' title="bbox 411 3496 2060 3571">
     <span class='ocr_line' id='line_1_67' title="bbox 411 3496 2060 3571; baseline 0 -18"><span class='ocrx_word' id='word_1_522' title='bbox 411 3499 551 3571; x_wconf 90' lang='lat' dir='ltr'>quid</span> <span class='ocrx_word' id='word_1_523' title='bbox 574 3498 756 3554; x_wconf 90' lang='lat' dir='ltr'>voluit</span> <span class='ocrx_word' id='word_1_524' title='bbox 776 3498 1196 3563; x_wconf 88' lang='lat' dir='ltr'>demonstrare,</span> <span class='ocrx_word' id='word_1_525' title='bbox 1211 3496 1434 3552; x_wconf 85' lang='lat' dir='ltr'>scilicet</span> <span class='ocrx_word' id='word_1_526' title='bbox 1453 3496 1568 3552; x_wconf 91' lang='lat' dir='ltr'>vim</span> <span class='ocrx_word' id='word_1_527' title='bbox 1591 3514 1712 3553; x_wconf 58' lang='lat' dir='ltr'>suae</span> <span class='ocrx_word' id='word_1_528' title='bbox 1734 3499 2060 3553; x_wconf 82' lang='lat' dir='ltr'>devotionis</span> 
     </span>
    </p>
   </div>
   <div class='ocr_carea' id='block_1_68' title="bbox 408 3586 2058 3657">
    <p class='ocr_par' dir='ltr' id='par_1_68' title="bbox 408 3586 2058 3657">
     <span class='ocr_line' id='line_1_68' title="bbox 408 3586 2058 3657; baseline -0.001 -14"><span class='ocrx_word' id='word_1_529' title='bbox 408 3592 464 3643; x_wconf 82' lang='lat' dir='ltr'>et</span> <span class='ocrx_word' id='word_1_530' title='bbox 501 3587 844 3644; x_wconf 76' lang='lat' dir='ltr'>affectionis.</span> <span class='ocrx_word' id='word_1_531' title='bbox 878 3587 1071 3643; x_wconf 87' lang='lat' dir='ltr'>Potest</span> <span class='ocrx_word' id='word_1_532' title='bbox 1117 3586 1272 3642; x_wconf 90' lang='lat' dir='ltr'>enim</span> <span class='ocrx_word' id='word_1_533' title='bbox 1321 3586 1534 3657; x_wconf 91' lang='lat' dir='ltr'>aliquis</span> <span class='ocrx_word' id='word_1_534' title='bbox 1581 3587 1706 3642; x_wconf 88' lang='lat' dir='ltr'>sine</span> <span class='ocrx_word' id='word_1_535' title='bbox 1753 3588 2058 3642; x_wconf 87' lang='lat' dir='ltr'>devotione</span> 
     </span>
    </p>
   </div>
   <div class='ocr_carea' id='block_1_69' title="bbox 408 3674 2054 3746">
    <p class='ocr_par' dir='ltr' id='par_1_69' title="bbox 408 3674 2054 3746">
     <span class='ocr_line' id='line_1_69' title="bbox 408 3674 2054 3746; baseline -0.001 -14"><span class='ocrx_word' id='word_1_536' title='bbox 408 3676 499 3732; x_wconf 86' lang='lat' dir='ltr'>vel</span> <span class='ocrx_word' id='word_1_537' title='bbox 519 3676 823 3732; x_wconf 68' lang='lat' dir='ltr'>affectione</span> <span class='ocrx_word' id='word_1_538' title='bbox 848 3691 1014 3730; x_wconf 89' lang='lat' dir='ltr'>orare</span> <span class='ocrx_word' id='word_1_539' title='bbox 1037 3691 1050 3728; x_wconf 90' lang='lat'>:</span> <span class='ocrx_word' id='word_1_540' title='bbox 1073 3678 1478 3730; x_wconf 87' lang='lat' dir='ltr'>verumtamen</span> <span class='ocrx_word' id='word_1_541' title='bbox 1499 3674 1626 3729; x_wconf 88' lang='lat' dir='ltr'>sine</span> <span class='ocrx_word' id='word_1_542' title='bbox 1645 3675 1738 3728; x_wconf 90' lang='lat' dir='ltr'>his</span> <span class='ocrx_word' id='word_1_543' title='bbox 1759 3675 1818 3728; x_wconf 89' lang='lat' dir='ltr'>iu</span> <span class='ocrx_word' id='word_1_544' title='bbox 1846 3675 2054 3746; x_wconf 89' lang='lat' dir='ltr'>spiritu</span> 
     </span>
    </p>
   </div>
   <div class='ocr_carea' id='block_1_70' title="bbox 411 3763 2060 3834">
    <p class='ocr_par' dir='ltr' id='par_1_70' title="bbox 411 3763 2060 3834">
     <span class='ocr_line' id='line_1_70' title="bbox 411 3763 2060 3834; baseline 0 -15"><span class='ocrx_word' id='word_1_545' title='bbox 411 3764 529 3819; x_wconf 91' lang='lat' dir='ltr'>Deo</span> <span class='ocrx_word' id='word_1_546' title='bbox 559 3763 774 3819; x_wconf 89' lang='lat' dir='ltr'>servire</span> <span class='ocrx_word' id='word_1_547' title='bbox 813 3779 984 3818; x_wconf 88' lang='lat' dir='ltr'>nemo</span> <span class='ocrx_word' id='word_1_548' title='bbox 1033 3766 1242 3833; x_wconf 82' lang='lat' dir='ltr'>potest.</span> <span class='ocrx_word' id='word_1_549' title='bbox 1276 3763 1349 3817; x_wconf 91' lang='lat' dir='ltr'>Ut</span> <span class='ocrx_word' id='word_1_550' title='bbox 1393 3779 1529 3834; x_wconf 87' lang='lat' dir='ltr'>ergo</span> <span class='ocrx_word' id='word_1_551' title='bbox 1580 3763 1892 3834; x_wconf 84' lang='lat' dir='ltr'>Apostolus</span> <span class='ocrx_word' id='word_1_552' title='bbox 1939 3780 2060 3819; x_wconf 68' lang='lat' dir='ltr'>sum</span> 
     </span>
    </p>
   </div>
   <div class='ocr_carea' id='block_1_71' title="bbox 412 3851 2057 3923">
    <p class='ocr_par' dir='ltr' id='par_1_71' title="bbox 412 3851 2057 3923">
     <span class='ocr_line' id='line_1_71' title="bbox 412 3851 2057 3923; baseline 0 -15"><span class='ocrx_word' id='word_1_553' title='bbox 412 3853 630 3908; x_wconf 89' lang='lat' dir='ltr'>mentis</span> <span class='ocrx_word' id='word_1_554' title='bbox 660 3853 1048 3921; x_wconf 89' lang='lat' dir='ltr'>devotionem,</span> <span class='ocrx_word' id='word_1_555' title='bbox 1070 3851 1552 3922; x_wconf 75' lang='lat' dir='ltr'>ati‘ectionemque</span> <span class='ocrx_word' id='word_1_556' title='bbox 1581 3853 1930 3923; x_wconf 89' lang='lat' dir='ltr'>ostenderet,</span> <span class='ocrx_word' id='word_1_557' title='bbox 1955 3854 2057 3908; x_wconf 91' lang='lat' dir='ltr'>ad-</span> 
     </span>
    </p>
   </div>
   <div class='ocr_carea' id='block_1_72' title="bbox 403 3941 2057 4013">
    <p class='ocr_par' dir='ltr' id='par_1_72' title="bbox 403 3941 2057 4013">
     <span class='ocr_line' id='line_1_72' title="bbox 403 3941 2057 4013; baseline 0.001 -17"><span class='ocrx_word' id='word_1_558' title='bbox 403 3941 547 4012; x_wconf 84' lang='lat' dir='ltr'>jecit</span> <span class='ocrx_word' id='word_1_559' title='bbox 573 3958 586 3996; x_wconf 90' lang='lat'>:</span> <span class='ocrx_word' id='word_1_560' title='bbox 616 3943 679 3997; x_wconf 85' lang='lat' dir='ltr'>In</span> <span class='ocrx_word' id='word_1_561' title='bbox 700 3941 994 4011; x_wconf 79' lang='lat' dir='ltr'>Evangelio</span> <span class='ocrx_word' id='word_1_562' title='bbox 1013 3941 1120 4010; x_wconf 81' lang='lat' dir='ltr'>ﬁlii</span> <span class='ocrx_word' id='word_1_563' title='bbox 1141 3941 1276 4010; x_wconf 85' lang='lat' dir='ltr'>ejus.</span> <span class='ocrx_word' id='word_1_564' title='bbox 1302 3941 1437 3995; x_wconf 91' lang='lat' dir='ltr'>Sine</span> <span class='ocrx_word' id='word_1_565' title='bbox 1460 3941 1769 4012; x_wconf 89' lang='lat' dir='ltr'>Evangelio</span> <span class='ocrx_word' id='word_1_566' title='bbox 1802 3958 2057 4013; x_wconf 88' lang='lat' dir='ltr'>namque</span> 
     </span>
    </p>
   </div>
   <div class='ocr_carea' id='block_1_73' title="bbox 410 4029 2055 4100">
    <p class='ocr_par' dir='ltr' id='par_1_73' title="bbox 410 4029 2055 4100">
     <span class='ocr_line' id='line_1_73' title="bbox 410 4029 2055 4100; baseline 0.002 -16"><span class='ocrx_word' id='word_1_567' title='bbox 410 4035 525 4086; x_wconf 90' lang='lat' dir='ltr'>Deo</span> <span class='ocrx_word' id='word_1_568' title='bbox 555 4031 772 4085; x_wconf 90' lang='lat' dir='ltr'>servire</span> <span class='ocrx_word' id='word_1_569' title='bbox 803 4029 1002 4084; x_wconf 90' lang='lat' dir='ltr'>nullus</span> <span class='ocrx_word' id='word_1_570' title='bbox 1033 4033 1243 4100; x_wconf 85' lang='lat' dir='ltr'>potest.</span> <span class='ocrx_word' id='word_1_571' title='bbox 1265 4030 1379 4084; x_wconf 88' lang='lat' dir='ltr'>Cur</span> <span class='ocrx_word' id='word_1_572' title='bbox 1408 4035 1604 4085; x_wconf 89' lang='lat' dir='ltr'>autem</span> <span class='ocrx_word' id='word_1_573' title='bbox 1632 4031 1816 4086; x_wconf 91' lang='lat' dir='ltr'>Deum</span> <span class='ocrx_word' id='word_1_574' title='bbox 1846 4035 2055 4087; x_wconf 87' lang='lat' dir='ltr'>testem</span> 
     </span>
    </p>
   </div>
   <div class='ocr_carea' id='block_1_74' title="bbox 411 4119 2057 4190">
    <p class='ocr_par' dir='ltr' id='par_1_74' title="bbox 411 4119 2057 4190">
     <span class='ocr_line' id='line_1_74' title="bbox 411 4119 2057 4190; baseline 0.001 -16"><span class='ocrx_word' id='word_1_575' title='bbox 411 4119 717 4186; x_wconf 89' lang='lat' dir='ltr'>vocaverit,</span> <span class='ocrx_word' id='word_1_576' title='bbox 750 4119 1028 4188; x_wconf 87' lang='lat' dir='ltr'>ostendit,</span> <span class='ocrx_word' id='word_1_577' title='bbox 1060 4119 1424 4190; x_wconf 90' lang='lat' dir='ltr'>subjungens</span> <span class='ocrx_word' id='word_1_578' title='bbox 1458 4136 1470 4174; x_wconf 92' lang='lat'>:</span> <span class='ocrx_word' id='word_1_579' title='bbox 1524 4119 1678 4187; x_wconf 82' lang='lat' dir='ltr'>Quod</span> <span class='ocrx_word' id='word_1_580' title='bbox 1714 4122 1835 4175; x_wconf 86' lang='lat' dir='ltr'>sine</span> <span class='ocrx_word' id='word_1_581' title='bbox 1881 4123 2057 4176; x_wconf 84' lang='lat' dir='ltr'>inter-</span> 
     </span>
    </p>
   </div>
   <div class='ocr_carea' id='block_1_75' title="bbox 412 4209 2058 4280">
    <p class='ocr_par' dir='ltr' id='par_1_75' title="bbox 412 4209 2058 4280">
     <span class='ocr_line' id='line_1_75' title="bbox 412 4209 2058 4280; baseline 0.002 -18"><span class='ocrx_word' id='word_1_582' title='bbox 412 4209 673 4263; x_wconf 77' lang='lat' dir='ltr'>missione</span> <span class='ocrx_word' id='word_1_583' title='bbox 689 4209 1018 4262; x_wconf 83' lang='lat' dir='ltr'>memoriam</span> <span class='ocrx_word' id='word_1_584' title='bbox 1038 4210 1200 4263; x_wconf 86' lang='lat' dir='ltr'>vestri</span> <span class='ocrx_word' id='word_1_585' title='bbox 1217 4209 1362 4277; x_wconf 84' lang='lat' dir='ltr'>facio</span> <span class='ocrx_word' id='word_1_586' title='bbox 1386 4224 1598 4280; x_wconf 84' lang='lat' dir='ltr'>semper</span> <span class='ocrx_word' id='word_1_587' title='bbox 1626 4211 1687 4264; x_wconf 88' lang='lat' dir='ltr'>in</span> <span class='ocrx_word' id='word_1_588' title='bbox 1715 4211 2058 4265; x_wconf 79' lang='lat' dir='ltr'>orationibus</span> 
     </span>
    </p>
   </div>
   <div class='ocr_carea' id='block_1_76' title="bbox 411 4295 2060 4370">
    <p class='ocr_par' dir='ltr' id='par_1_76' title="bbox 411 4295 2060 4370">
     <span class='ocr_line' id='line_1_76' title="bbox 411 4295 2060 4370; baseline 0.001 -18"><span class='ocrx_word' id='word_1_589' title='bbox 411 4299 570 4367; x_wconf 85' lang='lat' dir='ltr'>meis,</span> <span class='ocrx_word' id='word_1_590' title='bbox 601 4301 658 4352; x_wconf 90' lang='lat' dir='ltr'>et</span> <span class='ocrx_word' id='word_1_591' title='bbox 687 4295 933 4368; x_wconf 88' lang='lat' dir='ltr'>reliqua.</span> <span class='ocrx_word' id='word_1_592' title='bbox 959 4296 1106 4360; x_wconf 89' lang='lat' dir='ltr'>Quid</span> <span class='ocrx_word' id='word_1_593' title='bbox 1139 4301 1248 4364; x_wconf 90' lang='lat' dir='ltr'>est,</span> <span class='ocrx_word' id='word_1_594' title='bbox 1271 4298 1426 4367; x_wconf 87' lang='lat' dir='ltr'>quod</span> <span class='ocrx_word' id='word_1_595' title='bbox 1457 4313 1520 4353; x_wconf 89' lang='lat' dir='ltr'>se</span> <span class='ocrx_word' id='word_1_596' title='bbox 1551 4297 1692 4352; x_wconf 91' lang='lat' dir='ltr'>dicit</span> <span class='ocrx_word' id='word_1_597' title='bbox 1721 4315 1971 4370; x_wconf 87' lang='lat' dir='ltr'>semper,</span> <span class='ocrx_word' id='word_1_598' title='bbox 2003 4303 2060 4353; x_wconf 88' lang='lat' dir='ltr'>et</span> 
     </span>
    </p>
   </div>
   <div class='ocr_carea' id='block_1_77' title="bbox 413 4385 2056 4453">
    <p class='ocr_par' dir='ltr' id='par_1_77' title="bbox 413 4385 2056 4453">
     <span class='ocr_line' id='line_1_77' title="bbox 413 4385 2056 4453; baseline 0.001 -12"><span class='ocrx_word' id='word_1_599' title='bbox 413 4385 539 4442; x_wconf 89' lang='lat' dir='ltr'>sine</span> <span class='ocrx_word' id='word_1_600' title='bbox 569 4385 1025 4453; x_wconf 89' lang='lat' dir='ltr'>intermissione,</span> <span class='ocrx_word' id='word_1_601' title='bbox 1055 4387 1398 4441; x_wconf 87' lang='lat' dir='ltr'>memoriam</span> <span class='ocrx_word' id='word_1_602' title='bbox 1439 4386 1628 4441; x_wconf 88' lang='lat' dir='ltr'>facere</span> <span class='ocrx_word' id='word_1_603' title='bbox 1659 4387 2056 4443; x_wconf 89' lang='lat' dir='ltr'>Romanorum</span> 
     </span>
    </p>
   </div>
   <div class='ocr_carea' id='block_1_78' title="bbox 413 4474 2060 4546">
    <p class='ocr_par' dir='ltr' id='par_1_78' title="bbox 413 4474 2060 4546">
     <span class='ocr_line' id='line_1_78' title="bbox 413 4474 2060 4546; baseline 0.001 -15"><span class='ocrx_word' id='word_1_604' title='bbox 413 4477 472 4532; x_wconf 90' lang='lat' dir='ltr'>in</span> <span class='ocrx_word' id='word_1_605' title='bbox 503 4475 866 4532; x_wconf 87' lang='lat' dir='ltr'>orationibus</span> <span class='ocrx_word' id='word_1_606' title='bbox 885 4474 1052 4532; x_wconf 85' lang='lat' dir='ltr'>suis?</span> <span class='ocrx_word' id='word_1_607' title='bbox 1082 4475 1360 4546; x_wconf 90' lang='lat' dir='ltr'>Nunquid</span> <span class='ocrx_word' id='word_1_608' title='bbox 1383 4491 1498 4530; x_wconf 89' lang='lat' dir='ltr'>non</span> <span class='ocrx_word' id='word_1_609' title='bbox 1521 4476 1934 4546; x_wconf 87' lang='lat' dir='ltr'>manducabat,</span> <span class='ocrx_word' id='word_1_610' title='bbox 1958 4480 2060 4532; x_wconf 89' lang='lat' dir='ltr'>aut</span> 
     </span>
    </p>
   </div>
   <div class='ocr_carea' id='block_1_79' title="bbox 415 4564 2058 4637">
    <p class='ocr_par' dir='ltr' id='par_1_79' title="bbox 415 4564 2058 4637">
     <span class='ocr_line' id='line_1_79' title="bbox 415 4564 2058 4637; baseline 0.001 -17"><span class='ocrx_word' id='word_1_611' title='bbox 415 4564 700 4620; x_wconf 82' lang='lat' dir='ltr'>bibebat?</span> <span class='ocrx_word' id='word_1_612' title='bbox 731 4565 814 4621; x_wconf 88' lang='lat' dir='ltr'>Ne</span> <span class='ocrx_word' id='word_1_613' title='bbox 851 4581 988 4637; x_wconf 89' lang='lat' dir='ltr'>ergo</span> <span class='ocrx_word' id='word_1_614' title='bbox 1019 4566 1378 4621; x_wconf 88' lang='lat' dir='ltr'>contrarium</span> <span class='ocrx_word' id='word_1_615' title='bbox 1412 4564 1697 4637; x_wconf 87' lang='lat' dir='ltr'>videatur,</span> <span class='ocrx_word' id='word_1_616' title='bbox 1729 4565 2058 4637; x_wconf 85' lang='lat' dir='ltr'>intelligen-</span> 
     </span>
    </p>
   </div>
   <div class='ocr_carea' id='block_1_80' title="bbox 2165 3408 3805 3482">
    <p class='ocr_par' dir='ltr' id='par_1_80' title="bbox 2165 3408 3805 3482">
     <span class='ocr_line' id='line_1_80' title="bbox 2165 3408 3805 3482; baseline 0 -18"><span class='ocrx_word' id='word_1_617' title='bbox 2165 3408 2509 3480; x_wconf 87' lang='lat' dir='ltr'>corrigenda</span> <span class='ocrx_word' id='word_1_618' title='bbox 2557 3413 2742 3475; x_wconf 90' lang='lat' dir='ltr'>erant,</span> <span class='ocrx_word' id='word_1_619' title='bbox 2779 3408 3010 3464; x_wconf 86' lang='lat' dir='ltr'>facilius</span> <span class='ocrx_word' id='word_1_620' title='bbox 3056 3409 3265 3482; x_wconf 86' lang='lat' dir='ltr'>corrigi</span> <span class='ocrx_word' id='word_1_621' title='bbox 3315 3419 3574 3481; x_wconf 87' lang='lat' dir='ltr'>possent.</span> <span class='ocrx_word' id='word_1_622' title='bbox 3609 3412 3671 3466; x_wconf 88' lang='lat' dir='ltr'>In</span> <span class='ocrx_word' id='word_1_623' title='bbox 3703 3425 3805 3482; x_wconf 88' lang='lat' dir='ltr'>quo</span> 
     </span>
    </p>
   </div>
   <div class='ocr_carea' id='block_1_81' title="bbox 2165 3497 3806 3570">
    <p class='ocr_par' dir='ltr' id='par_1_81' title="bbox 2165 3497 3806 3570">
     <span class='ocr_line' id='line_1_81' title="bbox 2165 3497 3806 3570; baseline 0 -18"><span class='ocrx_word' id='word_1_624' title='bbox 2165 3497 2315 3552; x_wconf 84' lang='lat' dir='ltr'>facto</span> <span class='ocrx_word' id='word_1_625' title='bbox 2363 3514 2470 3552; x_wconf 89' lang='lat' dir='ltr'>nos</span> <span class='ocrx_word' id='word_1_626' title='bbox 2519 3513 2850 3567; x_wconf 90' lang='lat' dir='ltr'>monemur,</span> <span class='ocrx_word' id='word_1_627' title='bbox 2883 3504 2949 3552; x_wconf 91' lang='lat' dir='ltr'>ut</span> <span class='ocrx_word' id='word_1_628' title='bbox 2997 3499 3225 3569; x_wconf 89' lang='lat' dir='ltr'>quoties</span> <span class='ocrx_word' id='word_1_629' title='bbox 3255 3499 3314 3554; x_wconf 91' lang='lat' dir='ltr'>in</span> <span class='ocrx_word' id='word_1_630' title='bbox 3347 3500 3616 3570; x_wconf 82' lang='lat' dir='ltr'>personis</span> <span class='ocrx_word' id='word_1_631' title='bbox 3647 3498 3806 3556; x_wconf 88' lang='lat' dir='ltr'>nobi-</span> 
     </span>
    </p>
   </div>
   <div class='ocr_carea' id='block_1_82' title="bbox 2164 3584 3800 3661">
    <p class='ocr_par' dir='ltr' id='par_1_82' title="bbox 2164 3584 3800 3661">
     <span class='ocr_line' id='line_1_82' title="bbox 2164 3584 3800 3661; baseline 0.002 -21"><span class='ocrx_word' id='word_1_632' title='bbox 2164 3586 2307 3640; x_wconf 90' lang='lat' dir='ltr'>lium</span> <span class='ocrx_word' id='word_1_633' title='bbox 2322 3584 2522 3656; x_wconf 89' lang='lat' dir='ltr'>aliqua</span> <span class='ocrx_word' id='word_1_634' title='bbox 2534 3585 3313 3659; x_wconf 87' lang='lat' dir='ltr'>reprehensibiliacorrigere</span> <span class='ocrx_word' id='word_1_635' title='bbox 3326 3588 3800 3661; x_wconf 84' lang='lat' dir='ltr'>volumus,prius,</span> 
     </span>
    </p>
   </div>
   <div class='ocr_carea' id='block_1_83' title="bbox 2166 3675 3805 3749">
    <p class='ocr_par' dir='ltr' id='par_1_83' title="bbox 2166 3675 3805 3749">
     <span class='ocr_line' id='line_1_83' title="bbox 2166 3675 3805 3749; baseline 0.001 -19"><span class='ocrx_word' id='word_1_636' title='bbox 2166 3675 2216 3730; x_wconf 90' lang='lat' dir='ltr'>si</span> <span class='ocrx_word' id='word_1_637' title='bbox 2247 3691 2365 3746; x_wconf 88' lang='lat' dir='ltr'>qua</span> <span class='ocrx_word' id='word_1_638' title='bbox 2387 3679 2527 3730; x_wconf 89' lang='lat' dir='ltr'>sunt</span> <span class='ocrx_word' id='word_1_639' title='bbox 2556 3675 2614 3729; x_wconf 88' lang='lat' dir='ltr'>in</span> <span class='ocrx_word' id='word_1_640' title='bbox 2645 3675 2761 3730; x_wconf 86' lang='lat' dir='ltr'>illis</span> <span class='ocrx_word' id='word_1_641' title='bbox 2792 3677 2963 3744; x_wconf 87' lang='lat' dir='ltr'>bona,</span> <span class='ocrx_word' id='word_1_642' title='bbox 2988 3675 3264 3733; x_wconf 88' lang='lat' dir='ltr'>laudibus</span> <span class='ocrx_word' id='word_1_643' title='bbox 3295 3678 3693 3749; x_wconf 65' lang='lat' dir='ltr'>praeferamus.</span> <span class='ocrx_word' id='word_1_644' title='bbox 3715 3677 3805 3732; x_wconf 60' lang='lat' dir='ltr'>Sed</span> 
     </span>
    </p>
   </div>
   <div class='ocr_carea' id='block_1_84' title="bbox 2166 3763 3804 3835">
    <p class='ocr_par' dir='ltr' id='par_1_84' title="bbox 2166 3763 3804 3835">
     <span class='ocr_line' id='line_1_84' title="bbox 2166 3763 3804 3835; baseline 0 -17"><span class='ocrx_word' id='word_1_645' title='bbox 2166 3764 2368 3835; x_wconf 89' lang='lat' dir='ltr'>quitur</span> <span class='ocrx_word' id='word_1_646' title='bbox 2393 3781 2406 3818; x_wconf 92' lang='lat'>:</span> <span class='ocrx_word' id='word_1_647' title='bbox 2438 3763 2497 3818; x_wconf 91' lang='lat' dir='ltr'>Id</span> <span class='ocrx_word' id='word_1_648' title='bbox 2524 3772 2624 3830; x_wconf 91' lang='lat' dir='ltr'>est,</span> <span class='ocrx_word' id='word_1_649' title='bbox 2654 3765 2825 3819; x_wconf 81' lang='lat' dir='ltr'>simul</span> <span class='ocrx_word' id='word_1_650' title='bbox 2853 3766 3128 3821; x_wconf 83' lang='lat' dir='ltr'>consolari</span> <span class='ocrx_word' id='word_1_651' title='bbox 3156 3769 3413 3823; x_wconf 78' lang='lat' dir='ltr'>in-vobis.</span> <span class='ocrx_word' id='word_1_652' title='bbox 3439 3765 3804 3824; x_wconf 81' lang='lat' dir='ltr'>Desiderabat</span> 
     </span>
    </p>
   </div>
   <div class='ocr_carea' id='block_1_85' title="bbox 2167 3852 3802 3924">
    <p class='ocr_par' dir='ltr' id='par_1_85' title="bbox 2167 3852 3802 3924">
     <span class='ocr_line' id='line_1_85' title="bbox 2167 3852 3802 3924; baseline 0.002 -18"><span class='ocrx_word' id='word_1_653' title='bbox 2167 3852 2370 3923; x_wconf 89' lang='lat' dir='ltr'>utique</span> <span class='ocrx_word' id='word_1_654' title='bbox 2389 3852 2705 3924; x_wconf 89' lang='lat' dir='ltr'>Apostolus</span> <span class='ocrx_word' id='word_1_655' title='bbox 2727 3869 2788 3908; x_wconf 91' lang='lat' dir='ltr'>se</span> <span class='ocrx_word' id='word_1_656' title='bbox 2810 3854 3099 3910; x_wconf 89' lang='lat' dir='ltr'>consolari</span> <span class='ocrx_word' id='word_1_657' title='bbox 3121 3855 3180 3909; x_wconf 90' lang='lat' dir='ltr'>in</span> <span class='ocrx_word' id='word_1_658' title='bbox 3205 3855 3507 3922; x_wconf 84' lang='lat' dir='ltr'>Romanis,</span> <span class='ocrx_word' id='word_1_659' title='bbox 3529 3859 3588 3912; x_wconf 91' lang='lat' dir='ltr'>et</span> <span class='ocrx_word' id='word_1_660' title='bbox 3611 3856 3802 3912; x_wconf 84' lang='lat' dir='ltr'>Roma-</span> 
     </span>
    </p>
   </div>
   <div class='ocr_carea' id='block_1_86' title="bbox 2166 3941 3810 4016">
    <p class='ocr_par' dir='ltr' id='par_1_86' title="bbox 2166 3941 3810 4016">
     <span class='ocr_line' id='line_1_86' title="bbox 2166 3941 3810 4016; baseline 0 -21"><span class='ocrx_word' id='word_1_661' title='bbox 2166 3958 2274 3996; x_wconf 88' lang='lat' dir='ltr'>nos</span> <span class='ocrx_word' id='word_1_662' title='bbox 2325 3941 2384 3996; x_wconf 91' lang='lat' dir='ltr'>in</span> <span class='ocrx_word' id='word_1_663' title='bbox 2435 3957 2516 4007; x_wconf 88' lang='lat' dir='ltr'>se,</span> <span class='ocrx_word' id='word_1_664' title='bbox 2549 3946 2606 3996; x_wconf 91' lang='lat' dir='ltr'>et</span> <span class='ocrx_word' id='word_1_665' title='bbox 2654 3958 2769 3997; x_wconf 90' lang='lat' dir='ltr'>non</span> <span class='ocrx_word' id='word_1_666' title='bbox 2820 3959 2889 3997; x_wconf 83' lang='lat' dir='ltr'>ex</span> <span class='ocrx_word' id='word_1_667' title='bbox 2938 3959 3057 3998; x_wconf 89' lang='lat' dir='ltr'>una</span> <span class='ocrx_word' id='word_1_668' title='bbox 3097 3948 3327 3999; x_wconf 84' lang='lat' dir='ltr'>tantum</span> <span class='ocrx_word' id='word_1_669' title='bbox 3370 3948 3554 4016; x_wconf 86' lang='lat' dir='ltr'>parte,</span> <span class='ocrx_word' id='word_1_670' title='bbox 3588 3944 3686 4000; x_wconf 86' lang='lat' dir='ltr'>sed</span> <span class='ocrx_word' id='word_1_671' title='bbox 3719 3955 3810 4015; x_wconf 84' lang='lat' dir='ltr'>per</span> 
     </span>
    </p>
   </div>
   <div class='ocr_carea' id='block_1_87' title="bbox 2165 4030 3800 4102">
    <p class='ocr_par' dir='ltr' id='par_1_87' title="bbox 2165 4030 3800 4102">
     <span class='ocr_line' id='line_1_87' title="bbox 2165 4030 3800 4102; baseline 0.001 -18"><span class='ocrx_word' id='word_1_672' title='bbox 2165 4046 2542 4086; x_wconf 89' lang='lat' dir='ltr'>communem</span> <span class='ocrx_word' id='word_1_673' title='bbox 2575 4030 2773 4101; x_wconf 84' lang='lat' dir='ltr'>ﬁdem,</span> <span class='ocrx_word' id='word_1_674' title='bbox 2807 4035 2864 4085; x_wconf 89' lang='lat' dir='ltr'>et</span> <span class='ocrx_word' id='word_1_675' title='bbox 2911 4031 3098 4086; x_wconf 87' lang='lat' dir='ltr'>sancti</span> <span class='ocrx_word' id='word_1_676' title='bbox 3138 4031 3390 4102; x_wconf 90' lang='lat' dir='ltr'>Spiritus</span> <span class='ocrx_word' id='word_1_677' title='bbox 3430 4031 3800 4088; x_wconf 86' lang='lat' dir='ltr'>illuminatio-</span> 
     </span>
    </p>
   </div>
   <div class='ocr_carea' id='block_1_88' title="bbox 2166 4118 3804 4193">
    <p class='ocr_par' dir='ltr' id='par_1_88' title="bbox 2166 4118 3804 4193">
     <span class='ocr_line' id='line_1_88' title="bbox 2166 4118 3804 4193; baseline 0.002 -21"><span class='ocrx_word' id='word_1_678' title='bbox 2166 4135 2298 4173; x_wconf 85' lang='lat' dir='ltr'>nem</span> <span class='ocrx_word' id='word_1_679' title='bbox 2333 4135 2345 4173; x_wconf 95' lang='lat'>:</span> <span class='ocrx_word' id='word_1_680' title='bbox 2393 4118 2549 4173; x_wconf 90' lang='lat' dir='ltr'>unde</span> <span class='ocrx_word' id='word_1_681' title='bbox 2579 4134 2713 4174; x_wconf 85' lang='lat' dir='ltr'>mox</span> <span class='ocrx_word' id='word_1_682' title='bbox 2750 4118 3025 4174; x_wconf 88' lang='lat' dir='ltr'>subditur</span> <span class='ocrx_word' id='word_1_683' title='bbox 3058 4138 3070 4175; x_wconf 93' lang='lat'>:</span> <span class='ocrx_word' id='word_1_684' title='bbox 3122 4125 3231 4175; x_wconf 83' lang='lat' dir='ltr'>Per</span> <span class='ocrx_word' id='word_1_685' title='bbox 3257 4137 3398 4191; x_wconf 90' lang='lat' dir='ltr'>eam,</span> <span class='ocrx_word' id='word_1_686' title='bbox 3433 4137 3553 4193; x_wconf 65' lang='lat' dir='ltr'>quas</span> <span class='ocrx_word' id='word_1_687' title='bbox 3586 4122 3804 4178; x_wconf 78' lang='lat' dir='ltr'>invicem</span> 
     </span>
    </p>
   </div>
   <div class='ocr_carea' id='block_1_89' title="bbox 2165 4207 3802 4282">
    <p class='ocr_par' dir='ltr' id='par_1_89' title="bbox 2165 4207 3802 4282">
     <span class='ocr_line' id='line_1_89' title="bbox 2165 4207 3802 4282; baseline 0.001 -20"><span class='ocrx_word' id='word_1_688' title='bbox 2165 4210 2264 4276; x_wconf 89' lang='lat' dir='ltr'>est,</span> <span class='ocrx_word' id='word_1_689' title='bbox 2295 4207 2425 4278; x_wconf 81' lang='lat' dir='ltr'>ﬁdes</span> <span class='ocrx_word' id='word_1_690' title='bbox 2455 4215 2650 4277; x_wconf 85' lang='lat' dir='ltr'>vestra,</span> <span class='ocrx_word' id='word_1_691' title='bbox 2683 4212 2849 4280; x_wconf 78' lang='lat' dir='ltr'>atque</span> <span class='ocrx_word' id='word_1_692' title='bbox 2876 4223 2996 4263; x_wconf 89' lang='lat' dir='ltr'>mea</span> <span class='ocrx_word' id='word_1_693' title='bbox 3019 4209 3154 4280; x_wconf 77' lang='lat'>(82).</span> <span class='ocrx_word' id='word_1_694' title='bbox 3188 4210 3354 4268; x_wconf 91' lang='lat' dir='ltr'>Tunc</span> <span class='ocrx_word' id='word_1_695' title='bbox 3381 4210 3539 4266; x_wconf 88' lang='lat' dir='ltr'>enim</span> <span class='ocrx_word' id='word_1_696' title='bbox 3571 4212 3802 4282; x_wconf 80' lang='lat' dir='ltr'>Aposto-</span> 
     </span>
    </p>
   </div>
   <div class='ocr_carea' id='block_1_90' title="bbox 2167 4295 3803 4370">
    <p class='ocr_par' dir='ltr' id='par_1_90' title="bbox 2167 4295 3803 4370">
     <span class='ocr_line' id='line_1_90' title="bbox 2167 4295 3803 4370; baseline 0.001 -21"><span class='ocrx_word' id='word_1_697' title='bbox 2167 4295 2260 4350; x_wconf 88' lang='lat' dir='ltr'>lus</span> <span class='ocrx_word' id='word_1_698' title='bbox 2303 4296 2361 4350; x_wconf 91' lang='lat' dir='ltr'>in</span> <span class='ocrx_word' id='word_1_699' title='bbox 2395 4295 2672 4351; x_wconf 83' lang='lat' dir='ltr'>Romanis</span> <span class='ocrx_word' id='word_1_700' title='bbox 2703 4296 3119 4366; x_wconf 87' lang='lat' dir='ltr'>consolaretur,</span> <span class='ocrx_word' id='word_1_701' title='bbox 3153 4298 3203 4354; x_wconf 89' lang='lat' dir='ltr'>si</span> <span class='ocrx_word' id='word_1_702' title='bbox 3234 4298 3664 4370; x_wconf 60' lang='lat' dir='ltr'>praedicationis</span> <span class='ocrx_word' id='word_1_703' title='bbox 3692 4307 3803 4353; x_wconf 60' lang='lat' dir='ltr'>sua</span> 
     </span>
    </p>
   </div>
   <div class='ocr_carea' id='block_1_91' title="bbox 2167 4384 3801 4461">
    <p class='ocr_par' dir='ltr' id='par_1_91' title="bbox 2167 4384 3801 4461">
     <span class='ocr_line' id='line_1_91' title="bbox 2167 4384 3801 4461; baseline -0.001 -20"><span class='ocrx_word' id='word_1_704' title='bbox 2167 4384 2426 4441; x_wconf 84' lang='lat' dir='ltr'>ofﬁcium</span> <span class='ocrx_word' id='word_1_705' title='bbox 2455 4385 2516 4440; x_wconf 89' lang='lat' dir='ltr'>in</span> <span class='ocrx_word' id='word_1_706' title='bbox 2547 4385 2634 4441; x_wconf 90' lang='lat' dir='ltr'>eis</span> <span class='ocrx_word' id='word_1_707' title='bbox 2661 4391 2921 4443; x_wconf 79' lang='lat' dir='ltr'>cerneret</span> <span class='ocrx_word' id='word_1_708' title='bbox 2949 4387 3288 4454; x_wconf 76' lang='lat' dir='ltr'>solidatam,</span> <span class='ocrx_word' id='word_1_709' title='bbox 3321 4393 3378 4443; x_wconf 88' lang='lat' dir='ltr'>et</span> <span class='ocrx_word' id='word_1_710' title='bbox 3413 4389 3530 4461; x_wconf 90' lang='lat' dir='ltr'>ipsi</span> <span class='ocrx_word' id='word_1_711' title='bbox 3576 4389 3634 4444; x_wconf 90' lang='lat' dir='ltr'>in</span> <span class='ocrx_word' id='word_1_712' title='bbox 3661 4389 3801 4459; x_wconf 83' lang='lat' dir='ltr'>Apo-</span> 
     </span>
    </p>
   </div>
   <div class='ocr_carea' id='block_1_92' title="bbox 2169 4471 3801 4550">
    <p class='ocr_par' dir='ltr' id='par_1_92' title="bbox 2169 4471 3801 4550">
     <span class='ocr_line' id='line_1_92' title="bbox 2169 4471 3801 4550; baseline -0.001 -21"><span class='ocrx_word' id='word_1_713' title='bbox 2169 4473 2339 4543; x_wconf 84' lang='lat' dir='ltr'>stolo,</span> <span class='ocrx_word' id='word_1_714' title='bbox 2364 4474 2413 4531; x_wconf 90' lang='lat' dir='ltr'>si</span> <span class='ocrx_word' id='word_1_715' title='bbox 2435 4490 2499 4530; x_wconf 89' lang='lat' dir='ltr'>se</span> <span class='ocrx_word' id='word_1_716' title='bbox 2517 4475 2780 4546; x_wconf 90' lang='lat' dir='ltr'>ejusdem</span> <span class='ocrx_word' id='word_1_717' title='bbox 2803 4476 3187 4548; x_wconf 85' lang='lat' dir='ltr'>apostolatus,</span> <span class='ocrx_word' id='word_1_718' title='bbox 3207 4481 3264 4532; x_wconf 86' lang='lat' dir='ltr'>et</span> <span class='ocrx_word' id='word_1_719' title='bbox 3281 4477 3590 4550; x_wconf 88' lang='lat' dir='ltr'>dignitatis</span> <span class='ocrx_word' id='word_1_720' title='bbox 3609 4471 3801 4533; x_wconf 86' lang='lat' dir='ltr'>intelli-</span> 
     </span>
    </p>
   </div>
   <div class='ocr_carea' id='block_1_93' title="bbox 2166 4562 3803 4638">
    <p class='ocr_par' dir='ltr' id='par_1_93' title="bbox 2166 4562 3803 4638">
     <span class='ocr_line' id='line_1_93' title="bbox 2166 4562 3803 4638; baseline -0.001 -20"><span class='ocrx_word' id='word_1_721' title='bbox 2166 4568 2369 4636; x_wconf 87' lang='lat' dir='ltr'>gerent</span> <span class='ocrx_word' id='word_1_722' title='bbox 2418 4565 2537 4619; x_wconf 89' lang='lat' dir='ltr'>fore</span> <span class='ocrx_word' id='word_1_723' title='bbox 2585 4565 2898 4637; x_wconf 83' lang='lat' dir='ltr'>participes</span> <span class='ocrx_word' id='word_1_724' title='bbox 2947 4566 3081 4637; x_wconf 91' lang='lat'>(83).</span> <span class='ocrx_word' id='word_1_725' title='bbox 3142 4567 3255 4638; x_wconf 80' lang='grc'>(84)</span> <span class='ocrx_word' id='word_1_726' title='bbox 3310 4567 3632 4638; x_wconf 87' lang='lat' dir='ltr'>Sequitur:</span> <span class='ocrx_word' id='word_1_727' title='bbox 3683 4562 3803 4621; x_wconf 79' lang='lat' dir='ltr'>Nolo</span> 
     </span>
    </p>
   </div>
   <div class='ocr_carea' id='block_1_94' title="bbox 414 4654 3803 4741">
    <p class='ocr_par' dir='ltr' id='par_1_94' title="bbox 414 4654 3803 4741">
     <span class='ocr_line' id='line_1_94' title="bbox 414 4654 3803 4741; baseline -0.001 -33"><span class='ocrx_word' id='word_1_728' title='bbox 414 4654 554 4708; x_wconf 90' lang='lat' dir='ltr'>dum</span> <span class='ocrx_word' id='word_1_729' title='bbox 589 4657 696 4718; x_wconf 86' lang='lat' dir='ltr'>est,</span> <span class='ocrx_word' id='word_1_730' title='bbox 731 4654 870 4725; x_wconf 88' lang='lat' dir='ltr'>quia</span> <span class='ocrx_word' id='word_1_731' title='bbox 900 4655 1025 4710; x_wconf 88' lang='lat' dir='ltr'>sine</span> <span class='ocrx_word' id='word_1_732' title='bbox 1054 4654 1681 4722; x_wconf 86' lang='lat' dir='ltr'>intermissionedicit,</span> <span class='ocrx_word' id='word_1_733' title='bbox 1704 4654 1762 4709; x_wconf 91' lang='lat' dir='ltr'>id</span> <span class='ocrx_word' id='word_1_734' title='bbox 1794 4659 1903 4726; x_wconf 85' lang='lat' dir='ltr'>est,</span> <span class='ocrx_word' id='word_1_735' title='bbox 1932 4655 2059 4711; x_wconf 90' lang='lat' dir='ltr'>sine</span> <span class='ocrx_word' id='word_1_736' title='bbox 2091 4677 2137 4741; x_wconf 84' lang='lat' dir='ltr'>D</span> <span class='ocrx_word' id='word_1_737' title='bbox 2168 4657 2352 4708; x_wconf 87' lang='lat' dir='ltr'>autem</span> <span class='ocrx_word' id='word_1_738' title='bbox 2391 4669 2486 4709; x_wconf 82' lang='lat' dir='ltr'>vos</span> <span class='ocrx_word' id='word_1_739' title='bbox 2527 4654 2804 4723; x_wconf 79' lang='lat' dir='ltr'>ignorare,</span> <span class='ocrx_word' id='word_1_740' title='bbox 2835 4657 3056 4725; x_wconf 80' lang='lat' dir='ltr'>fratres,</span> <span class='ocrx_word' id='word_1_741' title='bbox 3090 4657 3223 4727; x_wconf 85' lang='lat' dir='ltr'>quia</span> <span class='ocrx_word' id='word_1_742' title='bbox 3249 4672 3388 4727; x_wconf 76' lang='lat' dir='ltr'>saepe</span> <span class='ocrx_word' id='word_1_743' title='bbox 3430 4655 3691 4729; x_wconf 81' lang='lat' dir='ltr'>proposui</span> <span class='ocrx_word' id='word_1_744' title='bbox 3717 4665 3803 4707; x_wconf 82' lang='lat' dir='ltr'>ve-</span> 
     </span>
    </p>
   </div>
   <div class='ocr_carea' id='block_1_95' title="bbox 415 4742 2059 4814">
    <p class='ocr_par' dir='ltr' id='par_1_95' title="bbox 415 4742 2059 4814">
     <span class='ocr_line' id='line_1_95' title="bbox 415 4742 2059 4814; baseline 0.001 -18"><span class='ocrx_word' id='word_1_745' title='bbox 415 4743 592 4797; x_wconf 90' lang='lat' dir='ltr'>ullius</span> <span class='ocrx_word' id='word_1_746' title='bbox 614 4742 726 4798; x_wconf 85' lang='lat' dir='ltr'>diei</span> <span class='ocrx_word' id='word_1_747' title='bbox 751 4742 1085 4799; x_wconf 87' lang='lat' dir='ltr'>intervallo:</span> <span class='ocrx_word' id='word_1_748' title='bbox 1111 4742 1311 4798; x_wconf 91' lang='lat' dir='ltr'>nullus</span> <span class='ocrx_word' id='word_1_749' title='bbox 1333 4743 1549 4814; x_wconf 90' lang='lat' dir='ltr'>quippe</span> <span class='ocrx_word' id='word_1_750' title='bbox 1565 4743 1690 4799; x_wconf 88' lang='lat' dir='ltr'>dies</span> <span class='ocrx_word' id='word_1_751' title='bbox 1713 4745 2059 4814; x_wconf 73' lang='lat' dir='ltr'>praeteribat,</span> 
     </span>
    </p>
   </div>
   <div class='ocr_carea' id='block_1_96' title="bbox 416 4831 2066 4904">
    <p class='ocr_par' dir='ltr' id='par_1_96' title="bbox 416 4831 2066 4904">
     <span class='ocr_line' id='line_1_96' title="bbox 416 4831 2066 4904; baseline 0.002 -18"><span class='ocrx_word' id='word_1_752' title='bbox 416 4848 531 4903; x_wconf 92' lang='lat' dir='ltr'>quo</span> <span class='ocrx_word' id='word_1_753' title='bbox 546 4831 860 4904; x_wconf 86' lang='lat' dir='ltr'>Apostolus</span> <span class='ocrx_word' id='word_1_754' title='bbox 882 4849 985 4903; x_wconf 91' lang='lat' dir='ltr'>pro</span> <span class='ocrx_word' id='word_1_755' title='bbox 999 4831 1281 4886; x_wconf 87' lang='lat' dir='ltr'>Romanis</span> <span class='ocrx_word' id='word_1_756' title='bbox 1294 4831 1411 4886; x_wconf 91' lang='lat' dir='ltr'>Deo</span> <span class='ocrx_word' id='word_1_757' title='bbox 1427 4831 1709 4902; x_wconf 88' lang='lat' dir='ltr'>speciales</span> <span class='ocrx_word' id='word_1_758' title='bbox 1726 4849 1928 4903; x_wconf 88' lang='lat' dir='ltr'>preces</span> <span class='ocrx_word' id='word_1_759' title='bbox 1947 4850 2066 4890; x_wconf 88' lang='lat' dir='ltr'>non</span> 
     </span>
    </p>
   </div>
   <div class='ocr_carea' id='block_1_97' title="bbox 487 5008 2067 5082">
    <p class='ocr_par' dir='ltr' id='par_1_97' title="bbox 487 5008 2067 5082">
     <span class='ocr_line' id='line_1_97' title="bbox 487 5008 2067 5082; baseline 0.003 -18"><span class='ocrx_word' id='word_1_760' title='bbox 487 5011 599 5081; x_wconf 90' lang='lat'>(80)</span> <span class='ocrx_word' id='word_1_761' title='bbox 633 5013 1220 5082; x_wconf 76' lang='lat' dir='ltr'>Prosperitatem__esse</span> <span class='ocrx_word' id='word_1_762' title='bbox 1265 5008 1388 5082; x_wconf 75' lang='lat' dir='ltr'>sine</span> <span class='ocrx_word' id='word_1_763' title='bbox 1434 5008 1717 5082; x_wconf 73' lang='lat' dir='ltr'>voluntate</span> <span class='ocrx_word' id='word_1_764' title='bbox 1753 5011 1848 5065; x_wconf 90' lang='lat' dir='ltr'>Dei</span> <span class='ocrx_word' id='word_1_765' title='bbox 1882 5028 1894 5065; x_wconf 94' lang='lat'>:</span> <span class='ocrx_word' id='word_1_766' title='bbox 1949 5029 2067 5069; x_wconf 89' lang='lat' dir='ltr'>non</span> 
     </span>
    </p>
   </div>
   <div class='ocr_carea' id='block_1_98' title="bbox 415 5079 2068 5156">
    <p class='ocr_par' dir='ltr' id='par_1_98' title="bbox 415 5079 2068 5156">
     <span class='ocr_line' id='line_1_98' title="bbox 415 5079 2068 5156; baseline 0.002 -20"><span class='ocrx_word' id='word_1_767' title='bbox 415 5079 502 5136; x_wconf 86' lang='lat' dir='ltr'>ibi</span> <span class='ocrx_word' id='word_1_768' title='bbox 546 5079 990 5156; x_wconf 82' lang='lat' dir='ltr'>intelligendum</span> <span class='ocrx_word' id='word_1_769' title='bbox 1041 5079 1300 5156; x_wconf 73' lang='lat' dir='ltr'>aliquam</span> <span class='ocrx_word' id='word_1_770' title='bbox 1357 5079 1698 5156; x_wconf 85' lang='lat' dir='ltr'>hominibus</span> <span class='ocrx_word' id='word_1_771' title='bbox 1737 5085 2068 5156; x_wconf 81' lang='lat' dir='ltr'>contingere</span> 
     </span>
    </p>
   </div>
   <div class='ocr_carea' id='block_1_99' title="bbox 417 5151 2066 5232">
    <p class='ocr_par' dir='ltr' id='par_1_99' title="bbox 417 5151 2066 5232">
     <span class='ocr_line' id='line_1_99' title="bbox 417 5151 2066 5232; baseline 0.002 -27"><span class='ocrx_word' id='word_1_772' title='bbox 417 5151 864 5232; x_wconf 75' lang='lat' dir='ltr'>prosperitatem</span> <span class='ocrx_word' id='word_1_773' title='bbox 896 5151 1128 5232; x_wconf 85' lang='lat' dir='ltr'>nolente</span> <span class='ocrx_word' id='word_1_774' title='bbox 1159 5151 1275 5232; x_wconf 73' lang='lat' dir='ltr'>Deo</span> <span class='ocrx_word' id='word_1_775' title='bbox 1308 5167 1319 5204; x_wconf 95' lang='lat'>:</span> <span class='ocrx_word' id='word_1_776' title='bbox 1357 5167 1546 5232; x_wconf 83' lang='lat' dir='ltr'>neque</span> <span class='ocrx_word' id='word_1_777' title='bbox 1576 5151 2066 5232; x_wconf 64' lang='lat' dir='ltr'>eniin_ita_eloqui</span> 
     </span>
    </p>
   </div>
   <div class='ocr_carea' id='block_1_100' title="bbox 459 5222 2068 5292">
    <p class='ocr_par' dir='ltr' id='par_1_100' title="bbox 459 5222 2068 5292">
     <span class='ocr_line' id='line_1_100' title="bbox 459 5222 2068 5292; baseline 0.003 -16"><span class='ocrx_word' id='word_1_778' title='bbox 459 5222 609 5277; x_wconf 89' lang='lat' dir='ltr'>otuit</span> <span class='ocrx_word' id='word_1_779' title='bbox 638 5228 841 5277; x_wconf 87' lang='lat' dir='ltr'>auctor</span> <span class='ocrx_word' id='word_1_780' title='bbox 871 5228 1088 5286; x_wconf 89' lang='lat' dir='ltr'>noster,</span> <span class='ocrx_word' id='word_1_781' title='bbox 1121 5222 1220 5291; x_wconf 90' lang='lat' dir='ltr'>qui</span> <span class='ocrx_word' id='word_1_782' title='bbox 1254 5222 1363 5276; x_wconf 91' lang='lat' dir='ltr'>hac</span> <span class='ocrx_word' id='word_1_783' title='bbox 1394 5223 1643 5292; x_wconf 88' lang='lat' dir='ltr'>epistola</span> <span class='ocrx_word' id='word_1_784' title='bbox 1672 5223 1824 5277; x_wconf 90' lang='lat' dir='ltr'>infra</span> <span class='ocrx_word' id='word_1_785' title='bbox 1854 5222 2005 5280; x_wconf 82' lang='lat' dir='ltr'>bona</span> <span class='ocrx_word' id='word_1_786' title='bbox 2035 5245 2068 5281; x_wconf 90' lang='lat' dir='ltr'>a</span> 
     </span>
    </p>
   </div>
   <div class='ocr_carea' id='block_1_101' title="bbox 416 5241 2064 5366">
    <p class='ocr_par' dir='ltr' id='par_1_101' title="bbox 416 5241 2064 5366">
     <span class='ocr_line' id='line_1_101' title="bbox 459 5241 2064 5292; baseline 0.003 -16"><span class='ocrx_word' id='word_1_787' title='bbox 459 5241 609 5277; x_wconf 68' lang='lat' dir='ltr'>OLUIB</span> <span class='ocrx_word' id='word_1_788' title='bbox 638 5241 841 5277; x_wconf 64' lang='lat'>81101.0?</span> <span class='ocrx_word' id='word_1_789' title='bbox 871 5241 1088 5286; x_wconf 68' lang='lat' dir='ltr'>DOSEBI&#39;,</span> <span class='ocrx_word' id='word_1_790' title='bbox 1121 5241 1220 5291; x_wconf 84' lang='lat' dir='ltr'>qm</span> <span class='ocrx_word' id='word_1_791' title='bbox 1254 5241 1363 5276; x_wconf 88' lang='lat' dir='ltr'>nac</span> <span class='ocrx_word' id='word_1_792' title='bbox 1394 5241 1643 5292; x_wconf 71' lang='grc' dir='ltr'>ρριειοιτι</span> <span class='ocrx_word' id='word_1_793' title='bbox 1672 5241 1824 5277; x_wconf 80' lang='lat' dir='ltr'>mira</span> <span class='ocrx_word' id='word_1_794' title='bbox 1854 5241 2005 5280; x_wconf 83' lang='lat' dir='ltr'>nona</span> <span class='ocrx_word' id='word_1_795' title='bbox 2035 5245 2064 5281; x_wconf 80' lang='lat'><strong>8</strong></span> 
     </span>
     <span class='ocr_line' id='line_1_102' title="bbox 416 5241 2064 5366; baseline 0.001 -16"><span class='ocrx_word' id='word_1_796' title='bbox 416 5241 533 5350; x_wconf 71' lang='lat' dir='ltr'>Beo</span> <span class='ocrx_word' id='word_1_797' title='bbox 562 5293 734 5348; x_wconf 89' lang='lat' dir='ltr'>malis</span> <span class='ocrx_word' id='word_1_798' title='bbox 766 5293 1108 5349; x_wconf 90' lang='lat' dir='ltr'>hominibus</span> <span class='ocrx_word' id='word_1_799' title='bbox 1134 5293 1281 5366; x_wconf 81' lang='lat' dir='ltr'>dari,</span> <span class='ocrx_word' id='word_1_800' title='bbox 1305 5293 1487 5348; x_wconf 87' lang='lat' dir='ltr'>cibum</span> <span class='ocrx_word' id='word_1_801' title='bbox 1521 5293 1762 5366; x_wconf 88' lang='lat' dir='ltr'>scilicet,</span> <span class='ocrx_word' id='word_1_802' title='bbox 1789 5297 2064 5366; x_wconf 57' lang='lat' dir='ltr'>(militiam,</span> 
     </span>
    </p>
   </div>
   <div class='ocr_carea' id='block_1_102' title="bbox 416 5364 2068 5440">
    <p class='ocr_par' dir='ltr' id='par_1_102' title="bbox 416 5364 2068 5440">
     <span class='ocr_line' id='line_1_103' title="bbox 416 5364 2068 5440; baseline 0.003 -20"><span class='ocrx_word' id='word_1_803' title='bbox 416 5369 685 5440; x_wconf 78' lang='lat' dir='ltr'>tempore</span> <span class='ocrx_word' id='word_1_804' title='bbox 707 5381 932 5440; x_wconf 86' lang='lat' dir='ltr'>serena,</span> <span class='ocrx_word' id='word_1_805' title='bbox 955 5368 1011 5418; x_wconf 90' lang='lat' dir='ltr'>et</span> <span class='ocrx_word' id='word_1_806' title='bbox 1038 5364 1336 5420; x_wconf 86' lang='lat' dir='ltr'>fructifera</span> <span class='ocrx_word' id='word_1_807' title='bbox 1367 5365 1575 5440; x_wconf 86' lang='lat' dir='ltr'>asserit</span> <span class='ocrx_word' id='word_1_808' title='bbox 1598 5381 1617 5440; x_wconf 88' lang='lat'>:_</span> <span class='ocrx_word' id='word_1_809' title='bbox 1634 5368 1744 5440; x_wconf 82' lang='lat' dir='ltr'>sed</span> <span class='ocrx_word' id='word_1_810' title='bbox 1776 5364 2068 5440; x_wconf 54' lang='lat' dir='ltr'>tempora?</span> 
     </span>
    </p>
   </div>
   <div class='ocr_carea' id='block_1_103' title="bbox 422 5436 2066 5509">
    <p class='ocr_par' dir='ltr' id='par_1_103' title="bbox 422 5436 2066 5509">
     <span class='ocr_line' id='line_1_104' title="bbox 422 5436 2066 5509; baseline 0.003 -19"><span class='ocrx_word' id='word_1_811' title='bbox 422 5437 536 5492; x_wconf 91' lang='lat' dir='ltr'>lem</span> <span class='ocrx_word' id='word_1_812' title='bbox 563 5436 1169 5509; x_wconf 73' lang='lat' dir='ltr'>prpsperitatem.eam</span> <span class='ocrx_word' id='word_1_813' title='bbox 1193 5453 1306 5492; x_wconf 89' lang='lat' dir='ltr'>non</span> <span class='ocrx_word' id='word_1_814' title='bbox 1329 5453 1458 5492; x_wconf 88' lang='lat' dir='ltr'>esse</span> <span class='ocrx_word' id='word_1_815' title='bbox 1481 5436 1926 5509; x_wconf 82' lang='lat' dir='ltr'>intelligendum</span> <span class='ocrx_word' id='word_1_816' title='bbox 1957 5447 2066 5508; x_wconf 89' lang='lat' dir='ltr'>est,</span> 
     </span>
    </p>
   </div>
   <div class='ocr_carea' id='block_1_104' title="bbox 417 5506 2067 5582">
    <p class='ocr_par' dir='ltr' id='par_1_104' title="bbox 417 5506 2067 5582">
     <span class='ocr_line' id='line_1_105' title="bbox 417 5506 2067 5582; baseline 0.003 -21"><span class='ocrx_word' id='word_1_817' title='bbox 417 5524 596 5579; x_wconf 90' lang='lat' dir='ltr'>quam</span> <span class='ocrx_word' id='word_1_818' title='bbox 619 5506 773 5582; x_wconf 79' lang='lat' dir='ltr'>Deus</span> <span class='ocrx_word' id='word_1_819' title='bbox 801 5506 924 5582; x_wconf 77' lang='lat' dir='ltr'>vult</span> <span class='ocrx_word' id='word_1_820' title='bbox 953 5523 1060 5582; x_wconf 90' lang='lat' dir='ltr'>nos</span> <span class='ocrx_word' id='word_1_821' title='bbox 1086 5509 1514 5579; x_wconf 88' lang='lat' dir='ltr'>concupiscere,</span> <span class='ocrx_word' id='word_1_822' title='bbox 1537 5514 1594 5582; x_wconf 80' lang='lat' dir='ltr'>et</span> <span class='ocrx_word' id='word_1_823' title='bbox 1619 5506 1859 5582; x_wconf 72' lang='lat' dir='ltr'>propter</span> <span class='ocrx_word' id='word_1_824' title='bbox 1889 5506 2067 5582; x_wconf 84' lang='lat' dir='ltr'>quam</span> 
     </span>
    </p>
   </div>
   <div class='ocr_carea' id='block_1_105' title="bbox 415 5579 2065 5650">
    <p class='ocr_par' dir='ltr' id='par_1_105' title="bbox 415 5579 2065 5650">
     <span class='ocr_line' id='line_1_106' title="bbox 415 5579 2065 5650; baseline 0.002 -16"><span class='ocrx_word' id='word_1_825' title='bbox 415 5595 524 5634; x_wconf 87' lang='lat' dir='ltr'>nos</span> <span class='ocrx_word' id='word_1_826' title='bbox 554 5579 786 5646; x_wconf 85' lang='lat' dir='ltr'>creavit,</span> <span class='ocrx_word' id='word_1_827' title='bbox 813 5579 912 5634; x_wconf 89' lang='lat' dir='ltr'>sed</span> <span class='ocrx_word' id='word_1_828' title='bbox 945 5581 1140 5650; x_wconf 83' lang='lat' dir='ltr'>potius</span> <span class='ocrx_word' id='word_1_829' title='bbox 1170 5584 1448 5635; x_wconf 77' lang='lat' dir='ltr'>aeternam</span> <span class='ocrx_word' id='word_1_830' title='bbox 1479 5579 1812 5636; x_wconf 79' lang='lat' dir='ltr'>felicitatem</span> <span class='ocrx_word' id='word_1_831' title='bbox 1846 5579 2065 5637; x_wconf 52' lang='lat' dir='ltr'>etsen-</span> 
     </span>
    </p>
   </div>
   <div class='ocr_carea' id='block_1_106' title="bbox 414 5650 2068 5721">
    <p class='ocr_par' dir='ltr' id='par_1_106' title="bbox 414 5650 2068 5721">
     <span class='ocr_line' id='line_1_107' title="bbox 414 5650 2068 5721; baseline 0.003 -15"><span class='ocrx_word' id='word_1_832' title='bbox 414 5650 827 5706; x_wconf 85' lang='lat' dir='ltr'>ctiﬁcationem</span> <span class='ocrx_word' id='word_1_833' title='bbox 861 5655 1122 5705; x_wconf 86' lang='lat' dir='ltr'>nostram</span> <span class='ocrx_word' id='word_1_834' title='bbox 1158 5667 1171 5705; x_wconf 90' lang='lat'>:</span> <span class='ocrx_word' id='word_1_835' title='bbox 1227 5652 1344 5707; x_wconf 65' lang='lat' dir='ltr'>haec</span> <span class='ocrx_word' id='word_1_836' title='bbox 1377 5658 1458 5706; x_wconf 88' lang='lat' dir='ltr'>est</span> <span class='ocrx_word' id='word_1_837' title='bbox 1484 5653 1632 5706; x_wconf 86' lang='lat' dir='ltr'>enim</span> <span class='ocrx_word' id='word_1_838' title='bbox 1658 5654 1919 5708; x_wconf 87' lang='lat' dir='ltr'>voluntas</span> <span class='ocrx_word' id='word_1_839' title='bbox 1948 5656 2068 5721; x_wconf 84' lang='lat' dir='ltr'>Dei,</span> 
     </span>
    </p>
   </div>
   <div class='ocr_carea' id='block_1_107' title="bbox 412 5721 2072 5798">
    <p class='ocr_par' dir='ltr' id='par_1_107' title="bbox 412 5721 2072 5798">
     <span class='ocr_line' id='line_1_108' title="bbox 412 5721 2072 5798; baseline 0.001 -16"><span class='ocrx_word' id='word_1_840' title='bbox 412 5721 772 5798; x_wconf 77' lang='lat' dir='ltr'>sanctiﬁcatio</span> <span class='ocrx_word' id='word_1_841' title='bbox 800 5730 982 5781; x_wconf 85' lang='lat' dir='ltr'>vestra</span> <span class='ocrx_word' id='word_1_842' title='bbox 1009 5740 1028 5782; x_wconf 89' lang='lat'><strong><em>:</em></strong></span> <span class='ocrx_word' id='word_1_843' title='bbox 1058 5722 1130 5780; x_wconf 89' lang='lat' dir='ltr'>ad</span> <span class='ocrx_word' id='word_1_844' title='bbox 1163 5721 1186 5780; x_wconf 92' lang='grc' dir='ltr'>Ι</span> <span class='ocrx_word' id='word_1_845' title='bbox 1215 5722 1430 5795; x_wconf 87' lang='lat' dir='ltr'>Thess,</span> <span class='ocrx_word' id='word_1_846' title='bbox 1464 5739 1540 5792; x_wconf 85' lang='lat' dir='ltr'>1v,</span> <span class='ocrx_word' id='word_1_847' title='bbox 1573 5725 1626 5797; x_wconf 93' lang='lat'>3,</span> <span class='ocrx_word' id='word_1_848' title='bbox 1659 5739 1839 5798; x_wconf 87' lang='lat' dir='ltr'>quam</span> <span class='ocrx_word' id='word_1_849' title='bbox 1871 5741 2006 5784; x_wconf 89' lang='lat' dir='ltr'>cum</span> <span class='ocrx_word' id='word_1_850' title='bbox 2037 5742 2072 5783; x_wconf 89' lang='lat' dir='ltr'>a</span> 
     </span>
    </p>
   </div>
   <div class='ocr_carea' id='block_1_108' title="bbox 2170 4737 3802 4817">
    <p class='ocr_par' dir='ltr' id='par_1_108' title="bbox 2170 4737 3802 4817">
     <span class='ocr_line' id='line_1_109' title="bbox 2170 4737 3802 4817; baseline -0.002 -19"><span class='ocrx_word' id='word_1_851' title='bbox 2170 4745 2298 4798; x_wconf 79' lang='lat' dir='ltr'>nire</span> <span class='ocrx_word' id='word_1_852' title='bbox 2326 4745 2400 4799; x_wconf 82' lang='lat' dir='ltr'>ad</span> <span class='ocrx_word' id='word_1_853' title='bbox 2428 4759 2538 4814; x_wconf 85' lang='lat' dir='ltr'>vos,</span> <span class='ocrx_word' id='word_1_854' title='bbox 2562 4751 2615 4798; x_wconf 86' lang='lat' dir='ltr'>et</span> <span class='ocrx_word' id='word_1_855' title='bbox 2635 4744 2945 4815; x_wconf 81' lang='lat' dir='ltr'>prohibitus</span> <span class='ocrx_word' id='word_1_856' title='bbox 2971 4759 3093 4800; x_wconf 85' lang='lat' dir='ltr'>sum</span> <span class='ocrx_word' id='word_1_857' title='bbox 3121 4761 3298 4817; x_wconf 83' lang='lat' dir='ltr'>usque</span> <span class='ocrx_word' id='word_1_858' title='bbox 3319 4745 3515 4801; x_wconf 85' lang='lat' dir='ltr'>adhuc.</span> <span class='ocrx_word' id='word_1_859' title='bbox 3543 4748 3622 4800; x_wconf 85' lang='lat' dir='ltr'>Ac</span> <span class='ocrx_word' id='word_1_860' title='bbox 3639 4742 3698 4799; x_wconf 88' lang='lat' dir='ltr'>si</span> <span class='ocrx_word' id='word_1_861' title='bbox 3726 4737 3802 4796; x_wconf 61' lang='grc' dir='ltr'>ὥς</span> 
     </span>
    </p>
   </div>
   <div class='ocr_carea' id='block_1_109' title="bbox 2178 4829 3803 4906">
    <p class='ocr_par' dir='ltr' id='par_1_109' title="bbox 2178 4829 3803 4906">
     <span class='ocr_line' id='line_1_110' title="bbox 2178 4829 3803 4906; baseline -0.002 -20"><span class='ocrx_word' id='word_1_862' title='bbox 2178 4836 2376 4888; x_wconf 89' lang='lat' dir='ltr'>ceret:</span> <span class='ocrx_word' id='word_1_863' title='bbox 2430 4831 2570 4887; x_wconf 92' lang='lat' dir='ltr'>Nolo</span> <span class='ocrx_word' id='word_1_864' title='bbox 2624 4848 2726 4887; x_wconf 91' lang='lat' dir='ltr'>vos</span> <span class='ocrx_word' id='word_1_865' title='bbox 2773 4848 2900 4888; x_wconf 88' lang='lat' dir='ltr'>esse</span> <span class='ocrx_word' id='word_1_866' title='bbox 2949 4834 3203 4905; x_wconf 88' lang='lat' dir='ltr'>ignaros,</span> <span class='ocrx_word' id='word_1_867' title='bbox 3237 4829 3803 4906; x_wconf 79' lang='lat' dir='ltr'>quoniam-intentio-</span> 
     </span>
    </p>
   </div>
   <div class='ocr_carea' id='block_1_110' title="bbox 2177 5008 3800 5083">
    <p class='ocr_par' dir='ltr' id='par_1_110' title="bbox 2177 5008 3800 5083">
     <span class='ocr_line' id='line_1_111' title="bbox 2177 5008 3800 5083; baseline 0.001 -19"><span class='ocrx_word' id='word_1_868' title='bbox 2177 5009 2348 5064; x_wconf 89' lang='lat' dir='ltr'>nobis</span> <span class='ocrx_word' id='word_1_869' title='bbox 2378 5008 2716 5083; x_wconf 76' lang='lat' dir='ltr'>desiderari</span> <span class='ocrx_word' id='word_1_870' title='bbox 2762 5010 2904 5083; x_wconf 88' lang='lat' dir='ltr'>velit</span> <span class='ocrx_word' id='word_1_871' title='bbox 2949 5011 3123 5078; x_wconf 90' lang='lat' dir='ltr'>Deus,</span> <span class='ocrx_word' id='word_1_872' title='bbox 3157 5011 3341 5082; x_wconf 83' lang='lat' dir='ltr'>hujus</span> <span class='ocrx_word' id='word_1_873' title='bbox 3365 5008 3800 5083; x_wconf 58' lang='lat' dir='ltr'>comparatione;</span> 
     </span>
    </p>
   </div>
   <div class='ocr_carea' id='block_1_111' title="bbox 2177 5081 3804 5152">
    <p class='ocr_par' dir='ltr' id='par_1_111' title="bbox 2177 5081 3804 5152">
     <span class='ocr_line' id='line_1_112' title="bbox 2177 5081 3804 5152; baseline 0 -17"><span class='ocrx_word' id='word_1_874' title='bbox 2177 5087 2330 5137; x_wconf 90' lang='lat' dir='ltr'>recte</span> <span class='ocrx_word' id='word_1_875' title='bbox 2359 5081 2984 5152; x_wconf 79' lang='lat' dir='ltr'>diciturtemporalem</span> <span class='ocrx_word' id='word_1_876' title='bbox 3035 5081 3390 5140; x_wconf 89' lang='lat' dir='ltr'>felicitatem-</span> <span class='ocrx_word' id='word_1_877' title='bbox 3417 5081 3534 5140; x_wconf 80' lang='lat' dir='ltr'>non</span> <span class='ocrx_word' id='word_1_878' title='bbox 3582 5096 3708 5138; x_wconf 80' lang='lat' dir='ltr'>esse</span> <span class='ocrx_word' id='word_1_879' title='bbox 3746 5089 3804 5130; x_wconf 77' lang='lat' dir='ltr'>el</span> 
     </span>
    </p>
   </div>
   <div class='ocr_carea' id='block_1_112' title="bbox 2178 5150 2628 5207">
    <p class='ocr_par' dir='ltr' id='par_1_112' title="bbox 2178 5150 2628 5207">
     <span class='ocr_line' id='line_1_113' title="bbox 2178 5150 2628 5207; baseline -0.007 0"><span class='ocrx_word' id='word_1_880' title='bbox 2178 5153 2475 5207; x_wconf 85' lang='lat' dir='ltr'>voluntate</span> <span class='ocrx_word' id='word_1_881' title='bbox 2506 5150 2628 5204; x_wconf 91' lang='lat' dir='ltr'>Dei.</span> 
     </span>
    </p>
   </div>
   <div class='ocr_carea' id='block_1_113' title="bbox 2251 5218 3805 5296">
    <p class='ocr_par' dir='ltr' id='par_1_113' title="bbox 2251 5218 3805 5296">
     <span class='ocr_line' id='line_1_114' title="bbox 2251 5218 3805 5296; baseline -0.003 -18"><span class='ocrx_word' id='word_1_882' title='bbox 2251 5223 2360 5294; x_wconf 90' lang='grc'>(81)</span> <span class='ocrx_word' id='word_1_883' title='bbox 2396 5223 2664 5277; x_wconf 87' lang='lat' dir='ltr'>Fortasse</span> <span class='ocrx_word' id='word_1_884' title='bbox 2711 5222 3047 5296; x_wconf 88' lang='lat' dir='ltr'>legendum,</span> <span class='ocrx_word' id='word_1_885' title='bbox 3086 5227 3506 5282; x_wconf 66' lang='lat' dir='ltr'>miraculorum</span> <span class='ocrx_word' id='word_1_886' title='bbox 3530 5223 3675 5281; x_wconf 82' lang='lat' dir='ltr'>vobis</span> <span class='ocrx_word' id='word_1_887' title='bbox 3717 5218 3805 5273; x_wconf 83' lang='lat' dir='ltr'>tri-</span> 
     </span>
    </p>
   </div>
   <div class='ocr_carea' id='block_1_114' title="bbox 2180 5294 2765 5365">
    <p class='ocr_par' dir='ltr' id='par_1_114' title="bbox 2180 5294 2765 5365">
     <span class='ocr_line' id='line_1_115' title="bbox 2180 5294 2765 5365; baseline 0 -17"><span class='ocrx_word' id='word_1_888' title='bbox 2180 5294 2341 5348; x_wconf 87' lang='lat' dir='ltr'>buam</span> <span class='ocrx_word' id='word_1_889' title='bbox 2368 5295 2765 5365; x_wconf 78' lang='lat' dir='ltr'>patrationem.</span> 
     </span>
    </p>
   </div>
   <div class='ocr_carea' id='block_1_115' title="bbox 2252 5362 3802 5437">
    <p class='ocr_par' dir='ltr' id='par_1_115' title="bbox 2252 5362 3802 5437">
     <span class='ocr_line' id='line_1_116' title="bbox 2252 5362 3802 5437; baseline -0.001 -19"><span class='ocrx_word' id='word_1_890' title='bbox 2252 5362 2478 5436; x_wconf 57' lang='lat' dir='ltr'>(82)&#39;lbi</span> <span class='ocrx_word' id='word_1_891' title='bbox 2507 5370 2701 5422; x_wconf 83' lang='lat' dir='ltr'>textus</span> <span class='ocrx_word' id='word_1_892' title='bbox 2731 5365 2990 5437; x_wconf 83' lang='lat' dir='ltr'>Vulgatae</span> <span class='ocrx_word' id='word_1_893' title='bbox 3022 5367 3199 5423; x_wconf 88' lang='lat' dir='ltr'>habet</span> <span class='ocrx_word' id='word_1_894' title='bbox 3231 5384 3244 5422; x_wconf 90' lang='lat'>:</span> <span class='ocrx_word' id='word_1_895' title='bbox 3288 5384 3382 5437; x_wconf 82' lang='lat' dir='ltr'>per</span> <span class='ocrx_word' id='word_1_896' title='bbox 3409 5384 3551 5435; x_wconf 81' lang='lat' dir='ltr'>eam,</span> <span class='ocrx_word' id='word_1_897' title='bbox 3583 5379 3700 5437; x_wconf 63' lang='lat' dir='ltr'>quae</span> <span class='ocrx_word' id='word_1_898' title='bbox 3727 5362 3802 5416; x_wconf 76' lang='lat' dir='ltr'>in-</span> 
     </span>
    </p>
   </div>
   <div class='ocr_carea' id='block_1_116' title="bbox 2177 5437 3380 5510">
    <p class='ocr_par' dir='ltr' id='par_1_116' title="bbox 2177 5437 3380 5510">
     <span class='ocr_line' id='line_1_117' title="bbox 2177 5437 3380 5510; baseline -0.001 -16"><span class='ocrx_word' id='word_1_899' title='bbox 2177 5441 2352 5494; x_wconf 81' lang='lat' dir='ltr'>vicem</span> <span class='ocrx_word' id='word_1_900' title='bbox 2380 5440 2477 5507; x_wconf 85' lang='lat' dir='ltr'>est,</span> <span class='ocrx_word' id='word_1_901' title='bbox 2508 5437 2670 5506; x_wconf 83' lang='lat' dir='ltr'>ﬁdem</span> <span class='ocrx_word' id='word_1_902' title='bbox 2698 5443 2959 5510; x_wconf 85' lang='lat' dir='ltr'>vestram,</span> <span class='ocrx_word' id='word_1_903' title='bbox 2991 5445 3153 5510; x_wconf 84' lang='lat' dir='ltr'>atque</span> <span class='ocrx_word' id='word_1_904' title='bbox 3179 5455 3380 5495; x_wconf 88' lang='lat' dir='ltr'>meam.</span> 
     </span>
    </p>
   </div>
   <div class='ocr_carea' id='block_1_117' title="bbox 2251 5505 3801 5583">
    <p class='ocr_par' dir='ltr' id='par_1_117' title="bbox 2251 5505 3801 5583">
     <span class='ocr_line' id='line_1_118' title="bbox 2251 5505 3801 5583; baseline 0.017 -28"><span class='ocrx_word' id='word_1_905' title='bbox 2251 5511 2362 5583; x_wconf 75' lang='lat'>(83)</span> <span class='ocrx_word' id='word_1_906' title='bbox 2397 5505 2851 5583; x_wconf 56' lang='lat' dir='ltr'>in&#39;autographo</span> <span class='ocrx_word' id='word_1_907' title='bbox 2881 5509 2963 5583; x_wconf 82' lang='lat' dir='ltr'>ita</span> <span class='ocrx_word' id='word_1_908' title='bbox 2994 5505 3300 5580; x_wconf 74' lang='lat' dir='ltr'>intelligere</span> <span class='ocrx_word' id='word_1_909' title='bbox 3335 5513 3478 5583; x_wconf 79' lang='lat' dir='ltr'>forte</span> <span class='ocrx_word' id='word_1_910' title='bbox 3507 5505 3801 5583; x_wconf 60' lang='grc' dir='ltr'>ρανίίσῖικὲτ</span> 
     </span>
    </p>
   </div>
   <div class='ocr_carea' id='block_1_118' title="bbox 2179 5574 3802 5654">
    <p class='ocr_par' dir='ltr' id='par_1_118' title="bbox 2179 5574 3802 5654">
     <span class='ocr_line' id='line_1_119' title="bbox 2179 5574 3802 5654; baseline -0.014 -2"><span class='ocrx_word' id='word_1_911' title='bbox 2179 5574 2704 5654; x_wconf 39' lang='grc' dir='ltr'>Ἷυρᾀῆίθυυῑϊῗθ</span> <span class='ocrx_word' id='word_1_912' title='bbox 2737 5574 3009 5654; x_wconf 63' lang='lat' dir='ltr'>genuina</span> <span class='ocrx_word' id='word_1_913' title='bbox 3039 5574 3285 5640; x_wconf 78' lang='lat' dir='ltr'>lectione</span> <span class='ocrx_word' id='word_1_914' title='bbox 3315 5574 3460 5639; x_wconf 79' lang='lat' dir='ltr'>mihi</span> <span class='ocrx_word' id='word_1_915' title='bbox 3491 5574 3678 5638; x_wconf 79' lang='lat' dir='ltr'>visum</span> <span class='ocrx_word' id='word_1_916' title='bbox 3704 5574 3802 5630; x_wconf 65' lang='lat' dir='ltr'>est:</span> 
     </span>
    </p>
   </div>
   <div class='ocr_carea' id='block_1_119' title="bbox 2251 5651 3046 5726">
    <p class='ocr_par' dir='ltr' id='par_1_119' title="bbox 2251 5651 3046 5726">
     <span class='ocr_line' id='line_1_120' title="bbox 2251 5651 3046 5726; baseline 0.005 -20"><span class='ocrx_word' id='word_1_917' title='bbox 2251 5652 2364 5725; x_wconf 76' lang='grc'>(84)</span> <span class='ocrx_word' id='word_1_918' title='bbox 2395 5651 2460 5708; x_wconf 90' lang='lat' dir='ltr'>ln</span> <span class='ocrx_word' id='word_1_919' title='bbox 2491 5656 2610 5708; x_wconf 90' lang='lat' dir='ltr'>aut.</span> <span class='ocrx_word' id='word_1_920' title='bbox 2645 5651 2832 5726; x_wconf 71' lang='lat' dir='ltr'>marg.</span> <span class='ocrx_word' id='word_1_921' title='bbox 2866 5670 2916 5710; x_wconf 93' lang='lat' dir='ltr'>c.</span> <span class='ocrx_word' id='word_1_922' title='bbox 2952 5655 3046 5710; x_wconf 71' lang='lat' dir='ltr'>lll:</span> 
     </span>
    </p>
   </div>
  </div>
