3946 6398
97 396 191 453 137

661 395 1080 458 EXPOSITIO
1128 397 1204 456 IN
1250 393 1686 459 EPISTOLAS
1737 398 1990 459 PAULI.
2027 432 2103 442 —
2133 401 2205 460 IN
2256 399 2504 462 EPIST.
2553 404 2654 462 AD
2704 407 2892 464 ROM.

3376 413 3492 476 138

97 540 232 592 nem,
265 528 324 578 et
351 527 553 579 votum
588 524 769 581 habui
801 527 1069 583 veniendi
1104 529 1174 583 ad
1206 545 1331 595 vos,
1353 529 1452 584 sed
1474 526 1732 600 probibi-
1763 530 1820 595 Α
1850 545 1986 600 ergo
2017 542 2126 599 est,
2154 547 2288 586 cum
2323 533 2646 604 unicuique
2676 537 2980 607 proprium
3013 538 3142 608 ejus
3171 539 3488 600 tribuitur:

92 623 174 669 tus
228 629 358 669 sum
419 629 609 685 usque
667 615 859 670 adhuc
912 617 1323 687 praedicatione
1386 623 1729 672 caeterarum

92 702 358 774 gentium,
391 719 524 772 quas
559 720 694 758 cum
730 705 1110 773 crediderint,
1143 711 1200 762 et
1235 725 1363 763 mea
1395 707 1729 779 praedicatio

93 791 142 846 in
168 790 244 846 eis
270 791 622 847 conﬁrmata
655 793 851 860 fuerit,
881 795 1110 850 veniam
1147 796 1216 850 ad
1249 813 1374 852 vos.
1421 796 1494 851 Ut
1533 801 1729 851 autem

93 879 428 950 ostenderet,
461 881 603 951 quia
633 897 748 936 non
783 883 982 937 studio
1016 883 1268 940 levitatis
1299 885 1544 954 veniret,
1577 886 1731 955 adje-

91 969 190 1023 cit:
216 969 274 1024 Ut
301 969 550 1039 aliquem
577 969 829 1040 fructum
862 971 1096 1027 habeam
1126 981 1180 1028 et
1207 975 1268 1027 in
1297 973 1468 1041 vobis,
1501 975 1642 1028 sicut
1681 977 1732 1028 et

93 1059 143 1111 in
171 1059 383 1114 ceteris
420 1057 714 1128 gentibus;
770 1062 1053 1131 tauquam
1107 1062 1366 1117 diceret:
1424 1062 1569 1116 Eum
1617 1062 1732 1115 fru-

91 1150 254 1216 ctum,
303 1162 483 1217 quem
533 1162 628 1202 me
667 1147 738 1201 de
773 1149 995 1203 caeteris
1035 1149 1308 1220 gentibus
1349 1154 1730 1220 accepturum

91 1234 264 1300 credo,
299 1250 451 1306 quas
485 1236 560 1290 ab
598 1235 1018 1308 Hierosolymis
1047 1254 1236 1308 usque
1288 1239 1359 1292 ad
1412 1236 1728 1308 Illyricum,

88 1323 229 1394 quod
260 1327 352 1379 est
382 1327 560 1394 caput
588 1323 991 1395 Europae,mea
1017 1325 1427 1396 praedicatione
1447 1327 1520 1381 ad
1556 1327 1729 1381 ﬁdem

89 1411 286 1467 Christi
321 1412 544 1482 vocavi,
578 1427 713 1467 eum
747 1417 805 1468 et
831 1413 893 1468 in
941 1414 1107 1469 vobis
1155 1414 1402 1485 habebo,
1449 1414 1732 1486 largiente

86 1501 270 1556 divina
301 1500 732 1558 misericordia.

149 1589 461 1662 Sequitur:
497 1591 698 1646 Graecis
727 1607 791 1646 ac
821 1591 1096 1657 barbaris,
1129 1593 1471 1663 sapientibus
1497 1602 1549 1647 et
1590 1593 1730 1648 insi-

76 1679 348 1749 pientibus
389 1679 598 1735 debitor
649 1696 788 1735 sam.
840 1681 1068 1736 Graecos
1113 1679 1368 1753 appellat
1413 1681 1727 1753 sapientes,

80 1785 170 1824 eos
199 1768 447 1836 scilicet,
479 1769 579 1840 qui
611 1768 1032 1842 philosophica:
1063 1770 1381 1825 studebant
1428 1770 1728 1840 doctrinae,

83 1855 194 1911 sive
224 1856 326 1928 qui
355 1855 586 1929 legibus
611 1858 956 1934 utebantur,
991 1858 1273 1914 barbaros
1302 1874 1462 1926 vero,
1492 1858 1727 1915 idiotas.

81 1945 142 1999 Et
169 1949 233 2000 ut
262 1945 539 2018 aperiret,
573 1963 723 2018 quos
754 1947 966 2002 dixerit
1007 1947 1261 2014 Graecos,
1306 1963 1373 2002 ac
1425 1947 1730 2016 barbaros,

82 2034 202 2090 ideo
251 2034 508 2090 addidit:
571 2034 918 2106 Sapientibus
975 2044 1030 2090 et
1087 2037 1474 2107 insipientibus
1520 2037 1735 2092 debitor

76 2139 210 2178 sum.
244 2122 352 2179 His
381 2123 601 2195 quippe
636 2124 866 2179 debitor
891 2129 1019 2179 erat
1051 2140 1154 2195 per
1200 2125 1498 2195 patientiae
1557 2124 1734 2180 virtu-

80 2217 226 2267 tem:
263 2216 325 2267 et
355 2229 556 2268 revera
583 2211 748 2268 nulla
813 2213 1004 2283 major
1059 2217 1149 2268 est
1195 2212 1500 2282 patientia,
1554 2230 1733 2284 quam

77 2301 402 2357 stultorum
435 2301 694 2372 impetus
728 2301 1044 2357 sustinere.
1080 2301 1334 2371 lta,quod
1358 2303 1420 2356 in
1435 2317 1738 2372 me,prom-

73 2402 221 2460 ptum
253 2395 340 2446 est
361 2396 415 2445 et
446 2390 619 2459 vobis,
644 2391 742 2460 qui
771 2391 956 2445 Romae
986 2391 1134 2456 estis,
1164 2390 1560 2459 evangelizare.
1587 2391 1667 2443 Ac
1687 2389 1737 2444 si

71 2479 294 2536 diceret
319 2497 334 2534 :
375 2477 541 2533 Sicut
567 2478 796 2532 debitor
826 2494 958 2533 sum
985 2476 1352 2548 sapientibus
1375 2481 1432 2532 et
1455 2476 1736 2548 insipien-

73 2567 228 2622 tibus
261 2586 277 2635 ;
314 2567 399 2621 ita
428 2566 658 2620 debitor
688 2583 821 2621 sum
853 2565 1248 2637 evangelizarc
1297 2569 1354 2620 et
1399 2565 1584 2632 vobis,
1636 2565 1733 2636 qui

72 2655 266 2712 Romae
305 2655 476 2720 estis,
510 2655 665 2724 quod
699 2654 756 2709 in
783 2670 877 2709 me
895 2657 1232 2725 promptum
1255 2658 1364 2709 est.
1391 2657 1458 2707 Et
1480 2653 1619 2725 quia
1639 2670 1739 2724 po-

73 2749 218 2800 terat
251 2742 479 2814 aliquis
511 2741 738 2798 dicere:
776 2744 958 2807 Quem
990 2741 1077 2797 vis
1105 2741 1500 2814 evangelizare
1520 2742 1547 2797 ?
1575 2743 1734 2798 Nun-

70 2833 205 2904 quid
239 2832 553 2889 Christum
603 2831 992 2886 cruciﬁxum?
1040 2831 1228 2894 Quare
1272 2848 1388 2886 non
1437 2831 1736 2887 erubescis

72 2938 202 2977 eum
229 2921 587 2977 cruciﬁxum
619 2919 1016 2992 evangelizare
1034 2919 1063 2973 ?
1085 2921 1169 2974 Ad
1202 2919 1324 2974 haec
1346 2920 1472 2992 ipse
1493 2937 1735 2992 respon-

72 3011 367 3066 det:Non
397 3011 550 3065 enim
597 3009 848 3065 erubesco
895 3009 1276 3079 Evangelium,
1329 3009 1485 3080 quod
1533 3009 1736 3080 utique

70 3101 135 3155 ad
171 3099 590 3156 confusionem
625 3098 889 3170 gentium
923 3098 1145 3154 dictum
1193 3103 1302 3163 est,
1335 3114 1461 3169 quae
1509 3099 1734 3170 Jovem,

71 3190 401 3245 Saturnum
421 3192 479 3243 et
495 3192 734 3244 caeteros
756 3188 897 3242 deos
919 3186 1314 3258 colebant,sed
1339 3203 1541 3242 eorum
1577 3187 1737 3259 ﬂagi-

1762 1901 1810 1966 B

1843 619 1996 674 unde
2028 624 2085 673 et
2108 620 2308 689 justus
2341 620 2575 689 dicitur,
2603 639 2668 678 eo
2690 625 2966 696 quodjus
2985 629 3292 684 custodiat.
3318 631 3496 687 Justi-

1840 708 1923 761 tia
1953 713 2148 762 autem
2185 709 2283 764 Dei
2316 710 2585 766 Christus
2617 716 2723 781 est,
2759 730 2885 784 quae
2919 716 3207 772 reveletur
3233 719 3293 774 in
3325 735 3412 791 eo,
3434 719 3494 776 id

1840 801 1930 852 est
1962 814 2064 868 per
2094 797 2264 868 illud,
2299 798 2523 854 scilicet
2556 816 2658 871 per
2690 801 3091 876 Evangelium.
3145 807 3307 873 Quod
3364 825 3498 865 vero

1840 885 2001 956 dicit,
2055 904 2124 941 ea:
2169 887 2274 957 ﬁde
2321 889 2382 942 in
2438 888 2619 958 fidem,
2669 891 2787 946 tale
2835 897 2945 964 est,
2998 894 3170 966 quale
3214 899 3271 951 et
3327 896 3494 964 illud,

1841 975 1997 1045 quod
2030 975 2168 1030 alibi
2201 975 2282 1031 ait
2307 995 2325 1030 :
2353 979 2459 1032 Nos
2489 983 2672 1034 autem
2703 980 2943 1036 revelata
2970 985 3114 1054 facie
3155 987 3495 1056 speculantes

1840 1063 2088 1131 gloriam
2106 1065 2224 1130 Dei,
2249 1068 2718 1136 transformamur
2742 1069 2803 1122 iu
2831 1070 3080 1125 eamdem
3131 1074 3432 1144 imaginem
3459 1091 3495 1130 a

1841 1152 2022 1219 gloria
2051 1152 2110 1206 in
2130 1153 2388 1223 gloriam,
2421 1163 2684 1226 tanquam
2710 1172 2748 1211 a
2781 1158 3002 1213 Domini
3025 1160 3239 1231 Spiritu
3269 1162 3342 1233 (II
3370 1163 3490 1219 Cor.

1842 1255 1926 1303 ιιι,
1953 1239 2059 1307 18).
2098 1243 2140 1293 Α
2171 1239 2358 1311 gloria
2386 1241 2528 1297 dicit
2558 1244 2854 1315 Evangelii
2885 1247 2956 1301 ad
2992 1247 3238 1318 gloriam
3269 1253 3493 1306 aeternae

1843 1328 2357 1383 remunerationis.
2392 1329 2678 1386 Similiter
2705 1337 2763 1387 et
2792 1333 2909 1399 hic,
2958 1352 3027 1390 ex
3074 1336 3191 1393 ﬁde
3238 1337 3383 1410 legis
3433 1342 3493 1394 in

1842 1414 2019 1470 ﬁdem
2045 1416 2365 1488 Evangelii,
2397 1417 2483 1473 vel
2517 1435 2586 1474 ex
2615 1419 2729 1474 ﬁde
2756 1422 3068 1478 verborum
3117 1429 3174 1478 et
3225 1441 3492 1498 operum,

1840 1504 1902 1557 in
1931 1504 2108 1560 ﬁdem
2140 1509 2365 1561 internae
2389 1507 2814 1579 retributionis,
2843 1510 2964 1566 sive
2993 1528 3062 1566 ex
3090 1512 3206 1568 ﬁde
3234 1513 3494 1570 hominis

1841 1592 1900 1646 in
1933 1593 2107 1648 ﬁdem
2133 1595 2251 1649 Dei.
2288 1595 2355 1650 Et
2386 1599 2452 1651 ut
2483 1611 2654 1652 suam
2705 1599 3102 1656 narrationem
3147 1601 3493 1674 prophetico

1840 1681 2179 1738 testimonio
2229 1685 2654 1756 comprobaret,
2715 1685 2966 1758 adjecit:
3017 1690 3172 1746 Sicut
3231 1693 3497 1764 scriptum

1839 1779 1950 1826 est:
1988 1772 2173 1827 Justus
2201 1781 2388 1828 autem
2418 1789 2488 1828 ea:
2528 1775 2636 1845 ﬁde
2664 1777 2820 1831 vivit.
2847 1777 3010 1841 Quod
3042 1777 3202 1848 dicit,
3251 1796 3322 1836 ea:
3369 1779 3492 1850 ﬁde,

1841 1875 1958 1914 non
1988 1858 2090 1916 illa
2119 1865 2209 1916 est
2238 1861 2637 1934 intelligenda,
2671 1880 2798 1935 quae
2830 1866 3004 1922 verbo
3032 1870 3206 1924 tenus
3237 1870 3492 1939 tenetur,

1843 1948 1945 2003 sed
1967 1964 2094 2020 quae
2127 1950 2404 2021 operibus
2435 1952 2811 2025 adimpletur,
2846 1954 2986 2025 quia
3004 1955 3150 2011 ﬁdes
3163 1955 3290 2012 sine
3311 1957 3496 2029 operi-

1841 2037 1954 2092 bus
1985 2043 2218 2093 mortua
2248 2043 2338 2095 est
2367 2041 2428 2095 in
2464 2041 2783 2113 semetipsa
2812 2043 2950 2114 (Jac.
2983 2061 3047 2112 II,
3101 2046 3190 2112 17,
3238 2045 3331 2113 20,
3377 2045 3491 2116 26).

1840 2125 2156 2196 Sequitur:
2211 2129 2504 2182 Revelatur
2556 2133 2708 2184 enim
2761 2131 2850 2185 ira
2900 2131 3000 2186 Dei
3027 2131 3095 2186 de
3145 2133 3278 2188 caelo
3332 2147 3496 2205 super

1843 2229 2062 2267 omnem
2091 2216 2435 2284 impietatem
2463 2220 2514 2270 et
2544 2217 2879 2288 injustitiam
2908 2219 3214 2274 hominum.
3265 2221 3497 2276 Dixerat

1847 2300 2122 2373 superius
2154 2301 2394 2356 revelari
2426 2303 2592 2373 justo
2640 2320 2742 2375 per
2788 2305 3163 2378 Evangelium
3199 2307 3494 2378 justitiam

1849 2389 1950 2444 Dei
1976 2406 1989 2444 :
2018 2405 2388 2460 consequens
2419 2395 2563 2457 erat,
2596 2395 2662 2446 ut
2693 2394 3026 2450 ostenderet
3056 2395 3238 2467 impio
3255 2395 3496 2452 revelari

1846 2477 1996 2532 iram
2031 2477 2154 2546 Dei,
2191 2479 2294 2533 sed
2325 2479 2399 2534 de
2458 2479 2622 2546 ccelo,
2670 2479 2918 2553 ideoque
2967 2482 3219 2540 addidit:
3271 2484 3494 2541 Revela-

1847 2570 1958 2633 tur,
1994 2569 2102 2621 etc.
2134 2565 2241 2621 Ubi
2273 2567 2518 2623 solerter
2548 2572 2637 2624 est
2667 2570 3273 2642 animadvertendum,
3315 2587 3495 2644 quare

1845 2653 2091 2722 dixerit;
2129 2656 2406 2710 reveletur
2435 2661 2537 2712 aut
2565 2657 2653 2712 ira
2687 2659 2808 2724 Dei,
2838 2663 2939 2714 aut
2967 2661 3034 2715 de
3057 2661 3209 2715 caelo.
3256 2661 3495 2716 Revela-

1845 2747 1943 2797 tur
1973 2743 2100 2798 ideo
2133 2743 2296 2812 dicit,
2330 2745 2468 2816 quia
2516 2746 2672 2817 quod
2722 2746 2886 2818 prius
2944 2749 3134 2804 fuerat
3175 2749 3494 2816 occultum,

1847 2847 1948 2902 per
1972 2831 2348 2903 Evangelium
2397 2833 2614 2889 factum
2666 2839 2755 2891 est
2802 2839 3094 2906 apertum,
3146 2837 3286 2909 sive,
3338 2839 3492 2908 quod

1846 2920 2035 2974 fuerat
2051 2921 2250 2976 minus
2274 2927 2501 2990 notum,
2523 2939 2626 2995 per
2649 2923 3029 2996 Evangelium
3048 2929 3137 2981 est
3159 2926 3498 2982 manifesta-

1843 3013 1993 3063 tum.
2026 3009 2117 3062 Ira
2148 3013 2344 3065 autem
2365 3009 2421 3065 in
2444 3015 2576 3081 Deo,
2607 3028 2722 3066 non
2746 3011 2998 3083 proprie,
3023 3014 3123 3068 sed
3152 3013 3496 3070 translative

1847 3097 2098 3151 dicitur:
2132 3095 2190 3150 in
2223 3097 2545 3153 divinitatis
2577 3099 2793 3170 quippe
2817 3104 3090 3155 naturam
3115 3098 3281 3156 nulla
3302 3101 3496 3173 passio

1845 3185 2021 3240 cadit.
2055 3184 2291 3247 Quoties
2321 3200 2458 3257 ergo
2489 3186 2575 3241 ira
2605 3187 2665 3240 in
2697 3186 2813 3243 Deo
2843 3186 3078 3255 dicitur,
3111 3205 3215 3260 pro
3244 3189 3499 3246 vindicta

73 3279 153 3334 tia
191 3278 474 3334 conﬁteri
504 3278 893 3332 verebantur:
929 3275 1099 3348 quasi
1121 3276 1343 3331 diceret
1381 3258 1733 3348 Apostolus:
1768 3258 1810 3323 C
1850 3272 2191 3344 accipienda
2219 3277 2326 3329 est.
2360 3275 2430 3328 Et
2487 3273 2726 3346 pulchre
2775 3276 2917 3331 dicit
2961 3278 3033 3332 de
3076 3258 3219 3333 cmlo
3273 3277 3495 3350 accipi:

73 3366 196 3422 Non
229 3369 528 3424 erubesco
560 3365 875 3437 prazdicare
900 3364 1199 3420 Christum
1231 3365 1596 3431 cruciﬁxum,
1619 3369 1678 3419 et
1708 3383 1741 3419 a

72 3457 321 3512 mortuis
345 3455 746 3512 resurrexisse
772 3472 786 3521 ;
821 3453 1124 3525 quoniam,
1157 3453 1266 3508 etsi
1284 3453 1343 3506 in
1367 3451 1550 3506 altero
1570 3453 1741 3507 dede-

72 3560 173 3601 cus
204 3551 319 3616 est,
357 3545 422 3600 in
458 3544 640 3600 altero
670 3548 870 3598 tamen
913 3542 1141 3614 insigne
1171 3541 1423 3596 virtutis.
1479 3541 1739 3596 Fuerunt

69 3636 224 3689 enim
256 3632 562 3700 nonnulli,
593 3632 692 3704 qui
726 3633 853 3702 eius
885 3631 1269 3698 nativitatem,
1305 3630 1635 3701 passionem
1681 3634 1738 3684 et

66 3728 317 3780 mortem
342 3723 940 3791 verebantur,contra
953 3736 1099 3791 quos
1116 3717 1429 3790 Apostolus
1452 3718 1734 3774 dicitzNon

63 3813 314 3869 erubesco
347 3812 738 3882 Evangelium.
768 3816 882 3864 Cur
913 3826 1028 3864 non
1087 3808 1486 3878 erubescebat,
1538 3812 1732 3862 osten-

63 3901 178 3957 dit:
210 3905 413 3958 Virtus
446 3902 598 3958 enim
625 3901 724 3956 Dei
752 3902 849 3968 est,
879 3903 992 3954 etc.
1025 3897 1312 3953 Virtutem
1347 3897 1444 3952 Dei
1477 3896 1735 3968 appellat

60 3991 394 4048 divinitatis
428 3992 782 4062 potentiam,
816 4005 933 4060 qua
962 3986 1230 4042 Christus
1253 3985 1506 4042 surrexit
1523 4003 1556 4039 a
1577 4002 1732 4040 mor-

61 4079 194 4135 tuis.
227 4083 297 4137 Et
331 4096 544 4137 revera
573 4078 738 4134 nulla
761 4078 952 4147 major
971 4075 1157 4131 virtus
1171 4091 1300 4131 esse
1322 4079 1534 4146 potest,
1556 4091 1732 4145 quam

60 4175 290 4227 mortuo
313 4170 571 4226 reddere
593 4167 798 4234 vitam;
828 4170 886 4220 et
910 4170 1022 4221 Deo
1045 4164 1286 4236 quidem
1305 4163 1453 4218 nihil
1471 4163 1731 4234 dignius,

63 4273 236 4327 quam
270 4258 435 4315 mori
468 4273 574 4330 pro
606 4273 724 4312 suae
758 4253 1039 4326 imaginis
1064 4252 1450 4325 reparatione.
1473 4253 1558 4307 Ad
1591 4251 1734 4323 quid

61 4346 134 4402 sit
163 4347 291 4404 haec
323 4349 547 4414 virtus,
580 4345 983 4402 demonstrat:
1034 4345 1096 4399 In
1137 4343 1373 4398 salutem
1423 4343 1576 4397 omni
1619 4357 1735 4397 cre-

63 4437 240 4492 denti.
273 4437 460 4494 Omni
493 4435 660 4502 dicit,
691 4437 756 4488 ut
789 4431 990 4489 nullus
1021 4435 1296 4503 exceptus
1327 4430 1638 4486 videretur.
1672 4430 1740 4484 Et

63 4540 129 4580 ne
161 4530 494 4598 putaretur
525 4523 858 4580 differentia
885 4537 1014 4578 esse
1043 4521 1196 4576 inter
1223 4519 1457 4574 Judaaos
1489 4523 1546 4574 et
1589 4519 1739 4574 Grae-

1849 3362 2131 3433 quoniam
2153 3366 2276 3417 tam
2299 3363 2600 3429 beneﬁcia,
2625 3380 2799 3434 quam
2822 3364 3046 3438 plagas,
3065 3369 3122 3422 et
3143 3367 3500 3438 quasquead-

1846 3465 2018 3505 versa
2047 3451 2119 3504 de
2148 3450 2291 3505 cmlo
2327 3451 2671 3520 accipimus.
2705 3451 2967 3523 Mystice,
2988 3470 3091 3524 per
3111 3453 3323 3509 coelum
3345 3453 3496 3510 desi-

1847 3541 2063 3608 gnatur
2083 3537 2350 3593 doctrina
2370 3538 2724 3610 evangelica,
2748 3540 2868 3596 sive
2889 3540 3154 3597 Ecclesia:
3167 3542 3334 3597 ﬁdes.
3350 3546 3499 3614 Apte

1848 3627 2046 3698 itaque
2077 3625 2224 3681 iram
2249 3627 2351 3682 Dei
2384 3644 2563 3700 super
2591 3627 2842 3700 impium
2873 3629 2944 3684 de
2975 3630 3113 3685 coelo
3162 3629 3304 3686 dicit
3333 3646 3497 3686 reve-

1845 3715 1952 3770 lari
1981 3734 1993 3782 ;
2019 3715 2158 3786 quia
2189 3730 2292 3787 per
2323 3715 2525 3771 tubam
2556 3717 2900 3789 evangelicae
2933 3718 3387 3788 prazdicationis,
3439 3723 3497 3774 et

1843 3804 2017 3858 ﬁdem
2035 3803 2298 3858 Ecclesiae
2323 3805 3050 3876 manifestatur,quantum
3066 3806 3496 3862 condemnandi

1843 3892 1964 3949 sint
2018 3891 2308 3947 idolorum
2360 3893 2634 3949 cultores.
2681 3893 2896 3950 Aliter:
2950 3895 3030 3950 De
3071 3895 3215 3951 ecelo
3262 3895 3350 3950 ira
3391 3895 3494 3951 Dei

1843 3997 2021 4052 super
2049 3980 2300 4052 impium
2332 3981 2642 4049 revelatur,
2674 3982 2814 4054 quia
2832 3983 2904 4037 ab
2934 3983 3062 4054 ipso
3093 3983 3300 4039 mundi
3326 4000 3490 4039 exor-

1842 4071 1960 4139 dio,
1996 4087 2098 4141 per
2122 4069 2382 4126 visibiles
2413 4075 2732 4142 creaturas,
2763 4071 3077 4127 invisibilis
3099 4073 3288 4144 potuit
3313 4087 3492 4144 agno-

1844 4160 1923 4216 sci
1955 4159 2212 4215 Creator.
2249 4159 2418 4229 Nam,
2453 4175 2586 4214 cum
2619 4163 2739 4215 tam
2768 4159 2925 4216 clara
2957 4165 3104 4216 Deus
3126 4161 3389 4217 condidit
3413 4161 3494 4218 si-

1845 4250 2005 4316 dera,
2030 4247 2197 4304 facile
2219 4264 2288 4304 ex
2307 4247 2454 4318 ipsis
2481 4247 2753 4319 cognosci
2776 4249 2985 4320 potuit,
3013 4250 3167 4321 quod
3189 4251 3316 4322 ipse
3335 4249 3498 4306 solus

1846 4338 2023 4406 Deus,
2058 4341 2115 4393 et
2145 4336 2310 4394 solus
2341 4343 2499 4393 esset
2530 4338 2886 4394 adorandus.
2917 4337 3104 4408 Super
3135 4353 3261 4409 quae
3301 4340 3496 4393 autem

1847 4425 2135 4482 reveletur
2191 4427 2278 4481 ira
2326 4425 2429 4481 Dei
2481 4425 2761 4496 aperitur,
2813 4440 2946 4479 cum
2992 4424 3289 4492 subditur,
3337 4441 3502 4495 super

1847 4531 2064 4572 omnem
2108 4515 2445 4584 impietatem
2495 4517 2545 4567 et
2594 4513 2944 4583 injustitiam.
2996 4511 3103 4567 Ubi
3151 4512 3500 4581 notandum,

63 4629 177 4684 eos,
241 4617 367 4672 ait:
430 4614 630 4671 Iudaeo
673 4614 942 4684 primum,
1003 4618 1056 4666 et
1105 4609 1307 4664 Graeco.
1363 4607 1542 4663 Graeci
1592 4608 1740 4663 duas
1777 4623 1818 4687 ι)
1851 4603 1991 4676 quia
2042 4603 2158 4657 duo
2207 4600 2373 4668 dixit,
2430 4601 2770 4672 impietatem
2818 4609 2869 4656 et
2915 4601 3282 4672 injustitiam.
3335 4606 3501 4672 Nam,

67 4701 364 4762 faciebant
401 4703 753 4770 divisiones,
787 4702 846 4756 in
881 4717 944 4756 se
969 4703 1028 4756 et
1073 4697 1380 4764 barbaris;
1432 4695 1743 4768 Apostolus
1853 4692 1989 4748 licet
2018 4689 2214 4746 omnis
2242 4689 2517 4761 impietas
2566 4689 2878 4760 injustitia,
2912 4707 3026 4746 non
3064 4696 3259 4747 tamen
3310 4691 3504 4747 omnis

70 4808 199 4848 vero
223 4799 349 4850 tres
386 4792 559 4858 fecit,
576 4791 634 4845 in
658 4791 883 4856 Judaco,
910 4789 1127 4854 Grazco,
1153 4791 1210 4842 et
1234 4787 1501 4842 barbaro.
1525 4785 1672 4840 Nam
1696 4784 1747 4840 si
1857 4778 2152 4851 injustitia
2173 4782 2262 4834 est
2283 4777 2949 4850 impietaslmpietatem
2977 4795 3113 4852 ergo
3133 4784 3299 4835 vocat
3319 4781 3506 4835 incre-

75 4881 250 4940 Grazci
289 4887 624 4956 propterea
653 4878 928 4935 barbaris
954 4877 1413 4951 praeferebantur
1442 4873 1581 4946 quia
1619 4873 1748 4945 phi-
1864 4867 2176 4924 dulilatem.
2201 4885 2214 4933 ;
2239 4866 2594 4937 injustitiam
2622 4885 2778 4936 vero,
2811 4867 3180 4939 iniquitatem
3214 4873 3272 4923 et
3301 4867 3508 4956 nequi-

67 4954 391 5044 losophicze
415 4954 760 5028 studebant
777 4965 1380 5036 doctrinas,etlegibus
1402 4964 1748 5032 utebantur,
1864 4957 2027 5013 tiam.
2061 4962 2248 5029 Super
2270 4973 2524 5028 quorum
2550 4957 2862 5013 hominum
2890 4957 3253 5028 impietatem
3277 4961 3334 5010 et
3352 4954 3507 5027 inju-

70 5061 196 5131 jure
226 5065 285 5118 et
313 5059 520 5117 Judaei
551 5057 768 5116 Graecis
816 5056 1226 5128 praeferuntur,
1252 5053 1350 5124 qui
1375 5051 1605 5124 legibus
1627 5055 1752 5105 ute-
1865 5047 2089 5102 stitiam
2115 5048 2200 5101 ira
2223 5046 2326 5102 Dei
2358 5045 2669 5115 revelatur,
2689 5046 2964 5111 ostendit,
2983 5061 3192 5112 eorum,
3211 5044 3511 5115 inquiens,

79 5150 312 5218 bantur,
346 5154 411 5206 et
448 5166 485 5205 a
519 5147 638 5203 Deo
673 5143 1084 5218 promulgatis.
1119 5143 1370 5214 Ideoque
1401 5141 1483 5196 ait
1507 5143 1754 5212 Aposto-
1863 5137 1960 5209 qui
1983 5139 2271 5192 veritatem
2293 5136 2394 5191 Dei
2414 5137 2472 5189 in
2500 5135 2778 5205 injustitia
2797 5133 3040 5189 detinent
3059 5134 3192 5206 (85).
3218 5134 3512 5205 Injustum

81 5237 203 5296 lus:
236 5240 452 5298 Iudaeo
484 5238 756 5310 primum.
1867 5226 2085 5298 quippe
2115 5229 2223 5292 est,
2257 5229 2321 5279 ut
2350 5224 2558 5294 honor,
2593 5222 2690 5293 qui
2724 5221 2977 5278 Creatori
3003 5222 3265 5292 debetur,
3284 5227 3516 5278 creatu-

149 5330 448 5403 Sequitur
477 5343 491 5384 :
526 5327 755 5383 Justitia
783 5326 934 5380 enim
962 5323 1061 5378 Dei
1089 5323 1147 5378 in
1166 5336 1226 5376 eo
1246 5317 1536 5374 revelatur
1563 5333 1632 5372 ea:
1658 5315 1761 5375 fide
1868 5332 1942 5370 rm
1969 5315 2284 5403 tribuatur.
2307 5311 2398 5403 illi
2430 5311 2914 5403 ergo‘veritatem,
2941 5311 2998 5403 id
3022 5316 3112 5368 est
3149 5311 3516 5403 divinitatem

89 5420 140 5473 in
162 5399 350 5490 ﬁdem.
377 5415 638 5475 Justitia
664 5413 900 5486 dicitur,
924 5408 1264 5486 quasijuris
1285 5411 1499 5464 status.
1519 5405 1762 5462 Justitia
1871 5404 1971 5459 Dei
1995 5403 2104 5475 (86)
2136 5401 2196 5457 in
2236 5400 2530 5472 injustitia
2559 5399 2844 5466 detinent,
2878 5400 3286 5471 qui,Creatore
3317 5399 3518 5457 relicto

167 5579 279 5651 (85)
315 5581 396 5660 In.
418 5575 802 5660 autographa
835 5576 969 5630 ante
999 5571 1244 5628 verbum
1277 5568 1556 5639 injustitia
1603 5567 1766 5622 deest
1873 5566 2059 5660 deest,
2093 5568 2151 5619 et
2173 5563 2255 5618 ita
2285 5561 2572 5617 habetur:
2602 5561 2963 5619 Divinitatem
2993 5562 3102 5618 Dei
3130 5561 3407 5634 injustitia
3434 5558 3524 5615 de-

96 5638 443 5723 prarpositio
477 5638 610 5723 in,"
686 5638 706 5648 ⁵
905 5715 964 5723 η
1041 5717 1050 5723 _
1333 5638 1341 5639 ί
1416 5708 1428 5721 ο
1494 5708 1543 5723 υ
1587 5707 1601 5723 ‘
1689 5711 1700 5723 ‘
1876 5638 2074 5694 tinent.

160 5707 276 5799 (8'6)
308 5723 425 5780 Hic
458 5719 648 5778 etiam
670 5715 1005 5793 praepositio
1027 5717 1110 5787 in,
1135 5728 1303 5771 secus
1327 5726 1395 5767 ac
1413 5708 1474 5766 in
1494 5707 1764 5783 Vulgata,

416 5849 691 5912 PATROL.
743 5843 1065 5907 CXXXIV.
3174 5834 3209 5892 5
