3946 6414
476 412 592 473 139

1497 398 1833 461 ATTONIS
1877 394 2467 458 VERCELLENSIS
2510 391 2860 454 EPISCOPI

3752 392 3848 454 “0

476 541 736 599 serviunt
757 539 1036 595 creatura:
1070 536 1203 606 (87).
1236 535 1404 602 Quia,
1438 532 1580 604 quod
1627 533 1816 585 notum
1860 532 1939 585 est
1996 529 2109 595 Dei,
2142 533 2197 598 Α
2296 525 2606 597 Sequitur:
2641 526 2890 579 Dicentes
2921 523 3070 577 enim
3117 537 3175 575 se
3224 536 3334 577 esse
3384 521 3672 593 sapientes,
3717 524 3849 578 stulti

476 632 832 699 manifestum
859 630 934 682 est
964 626 1020 680 in
1052 625 1187 679 illis.
1219 623 1321 677 Hic
1344 619 1816 676 subaudiendum
1851 622 1961 681 est,
1985 632 2115 683 esse,

479 724 546 774 ut
574 718 653 773 sit
681 730 921 772 sensus:
955 711 1220 768 Essentia
1248 715 1305 765 et
1334 708 1541 764 notitia
1568 706 1668 763 Dei
1692 707 2005 761 manifesta
2032 710 2122 761 est

479 804 620 861 illis.
653 807 767 859 Cur
794 806 989 858 autem
1023 801 1101 856 sit
1130 798 1437 853 manifesta
1466 794 1723 851 ostendit
1755 812 1768 850 :
1802 796 1943 849 Deus
1971 795 2122 848 enim

481 896 597 949 illis
615 892 1008 962 manifestavit.
1033 888 1166 953 Sed,
1192 886 1483 958 quomodo
1508 882 1985 948 manifestaverit,
2005 898 2121 936 non

481 974 1552 1039 evidenterostendit.Subaudiendum
1565 990 1699 1043 ergo
1718 978 1807 1027 est
1827 989 1839 1025 ε
1856 970 2121 1026 faciendo

482 1088 653 1143 opus,
680 1083 784 1141 per
814 1068 968 1139 quod
998 1066 1123 1136 ipse
1154 1063 1340 1136 possit
1370 1061 1607 1135 agnosci
1639 1063 1893 1117 Creator.
1918 1057 2122 1113 Omnis

482 1160 699 1231 quippe
727 1159 992 1211 creatura
1020 1153 1295 1225 praedicat
1324 1168 1386 1207 se
1418 1168 1533 1206 non
1567 1166 1694 1205 esse
1748 1148 2079 1204 Creatorem
2107 1164 2120 1214 ;

479 1244 803 1320 praesertim
823 1260 957 1298 cum
979 1241 1127 1297 nihil
1144 1246 1548 1296 creaturarum
1561 1237 1761 1294 omnia
1776 1237 1836 1292 in
1849 1235 2124 1291 omnibus

478 1331 919 1406 superet.Verbi
944 1328 1370 1402 gratia,coelum
1394 1326 1673 1399 praecellit
1694 1323 2121 1395 magnitudine,

480 1421 590 1488 sol,
620 1421 785 1487 luna,
808 1423 865 1474 et
884 1416 1064 1474 stellae
1087 1416 1372 1481 claritate,
1394 1420 1548 1470 terra
1570 1413 1866 1468 fertilitate
1889 1428 1902 1465 :
1938 1429 2003 1468 ac
2027 1427 2128 1482 per

488 1510 600 1565 hoc
630 1508 929 1564 evidenter
957 1504 1305 1572 ostenditur,
1327 1504 1481 1575 quod
1504 1502 1702 1557 omnia
1721 1501 1938 1556 habent
1955 1500 2127 1555 Crea-

482 1604 690 1664 torem,
723 1595 823 1667 qui
853 1610 921 1650 ea
950 1592 1228 1661 condidit,
1262 1592 1410 1664 regit
1438 1596 1496 1647 et
1515 1592 1824 1663 gubernat,
1848 1593 1905 1645 et
1931 1588 2130 1644 omnia

487 1684 778 1759 prmeedit.
812 1682 1127 1753 Sequitur:
1156 1681 1465 1736 Invisibilia
1493 1680 1641 1735 enim
1671 1680 1845 1750 ipsius
1896 1694 1997 1749 per
2042 1694 2126 1745 ea,

487 1789 614 1847 quae
640 1775 788 1844 facta
815 1773 961 1837 sunt,
992 1788 1027 1826 a
1054 1774 1307 1826 creatura
1346 1768 1545 1824 mundi
1589 1768 1868 1823 intellecta
1922 1768 2131 1837 conspi-

489 1865 732 1919 ciuntur.
766 1860 1107 1931 Sempilerna
1135 1874 1343 1929 quoque
1372 1858 1547 1912 virtus
1575 1857 1713 1928 ejus,
1765 1861 1816 1911 et
1863 1854 2130 1911 divinitas

488 1949 785 2006 intellecta
814 1946 1257 2018 conspiciuntur
1295 1963 1330 2001 a
1360 1949 1628 2000 creatura
1670 1944 1895 2013 mundi,
1942 1960 2046 2015 per
2065 1960 2133 1998 ea

489 2055 619 2111 qua:
651 2039 805 2093 facta
833 2041 1007 2092 sunt:
1040 2053 1073 2090 a
1101 2040 1367 2090 creatura
1396 2034 1613 2105 quippe
1634 2033 1862 2101 mundi,
1916 2033 1972 2086 id
2022 2036 2130 2098 est,

493 2128 568 2183 ab
599 2127 725 2198 ipso
754 2124 961 2180 mundi
992 2123 1248 2189 exordio,
1282 2139 1385 2194 per
1412 2122 1670 2177 visibiles
1702 2126 2021 2185 creaturas,
2051 2122 2134 2174 in-

487 2213 733 2270 visibilis
765 2212 1001 2283 agnosci
1034 2210 1225 2282 potuit
1254 2212 1507 2266 Creator.
1545 2210 1712 2273 Nam,
1747 2227 1881 2264 cum
1934 2208 2130 2263 Domi-

487 2321 601 2359 nus
626 2307 746 2357 tam
779 2300 1024 2371 pulchra
1052 2299 1374 2354 condiderit
1408 2298 1716 2363 elementa,
1750 2303 1813 2352 ut
1844 2313 1911 2352 ea
1941 2296 2130 2351 homi-

488 2409 613 2458 nes,
645 2389 815 2461 quasi
845 2389 983 2443 deos
1015 2389 1347 2452 adorarent,
1382 2386 1549 2442 facile
1579 2386 1850 2456 cognosci
1884 2389 2129 2456 poterat,

490 2478 632 2551 quia
656 2474 1193 2546 incomparabiliter
1224 2473 1523 2545 pulchrior
1573 2478 1698 2528 erat
1748 2474 1864 2539 ille,
1915 2474 2016 2545 qui
2065 2490 2134 2528 ea

491 2564 773 2623 condidit.
804 2562 1086 2619 Virtutem
1116 2561 1314 2631 itaque
1344 2565 1510 2617 vocat
1556 2561 1878 2615 divinitatis
1929 2567 2133 2631 poten-

492 2654 656 2723 tiam,
684 2668 812 2724 quaa
834 2650 1034 2706 omnia
1049 2651 1198 2720 regit
1220 2667 1233 2717 ;
1259 2649 1621 2704 divinitatem
1644 2665 1797 2714 vero,
1822 2649 2010 2719 ipsam
2034 2650 2135 2703 Dei

494 2743 884 2812 majestatem,
913 2755 1040 2810 qum
1072 2738 1255 2809 replet
1284 2738 1576 2793 universa.
1602 2736 1731 2791 Haec
1753 2738 1932 2807 enim,
1957 2736 2013 2791 id
2047 2741 2138 2791 est

492 2829 703 2895 virtus,
737 2832 795 2881 et
825 2825 1121 2893 divinitas,
1156 2841 1259 2896 per
1284 2824 1546 2880 visibiles
1596 2830 1894 2880 creaturas
1939 2829 2137 2897 potue-

496 2920 636 2973 runt
652 2914 889 2986 agnosci
914 2929 927 2969 :
951 2913 1052 2969 sed
1067 2913 1206 2983 quia
1227 2929 1342 2968 non
1365 2918 1504 2967 sunt
1522 2913 1735 2985 agnita,
1759 2912 1975 2968 idcirco
1997 2916 2138 2968 sunt

493 3002 917 3060 inexcusabiles
942 3019 954 3058 :
991 3002 1145 3056 unde
1174 3006 1230 3056 et
1260 3000 1569 3056 subditur:
1603 3003 1687 3057 Ita
1707 3010 1767 3056 ut
1786 3004 1899 3056 sint
1917 3004 2138 3057 inexcu-

490 3094 705 3149 sabiles.
738 3092 853 3147 Cur
882 3094 1076 3145 autem
1111 3089 1231 3143 sint
1260 3088 1707 3158 inexcusabiles,
1759 3091 2132 3145 manifestat:

493 3183 638 3255 Quia
663 3181 796 3235 dum
824 3180 1195 3249 cognovissent
1222 3179 1411 3246 Deum,
1442 3195 1556 3234 non
1581 3181 1723 3234 sicut
1750 3178 1920 3234 Deum
1971 3179 2137 3249 glori-

2224 617 2361 687 facti
2370 613 2750 681 suut,etc.Pro
2769 611 2979 683 peritia
3000 626 3255 681 namque
3270 610 3633 667 diversarum
3657 612 3845 666 artium

2229 721 2291 760 se
2312 704 2607 772 sapientes
2620 719 2747 758 esse
2760 703 2783 771 ,ᾗ
2794 701 3080 763 actabant,
3100 698 3348 771 ideoque
3369 699 3538 755 stulti
3565 700 3696 756 facti
3709 704 3843 756 sunt.

2229 793 2529 858 Quomodo
2547 796 2743 846 autem
2764 788 2930 844 stulti
2953 787 3089 843 factl
3113 787 3250 854 sint,
3275 788 3556 860 aperitur.
3584 805 3713 844 cum
3734 790 3846 844 sub-

2231 882 2429 937 ditur:
2491 884 2558 938 Et
2611 880 2961 933 mutaverunt
3015 878 3254 946 gloriam
3299 878 3730 949 incorruptibilis
3767 879 3848 934 Dei

2230 972 2287 1024 in
2319 969 2750 1024 similitudinem
2779 968 3040 1034 imaginis
3097 967 3478 1037 corruptibilis
3524 968 3772 1034 hominis,
3808 976 3848 1022 et

2230 1059 2533 1125 volucrum,
2568 1064 2621 1112 et
2650 1056 3083 1129 quadrupedum,
3107 1058 3158 1110 et
3177 1056 3532 1126 serpentium.
3557 1056 3659 1111 His
3682 1056 3849 1111 verbis

2232 1149 2473 1202 denotat
2500 1146 2817 1217 Apostolus
2847 1143 3249 1216 philosophos,
3276 1150 3333 1200 et
3354 1144 3651 1217 redarguit
3677 1148 3850 1217 poetas

2232 1236 2518 1308 gentium,
2552 1236 2873 1300 Socratem,
2904 1232 3228 1302 Platonem,
3259 1233 3656 1301 Aristotelem,
3695 1233 3850 1288 Zeno-

2235 1341 2389 1393 nem,
2422 1322 2755 1396 Virgilium,
2788 1322 3087 1388 Catonem,
3137 1320 3410 1376 Ovidium
3464 1321 3768 1387 Nasonem,
3807 1325 3852 1377 et

2234 1412 2601 1483 cmteros,qui
2622 1410 2944 1466 divinitatis
2968 1408 3252 1465 honorem
3268 1409 3517 1465 mortuis
3537 1409 3850 1465 hominibus

2234 1501 2314 1556 im
2321 1502 2670 1571 pendebant,
2677 1503 2949 1570 putantes
2963 1515 3060 1553 eos
3074 1497 3262 1570 magis
3285 1498 3397 1553 sibi
3420 1498 3693 1571 prodesse
3707 1513 3852 1570 posse

2237 1594 2371 1661 post
2395 1592 2664 1657 mortem,
2689 1603 2865 1658 quam
2887 1586 3028 1642 dum
3052 1587 3245 1643 adhuc
3265 1587 3563 1643 viverent:
3589 1604 3720 1643 nam
3740 1603 3850 1642 cum

2236 1677 2513 1747 viverent,
2548 1675 2778 1731 nullum
2809 1676 2894 1731 eis
2924 1674 3245 1731 divinitatis
3265 1675 3686 1747 impendebant
3704 1675 3851 1730 hono-

2238 1782 2382 1821 rem.
2416 1770 2486 1820 Et
2514 1769 2673 1832 nota,
2706 1764 2846 1835 quia
2873 1782 2990 1820 non
3014 1765 3117 1831 ait,
3140 1764 3200 1819 in
3224 1764 3670 1820 similitudinem
3689 1764 3851 1821 homi-

2238 1854 2354 1921 nis,
2386 1854 2508 1920 sed,
2541 1856 2602 1908 in
2629 1852 3054 1908 similitudinem
3089 1854 3353 1924 imaginis
3385 1854 3700 1910 hominum:
3744 1869 3850 1925 spe-

2243 1943 2388 1998 ciem
2401 1942 2619 2014 quippe
2640 1942 2882 1996 humani
2904 1942 3162 2014 corporis
3185 1942 3435 2000 formare
3457 1959 3574 1999 non
3597 1946 3849 2016 poterant,

2244 2032 2344 2085 sed
2361 2030 2810 2085 similitudinem
2834 2031 3130 2101 imaginis,
3152 2032 3585 2089 cuidivinitatis
3605 2032 3848 2087 honorem

2244 2118 2848 2189 impendebant.Quod
2863 2124 3058 2174 autem
3081 2123 3282 2191 gentes
3299 2120 3743 2178 similitudinem
3762 2120 3850 2190 (89)

2244 2207 2513 2261 humanm
2533 2207 2808 2277 imaginis
2832 2225 2933 2279 pro
2961 2214 3074 2263 Deo
3096 2208 3371 2278 colerent,
3394 2206 3849 2274 ostenditDaniel,

2243 2295 2343 2365 qui
2374 2296 2515 2349 dicit
2545 2296 2888 2367 Babylonios
2921 2298 3197 2352 adorasse
3247 2298 3697 2356 similitudinem
3727 2296 3849 2353 Belis

2242 2385 2405 2454 (Dan.
2449 2401 2562 2448 xw,
2596 2386 2690 2453 2):
2724 2385 2819 2440 Bel
2870 2403 3123 2457 namque
3177 2393 3340 2457 pater
3390 2387 3500 2442 fuit
3549 2387 3680 2443 Nini
3728 2386 3851 2458 regis

2240 2472 2633 2545 Assyriorum.
2668 2476 2915 2541 Rursus,
2948 2476 3103 2546 quod
3136 2481 3434 2546 serpentes
3454 2476 3708 2533 colerent
3725 2476 3850 2530 idem

2242 2561 2445 2615 Daniel
2475 2563 2857 2631 demonstrat,
2890 2564 2991 2634 qui
3025 2564 3292 2635 praefatos
3346 2565 3693 2638 Babylonios
3739 2563 3849 2619 dicit

2243 2650 2519 2704 adorasse
2548 2650 2884 2712 draconem.
2916 2652 3236 2722 quemipse
3262 2653 3576 2711 interfecit.
3611 2654 3850 2711 Colebant

2246 2736 2632 2793 nihilominus
2698 2738 3119 2793 similitudines
3183 2741 3665 2812 quadrupedum,
3729 2742 3851 2797 sicut

2244 2824 2496 2895 Egyptii
2528 2830 2739 2896 Apem.
2771 2826 2909 2897 Apis
2941 2827 3157 2882 etenim
3211 2846 3309 2883 rex
3358 2830 3470 2885 fuit
3518 2833 3851 2906 Argivorum,

2246 2912 2346 2982 qui
2380 2911 2624 2967 navibus
2651 2914 2721 2967 de
2737 2913 2956 2968 Graecia
2976 2919 3173 2971 vectus
3193 2916 3251 2970 in
3272 2917 3611 2992 Egyptum,
3634 2921 3708 2975 ibi
3731 2934 3853 2973 mor-

2245 3004 2385 3054 tuus
2406 3003 2495 3054 cst
2542 3005 2598 3054 et
2629 3000 2896 3071 sepultus
2925 3020 2939 3057 :
2991 3007 3048 3057 et
3079 3003 3217 3068 quia
3266 3005 3431 3075 prius
3460 3010 3512 3061 ei
3559 3008 3853 3065 sacriﬁcare

2246 3092 2736 3159 cmpcruntquam
2760 3090 3044 3161 templum
3066 3091 3253 3161 ipsius
3271 3094 3675 3164 aediﬁcaretur,
3697 3096 3855 3150 dictus

2247 3180 2335 3230 est
2365 3176 2639 3248 Serapis:
2675 3178 2829 3233 Seras
2859 3178 3015 3234 enim
3060 3181 3251 3236 Graece
3290 3184 3606 3254 sepulcrum
3651 3184 3854 3239 dicitur.

492 3272 810 3341 ﬁcaverunt,
842 3276 946 3323 aut
974 3269 1184 3337 gratias
1204 3270 1452 3337 egerunt,
1476 3272 1585 3322 etc.
1608 3267 1896 3322 Virtutem
1919 3269 2135 3338 quippe
2164 3263 2208 3327 C
2246 3264 2393 3319 Huic
2425 3271 2660 3321 taurum
2688 3268 3016 3323 sacriﬁcare
3047 3268 3348 3327 solebant:
3381 3273 3738 3346 undeetipse
3756 3278 3856 3327 tau-

494 3355 808 3413 invisibilis
838 3357 1104 3411 essentia:
1136 3372 1239 3427 per
1268 3355 1549 3423 visibiles,
1575 3358 1640 3410 ut
1660 3356 1883 3411 dictum
1900 3361 2011 3421 est,
2035 3372 2136 3427 po-

494 3450 733 3502 tuerunt
761 3460 1076 3517 agnoscere
1104 3448 1420 3499 creaturas.
1443 3444 1610 3511 Nam,
1634 3445 1903 3516 quamvis
1926 3461 2139 3500 nomen

498 3535 603 3592 Dei
634 3533 825 3589 adhuc
845 3536 999 3589 esset
1022 3531 1313 3603 ignotum,
1336 3533 1519 3588 virtus
1539 3538 1735 3588 tamen
1759 3539 1884 3588 erat
1902 3534 2142 3589 manife-

500 3630 628 3682 sta:
660 3624 817 3679 unde
846 3639 961 3677 non
992 3621 1324 3692 ignorantia
1343 3622 1474 3692 (88),
1494 3622 1596 3677 sed
1620 3622 1691 3676 de
1722 3621 2143 3693 gloriﬁcatione

503 3712 1033 3786 reprehenduntur,
1065 3726 1201 3765 cum
1230 3708 1481 3764 dicitur:
1514 3710 1633 3765 Non
1660 3712 1797 3764 sicut
1825 3710 1997 3764 Deum
2025 3710 2140 3779 glo-

497 3803 871 3874 riﬁcaverunt,
902 3798 962 3853 id
991 3803 1098 3865 est,
1129 3797 1391 3853 debitum
1419 3796 1501 3851 illi
1544 3798 1824 3853 honorem
1870 3814 1985 3852 non
2036 3797 2143 3851 im-

499 3891 787 3964 pederunt
811 3888 956 3944 Cum
987 3887 1143 3943 enim
1172 3891 1327 3942 Deus
1356 3885 1471 3942 illis
1503 3903 1617 3941 non
1650 3886 1840 3942 solum
1902 3884 2139 3941 utilissi-

494 3995 727 4036 marum
748 3976 1193 4048 disciplinarum
1210 3976 1476 4047 peritiam
1500 3975 1789 4044 tribuerit,
1815 3976 1914 4031 sed
1937 3976 2134 4043 etiam,

490 4072 558 4123 ut
586 4069 657 4123 de
685 4082 919 4123 summo
949 4066 1099 4120 bono
1132 4068 1489 4131 tractarent;
1535 4064 1669 4135 ipsi,
1702 4064 1944 4131 bonum,
1979 4065 2133 4135 quod

492 4156 807 4226 habebant,
829 4169 943 4210 non
970 4159 1103 4221 Deo,
1134 4153 1235 4208 sed
1261 4152 1373 4208 sibi
1393 4153 1735 4217 tribuentes,
1764 4169 2131 4223 nequaquam

492 4243 592 4299 Dei
619 4242 875 4315 gratuita
904 4241 1184 4308 bonitate,
1213 4240 1314 4295 sed
1347 4240 1472 4295 suis
1504 4256 1566 4294 se
1598 4239 1822 4295 meritis
1839 4240 2134 4310 accepisse

485 4333 820 4399 credebant,
855 4330 1101 4402 ideoque
1127 4334 1490 4385 evanuerunt
1520 4353 1534 4395 ;
1574 4329 1725 4383 unde
1770 4344 1905 4382 mox
1935 4331 2130 4399 sequi-

479 4425 608 4477 tur:
668 4419 771 4476 Sed
827 4422 1171 4474 evanuerunt
1217 4420 1279 4472 in
1333 4418 1747 4488 cogitationibus
1823 4418 1958 4484 suis,
2018 4424 2127 4473 etc.

2251 3370 2375 3424 rus,
2407 3355 2546 3425 Apis
2580 3356 2799 3411 dictum
2832 3362 2941 3425 est,
2974 3374 3149 3428 quem
3179 3361 3431 3432 ngyptii
3462 3378 3568 3433 pro
3605 3364 3712 3418 Deo
3740 3358 3856 3416 cole-

2250 3443 2564 3498 bant.ﬂinc
2585 3448 2692 3515 est,
2716 3446 2871 3517 quod
2894 3446 3000 3500 ﬁlii
3026 3447 3201 3503 Israel
3224 3449 3283 3503 in
3298 3450 3526 3506 deserto
3555 3446 3856 3507 similitudi-

2250 3549 2384 3587 nem
2413 3533 2582 3587 vituli
2614 3535 2895 3590 fecerunt.
2940 3536 3281 3593 Adorabant
3310 3543 3368 3593 et
3395 3538 3684 3609 volucres,
3729 3539 3853 3594 sicut

2249 3621 2501 3692 Egyptii
2531 3638 2817 3692 coracem,
2852 3623 2951 3695 qui
3011 3624 3215 3681 Latine
3263 3627 3480 3683 dicitur
3531 3630 3853 3703 nycticorax,

2251 3708 2421 3780 quasi
2452 3710 2636 3765 noctis
2649 3727 2875 3780 corvus,
2896 3717 2953 3768 et
2974 3713 3217 3770 Romani
3240 3732 3531 3773 anserem.
3552 3719 3676 3775 Non
3695 3717 3854 3774 solum

2248 3798 2395 3867 haec,
2423 3798 2522 3853 sed
2553 3804 2610 3854 et
2639 3799 2755 3855 alia
2785 3800 2970 3857 multa
2999 3801 3306 3873 colebant;
3342 3807 3495 3863 unde
3549 3808 3688 3864 dicit
3730 3803 3856 3862 Salo-

2249 3903 2416 3942 mon:
2449 3888 2693 3943 Mortuus
2712 3899 2993 3946 mortuum
3012 3892 3173 3963 ﬁngit
3198 3896 3454 3950 manibus
3475 3898 3687 3969 iniquis
3729 3895 3853 3966 (Sap.

2246 3976 2493 4048 xv,17):
2526 3982 2580 4031 et
2630 3977 2976 4037 Psalmista:
3037 3982 3350 4039 Simulacra
3394 3988 3643 4054 gentium
3685 3999 3854 4055 argen-

2245 4073 2360 4119 tum
2388 4074 2439 4120 et
2466 4082 2670 4121 aurum
2698 4070 2872 4135 (Psal.
2905 4086 3064 4139 cxm,
3102 4073 3175 4140 1).
3226 4077 3512 4131 Praeterea
3560 4074 3855 4135 sciendum,

2246 4153 2387 4222 quia
2418 4171 2573 4209 nunc
2606 4156 2781 4211 etiam
2815 4157 3083 4215 homines
3131 4160 3287 4217 idola
3324 4163 3545 4235 colunt,
3591 4160 3854 4235 diligendo

2244 4242 2432 4312 magis
2462 4248 2783 4300 creaturam
2829 4264 3010 4317 quam
3058 4253 3432 4308 Creatorem:
3465 4254 3627 4309 verbi
3672 4251 3851 4325 gratia,

2240 4328 2509 4400 glutoncs
2564 4334 2753 4404 magis
2794 4334 3048 4407 diligunt
3094 4344 3358 4395 ventrem
3409 4358 3589 4412 quam
3655 4342 3848 4397 Deum:

2238 4417 2497 4488 glutonis
2528 4438 2664 4492 ergo
2695 4427 2849 4479 Deus
2890 4431 3092 4482 venter
3145 4432 3274 4497 est;
3323 4431 3479 4486 unde
3525 4428 3848 4504 Apostolus:

481 4508 723 4589 Nullum
754 4507 969 4579 quippe
1001 4507 1195 4578 majus
1220 4522 1564 4562 evanescere
1597 4510 1705 4573 est,
1740 4522 1916 4577 quam
1950 4523 1983 4561 a
2011 4507 2128 4562 Deo
2239 4510 2483 4576 Quorum
2506 4512 2646 4566 Deus
2673 4518 2862 4569 venter
2886 4520 2963 4571 est
3000 4525 3051 4573 et
3076 4519 3255 4588 gloria
3293 4521 3353 4574 in
3392 4523 3708 4593 confusione
3758 4514 3849 4589 (90)

479 4600 783 4686 acceptum
817 4595 1038 4649 bonum
1071 4595 1182 4686 sib_i
1212 4594 1489 4686 tribuere.
1534 4598 1607 4649 Et
1655 4596 2005 4651 obscuratum
2050 4604 2129 4651 est
2154 4622 2202 4686 D
2236 4599 2496 4667 ipsorum.
2552 4600 2608 4655 Si
2667 4618 2803 4675 ergo
2851 4603 3109 4681 glutonis
3136 4613 3305 4664 Deus
3353 4615 3574 4679 venter,
3618 4615 3675 4666 et
3716 4602 3848 4663 avari

478 4684 745 4753 insipiens
773 4698 867 4737 cor
895 4698 1102 4738 eorum.
1137 4683 1295 4753 Ecce,
1340 4684 1482 4738 dicit
1516 4683 1854 4755 Apostolus,
1887 4701 1985 4739 cor
2022 4701 2123 4740 eo-
2155 4683 2191 4686 ⁷
2233 4702 2461 4758 aurum,
2495 4705 2561 4744 ac
2592 4707 2694 4761 per
2717 4690 2827 4746 hoc
2876 4691 3118 4765 impuri,
3168 4701 3227 4751 et
3285 4697 3537 4755 adulteri
3584 4699 3732 4756 Deus
3773 4694 3847 4749 est

476 4787 610 4826 rum
642 4771 1039 4825 obscuratum.
1071 4771 1180 4824 Sed
1240 4772 1388 4826 unde
1436 4773 1818 4829 obscuratum
1869 4774 1947 4829 sit
2004 4791 2120 4829 non
2231 4781 2509 4833 scortum.

473 4860 751 4949 ostendit.
788 4857 1245 4949 Intelligendum
1276 4875 1412 4930 ergo
1436 4864 1545 4925 est,
1580 4862 1717 4949 quia
1738 4864 2115 4919 obscuratum
2300 4865 2614 4937 Sequitur:
2645 4869 2873 4940 Pr0pter
2896 4872 3037 4942 quod
3065 4874 3310 4930 tradidit
3338 4892 3425 4932 eos
3475 4877 3588 4949 (91)
3626 4878 3755 4933 Deus
3797 4874 3845 4926 in

474 4945 631 5035 nube
679 4946 950 5035 humana:
981 4944 1210 5000 laudis:
1246 4962 1350 5035 pro
1397 4948 1648 5017 acceptis
1693 4953 1908 5021 quippe
1948 4953 2116 5008 bonis
2226 4953 2501 5009 desideria
2548 4956 2726 5011 cordis
2773 4974 2981 5029 eorum,
3027 4967 3137 5017 etc.
3194 4965 3358 5029 Quod
3410 4944 3579 5035 dicit,
3620 4962 3841 5027 tradidit,

468 5032 791 5121 humanam
830 5033 1068 5089 laudem
1101 5033 1459 5121 quaerebant,
1494 5039 1550 5087 et
1579 5035 1706 5089 ideo
1760 5036 1976 5093 factum
2025 5044 2115 5094 est
2224 5040 2674 5113 intelligendum
2694 5051 2801 5113 est,
2822 5049 2973 5104 tradi
2989 5054 3243 5121 permisit
3263 5071 3283 5107 :
3307 5032 3843 5110 sicutdiciturDeus

466 5117 754 5217 insipiens
784 5137 890 5217 cor.
907 5137 1129 5176 eorum.
1165 5120 1453 5192 Insipiens
1483 5121 1641 5176 enim
1673 5139 1770 5177 cor
1794 5123 1935 5180 illud
1960 5133 2113 5183 recte
2221 5128 2531 5186 indurasse
2551 5148 2649 5187 cor
2673 5117 3016 5209 Pharaonis,
3044 5156 3109 5194 eo
3130 5143 3283 5211 quod
3307 5144 3520 5199 durum
3545 5161 3659 5200 non
3680 5138 3844 5198 molli-

468 5207 701 5277 dicitur,
726 5210 893 5305 quod
925 5214 1229 5305 acceptum
1259 5209 1483 5305 bonum
1517 5210 1629 5264 sibi
1655 5210 1886 5305 tribuit,
1920 5218 1977 5267 et
2006 5232 2109 5285 pro
2220 5218 2429 5273 ﬁcavit.
2448 5220 2629 5275 Sedin
2646 5221 2753 5277 hoc
2768 5225 2920 5281 dicto
2936 5207 3839 5305 animaduertendumestquanta

462 5308 551 5367 ΘΟ,
579 5305 696 5352 non
725 5296 851 5362 Dei,
883 5297 984 5352 88d
1016 5313 1186 5352 suam
1216 5296 1464 5368 gloriam
1488 5299 1715 5370 quaerit.
2050 5368 2063 5373 _
2222 5306 2300 5361 sit
2330 5306 2536 5364 divinae
2562 5311 2798 5383 pietatis
2822 5314 3122 5374 miseratio
3148 5337 3162 5375 :
3187 5338 3303 5377 non
3324 5322 3482 5378 enim
3504 5296 3739 5379 tradidit
3755 5331 3837 5375 eos

674 5402 1506 5558 {gignenda
1526 5475 1953 5558 praPositioﬂe
1970 5485 2101 5558 aII-te
2211 5411 2640 5558 Spsdgtexsrprbum
2662 5420 3109 5493 similitudinem,
3137 5427 3293 5483 unde
3312 5432 3695 5502 expungenda
3710 5420 3834 5482 mihi

458 5544 1090 5642 ze‘rbumni‘gﬁnorantia,
1125 5544 1255 5615 quae
1280 5550 1478 5602 tamen
1526 5544 1814 5619 particula
1844 5549 2009 5606 deest
2039 5551 2098 5607 in
2282 5556 2671 5642 (£20).Philipp.
2706 5578 2789 5629 ιιι,
2825 5564 2922 5642 19.Δ
2972 5566 3036 5620 In
3089 5570 3455 5642 autographa
3500 5571 3744 5628 habetur
3785 5566 3835 5622 in

1074 5614 1082 5616 ρ
1154 5614 1157 5615 ν
1527 5614 1547 5619 -
2286 5614 2296 5625 ι
2374 5614 2419 5637 ι,
2574 5614 2632 5631 ..
2972 5614 3036 5620 --
3090 5614 3454 5642 ---νει-την
3500 5614 3700 5628 ...ων-.-

462 5614 979 5773 ωἶὲᾍῗτὲἒξὲἑωω
1010 5685 1071 5744 in
1100 5687 1462 5767 autographo
1492 5690 1825 5766 praepositio
1858 5692 1921 5750 in
1950 5709 2094 5768 prss-
2204 5628 2877 5781 coiiii'igextgﬁﬁgg
2902 5637 3521 5791 égsyslcigaitiil'Vulgata
3551 5714 3700 5775 illos.
