3946 6408
81 419 178 479 141

658 414 1076 478 EXPOSITIO
1121 416 1196 474 ΙΝ
1245 414 1678 476 EPISTOLAS
1723 414 1976 476 PAULI.
2016 450 2092 461 —
2137 419 2213 478 IN
2256 419 2505 482 EPIST.
2553 424 2658 483 AD
2705 425 2894 486 ROM.

3370 434 3487 491 “2

78 554 210 606 Deus
241 548 301 604 in
333 548 653 619 contraria,
685 549 786 605 sed
815 548 875 603 in
910 547 1110 604 suavia
1137 551 1194 603 et
1223 546 1592 604 delectabilia
1617 564 1630 602 :
1659 552 1717 603 et
1744 550 1799 615 Α
1830 547 1977 603 sculi
2011 549 2068 604 in
2102 552 2399 609 masculos
2418 554 2776 627 turpidinem
2835 559 3251 631 operabantur,
3310 563 3390 619 ita
3430 569 3489 621 et

75 641 170 695 hoc
198 642 284 694 est
313 638 471 710 quod
504 637 669 707 dicit,
701 640 764 692 in
805 637 1079 693 desideria
1134 637 1312 693 cordis
1359 653 1566 693 eorum.
1602 637 1719 692 Cur
1828 637 2057 694 feminm
2089 643 2245 711 turpi
2301 643 2592 700 desiderio
2649 645 2900 703 feminas
2957 650 3327 721 appetebant.
3380 657 3486 709 No-

72 734 250 784 autem
281 742 385 784 eos
442 726 596 782 tradi
654 726 1010 798 permiserit,
1072 726 1327 782 ostendit
1369 743 1381 780 :
1422 728 1485 784 Ut
1529 734 1717 783 contu-

68 816 239 873 meliis
254 830 489 889 corpora
518 832 622 871 sua
649 817 907 888 afﬁciant
937 816 1051 887 (92)
1084 818 1145 871 in
1200 818 1523 888 semetipsis.
1570 820 1716 871 Con-

71 906 307 963 tumelia
339 909 484 962 sunt
515 905 851 978 opprobria.
887 904 1274 961 Contumeliis
1306 920 1443 977 ergo
1474 921 1718 977 corpora

67 1013 164 1052 sua
183 994 578 1066 afﬁciunt,qui
604 999 843 1067 peccata
864 995 1203 1066 peccatis,et
1213 984 1355 1050 vitia
1369 994 1524 1049 vitiis
1540 1010 1716 1049 accu—

67 1084 292 1142 mulant.
326 1084 514 1140 Omne
544 1083 704 1139 enim
736 1090 1066 1156 peccatum,
1098 1084 1254 1155 quod
1315 1083 1491 1139 homo
1522 1082 1716 1154 primo

67 1174 387 1245 committit,
411 1171 528 1229 nisi
552 1172 665 1229 cito
690 1188 792 1245 per
812 1172 1220 1245 paenitentiam
1273 1172 1619 1244 corrigatur,
1653 1172 1719 1226 fit

61 1280 223 1320 causa
235 1262 463 1336 peccati
482 1280 494 1330 ;
511 1261 794 1334 quoniam
810 1278 879 1317 ex
892 1278 959 1317 eo
983 1262 1249 1317 nascitur
1269 1261 1519 1317 alterum
1540 1261 1716 1333 :quod

58 1352 158 1408 nisi
187 1369 398 1409 rursus
429 1352 781 1424 corrigatur,
818 1350 884 1406 fit
941 1368 1115 1423 pcena
1172 1351 1394 1422 peccati
1453 1354 1509 1406 et
1537 1366 1717 1405 causa

60 1441 280 1513 peccati,
317 1457 492 1513 pcena
522 1439 910 1512 praecedentis
943 1444 1002 1494 et
1033 1456 1216 1496 causa
1242 1439 1567 1511 sequentis.

118 1529 429 1602 Sequitur:
465 1529 574 1598 Qui
624 1531 1104 1584 ‘commutaverunt
1148 1530 1438 1584 veritatem
1498 1529 1600 1583 Dei
1653 1529 1714 1582 in

58 1618 428 1676 mendacium.
451 1618 772 1674 Veritatem
800 1622 968 1673 vocat
1007 1617 1336 1673 divinitatis
1365 1615 1706 1689 potentiam.

60 1708 368 1764 Veritatem
401 1723 541 1781 ergo
571 1707 670 1763 Dei
698 1707 758 1763 in
790 1706 1169 1762 mendacium
1219 1710 1566 1772 commutat,
1608 1705 1711 1776 qui

60 1797 311 1853 debitum
345 1792 605 1853 Creatori
628 1795 909 1853 honorem
932 1795 1144 1851 tribuit
1172 1800 1473 1851 creatum.
1505 1795 1574 1850 Et
1601 1794 1712 1849 hoc

1830 728 2076 783 tandum
2096 729 2447 803 igitur,quia
2470 749 2585 789 non
2612 734 3097 802 ait,mutaverunt
3117 739 3485 812 conjugalem

1827 832 2027 883 usum,
2049 819 2150 873 sed
2176 822 2489 877 naturalem
2508 840 2532 888 ;
2559 823 2895 897 quicunque
2911 826 3067 882 enim
3091 828 3357 885 membra
3376 846 3486 887 sua

1826 903 1947 961 illis
2005 908 2290 965 membris
2343 909 2571 978 miscet,
2624 927 2752 983 quae
2813 918 2964 970 Deus
2994 916 3212 973 creavit
3240 917 3313 973 ad
3343 935 3484 990 pro-

1828 996 2110 1078 creandas
2133 1013 2193 1052 so
2203 997 2500 1065 boles,etsi
2523 999 2644 1055 sint
2664 1002 2930 1059 membra
2950 1004 3293 1077 meretricis,
3309 1011 3483 1063 natu-

1827 1082 1969 1139 ralis
1991 1088 2081 1139 est
2095 1101 2261 1151 usus,
2278 1088 2551 1159 quamvis
2575 1088 2814 1147 illicitus
2840 1092 3188 1150 concubitus
3206 1115 3220 1165 ;
3238 1094 3482 1166 quivero

1827 1170 1945 1227 illis
1967 1174 2097 1244 conj
2107 1175 2431 1247 ungit,quas
2450 1180 2605 1233 Deus
2627 1195 2744 1235 non
2767 1181 2981 1236 creavit
2997 1182 3070 1237 ad
3092 1185 3483 1254 procreandas

1827 1259 2080 1329 soboles,
2103 1262 2214 1317 etsi
2235 1265 2505 1321 membra
2531 1265 2649 1321 sint
2669 1266 2888 1335 uxoris,
2914 1284 3029 1323 non
3049 1273 3249 1326 tamen
3270 1274 3359 1326 est
3379 1287 3480 1327 na-

1824 1349 2033 1405 turalis
2057 1352 2300 1407 usus.Et
2322 1352 2449 1408 ideo
2471 1353 2615 1409 dicit
2631 1356 2947 1426 Apostolus
2972 1374 2986 1413 :
3009 1357 3284 1414 Similiter
3296 1362 3483 1415 autem

1823 1442 1875 1494 et
1896 1440 2151 1509 masculi,
2185 1441 2377 1497 relicto
2408 1444 2663 1498 naturali
2703 1459 2809 1499 usu
2851 1447 3093 1516 femina,
3146 1454 3485 1504 exarserunt

1822 1529 1883 1581 in
1905 1527 2197 1584 desideriis
2212 1532 2352 1599 suis,
2384 1532 2622 1587 invicem
2641 1533 2879 1589 masculi
2907 1535 2968 1589 in
2995 1535 3268 1591 masculos
3296 1540 3483 1609 turpi-

1824 1616 2070 1672 tudinem
2100 1623 2411 1689 operantes.
2442 1620 2807 1688 Exarserunt,
2840 1621 3056 1693 inquit,
3086 1622 3144 1678 id
3176 1628 3267 1679 est
3296 1624 3483 1681 incre-

1823 1705 1990 1761 dibili
2021 1707 2229 1763 ardore
2259 1706 2524 1765 libidinis
2545 1710 2777 1766 accensi
2808 1715 2948 1767 sunt
2976 1711 3111 1783 (97),
3136 1712 3307 1784 juxta
3336 1712 3483 1769 illud

1828 1794 2166 1867 prophetae:
2226 1797 2517 1854 Ambulate
2567 1798 2629 1853 in
2687 1799 2900 1855 lumine
2953 1782 3102 1869 ignis
3141 1782 3320 1856 uestri
3349 1803 3488 1857 etin

58 1890 153 1953 est,
178 1886 339 1958 quod
371 1885 677 1958 sequitur:
714 1888 777 1941 Et
806 1886 1116 1985 coluerunt,
1147 1888 1201 1985 et
1223 1885 1537 1985 servierunt
1560 1899 1709 1939 crea-
1742 1919 1792 1985 Β
1820 1885 2084 1985 ﬂammis,
2144 1901 2278 1957 quas
2335 1886 2694 1943 succendistis
2741 1888 2875 1960 (98).
2937 1888 3005 1944 Et
3058 1887 3233 1946 item:
3286 1890 3482 1947 Omnes

54 1977 211 2043 tui-se,
230 1976 418 2047 potius
432 1991 597 2048 quam
622 1974 889 2032 Creatori.
917 1973 1021 2031 His
1037 1973 1232 2031 verbis
1249 1973 1565 2046 Apostolus
1594 1989 1713 2029 non
1742 1973 1790 1985 ”
1821 1973 2196 2032 adulterantes
2247 1977 2376 2048 (Isa.
2439 1994 2489 2049 ι,
2550 1978 2660 2049 11),

58 2064 403 2120 condemnat
432 2069 801 2131 creaturam;
836 2063 938 2135 qui
998 2063 1156 2119 enim
1211 2068 1542 2120 creaturam
1573 2078 1712 2118 con-

55 2152 307 2222 demnat,
338 2154 598 2209 Creatori
632 2152 912 2224 injuriam
945 2151 1104 2218 facit,
1140 2151 1281 2223 quia
1330 2151 1503 2207 bonis
1553 2150 1714 2206 illius

58 2241 198 2298 male
216 2242 445 2298 utitur:
477 2247 738 2299 attamen
761 2241 888 2314 ipse
918 2241 1079 2297 novit
1098 2242 1265 2310 juste
1294 2240 1628 2312 disponere,
1659 2246 1718 2295 et

53 2331 318 2387 ordinare
351 2330 631 2387 militiam
679 2346 905 2399 eorum,
970 2345 1122 2400 quos
1176 2327 1335 2384 videt
1386 2327 1561 2384 bonis
1590 2328 1717 2383 suis

56 2420 262 2491 injuste
296 2421 410 2477 uti.

106 2509 430 2582 Sequitur:
469 2508 579 2577 Qui
631 2507 748 2580 (93)
801 2515 879 2563 est
936 2507 1079 2563 Deus
1132 2505 1247 2577 (94)
1306 2505 1618 2561 benedictus
1656 2507 1717 2560 in

51 2600 263 2654 secula.
296 2599 493 2653 Amen.
530 2597 741 2652 Iisdem
772 2594 1213 2667 verbis,quibus
1244 2610 1401 2650 nunc
1423 2594 1494 2650 de
1523 2593 1713 2663 Patre,

51 2687 174 2743 alibi
195 2686 389 2743 etiam
404 2686 477 2741 de
495 2684 635 2741 Filio
658 2683 1074 2751 utitur,dicens
1089 2699 1103 2739 :
1120 2684 1365 2750 Quorum
1371 2685 1718 2753 patres,etea:

53 2777 235 2846 quibus
270 2774 545 2844 Christus,
578 2775 679 2845 qui
704 2780 786 2829 est
819 2772 1135 2828 benedictus
1179 2772 1239 2826 in
1294 2770 1498 2825 secula
1536 2784 1714 2827 saecu-

54 2865 238 2921 lorum.
264 2866 446 2934 (Rom.
472 2879 549 2931 1x,
582 2864 659 2934 5).
682 2864 761 2917 Ac
790 2877 894 2933 per
922 2861 1033 2917 hoc
1060 2860 1229 2916 Pater
1256 2862 1316 2915 et
1346 2858 1527 2915 Filius
1558 2875 1714 2914 unus

56 2959 132 3010 est
158 2955 341 3011 Deus.

116 3044 225 3115 (95)
248 3042 905 3115 Sequitur;Propterea
940 3038 1173 3094 tradidit
1193 3053 1284 3094 eos
1333 3038 1444 3109 (96)
1490 3037 1631 3092 Deus
1650 3038 1712 3092 in

56 3133 326 3201 passiones
359 3129 708 3202 ignominia.
767 3128 995 3184 Dixerat
1047 3127 1359 3200 superius:
1403 3130 1711 3181 commuta-

2737 1979 2896 2051 quasi
2974 1977 3235 2035 clibanus
3317 1979 3484 2037 corda

1820 2080 2029 2120 eorum.

1896 2152 2215 2224 Sequitur:
2251 2155 2314 2208 Et
2369 2153 2692 2220 mercedem,
2750 2170 2915 2225 quam
2969 2156 3236 2226 oportuit,
3273 2158 3483 2213 erroris

1826 2241 1917 2294 sui
1938 2241 2000 2294 in
2026 2242 2330 2312 semetipsis
2360 2236 2698 2311 recipientes.
2724 2241 3070 2313 Mercedem,
3102 2259 3279 2315 quam
3312 2260 3485 2317 opor-

1824 2327 2028 2393 tuit,in
2045 2328 2384 2400 semetipsis
2404 2332 2750 2401 receperunt
2764 2329 2875 2402 (99)
2892 2347 2906 2399 ;
2922 2329 3061 2401 quia
3072 2329 3484 2403 derelinquen-

1825 2419 1915 2471 tes
1948 2420 2152 2482 Deum,
2185 2416 2446 2472 derelicti
2478 2420 2619 2473 sunt
2648 2417 2720 2473 ab
2752 2433 2857 2485 eo;
2890 2418 2962 2474 ad
2994 2417 3103 2474 hoc
3134 2418 3292 2474 enim
3322 2420 3483 2476 dere-

1825 2501 2147 2575 liquerunt,
2170 2507 2238 2559 ut
2260 2502 2888 2575 derelinquerentur,et
2913 2504 3029 2574 bis,
3062 2522 3190 2578 qua
3220 2522 3479 2579 sequun-

1823 2596 1940 2657 tur,
1974 2591 2321 2648 criminibus
2353 2591 2584 2659 irretiti,
2618 2597 3005 2665 agnoscerent
3054 2610 3231 2667 quem
3262 2593 3479 2652 dereli-

1824 2680 2249 2750 querunt.Nam
2273 2680 2412 2752 quia
2433 2686 2759 2753 peccatum,
2785 2683 2941 2754 quod
2963 2682 3154 2755 primo
3175 2683 3480 2741 commise-

1824 2772 1983 2835 runt,
2017 2769 2333 2826 noluerunt
2362 2769 2541 2843 digna
2570 2770 2973 2828 satisfactione
3002 2771 3307 2844 corrigere,
3347 2773 3477 2829 ideo

1813 2859 1978 2930 justo
2012 2858 2112 2914 Dei
2134 2859 2358 2930 judicio
2390 2859 2586 2916 traditi
2610 2864 2750 2916 sunt
2776 2859 2869 2917 his
2898 2860 3079 2926 vitiis,
3112 2878 3218 2934 pro
3259 2861 3478 2934 quibus

1822 2947 2084 3004 atrocius
2112 2948 2489 3020 punirentur.

1894 3037 2209 3108 Sequitur:
2244 3039 2309 3092 Et
2336 3038 2481 3093 sicut
2520 3053 2631 3094 non
2672 3037 3041 3106 probaverunt
3067 3039 3238 3094 Deum
3280 3037 3478 3095 habere

1821 3126 1880 3181 in
1901 3127 2163 3182 notitiam
2184 3125 2354 3196 (100),
2378 3124 2611 3181 tradidit
2631 3141 2722 3181 eos
2753 3125 2902 3197 (101)
2923 3126 3064 3182 Deus
3094 3128 3156 3181 in
3185 3126 3475 3198 reprobum

56 3225 235 3277 verunt
264 3222 562 3277 veritatem
603 3220 705 3274 Dei
735 3221 795 3273 in
823 3216 1209 3274 mendacium:
1267 3215 1487 3286 quibus
1516 3214 1709 3270 verbis
1752 3281 1782 3286 _
1819 3230 2059 3271 sensum.
2088 3212 2425 3268 Notandum
2447 3212 2557 3269 hoc
2588 3212 2714 3269 loco
2745 3214 2885 3285 quia
2920 3230 3034 3271 non
3089 3215 3191 3285 ait,
3225 3232 3341 3270 non
3371 3230 3472 3271 co-

58 3312 295 3367 ostendit
323 3326 430 3366 eos
458 3309 590 3364 ideo
616 3306 946 3373 derelictos,
987 3306 1127 3377 quia
1156 3281 1473 3361 Dominum
1505 3302 1710 3359 dereli—
1740 3281 1783 3348 Ο
1821 3306 2149 3376 gnoverunt
2170 3306 2374 3369 Deum,
2400 3302 2527 3367 sed,
2548 3317 2659 3358 non
2679 3281 3055 3369 probaverunt
3078 3281 3252 3360 Deum
3275 3303 3476 3361 habere

60 3400 601 3471 quernnt;ideoque
621 3396 799 3453 dicit:
832 3397 1152 3467 Propterea,
1185 3398 1294 3449 etc.
1315 3392 1557 3447 Tradidit
1576 3408 1710 3447 vero

59 3487 131 3544 ita
153 3487 372 3561 acccipi
393 3487 663 3557 debet,ut
681 3485 906 3541 dictum
928 3480 1355 3539 est.Passiones
1377 3479 1711 3553 ignominiae

61 3583 209 3634 vocat
230 3579 497 3651 peccata,
523 3591 651 3647 quae
674 3574 923 3629 inferius
944 3571 1246 3643 descripta
1269 3574 1429 3626 sunt.
1456 3569 1711 3642 Ignomi-

63 3666 147 3722 nia
173 3667 329 3723 dicta
350 3671 467 3732 est,
498 3680 566 3721 eo
583 3663 737 3737 quod
766 3662 842 3718 sit
863 3661 989 3718 sine
1011 3659 1268 3727 nomine,
1293 3658 1447 3715 sicut
1472 3657 1709 3714 infamis

64 3754 175 3811 sine
202 3756 385 3826 fama,
418 3757 480 3811 et
507 3750 788 3826 ignobilis
813 3749 941 3807 sine
998 3748 1338 3805 nobilitate:
1372 3747 1711 3820 quicunque

70 3844 210 3900 enim
233 3845 292 3900 in
320 3848 557 3915 stupro,
591 3840 1060 3908 fornicatione,et
1079 3836 1364 3894 adulterio
1386 3837 1710 3909 deprehen-

72 3931 234 4004 ditur,
256 3936 413 3989 recte
443 3930 664 3987 dicitur
690 3927 971 4001 ignobilis
997 3931 1055 3983 et
1073 3926 1508 3998 ignominiosus
1533 3942 1547 3993 ;
1572 3924 1713 3997 quia

66 4026 202 4078 caret
231 4021 567 4079 nobilitate.
624 4022 908 4074 Praeterea
962 4032 1135 4072 omne
1189 4018 1492 4086 peccatum
1541 4013 1713 4085 igno-

68 4110 230 4166 minia
257 4111 500 4179 dicitur,
534 4109 676 4181 quia
694 4111 855 4164 caret
876 4105 1114 4161 nomine
1142 4108 1367 4159 natura:
1394 4120 1407 4171 ;
1433 4104 1713 4174 quoniam

68 4214 165 4253 non
193 4204 279 4256 est
306 4216 342 4255 a
370 4200 494 4256 Deo
527 4201 811 4264 creatum,
871 4194 973 4251 sed
1033 4211 1068 4249 a
1125 4191 1358 4248 diabolo
1387 4191 1713 4247 inventum.

70 4285 349 4349 Quomodo
361 4294 568 4345 autem
580 4285 784 4341 traditi
798 4289 942 4340 sunt
954 4282 1013 4337 in
1030 4282 1340 4354 passiones
1356 4280 1714 4353 ignominiaa,

71 4379 327 4449 aperitur,
357 4394 499 4434 cum
534 4375 812 4455 subditur
839 4390 852 4430 :
889 4376 1035 4429 Nam
1055 4373 1282 4443 feminae
1303 4386 1491 4425 eorum
1513 4370 1716 4425 immu-

73 4467 301 4523 taverunt
320 4464 656 4523 naturalem
674 4480 834 4519 usum
854 4463 912 4517 in
933 4478 1061 4517 eum
1090 4476 1255 4515 usum
1293 4460 1392 4531 qui
1435 4462 1513 4515 est
1531 4467 1719 4515 contra

74 4562 329 4613 naturam.
358 4558 461 4612 Hic
492 4554 813 4627 Apostolus
837 4568 941 4624 per
961 4548 1350 4622 periphrasim
1376 4548 1576 4604 vitavit
1597 4564 1718 4604 rem

1820 3395 1881 3448 in
1900 3394 2174 3448 notitiam.
2204 3396 2381 3446 Deum
2399 3406 2655 3462 namque
2674 3406 3046 3463 cognoscere,
3068 3395 3157 3448 est
3182 3408 3288 3464 per
3307 3407 3475 3448 crea-

1820 3487 1987 3536 turas
2017 3478 2344 3551 intelligere
2399 3479 2769 3547 Creatorem;
2820 3480 3004 3535 Deum
3060 3496 3195 3536 vero
3226 3480 3475 3553 probare

1821 3569 2036 3625 habere
2066 3567 2124 3622 in
2159 3566 2385 3637 notitia,
2418 3565 2605 3622 oculis
2633 3583 2769 3623 eum
2819 3567 3030 3623 mentis
3077 3584 3308 3639 semper
3326 3584 3470 3639 prie-

1821 3662 2048 3714 sentem
2079 3655 2315 3723 habere,
2348 3659 2405 3710 et
2434 3655 2719 3721 timendo,
2751 3654 2889 3711 vitia
2916 3654 3226 3712 declinare.
3251 3655 3470 3728 Repre-

1820 3747 1961 3802 bum
1992 3749 2187 3801 autem
2211 3760 2474 3808 sensum,
2499 3743 2639 3799 dicit
2667 3759 3027 3816 perversum,
3088 3744 3159 3801 de
3188 3760 3304 3816 quo
3334 3759 3472 3802 mox

1820 3835 2132 3892 subditur:
2172 3834 2236 3891 Ut
2260 3832 2476 3907 faciant
2504 3848 2589 3899 ea,
2619 3849 2739 3905 qua
2757 3850 2869 3891 non
2895 3834 3222 3890 conveniunt
3246 3851 3258 3890 :
3283 3833 3342 3890 id
3361 3837 3467 3900 est,

1822 3940 1950 3997 quas
1972 3924 2131 3995 leges
2163 3922 2372 3978 divinae
2394 3927 2789 3978 exsecrantur.
2814 3923 2963 3979 Nam
2986 3922 3255 3994 quamvis
3275 3923 3478 3980 omnia

1823 4017 2062 4087 peccata
2083 4011 2199 4067 Deo
2221 4010 2603 4066 exsecrabilis.
2623 4015 2782 4079 sunt,
2810 4010 2912 4067 illa
2930 4015 3127 4066 tamen
3150 4027 3266 4082 pra:
3284 4012 3474 4066 omni-

1824 4102 1939 4157 bus
1968 4092 2420 4156 exsecrabiliora
2449 4102 2607 4167 sunt,
2626 4115 2753 4170 quis
2784 4099 2937 4154 fiunt
2957 4104 3160 4155 contra
3180 4104 3476 4157 naturam.

1827 4195 2073 4262 Propter
2101 4188 2223 4245 haec
2254 4188 2411 4244 enim
2444 4188 2631 4244 factus
2661 4192 2752 4245 est
2806 4187 3219 4258 cataclysmus,
3282 4187 3338 4243 id
3369 4191 3477 4256 est,

1829 4278 2139 4335 diluvium.
2174 4277 2420 4350 Propter
2447 4276 2590 4347 haec,
2622 4281 2879 4348 quatuor
2907 4276 3190 4347 civitates,
3223 4276 3479 4333 Sodoma

1827 4368 2069 4438 scilicet,
2096 4372 2153 4423 et
2173 4366 2521 4435 Gomorrha,
2545 4366 2766 4422 Adamn
2795 4371 2853 4422 et
2882 4365 3137 4433 Seboim,
3161 4365 3479 4432 subversae,

1828 4460 1964 4531 igne
1977 4462 2035 4513 et
2055 4455 2338 4527 sulphure
2360 4456 2626 4510 cremata:
2648 4457 3058 4525 sunt.Propter
3078 4452 3198 4507 haec
3218 4450 3482 4522 quotidie

1828 4545 2175 4602 hominibus
2207 4542 2403 4599 multae
2430 4540 2773 4613 pestilentiae
2803 4545 2861 4596 et
2887 4539 3084 4597 clades
3114 4540 3409 4597 eveniunt.

75 4646 305 4718 turpem.
339 4646 454 4702 Sed
484 4640 969 4713 sciendum,quia
988 4638 1085 4695 hic
1110 4638 1274 4694 locus
1289 4635 1445 4693 varie
1470 4653 1505 4692 a
1531 4636 1724 4692 docto-
1750 4650 1798 4715 D
1903 4633 2212 4705 Sequitur:
2246 4630 2489 4702 Repletos
2518 4631 2670 4685 omni
2701 4630 3017 4700 iniquitate,
3052 4633 3163 4686 etc.
3197 4628 3486 4702 Iniquitas

78 4732 221 4790 ribus
240 4735 547 4808 expositus
566 4727 1280 4800 est.Attamen,quomodo
1302 4724 1722 4798 intelligendus

82 4821 146 4876 sit
171 4824 486 4896 Apostolus
518 4820 883 4893 manifestat,
915 4834 1049 4874 cum
1075 4815 1382 4888 subjungit
1409 4829 1423 4870 :
1458 4814 1725 4870 Similiter

84 4916 243 4968 autem
263 4913 567 4970 ctmasculi
596 4911 786 4967 reticto
815 4907 1068 4963 naturali
1094 4922 1219 4971 usu,
1252 4909 1360 4960 etc.
1391 4904 1540 4959 Dum
1565 4903 1723 4959 enim

87 4997 226 5069 dicit,
255 5004 535 5071 similiter,
565 4999 871 5057 evidenter
900 4995 1179 5065 ostendit,
1213 4994 1354 5067 quia
1409 4992 1565 5050 sicut
1593 5008 1725 5048 ma-

148 5248 246 5325 (92)
276 5253 337 5309 In
373 5250 637 5325 Vulgata
665 5247 1061 5323 postpositum
1093 5248 1183 5303 est
1207 5245 1450 5303 verbum
1498 5260 1728 5318 corpora

96 5317 241 5396 “ﬁeri,
266 5317 540 5396 afﬁciant.

154 5394 251 5469 (93)
280 5387 338 5469 lii
369 5392 743 5469 autograpbo
775 5390 903 5447 loco
935 5394 1033 5463 qui
1056 5388 1309 5469 habetur
1338 5387 1514 5469 quis._

157 5457 256 5537 (94)
284 5467 345 5523 In
373 5457 645 5539 Vulgata:
657 5466 797 5539 Deus
818 5457 1321 5528 non'nominatur,
1348 5475 1451 5515 seu
1500 5457 1582 5514 ita
1624 5457 1727 5513 ha-

102 5530 265 5604 betur,
292 5542 385 5604 qui
412 5530 857 5596 estubeuedictus.

180 5608 260 5681 95)
290 5605 351 5667 In
380 5617 503 5668 aut.
540 5624 732 5681 marg.
766 5624 817 5663 c.
839 5605 909 5661 V.

180 5612 243 5663 95
290 5612 351 5667 In
380 5617 503 5668 aut.
540 5624 732 5681 marg.
766 5624 817 5663 c.
840 5612 909 5661 V.

179 5612 263 5757 iiii
286 5683 344 5757 I_n
368 5682 633 5757 Vulgata
660 5680 817 5757 illos.
885 5748 919 5757 __
1246 5742 1259 5756 .
1512 5744 1526 5757 ε
1654 5740 1687 5757 η
1719 5741 1731 5754 ,

180 5740 264 5827 97)
291 5754 357 5815 In
383 5740 756 5830 autdgrapho
785 5748 1004 5826 legitur
1033 5742 1318 5815 accensis,
1374 5744 1531 5820 quod
1587 5740 1734 5801 mihi

1831 4728 1922 4781 est
1953 4720 2264 4778 malitiosae
2295 4718 2510 4775 mentis
2538 4722 2738 4774 votum
2770 4723 2947 4791 atque
3003 4718 3291 4792 voluptas.
3322 4718 3489 4776 Dicta

1834 4816 2031 4869 autem
2065 4813 2154 4866 est
2184 4808 2491 4881 iniquitas,
2551 4807 2720 4880 quasi
2779 4825 2895 4865 non
2946 4807 3193 4881 aequitas
3218 4825 3231 4864 :
3260 4812 3318 4864 et
3346 4808 3491 4880 quia

1834 4904 2013 4974 caput
2045 4904 2102 4956 et
2131 4898 2298 4955 radix
2327 4903 2417 4954 est
2445 4897 2710 4969 omnium
2771 4896 3083 4968 malorum,
3132 4897 3268 4968 jure
3297 4896 3492 4968 prima

1834 4990 2094 5064 ponitur.
2127 4990 2284 5045 Inter
2303 4987 2677 5060 iniquitatem
2701 4990 2899 5043 autem
2922 4990 2980 5041 et
2998 4988 3302 5057 peccatum
3331 4983 3492 5040 diffe-

1834 5256 2030 5299 errore
2060 5237 2293 5311 lapsum
2323 5235 2665 5311 visumest.

1930 5311 2024 5384 98)
2055 5303 2179 5366 Os'm
2208 5325 2308 5378 vn,
2342 5308 2395 5362 4.
2427 5305 2600 5377 Vulg.
2649 5306 2846 5362 Omnes
2900 5303 3299 5373 adulterantes,
3330 5308 3495 5379 quasi

1836 5384 2088 5441 clibanus
2115 5394 2405 5436 succensus
2431 5393 2470 5433 a
2497 5384 2774 5448 coquente.

1932 5456 2024 5524 99)
2054 5452 2247 5507 Verba
2299 5445 2621 5524 mercedem.
2772 5456 3091 5524 receperunt
3117 5445 3177 5502 in
3228 5448 3495 5524 margine

1905 5457 2024 5580 (99)
2054 5457 2247 5507 Verba
2299 5457 2621 5503 mercedem.
2659 5489 2673 5504 .
2708 5488 2721 5503 .
2772 5457 3091 5575 νάεεέενυηι
3117 5457 3177 5502 in
3228 5457 3490 5521 margine

1839 5526 1898 5582 in
1928 5524 2100 5583 eriori
2130 5519 2476 5592 autographi
2504 5519 2785 5591 leguntur
2815 5519 2873 5592 in
2921 5519 3139 5592 icataa
3167 5522 3327 5585 nota,
3360 5536 3490 5591 qua

1840 5593 2235 5665 interlincaris
2264 5590 2515 5665 habetur
2541 5590 2695 5665 inter
2714 5591 2889 5665 verba
2919 5590 3261 5663 recipientes,
3284 5595 3343 5646 et
3360 5590 3498 5665 quia

1911 5668 2061 5742 (100)
2092 5662 2550 5742 Yulgatababet
2580 5664 2641 5723 in
2667 5664 2903 5723 notitia.

1915 5668 2040 5742 (100
2092 5668 2343 5736 Vulgata
2373 5668 2450 5719 ha

1915 5668 2064 5817 (101)
2095 5734 2271 5811 Vulg.
2303 5733 2450 5796 illos.
