3946 6426
417 426 441 482 Ἰ
455 427 528 482 43

1431 410 1768 471 ATTONlS
1819 405 2406 468 VERCELLENSIS
2455 405 2805 466 EPISCOPI

3715 406 3828 463 144

408 553 596 608 rentia
622 555 730 606 est.
750 550 851 604 Est
880 549 1036 604 enim
1060 546 1338 617 iniquitas
1370 543 1524 616 quod
1555 543 1777 596 dictum
1809 543 2055 610 est,pec-
2087 544 2144 606 Α
2178 539 2360 592 Distat
2410 542 2606 593 autem
2661 538 2814 593 inter
2872 537 3141 600 insidias,
3193 536 3455 591 fraudem
3506 540 3566 590 et
3606 535 3824 591 dolum.

408 646 602 697 catum
633 655 764 695 vero
797 637 1055 710 corporis
1084 634 1392 708 prolapsio.

482 729 756 800 Sequitur
789 745 802 782 :
830 727 1061 781 Malitia.
1113 723 1336 779 Malitia
1382 725 1470 776 est
1516 735 1796 790 perversa
1848 714 2059 771 mentis

413 817 687 889 cogitatio
723 833 734 871 :
768 817 923 870 unde
954 814 1131 869 distat
1162 829 1196 866 a
1226 809 1608 880 malignitate,
1633 823 1760 878 quae
1792 811 1880 861 est
1911 807 2063 874 ejus-

413 908 546 962 dem
573 921 851 975 perversae
883 900 1250 974 cogitationis
1283 891 2064 969 opus.Ii‘ornicationeﬂorni-

417 995 628 1060 carius,
664 992 782 1047 sive
812 988 1124 1046 fornicaria
1153 986 1389 1052 dicitur,
1420 986 1591 1055 cujus
1623 1001 1834 1054 corpus
1867 981 2063 1054 publi-

415 1098 550 1138 cum
580 1084 686 1136 est.
720 1079 867 1134 Dicti
900 1081 1096 1132 autem
1128 1079 1268 1130 sunt
1295 1091 1330 1130 a
1363 1073 1685 1129 fornicibus
1715 1069 2064 1135 arcuatis,id

415 1175 521 1241 est,
555 1168 827 1235 curvatis,
862 1168 922 1221 in
975 1165 1192 1237 quibus
1243 1165 1398 1235 apud
1431 1163 1706 1232 antiquos
1759 1157 2067 1231 lupanaria

412 1259 900 1314 construebantur
940 1255 1010 1310 ad
1068 1253 1504 1325 prostituendas
1549 1249 1903 1304 meretrices.
1964 1248 2066 1326 Est

411 1353 606 1404 autem
637 1343 909 1418 specialis
929 1342 1350 1406 fornicatio,est
1373 1344 1428 1395 et
1446 1335 2064 1409 generalis.Specialis,

409 1434 702 1506 corruptio
733 1438 822 1488 est
841 1431 1023 1488 animi
1049 1435 1106 1485 et
1135 1430 1430 1500 corporis;
1467 1427 1753 1499 generalis
1786 1443 1942 1491 vero,
1973 1429 2064 1479 est

413 1521 607 1580 omnis
636 1521 929 1591 corruptio
962 1517 1197 1584 mentis,
1239 1522 1296 1572 et
1327 1532 1500 1572 omne
1539 1521 1861 1586 peccatum,
1913 1514 2067 1585 quod

414 1615 648 1684 separat
691 1611 837 1680 (102)
895 1607 1195 1663 hominem
1224 1624 1258 1660 a
1288 1606 1424 1660 Deo.
1488 1605 1649 1659 Unde
1708 1603 2065 1659 Psalmista:

411 1701 612 1757 Perdes
640 1714 823 1754 omnes
852 1698 1186 1768 [arnicantes
1217 1695 1313 1750 abs
1345 1698 1394 1748 te
1424 1693 1594 1765 (103).
1629 1693 1897 1747 Avaritia.
1917 1697 2069 1744 Ava-

417 1789 551 1843 ritia
573 1786 811 1858 proprie
839 1790 929 1841 est
959 1785 1150 1840 aliena
1193 1800 1417 1854 rapere,
1479 1786 1535 1836 et
1563 1798 1672 1836 sua
1701 1797 1817 1835 non
1848 1779 2068 1850 largiri.

418 1876 645 1931 Dicitur
675 1879 869 1930 autem
899 1872 1142 1928 avaritia
1167 1871 1334 1942 quasi
1357 1870 1482 1926 auri
1518 1869 1832 1940 cupiditas,
1854 1873 1910 1923 et
1941 1872 2071 1938 apte

420 1968 554 2035 post
575 1962 1017 2018 fornicationem
1047 1959 1284 2032 ponitur
1309 1984 1323 2026 ;
1355 1958 1494 2029 quia
1511 1958 1630 2012 haec
1653 1958 1767 2011 duo
1797 1957 1868 2010 ad
1890 1956 2072 2010 idolo-

423 2069 557 2107 rum
589 2051 881 2122 pertinent
941 2048 1231 2102 culturam
1267 2064 1278 2101 :
1315 2047 1468 2101 unde
1499 2045 1654 2100 idem
1712 2044 2025 2115 Apostolus
2058 2062 2070 2099 :

420 2156 594 2211 neque
619 2140 940 2210 fornicator,
998 2152 1172 2206 neque
1227 2135 1565 2200 immundus,
1624 2150 1796 2205 neque
1853 2150 2071 2197 avarus,

420 2230 560 2301 quod
590 2236 665 2282 est
691 2227 965 2282 idolorum
995 2225 1140 2296 (101)
1173 2226 1426 2290 servitus,
1461 2224 1657 2278 habent
1698 2223 2077 2278 [nereditatem

420 2322 482 2373 in
511 2332 672 2388 regno
704 2316 926 2381 Christi,
959 2317 1010 2368 et
1057 2314 1153 2367 Dei
1195 2312 1420 2383 (Ephes.
1471 2329 1524 2379 v,
1557 2313 1634 2379 5).
1690 2311 1962 2382 Nequitia
1990 2315 2078 2366 est

420 2405 636 2462 mentis
667 2403 975 2468 calliditas,
1007 2401 1095 2456 vel
1130 2401 1367 2456 astutia.
1400 2401 1632 2455 Astutia
1663 2405 1859 2456 autem
1892 2401 1951 2455 in
1984 2416 2081 2481 ne“

423 2493 612 2566 quitia
640 2510 756 2548 non
789 2491 888 2546 illa
932 2489 1314 2561 intelligenda
1359 2495 1470 2554 est,
1515 2491 1587 2544 de
1644 2505 1762 2559 qua
1801 2489 2076 2543 Salomon

423 2583 604 2640 dicit:
629 2583 849 2637 Astutus
878 2581 1063 2635 omnia
1090 2582 1207 2646 agit
1235 2595 1361 2635 cum
1379 2578 1607 2633 consilio
1634 2579 1813 2650 (Prov.
1836 2578 2078 2646 xm,16),

431 2672 535 2728 sed
569 2670 786 2727 astutia
814 2667 1193 2740 deceptionis.
1228 2668 1297 2722 Et
1345 2666 1563 2721 dicitur
1619 2663 2079 2737 nequitia,quasi

427 2778 545 2817 non
575 2759 845 2831 aequitas.

501 2848 780 2920 Sequitur
810 2863 824 2901 :
859 2844 1060 2901 Plenas
1090 2845 1326 2902 invidia.
1359 2843 1579 2898 Invidia
1600 2843 1755 2898 dicta
1774 2846 1863 2897 est
1889 2859 1922 2896 a
1945 2857 2080 2896 con-

427 2937 647 2993 tuendo
677 2935 914 2990 alterius
973 2934 1328 2989 felicitatem.
1391 2932 1576 2986 Habet
1625 2935 1820 2985 autem
1879 2930 1987 2984 sub
2021 2945 2083 2984 se

433 3028 583 3081 duas
614 3021 1081 3096 species,doloris
1112 3024 1169 3076 et
1189 3018 1649 3075 timoris.0mnis
1670 3017 1825 3072 enim
1848 3018 2082 3072 invidus

433 3115 638 3170 videns
667 3112 909 3168 alterius
940 3110 1298 3178 felicitatem,
1356 3113 1458 3163 aut
1507 3105 1689 3173 dolet,
1737 3111 1838 3161 aut
1867 3108 2033 3162 timet
2067 3121 2079 3159 :

439 3201 597 3258 dolet
613 3201 868 3272 aliquem
892 3200 1172 3269 majorem
1196 3214 1286 3267 se;
1310 3198 1478 3252 timet
1496 3213 1628 3251 vero
1660 3197 1949 3252 minorem
1971 3195 2083 3251 sibi

439 3289 564 3345 ﬁeri
591 3270 1105 3359 aequ—alemﬂmnis
1133 3290 1328 3340 autem
1346 3284 1579 3340 invidus
1604 3285 1882 3356 parvulus
1903 3289 2010 3354 est,
2031 3289 2088 3341 et
2117 3270 2158 3337 C

437 3378 530 3434 sui
552 3377 771 3432 invidia
801 3375 1066 3431 moritur.
1099 3374 1302 3429 Omnis
1326 3373 1502 3428 etiam
1533 3373 1766 3428 invidus
1799 3391 1965 3429 rosor
1994 3379 2084 3430 est

436 3467 528 3523 sui
562 3483 576 3522 :
611 3466 768 3520 unde
796 3464 1036 3536 quidam
1068 3467 1237 3534 poeta
1266 3463 1347 3518 ait
1380 3479 1392 3516 :
1426 3463 1652 3518 Justius
1683 3463 1901 3517 invidia
1934 3463 2081 3522 nihil

438 3559 546 3623 est,
575 3571 702 3626 quas
733 3553 998 3626 protinus
1020 3554 1214 3623 ipsum
1247 3555 1540 3608 auctorem
1573 3551 1924 3623 rodit,atque
1955 3553 2079 3607 ani-

432 3659 592 3699 mam
621 3639 1602 3698 cruciat.Homicidio.Homicidium
1635 3656 1669 3693 a
1698 3640 1850 3694 caede
1889 3640 2078 3695 homi-

429 3732 522 3788 nis
551 3732 785 3786 dicitur.
811 3731 910 3784 Est
939 3733 1133 3784 autem
1160 3733 1280 3782 tam
1312 3727 1635 3800 spirituale,
1670 3744 1848 3798 quam
1875 3744 2079 3799 corpo-

429 3818 551 3875 rale
584 3835 598 3875 :
627 3819 729 3875 sed
759 3815 1295 3888 incomparabiliter
1350 3817 1497 3886 (105)
1537 3816 1732 3885 majus
1771 3821 1860 3870 est
1908 3817 2078 3888 spiri-

430 3906 587 3963 tuale
620 3923 633 3962 :
667 3923 805 3962 nam
836 3904 1120 3976 corporali
1170 3904 1453 3960 occiditur
1482 3921 1692 3976 corpus
1724 3906 2077 3976 quandoque

431 3995 779 4051 moriturum
807 4013 820 4062 ;
854 3993 1143 4066 spirituali
1176 4010 1307 4048 vero
1339 3993 1535 4048 anima
1577 3995 1636 4048 in
1681 3998 1963 4048 aeternum
1992 3995 2075 4048 vi-

430 4090 614 4140 ctura.
645 4084 793 4139 Hinc
821 4088 911 4138 est
937 4083 1093 4155 quod
1123 4082 1404 4138 Dominus
1434 4083 1493 4137 in
1517 4084 1824 4154 Evangelio
1856 4085 1926 4138 de
1956 4085 2076 4138 dia-

428 4173 561 4229 bolo
592 4173 770 4227 dicit:
804 4173 902 4227 Illc
955 4172 1225 4228 homicida
1271 4172 1484 4227 eratab
1532 4174 1692 4228 initio
1741 4175 1920 4241 (Joan.
1950 4189 2072 4238 VIII,

426 4263 537 4334 44).
570 4261 849 4317 Diabolus
880 4262 1094 4333 quippe
1129 4262 1536 4316 tantummodo
1594 4263 1768 4316 verba
1807 4261 2070 4332 protulit,

425 4355 484 4407 et
511 4351 901 4423 protaplastos
925 4349 1231 4405 interfecit.
1257 4357 1335 4404 Ac
1357 4365 1460 4420 per
1482 4349 1588 4404 hoc
1609 4349 1781 4404 datur
1803 4349 2069 4421 intelligi,

424 4441 565 4512 quia
593 4440 929 4512 quicunque
960 4439 1113 4494 malo
1145 4455 1250 4494 suo
1283 4441 1453 4494 verbo
1509 4437 1595 4493 vel
1655 4438 1916 4510 exemplo
1965 4439 2069 4493 ali-

422 4545 597 4599 quem
627 4529 838 4600 perdit,
861 4533 1017 4585 recte
1048 4529 1264 4584 dicitur
1294 4527 1606 4583 homicida.
1665 4529 1733 4582 Et
1773 4534 1904 4599 apte
1937 4532 2070 4599 post

2171 626 2402 681 Insidiae
2437 644 2692 697 namque
2713 625 2823 682 loci
2856 631 3015 692 sunt,
3047 627 3211 680 fraus
3243 625 3641 692 vero,violatio
3675 625 3826 692 ﬁdei,

2169 715 2342 771 dolus
2372 719 2461 770 est
2491 715 2789 771 simulatio
2820 715 3021 771 animi.
3045 713 3566 785 Malignitate.Quid
3599 714 3676 769 sit
3705 730 3823 770 ma-

2170 804 2558 876 lignitas,jam
2590 805 2862 876 superius
2892 804 3116 858 dictum
3142 809 3252 858 est.
3283 802 3562 873 Sequitur
3593 820 3605 858 :
3633 802 3826 858 Susur-

2171 909 2350 948 rones.
2385 894 2636 948 Susurro
2665 898 2772 960 est,
2822 893 2922 963 qui
2981 909 3094 947 non
3125 892 3186 946 in
3244 891 3410 956 facie,
3467 891 3568 947 sed
3597 891 3657 945 in
3689 909 3822 946 aure

2173 981 2428 1036 detrahit
2452 999 2466 1037 :
2491 983 2648 1038 unde
2679 987 2735 1036 et
2765 998 2798 1035 a
2827 997 2968 1036 sono
3000 980 3233 1036 aurium
3255 996 3470 1035 nomen
3492 980 3737 1051 accepit,
3763 997 3824 1035 eo

2174 1071 2330 1140 quod
2362 1071 2471 1125 sub
2503 1087 2642 1125 aure
2673 1075 2857 1125 sonet.
2891 1071 3034 1124 Hinc
3063 1067 3652 1140 est,quod-Dominus
3678 1085 3825 1140 pra:-

2176 1159 2375 1230 cepit:
2408 1161 2484 1213 Ne
2541 1161 2616 1214 sis
2671 1161 3013 1224 criminator,
3076 1166 3172 1213 aut
3227 1173 3460 1212 susurro
3507 1159 3569 1212 in
3616 1157 3826 1228 populis

2176 1247 2364 1317 (Levii.
2396 1265 2514 1312 x1x,
2548 1249 2656 1318 10).
2702 1249 3060 1302 Detractores.
3103 1246 3404 1302 Detractor
3432 1250 3541 1312 est,
3575 1245 3700 1316 qui,
3730 1247 3829 1300 bo-

2178 1354 2320 1389 num
2351 1335 2592 1391 alterius
2615 1337 2836 1391 malum
2858 1336 3127 1402 dicit,aut
3153 1336 3254 1406 qui
3287 1349 3568 1406 magnum
3591 1333 3829 1390 alterius

2179 1428 2398 1479 bonum
2423 1426 2564 1480 dicit
2579 1442 2707 1480 esse
2731 1425 3346 1496 parvum.Quicunque
3369 1428 3567 1479 autem
3588 1423 3660 1478 de
3680 1421 3826 1478 male

2179 1513 2420 1568 alterius
2451 1513 2596 1568 falso
2617 1513 2839 1568 malum
2862 1512 3365 1583 loquitur,similis
3386 1517 3477 1568 est
3496 1510 3824 1577 detractori;

2180 1601 2229 1656 si
2261 1619 2394 1656 vero
2426 1603 2495 1656 de
2527 1602 2770 1658 alterius
2820 1601 2972 1658 malo
3031 1601 3332 1658 veritatem
3375 1601 3553 1668 dicat,
3605 1617 3724 1657 non
3753 1608 3833 1655 est

2181 1692 2490 1759 detractor,
2525 1692 2621 1746 sed
2672 1691 2934 1747 veritatis
2993 1694 3266 1746 assertor.
3302 1690 3651 1761 Quicunque
3679 1689 3832 1745 enim

2182 1779 2434 1849 simplici
2477 1779 2800 1834 intentione
2832 1780 3053 1837 bonum
3084 1779 3307 1845 laudat,
3339 1783 3395 1834 et
3425 1777 3652 1834 malum
3681 1778 3831 1833 vitu-

2182 1872 2366 1938 perat,
2396 1867 2754 1923 voluntatem
2787 1885 2954 1925 suam
2989 1868 3196 1923 divinae
3222 1868 3451 1922 veritati
3506 1867 3830 1938 conjungit.

2185 1957 2288 2010 Deo
2320 1956 2564 2011 odibiles.
2603 1958 2701 2011 llic
2732 1958 3077 2027 notandum,
3113 1957 3255 2027 quia
3279 1974 3394 2011 non
3425 1956 3510 2012 ait
3546 1956 3828 2021 absolute,

2183 2045 2427 2114 odibiles,
2450 2047 2551 2101 sed
2576 2045 2874 2116 praemisit,
2908 2047 3112 2116 De0,ad
3145 2045 3627 2101 dinstinctionem
3649 2044 3831 2100 homi-

2187 2151 2349 2188 num.
2381 2134 2623 2189 Plurimi
2656 2152 2908 2206 namque
2930 2139 3068 2189 sunt
3089 2133 3336 2190 odibiles
3367 2134 3622 2204 Deo,qui
3645 2133 3832 2188 dilecti

2188 2227 2328 2277 sunt
2351 2224 2653 2288 mundo,et
2674 2223 2996 2278 econtrario
3029 2223 3195 2278 multi
3231 2228 3343 2278 Deo
3373 2223 3570 2278 dilecti
3594 2227 3754 2292 sunt,
3784 2225 3836 2276 et

2189 2312 2408 2366 mundo
2431 2311 2812 2377 odibiles.Qui
2837 2317 3031 2367 autem
3063 2300 3183 2366 haec
3210 2312 3409 2366 omnia
3435 2312 3577 2367 vitia
3599 2311 3833 2376 habent,

2188 2404 2341 2454 recte
2373 2400 2488 2454 Deo
2536 2399 2785 2455 odibiles
2816 2401 3115 2454 dicuntur.
3149 2400 3592 2456 Contumeliosos.
3627 2399 3836 2455 Contu-

2191 2488 2416 2544 meliosi
2444 2494 2584 2544 sunt
2613 2491 2923 2544 verborum
2956 2489 3193 2559 injuriis
3224 2488 3461 2559 proclivi
3495 2505 3508 2543 :
3543 2505 3685 2545 nam
3715 2504 3838 2543 con-

2189 2577 2442 2631 tumeliae
2473 2582 2612 2631 sunt
2641 2578 2953 2648 opprobria
2987 2583 3045 2633 et
3069 2577 3345 2633 convicia.
3375 2578 3678 2648 Superbos.
3736 2578 3834 2632 Su-

2190 2665 2392 2735 perbia
2421 2669 2476 2720 et
2507 2666 2700 2721 omnis
2730 2665 2976 2721 illicitus
3018 2671 3072 2721 et
3121 2666 3492 2723 inordinatus
3523 2666 3831 2739 appetitus.

2194 2754 2308 2807 Hoc
2341 2757 2534 2808 autem
2563 2754 2770 2808 vitium
2801 2759 2922 2809 tam
2953 2770 3126 2826 grave
3157 2761 3265 2823 est,
3325 2761 3409 2827 ut,
3476 2773 3613 2812 cum
3647 2756 3837 2812 omnia

2190 2841 2331 2896 vitia
2359 2858 2393 2896 a
2423 2843 2733 2897 contrariis
2763 2842 3076 2899 virtutibus
3123 2850 3500 2916 superentur,
3559 2846 3621 2901 id
3654 2844 3835 2901 solum

2193 2935 2396 2984 contra
2425 2931 2622 2985 omnia
2652 2931 2908 2985 dimicet.
2944 2931 3105 2987 Unde
3137 2938 3288 2989 recte
3335 2933 3608 3005 genitrix,
3645 2939 3704 2990 et
3747 2950 3842 2988 nu-

2193 3018 2305 3073 trix
2333 3018 2547 3073 dicitur
2567 3020 2833 3074 omnium
2854 3019 3209 3089 vitiorom,et
3229 3024 3645 3095 consumptrix
3672 3024 3839 3079 bono-

2195 3124 2346 3162 rum.
2381 3108 2580 3178 Itaque
2605 3108 2714 3163 hoc
2733 3107 2942 3163 vitium
2974 3113 3113 3164 tunc
3135 3111 3555 3180 nascitur,cum
3581 3113 3842 3168 homines

2195 3213 2256 3252 se
2286 3195 2419 3268 plus
2449 3213 2626 3268 quam
2659 3198 2842 3253 Deum
2891 3197 3145 3269 diligunt
3176 3215 3189 3253 :
3225 3200 3324 3268 qui
3358 3202 3470 3272 ipsi
3525 3202 3626 3257 sui
3657 3201 3843 3257 volunt

2196 3286 2376 3342 videri
2426 3286 2801 3358 principium.
2831 3287 3142 3359 Sequitur:
3168 3289 3370 3344 Elates.
3404 3289 3614 3346 Elatus
3647 3291 3843 3347 dicitur

2193 3375 2360 3446 quasi
2393 3379 2554 3431 extra
2585 3392 2646 3431 se
2676 3375 2926 3431 delatus.
2962 3375 3145 3432 Elatio
3175 3376 3332 3432 enim
3355 3380 3446 3432 est
3477 3381 3705 3436 mentis
3733 3395 3841 3434 ere-

2190 3464 2323 3520 ctio.
2352 3465 2514 3529 Quod
2546 3465 2752 3520 vitium
2782 3468 2921 3520 tunc
2951 3465 3230 3531 nascitur,
3256 3481 3390 3520 cum
3422 3481 3593 3522 mens
3628 3485 3734 3539 per
3761 3484 3842 3523 eu-

2191 3553 2453 3624 perbiam
2477 3553 2704 3608 tumida
2733 3553 2917 3608 credit
2947 3569 3010 3608 se
3073 3569 3202 3609 esse
3230 3555 3385 3624 quod
3419 3571 3534 3609 non
3565 3557 3839 3613 est.Unde

2190 3647 2322 3711 apte
2345 3646 2476 3712 post
2505 3641 2842 3712 superbiam
2869 3642 3281 3713 (106)ponitur,
3306 3644 3376 3698 de
3409 3660 3527 3715 qua
3556 3646 3836 3703 nascitur.

2188 3732 2494 3786 Inventorcs
2523 3732 2812 3786 motorum.
2850 3735 2965 3785 Hoc
3020 3732 3173 3786 dicto
3213 3732 3470 3788 ostendit
3506 3735 3838 3805 Apostolus,

2190 3818 2329 3889 quia
2361 3835 2475 3874 non
2507 3819 2704 3874 omnia
2733 3824 2969 3891 peccata
2997 3819 3212 3875 diaboli
3246 3821 3530 3876 instinctu
3558 3839 3838 3896 peragun-

2187 3911 2302 3962 tur.
2337 3909 2608 3973 Qumdam
2643 3909 2799 3963 enim
2832 3909 3100 3965 homines
3158 3910 3270 3964 sibi
3300 3909 3608 3966 inveniunt
3644 3931 3658 3979 ;
3695 3913 3836 3968 unde

2187 4001 2553 4052 monstratur
2581 3999 2807 4068 pejores
2839 4014 2967 4053 esse
2998 3997 3252 4063 diabolo,
3286 4001 3387 4069 qui
3439 4015 3500 4054 se
3531 4002 3836 4056 confitetur

2187 4102 2220 4138 a
2248 4086 2362 4140 Deo
2385 4088 2678 4157 accepisse
2704 4087 3278 4158 potestatem,dicens
3300 4089 3634 4144 secundum
3667 4091 3834 4145 Evan-

2185 4173 2401 4242 gelium
2435 4175 2599 4229 Lucae
2635 4190 2646 4229 :
2684 4177 2806 4229 llaec
2835 4177 3021 4230 omnia
3049 4176 3191 4231 mihi
3217 4177 3458 4232 tradicta
3477 4183 3685 4244 sunt,et
3705 4178 3768 4233 do
3786 4179 3836 4232 ei

2183 4265 2276 4316 cui
2304 4265 2439 4318 volo.
2475 4265 2596 4318 Ilaec
2632 4280 2724 4334 ego
2783 4265 2889 4319 tibi
2941 4265 3098 4332 dabo,
3130 4268 3180 4321 si
3205 4266 3496 4337 procidens
3524 4267 3834 4323 ador-avaris

2181 4368 2268 4405 me
2297 4353 2444 4421 (Luc.
2479 4369 2553 4423 Iv,
2584 4355 2662 4420 6).
2696 4353 2838 4408 llinc
2861 4359 2952 4410 est
2980 4355 3156 4425 quod,
3216 4360 3282 4410 ut
3333 4356 3442 4412 Job
3471 4360 3744 4425 tentaret,
3801 4373 3832 4410 a

2185 4441 2295 4495 Deo
2357 4441 2521 4512 petiit
2579 4447 2924 4512 potestatem
2959 4487 2972 4511 ,
2997 4448 3055 4499 et
3085 4461 3119 4498 a
3175 4445 3422 4501 Domino
3451 4445 3734 4516 expulsus
3765 4445 3828 4499 ab

2179 4529 2672 4596 hominibus,non
2702 4532 2814 4586 nisi
2839 4533 2966 4602 ejus
2989 4534 3188 4603 jussu,
3222 4551 3404 4590 ausus
3422 4539 3511 4590 est
3533 4551 3594 4591 se
3610 4535 3830 4590 mittere

419 4617 698 4672 invidiam
730 4617 1003 4688 ponitur;
1037 4617 1174 4688 quia
1203 4634 1305 4688 per
1326 4616 1606 4672 invidiam
1640 4617 1976 4688 pervenitur
1997 4618 2068 4672 ad
2099 4628 2147 4693 D
2181 4618 2240 4672 in
2284 4635 2508 4689 porcos.
2549 4622 2875 4676 Parentibus
2925 4637 3037 4676 non
3067 4622 3392 4678 obedientes.
3429 4621 3571 4678 Nam
3605 4624 3708 4694 qui
3739 4639 3827 4678 su-

419 4703 816 4758 homicidium.
850 4703 1126 4758 Diabolus
1156 4705 1371 4776 quippe
1402 4723 1504 4776 per
1555 4706 1834 4761 invidiam
1880 4712 2068 4778 proto-

419 4791 641 4863 plastos
699 4791 1034 4846 interfecit:
1084 4791 1466 4846 nihilominus
1523 4799 1578 4848 et
1629 4795 1769 4850 Cain
1828 4797 2064 4852 fratrem

419 4897 614 4936 suum.
647 4881 1025 4936 Con-tentione.
1070 4879 1371 4934 Contentio
1404 4885 1510 4945 est,
1545 4897 1679 4936 cum
1711 4900 1825 4938 non
1853 4884 2062 4940 veritas

418 4970 718 5040 quaeritur,
750 4971 851 5025 sed
882 4968 1228 5024 animositas
1251 4969 1548 5039 fatigatur.
1580 4971 1729 5025 Dolo.
1763 4972 1941 5028 Dolus
1974 4979 2064 5029 est

418 5057 736 5125 simulatio,
796 5058 915 5113 sive
972 5058 1133 5112 fraus
1191 5056 1391 5111 animi.
1426 5057 1542 5112 Hoc
1597 5062 1790 5114 autem
1823 5061 2064 5117 distata

420 5144 636 5213 dolore,
694 5147 848 5216 quod
907 5145 1071 5200 dolor
1129 5149 1220 5200 est
1268 5144 1720 5201 incommoditas
1778 5150 2056 5220 corporis,

484 5411 630 5484 (102)
664 5411 725 5484 1η
757 5411 1118 5484 autographo
1146 5415 1380 5484 superat.

485 5483 632 5552 (103)
663 5481 793 5537 Psal
845 5499 1001 5546 Lxm,
1058 5485 1145 5538 27.
1207 5481 1458 5555 Vulgata
1502 5483 1722 5540 habet:
1759 5484 2060 5541 Perdidisti

407 5569 596 5609 omnes
627 5556 722 5624 qui
747 5555 1093 5623 fornicamur
1120 5556 1215 5608 abs
1248 5560 1316 5609 lc.

479 5625 628 5697 (104)
657 5623 843 5697 Verba
867 5626 1186 5697 pertinent.
1233 5667 1247 5680 .
1293 5668 1305 5680 .
1343 5625 1612 5681 idolorum
1647 5628 1870 5697 adjecta
1916 5633 2054 5683 sunt

404 5696 464 5757 in
488 5694 761 5770 margine
791 5694 1072 5766 inferiori,
1103 5695 1366 5769 ejusdem
1398 5700 1592 5755 tamen
1640 5694 2012 5757 characteris.

2178 4707 2502 4778 perioribus
2533 4709 2688 4765 vitiis
2735 4710 2943 4764 irretiti
2975 4717 3134 4780 sunt,
3159 4713 3323 4782 justo
3355 4712 3452 4768 Dei
3475 4713 3726 4783 judicio,
3760 4711 3824 4766 ad

2175 4795 2283 4850 hoc
2315 4814 2500 4867 usque
2530 4797 2893 4868 perveniunt,
2929 4803 2994 4854 ut
3022 4800 3194 4855 etiam
3229 4802 3568 4872 parentibus
3601 4802 3722 4857 sint
3749 4800 3829 4855 in-

2174 4885 2534 4941 obedientcs.
2571 4887 2732 4942 Unde
2762 4888 3089 4944 deteriones
3119 4895 3259 4944 sunt
3292 4890 3519 4958 bestiis,
3543 4907 3672 4960 quaa
3695 4904 3824 4945 suos

2173 4972 2426 5044 diligunt
2457 4975 2874 5045 progenitores.
2900 4977 3237 5048 Insipientes.
3273 4978 3562 5050 Insipiens
3595 4978 3820 5046 dicitur,

2173 5076 2238 5116 eo
2270 5063 2426 5132 quod
2460 5063 2535 5117 sit
2565 5064 2690 5118 sine
2722 5081 2946 5135 sapore.
3007 5066 3348 5137 Quicunque
3378 5084 3514 5139 ergo
3559 5085 3593 5122 a
3624 5081 3822 5140 sapore

2173 5150 2454 5220 spiritalis
2538 5153 2810 5208 doctrina.-
2886 5155 3120 5223 recedit,
3191 5157 3327 5226 jure
3377 5161 3618 5212 vocatur
3677 5155 3816 5210 insi-

2181 5490 2189 5498 _
2240 5419 2385 5490 (105)
2417 5419 2479 5498 In
2508 5421 2873 5498 autographo
2905 5421 3028 5498 loco
3062 5424 3572 5498 incomparabiliter
3611 5423 3813 5498 legitur

2166 5492 2658 5566 incorporabiliter.
2694 5492 2898 5566 Videat
2930 5495 3110 5549 lector
3131 5492 3255 5566 quae
3288 5496 3491 5551 melior
3522 5497 3599 5552 sit
3629 5492 3809 5550 lectio.

2238 5562 2383 5639 (100)
2424 5562 2611 5639 Verba
2669 5565 2972 5639 iamiam.”
3046 5562 3384 5639 superbiam,
3434 5568 3494 5622 in
3554 5567 3811 5638 margine

2163 5632 2449 5759 spperiori
2483 5635 2704 5706 paginae
2735 5636 3042 5708 habentur,
3066 5632 3334 5710 ejusdem
3370 5632 3578 5696 tamen
3611 5632 3807 5696 chara-

2163 5718 2190 5758 c
2221 5719 2356 5759 eris.

2161 5718 2356 5760 (πει-ιε.
