  <div class='ocr_page' id='page_1' title='image "/cluster/home/n/w/nwhite01/storage/ocr_20150623/134-135/uc1.31175013627537/081.png"; bbox 0 0 3946 6398; ppageno 0'>
   <div class='ocr_carea' id='block_1_1' title="bbox 428 486 545 549">
    <p class='ocr_par' dir='ltr' id='par_1_1' title="bbox 428 486 545 549">
     <span class='ocr_line' id='line_1_1' title="bbox 428 486 545 549; baseline -0.017 0"><span class='ocrx_word' id='word_1_1' title='bbox 428 486 545 549; x_wconf 71' lang='grc'>147</span> 
     </span>
    </p>
   </div>
   <div class='ocr_carea' id='block_1_2' title="bbox 1442 466 2814 547">
    <p class='ocr_par' dir='ltr' id='par_1_2' title="bbox 1442 466 2814 547">
     <span class='ocr_line' id='line_1_2' title="bbox 1442 466 2814 547; baseline -0.012 0"><span class='ocrx_word' id='word_1_2' title='bbox 1442 479 1781 547; x_wconf 82' lang='lat' dir='ltr'>ATTONIS</span> <span class='ocrx_word' id='word_1_3' title='bbox 1825 471 2413 544; x_wconf 82' lang='lat' dir='ltr'>VERCELLENSIS</span> <span class='ocrx_word' id='word_1_4' title='bbox 2460 466 2814 532; x_wconf 85' lang='lat' dir='ltr'>EPISGOPI</span> 
     </span>
    </p>
   </div>
   <div class='ocr_carea' id='block_1_3' title="bbox 3740 456 3859 519">
    <p class='ocr_par' dir='ltr' id='par_1_3' title="bbox 3740 456 3859 519">
     <span class='ocr_line' id='line_1_3' title="bbox 3740 456 3859 519; baseline 0.008 -1"><span class='ocrx_word' id='word_1_5' title='bbox 3740 456 3859 519; x_wconf 73' lang='grc'>148</span> 
     </span>
    </p>
   </div>
   <div class='ocr_carea' id='block_1_4' title="bbox 432 607 3853 693">
    <p class='ocr_par' dir='ltr' id='par_1_4' title="bbox 432 607 3853 693">
     <span class='ocr_line' id='line_1_4' title="bbox 432 607 3853 693; baseline -0.006 -16"><span class='ocrx_word' id='word_1_6' title='bbox 432 623 631 678; x_wconf 89' lang='lat' dir='ltr'>autem</span> <span class='ocrx_word' id='word_1_7' title='bbox 661 616 1034 693; x_wconf 81' lang='lat' dir='ltr'>impcenitens</span> <span class='ocrx_word' id='word_1_8' title='bbox 1062 618 1479 691; x_wconf 86' lang='lat' dir='ltr'>vocatur,quod</span> <span class='ocrx_word' id='word_1_9' title='bbox 1510 614 1759 673; x_wconf 85' lang='lat' dir='ltr'>emolliri</span> <span class='ocrx_word' id='word_1_10' title='bbox 1793 614 1865 669; x_wconf 92' lang='lat' dir='ltr'>ad</span> <span class='ocrx_word' id='word_1_11' title='bbox 1899 609 2082 686; x_wconf 76' lang='lat' dir='ltr'>pmni-</span> <span class='ocrx_word' id='word_1_12' title='bbox 2112 611 2167 677; x_wconf 80' lang='grc' dir='ltr'><strong>Α</strong></span> <span class='ocrx_word' id='word_1_13' title='bbox 2194 624 2469 678; x_wconf 63' lang='grc' dir='ltr'>νρτωθω</span> <span class='ocrx_word' id='word_1_14' title='bbox 2528 634 2785 690; x_wconf 68' lang='lat' dir='ltr'>namque</span> <span class='ocrx_word' id='word_1_15' title='bbox 2842 613 3099 689; x_wconf 71' lang='lat' dir='ltr'>appellat</span> <span class='ocrx_word' id='word_1_16' title='bbox 3123 610 3533 669; x_wconf 74' lang='lat' dir='ltr'>corroslonem</span> <span class='ocrx_word' id='word_1_17' title='bbox 3601 607 3853 682; x_wconf 67' lang='lat' dir='ltr'>propriae</span> 
     </span>
    </p>
   </div>
   <div class='ocr_carea' id='block_1_5' title="bbox 429 703 2076 781">
    <p class='ocr_par' dir='ltr' id='par_1_5' title="bbox 429 703 2076 781">
     <span class='ocr_line' id='line_1_5' title="bbox 429 703 2076 781; baseline -0.008 -14"><span class='ocrx_word' id='word_1_18' title='bbox 429 710 678 767; x_wconf 85' lang='lat' dir='ltr'>tentiam</span> <span class='ocrx_word' id='word_1_19' title='bbox 710 727 828 765; x_wconf 93' lang='lat' dir='ltr'>non</span> <span class='ocrx_word' id='word_1_20' title='bbox 860 710 1147 781; x_wconf 89' lang='lat' dir='ltr'>potest,de</span> <span class='ocrx_word' id='word_1_21' title='bbox 1178 725 1292 780; x_wconf 92' lang='lat' dir='ltr'>quo</span> <span class='ocrx_word' id='word_1_22' title='bbox 1326 723 1425 779; x_wconf 89' lang='lat' dir='ltr'>per</span> <span class='ocrx_word' id='word_1_23' title='bbox 1448 705 1794 779; x_wconf 81' lang='lat' dir='ltr'>prophetam</span> <span class='ocrx_word' id='word_1_24' title='bbox 1825 703 2076 758; x_wconf 89' lang='lat' dir='ltr'>dicitur:</span> 
     </span>
    </p>
   </div>
   <div class='ocr_carea' id='block_1_6' title="bbox 432 794 2084 871">
    <p class='ocr_par' dir='ltr' id='par_1_6' title="bbox 432 794 2084 871">
     <span class='ocr_line' id='line_1_6' title="bbox 432 794 2084 871; baseline -0.008 -14"><span class='ocrx_word' id='word_1_25' title='bbox 432 802 704 871; x_wconf 74' lang='lat' dir='ltr'>Auferam</span> <span class='ocrx_word' id='word_1_26' title='bbox 730 816 772 855; x_wconf 87' lang='lat' dir='ltr'>a</span> <span class='ocrx_word' id='word_1_27' title='bbox 800 799 954 855; x_wconf 87' lang='lat' dir='ltr'>vobis</span> <span class='ocrx_word' id='word_1_28' title='bbox 986 814 1078 853; x_wconf 90' lang='lat' dir='ltr'>cor</span> <span class='ocrx_word' id='word_1_29' title='bbox 1106 797 1400 868; x_wconf 84' lang='lat' dir='ltr'>lapideum,</span> <span class='ocrx_word' id='word_1_30' title='bbox 1424 800 1475 851; x_wconf 92' lang='lat' dir='ltr'>et</span> <span class='ocrx_word' id='word_1_31' title='bbox 1505 796 1641 851; x_wconf 86' lang='lat' dir='ltr'>dabo</span> <span class='ocrx_word' id='word_1_32' title='bbox 1668 794 1818 848; x_wconf 86' lang='lat' dir='ltr'>vobis</span> <span class='ocrx_word' id='word_1_33' title='bbox 1846 807 1939 847; x_wconf 88' lang='lat' dir='ltr'>cor</span> <span class='ocrx_word' id='word_1_34' title='bbox 1966 806 2084 845; x_wconf 82' lang='lat' dir='ltr'>car-</span> 
     </span>
    </p>
   </div>
   <div class='ocr_carea' id='block_1_7' title="bbox 436 881 2085 959">
    <p class='ocr_par' dir='ltr' id='par_1_7' title="bbox 436 881 2085 959">
     <span class='ocr_line' id='line_1_7' title="bbox 436 881 2085 959; baseline -0.008 -15"><span class='ocrx_word' id='word_1_35' title='bbox 436 904 603 944; x_wconf 86' lang='lat' dir='ltr'>neum</span> <span class='ocrx_word' id='word_1_36' title='bbox 646 888 855 959; x_wconf 66' lang='lat' dir='ltr'>(Ezech.</span> <span class='ocrx_word' id='word_1_37' title='bbox 890 905 1078 953; x_wconf 74' lang='lat' dir='ltr'>xxxw,</span> <span class='ocrx_word' id='word_1_38' title='bbox 1109 888 1217 955; x_wconf 87' lang='lat'>26).</span> <span class='ocrx_word' id='word_1_39' title='bbox 1257 886 1674 955; x_wconf 69' lang='lat' dir='ltr'>Thesaurizare,</span> <span class='ocrx_word' id='word_1_40' title='bbox 1727 884 1787 938; x_wconf 91' lang='lat' dir='ltr'>in</span> <span class='ocrx_word' id='word_1_41' title='bbox 1831 883 1984 936; x_wconf 91' lang='lat' dir='ltr'>bona</span> <span class='ocrx_word' id='word_1_42' title='bbox 2028 881 2085 932; x_wconf 89' lang='lat' dir='ltr'>et</span> 
     </span>
    </p>
   </div>
   <div class='ocr_carea' id='block_1_8' title="bbox 436 968 2082 1049">
    <p class='ocr_par' dir='ltr' id='par_1_8' title="bbox 436 968 2082 1049">
     <span class='ocr_line' id='line_1_8' title="bbox 436 968 2082 1049; baseline -0.007 -16"><span class='ocrx_word' id='word_1_43' title='bbox 436 977 498 1032; x_wconf 91' lang='lat' dir='ltr'>in</span> <span class='ocrx_word' id='word_1_44' title='bbox 531 976 687 1033; x_wconf 91' lang='lat' dir='ltr'>mala</span> <span class='ocrx_word' id='word_1_45' title='bbox 732 975 1155 1049; x_wconf 92' lang='lat' dir='ltr'>signiﬁcatione</span> <span class='ocrx_word' id='word_1_46' title='bbox 1205 975 1461 1047; x_wconf 80' lang='lat' dir='ltr'>ponitur,</span> <span class='ocrx_word' id='word_1_47' title='bbox 1493 974 1588 1029; x_wconf 92' lang='lat' dir='ltr'>hic</span> <span class='ocrx_word' id='word_1_48' title='bbox 1631 990 1764 1028; x_wconf 91' lang='lat' dir='ltr'>vero</span> <span class='ocrx_word' id='word_1_49' title='bbox 1794 972 1853 1025; x_wconf 91' lang='lat' dir='ltr'>in</span> <span class='ocrx_word' id='word_1_50' title='bbox 1908 968 2082 1024; x_wconf 91' lang='lat' dir='ltr'>mala.</span> 
     </span>
    </p>
   </div>
   <div class='ocr_carea' id='block_1_9' title="bbox 439 1059 2085 1137">
    <p class='ocr_par' dir='ltr' id='par_1_9' title="bbox 439 1059 2085 1137">
     <span class='ocr_line' id='line_1_9' title="bbox 439 1059 2085 1137; baseline -0.007 -16"><span class='ocrx_word' id='word_1_51' title='bbox 439 1066 594 1121; x_wconf 95' lang='lat' dir='ltr'>lram</span> <span class='ocrx_word' id='word_1_52' title='bbox 641 1082 777 1137; x_wconf 88' lang='lat' dir='ltr'>ergo</span> <span class='ocrx_word' id='word_1_53' title='bbox 825 1063 1200 1132; x_wconf 89' lang='lat' dir='ltr'>thesaurizat,</span> <span class='ocrx_word' id='word_1_54' title='bbox 1252 1064 1351 1135; x_wconf 87' lang='lat' dir='ltr'>qui</span> <span class='ocrx_word' id='word_1_55' title='bbox 1402 1068 1639 1136; x_wconf 90' lang='lat' dir='ltr'>peccata</span> <span class='ocrx_word' id='word_1_56' title='bbox 1686 1059 1937 1134; x_wconf 83' lang='lat' dir='ltr'>peccatis</span> <span class='ocrx_word' id='word_1_57' title='bbox 1990 1073 2085 1111; x_wconf 89' lang='lat' dir='ltr'>ac-</span> 
     </span>
    </p>
   </div>
   <div class='ocr_carea' id='block_1_10' title="bbox 439 1147 2089 1224">
    <p class='ocr_par' dir='ltr' id='par_1_10' title="bbox 439 1147 2089 1224">
     <span class='ocr_line' id='line_1_10' title="bbox 439 1147 2089 1224; baseline -0.007 -13"><span class='ocrx_word' id='word_1_58' title='bbox 439 1153 824 1211; x_wconf 87' lang='lat' dir='ltr'>cumulat.lra</span> <span class='ocrx_word' id='word_1_59' title='bbox 852 1158 1145 1219; x_wconf 90' lang='lat' dir='ltr'>autem,ut</span> <span class='ocrx_word' id='word_1_60' title='bbox 1167 1154 1293 1224; x_wconf 92' lang='lat' dir='ltr'>jam</span> <span class='ocrx_word' id='word_1_61' title='bbox 1324 1153 1545 1207; x_wconf 90' lang='lat' dir='ltr'>dictum</span> <span class='ocrx_word' id='word_1_62' title='bbox 1578 1156 1684 1222; x_wconf 85' lang='lat' dir='ltr'>est,</span> <span class='ocrx_word' id='word_1_63' title='bbox 1701 1168 1803 1222; x_wconf 91' lang='lat' dir='ltr'>pro</span> <span class='ocrx_word' id='word_1_64' title='bbox 1832 1147 2089 1203; x_wconf 81' lang='lat' dir='ltr'>vindicta</span> 
     </span>
    </p>
   </div>
   <div class='ocr_carea' id='block_1_11' title="bbox 440 1235 2093 1314">
    <p class='ocr_par' dir='ltr' id='par_1_11' title="bbox 440 1235 2093 1314">
     <span class='ocr_line' id='line_1_11' title="bbox 440 1235 2093 1314; baseline -0.007 -15"><span class='ocrx_word' id='word_1_65' title='bbox 440 1242 746 1314; x_wconf 71' lang='lat' dir='ltr'>accipitur.</span> <span class='ocrx_word' id='word_1_66' title='bbox 781 1242 914 1298; x_wconf 84' lang='lat' dir='ltr'>Dies</span> <span class='ocrx_word' id='word_1_67' title='bbox 963 1244 1060 1296; x_wconf 71' lang='lat' dir='ltr'>iraa</span> <span class='ocrx_word' id='word_1_68' title='bbox 1101 1240 1433 1313; x_wconf 83' lang='lat' dir='ltr'>appellatur</span> <span class='ocrx_word' id='word_1_69' title='bbox 1479 1241 1603 1295; x_wconf 91' lang='lat' dir='ltr'>dies</span> <span class='ocrx_word' id='word_1_70' title='bbox 1646 1237 1883 1309; x_wconf 89' lang='lat' dir='ltr'>judicii,</span> <span class='ocrx_word' id='word_1_71' title='bbox 1923 1235 2093 1304; x_wconf 88' lang='lat' dir='ltr'>juxta</span> 
     </span>
    </p>
   </div>
   <div class='ocr_carea' id='block_1_12' title="bbox 445 1324 2093 1403">
    <p class='ocr_par' dir='ltr' id='par_1_12' title="bbox 445 1324 2093 1403">
     <span class='ocr_line' id='line_1_12' title="bbox 445 1324 2093 1403; baseline -0.006 -17"><span class='ocrx_word' id='word_1_72' title='bbox 445 1330 591 1386; x_wconf 92' lang='lat' dir='ltr'>illud</span> <span class='ocrx_word' id='word_1_73' title='bbox 621 1330 918 1403; x_wconf 71' lang='lat' dir='ltr'>prephetaa</span> <span class='ocrx_word' id='word_1_74' title='bbox 952 1347 965 1385; x_wconf 93' lang='lat'>:</span> <span class='ocrx_word' id='word_1_75' title='bbox 1004 1333 1133 1385; x_wconf 90' lang='lat' dir='ltr'>Dies</span> <span class='ocrx_word' id='word_1_76' title='bbox 1162 1330 1404 1397; x_wconf 66' lang='lat' dir='ltr'>illa,clies</span> <span class='ocrx_word' id='word_1_77' title='bbox 1435 1330 1682 1393; x_wconf 63' lang='lat' dir='ltr'>iree,dies</span> <span class='ocrx_word' id='word_1_78' title='bbox 1710 1324 2093 1382; x_wconf 78' lang='lat' dir='ltr'>tribulationis</span> 
     </span>
    </p>
   </div>
   <div class='ocr_carea' id='block_1_13' title="bbox 443 1412 2093 1490">
    <p class='ocr_par' dir='ltr' id='par_1_13' title="bbox 443 1412 2093 1490">
     <span class='ocr_line' id='line_1_13' title="bbox 443 1412 2093 1490; baseline -0.007 -14"><span class='ocrx_word' id='word_1_79' title='bbox 443 1428 495 1476; x_wconf 82' lang='lat' dir='ltr'>et</span> <span class='ocrx_word' id='word_1_80' title='bbox 542 1420 816 1489; x_wconf 69' lang='lat' dir='ltr'>angustiae</span> <span class='ocrx_word' id='word_1_81' title='bbox 859 1417 1044 1490; x_wconf 86' lang='lat' dir='ltr'>(Soph.</span> <span class='ocrx_word' id='word_1_82' title='bbox 1079 1436 1121 1483; x_wconf 82' lang='grc' dir='ltr'>ι,</span> <span class='ocrx_word' id='word_1_83' title='bbox 1164 1417 1273 1487; x_wconf 88' lang='grc'>15).</span> <span class='ocrx_word' id='word_1_84' title='bbox 1308 1417 1435 1487; x_wconf 88' lang='lat' dir='ltr'>Ipse</span> <span class='ocrx_word' id='word_1_85' title='bbox 1486 1416 1661 1471; x_wconf 85' lang='lat' dir='ltr'>etiam</span> <span class='ocrx_word' id='word_1_86' title='bbox 1708 1415 1924 1469; x_wconf 86' lang='lat' dir='ltr'>dicitur</span> <span class='ocrx_word' id='word_1_87' title='bbox 1969 1412 2093 1466; x_wconf 88' lang='lat' dir='ltr'>dies</span> 
     </span>
    </p>
   </div>
   <div class='ocr_carea' id='block_1_14' title="bbox 445 1501 2096 1578">
    <p class='ocr_par' dir='ltr' id='par_1_14' title="bbox 445 1501 2096 1578">
     <span class='ocr_line' id='line_1_14' title="bbox 445 1501 2096 1578; baseline -0.006 -15"><span class='ocrx_word' id='word_1_88' title='bbox 445 1506 851 1575; x_wconf 90' lang='lat' dir='ltr'>revelationis;</span> <span class='ocrx_word' id='word_1_89' title='bbox 885 1506 1026 1576; x_wconf 83' lang='lat' dir='ltr'>quia</span> <span class='ocrx_word' id='word_1_90' title='bbox 1055 1523 1183 1578; x_wconf 70' lang='lat' dir='ltr'>qua:</span> <span class='ocrx_word' id='word_1_91' title='bbox 1216 1522 1372 1560; x_wconf 92' lang='lat' dir='ltr'>nunc</span> <span class='ocrx_word' id='word_1_92' title='bbox 1402 1504 1603 1575; x_wconf 85' lang='lat' dir='ltr'>latent,</span> <span class='ocrx_word' id='word_1_93' title='bbox 1618 1509 1756 1558; x_wconf 89' lang='lat' dir='ltr'>tunc</span> <span class='ocrx_word' id='word_1_94' title='bbox 1788 1501 2096 1557; x_wconf 84' lang='lat' dir='ltr'>manifesta</span> 
     </span>
    </p>
   </div>
   <div class='ocr_carea' id='block_1_15' title="bbox 448 1591 2097 1667">
    <p class='ocr_par' dir='ltr' id='par_1_15' title="bbox 448 1591 2097 1667">
     <span class='ocr_line' id='line_1_15' title="bbox 448 1591 2097 1667; baseline -0.007 -14"><span class='ocrx_word' id='word_1_95' title='bbox 448 1594 811 1653; x_wconf 91' lang='lat' dir='ltr'>erunt.Unde</span> <span class='ocrx_word' id='word_1_96' title='bbox 839 1595 1125 1651; x_wconf 88' lang='lat' dir='ltr'>Dominus</span> <span class='ocrx_word' id='word_1_97' title='bbox 1150 1594 1540 1667; x_wconf 82' lang='lat' dir='ltr'>in_Evangelio</span> <span class='ocrx_word' id='word_1_98' title='bbox 1572 1593 1713 1647; x_wconf 81' lang='lat' dir='ltr'>dicit</span> <span class='ocrx_word' id='word_1_99' title='bbox 1738 1610 1750 1648; x_wconf 93' lang='lat'>:</span> <span class='ocrx_word' id='word_1_100' title='bbox 1776 1591 1925 1647; x_wconf 81' lang='lat' dir='ltr'>Nihil</span> <span class='ocrx_word' id='word_1_101' title='bbox 1946 1606 2097 1659; x_wconf 84' lang='lat' dir='ltr'>oper-</span> 
     </span>
    </p>
   </div>
   <div class='ocr_carea' id='block_1_16' title="bbox 448 1678 2096 1756">
    <p class='ocr_par' dir='ltr' id='par_1_16' title="bbox 448 1678 2096 1756">
     <span class='ocr_line' id='line_1_16' title="bbox 448 1678 2096 1756; baseline -0.006 -15"><span class='ocrx_word' id='word_1_102' title='bbox 448 1690 584 1756; x_wconf 82' lang='lat' dir='ltr'>tum,</span> <span class='ocrx_word' id='word_1_103' title='bbox 615 1685 757 1755; x_wconf 87' lang='lat' dir='ltr'>quod</span> <span class='ocrx_word' id='word_1_104' title='bbox 802 1700 913 1739; x_wconf 88' lang='lat' dir='ltr'>non</span> <span class='ocrx_word' id='word_1_105' title='bbox 942 1684 1212 1739; x_wconf 81' lang='lat' dir='ltr'>reveletur</span> <span class='ocrx_word' id='word_1_106' title='bbox 1261 1683 1473 1754; x_wconf 84' lang='lat' dir='ltr'>(Matth.</span> <span class='ocrx_word' id='word_1_107' title='bbox 1504 1700 1563 1749; x_wconf 86' lang='lat' dir='ltr'>x,</span> <span class='ocrx_word' id='word_1_108' title='bbox 1590 1684 1699 1747; x_wconf 84' lang='lat'>26;</span> <span class='ocrx_word' id='word_1_109' title='bbox 1732 1682 1857 1735; x_wconf 88' lang='lat' dir='ltr'>Luc.</span> <span class='ocrx_word' id='word_1_110' title='bbox 1890 1696 1991 1741; x_wconf 83' lang='lat' dir='ltr'>x11,</span> <span class='ocrx_word' id='word_1_111' title='bbox 2020 1678 2096 1748; x_wconf 90' lang='lat'>2).</span> 
     </span>
    </p>
   </div>
   <div class='ocr_carea' id='block_1_17' title="bbox 447 1768 2099 1845">
    <p class='ocr_par' dir='ltr' id='par_1_17' title="bbox 447 1768 2099 1845">
     <span class='ocr_line' id='line_1_17' title="bbox 447 1768 2099 1845; baseline -0.005 -16"><span class='ocrx_word' id='word_1_112' title='bbox 447 1775 520 1830; x_wconf 86' lang='lat' dir='ltr'>Et</span> <span class='ocrx_word' id='word_1_113' title='bbox 548 1777 614 1829; x_wconf 88' lang='lat' dir='ltr'>ut</span> <span class='ocrx_word' id='word_1_114' title='bbox 643 1773 897 1845; x_wconf 88' lang='lat' dir='ltr'>aperiret</span> <span class='ocrx_word' id='word_1_115' title='bbox 927 1789 1032 1828; x_wconf 91' lang='lat' dir='ltr'>cur</span> <span class='ocrx_word' id='word_1_116' title='bbox 1060 1772 1288 1843; x_wconf 87' lang='lat' dir='ltr'>dixerit,</span> <span class='ocrx_word' id='word_1_117' title='bbox 1301 1772 1445 1838; x_wconf 79' lang='lat' dir='ltr'>iusti&#39;</span> <span class='ocrx_word' id='word_1_118' title='bbox 1454 1771 1662 1843; x_wconf 84' lang='lat' dir='ltr'>judieii</span> <span class='ocrx_word' id='word_1_119' title='bbox 1688 1771 1807 1839; x_wconf 89' lang='lat' dir='ltr'>Dei,</span> <span class='ocrx_word' id='word_1_120' title='bbox 1821 1768 2099 1823; x_wconf 89' lang='lat' dir='ltr'>continuo</span> 
     </span>
    </p>
   </div>
   <div class='ocr_carea' id='block_1_18' title="bbox 452 1859 2104 1933">
    <p class='ocr_par' dir='ltr' id='par_1_18' title="bbox 452 1859 2104 1933">
     <span class='ocr_line' id='line_1_18' title="bbox 452 1859 2104 1933; baseline -0.005 -14"><span class='ocrx_word' id='word_1_121' title='bbox 452 1861 721 1919; x_wconf 82' lang='lat' dir='ltr'>subdidit</span> <span class='ocrx_word' id='word_1_122' title='bbox 749 1878 764 1917; x_wconf 88' lang='lat'>:</span> <span class='ocrx_word' id='word_1_123' title='bbox 800 1861 905 1931; x_wconf 86' lang='lat' dir='ltr'>Qui</span> <span class='ocrx_word' id='word_1_124' title='bbox 933 1862 1127 1917; x_wconf 79' lang='lat' dir='ltr'>reddet</span> <span class='ocrx_word' id='word_1_125' title='bbox 1158 1863 1459 1933; x_wconf 81' lang='lat' dir='ltr'>unicuique</span> <span class='ocrx_word' id='word_1_126' title='bbox 1486 1859 1783 1915; x_wconf 78' lang='lat' dir='ltr'>secundum</span> <span class='ocrx_word' id='word_1_127' title='bbox 1810 1873 1974 1929; x_wconf 80' lang='lat' dir='ltr'>opera</span> <span class='ocrx_word' id='word_1_128' title='bbox 2001 1872 2104 1911; x_wconf 87' lang='lat' dir='ltr'>sua</span> 
     </span>
    </p>
   </div>
   <div class='ocr_carea' id='block_1_19' title="bbox 2192 699 3856 780">
    <p class='ocr_par' dir='ltr' id='par_1_19' title="bbox 2192 699 3856 780">
     <span class='ocr_line' id='line_1_19' title="bbox 2192 699 3856 780; baseline -0.01 -12"><span class='ocrx_word' id='word_1_129' title='bbox 2192 710 2580 768; x_wconf 66' lang='lat' dir='ltr'>conscientiae.</span> <span class='ocrx_word' id='word_1_130' title='bbox 2612 709 2799 780; x_wconf 87' lang='lat' dir='ltr'>Super</span> <span class='ocrx_word' id='word_1_131' title='bbox 2826 722 3003 778; x_wconf 88' lang='lat' dir='ltr'>quem</span> <span class='ocrx_word' id='word_1_132' title='bbox 3046 707 3243 759; x_wconf 88' lang='lat' dir='ltr'>autem</span> <span class='ocrx_word' id='word_1_133' title='bbox 3306 701 3427 756; x_wconf 68' lang='lat' dir='ltr'>haec</span> <span class='ocrx_word' id='word_1_134' title='bbox 3484 699 3856 755; x_wconf 83' lang='lat' dir='ltr'>tribuantur.</span> 
     </span>
    </p>
   </div>
   <div class='ocr_carea' id='block_1_20' title="bbox 2191 788 3846 874">
    <p class='ocr_par' dir='ltr' id='par_1_20' title="bbox 2191 788 3846 874">
     <span class='ocr_line' id='line_1_20' title="bbox 2191 788 3846 874; baseline -0.009 -17"><span class='ocrx_word' id='word_1_135' title='bbox 2191 802 2471 874; x_wconf 89' lang='lat' dir='ltr'>aperitur,</span> <span class='ocrx_word' id='word_1_136' title='bbox 2503 815 2636 855; x_wconf 92' lang='lat' dir='ltr'>cum</span> <span class='ocrx_word' id='word_1_137' title='bbox 2662 797 2974 853; x_wconf 85' lang='lat' dir='ltr'>subditur:</span> <span class='ocrx_word' id='word_1_138' title='bbox 3008 796 3071 850; x_wconf 86' lang='lat' dir='ltr'>In</span> <span class='ocrx_word' id='word_1_139' title='bbox 3101 808 3318 848; x_wconf 88' lang='lat' dir='ltr'>omnem</span> <span class='ocrx_word' id='word_1_140' title='bbox 3332 792 3584 846; x_wconf 87' lang='lat' dir='ltr'>animam</span> <span class='ocrx_word' id='word_1_141' title='bbox 3599 788 3846 844; x_wconf 81' lang='lat' dir='ltr'>hominis</span> 
     </span>
    </p>
   </div>
   <div class='ocr_carea' id='block_1_21' title="bbox 2192 878 3853 963">
    <p class='ocr_par' dir='ltr' id='par_1_21' title="bbox 2192 878 3853 963">
     <span class='ocr_line' id='line_1_21' title="bbox 2192 878 3853 963; baseline -0.01 -16"><span class='ocrx_word' id='word_1_142' title='bbox 2192 891 2468 963; x_wconf 82' lang='lat' dir='ltr'>operantis</span> <span class='ocrx_word' id='word_1_143' title='bbox 2499 890 2725 943; x_wconf 90' lang='lat' dir='ltr'>malum.</span> <span class='ocrx_word' id='word_1_144' title='bbox 2756 886 2863 941; x_wconf 91' lang='lat' dir='ltr'>Sed</span> <span class='ocrx_word' id='word_1_145' title='bbox 2894 884 2995 956; x_wconf 89' lang='lat' dir='ltr'>qui</span> <span class='ocrx_word' id='word_1_146' title='bbox 3028 888 3136 952; x_wconf 89' lang='lat' dir='ltr'>est,</span> <span class='ocrx_word' id='word_1_147' title='bbox 3170 881 3327 953; x_wconf 93' lang='lat' dir='ltr'>quod</span> <span class='ocrx_word' id='word_1_148' title='bbox 3357 878 3518 950; x_wconf 86' lang='lat' dir='ltr'>dicit,</span> <span class='ocrx_word' id='word_1_149' title='bbox 3551 879 3611 933; x_wconf 88' lang='lat' dir='ltr'>in</span> <span class='ocrx_word' id='word_1_150' title='bbox 3631 893 3853 933; x_wconf 86' lang='lat' dir='ltr'>omnem</span> 
     </span>
    </p>
   </div>
   <div class='ocr_carea' id='block_1_22' title="bbox 2194 966 3858 1044">
    <p class='ocr_par' dir='ltr' id='par_1_22' title="bbox 2194 966 3858 1044">
     <span class='ocr_line' id='line_1_22' title="bbox 2194 966 3858 1044; baseline -0.009 -10"><span class='ocrx_word' id='word_1_151' title='bbox 2194 980 2423 1035; x_wconf 89' lang='lat' dir='ltr'>animan</span> <span class='ocrx_word' id='word_1_152' title='bbox 2478 975 2762 1032; x_wconf 86' lang='lat' dir='ltr'>hominis?</span> <span class='ocrx_word' id='word_1_153' title='bbox 2826 973 3102 1044; x_wconf 88' lang='lat' dir='ltr'>Nunquid</span> <span class='ocrx_word' id='word_1_154' title='bbox 3160 970 3286 1026; x_wconf 90' lang='lat' dir='ltr'>sola</span> <span class='ocrx_word' id='word_1_155' title='bbox 3335 968 3537 1024; x_wconf 89' lang='lat' dir='ltr'>anima</span> <span class='ocrx_word' id='word_1_156' title='bbox 3595 966 3858 1038; x_wconf 87' lang='lat' dir='ltr'>patietur</span> 
     </span>
    </p>
   </div>
   <div class='ocr_carea' id='block_1_23' title="bbox 2196 1055 3858 1141">
    <p class='ocr_par' dir='ltr' id='par_1_23' title="bbox 2196 1055 3858 1141">
     <span class='ocr_line' id='line_1_23' title="bbox 2196 1055 3858 1141; baseline -0.009 -18"><span class='ocrx_word' id='word_1_157' title='bbox 2196 1067 2466 1141; x_wconf 72' lang='lat' dir='ltr'>pmnam?</span> <span class='ocrx_word' id='word_1_158' title='bbox 2500 1066 2625 1120; x_wconf 90' lang='lat' dir='ltr'>Non</span> <span class='ocrx_word' id='word_1_159' title='bbox 2652 1083 2664 1120; x_wconf 91' lang='lat'>:</span> <span class='ocrx_word' id='word_1_160' title='bbox 2701 1065 2800 1118; x_wconf 90' lang='lat' dir='ltr'>sed</span> <span class='ocrx_word' id='word_1_161' title='bbox 2834 1062 3029 1118; x_wconf 79' lang='lat' dir='ltr'>anima</span> <span class='ocrx_word' id='word_1_162' title='bbox 3061 1059 3239 1115; x_wconf 86' lang='lat' dir='ltr'>simul</span> <span class='ocrx_word' id='word_1_163' title='bbox 3270 1063 3327 1114; x_wconf 88' lang='lat' dir='ltr'>et</span> <span class='ocrx_word' id='word_1_164' title='bbox 3344 1055 3858 1129; x_wconf 86' lang='lat' dir='ltr'>corpus.Fuerunt</span> 
     </span>
    </p>
   </div>
   <div class='ocr_carea' id='block_1_24' title="bbox 2197 1143 3859 1225">
    <p class='ocr_par' dir='ltr' id='par_1_24' title="bbox 2197 1143 3859 1225">
     <span class='ocr_line' id='line_1_24' title="bbox 2197 1143 3859 1225; baseline -0.009 -14"><span class='ocrx_word' id='word_1_165' title='bbox 2197 1155 2353 1212; x_wconf 90' lang='lat' dir='ltr'>enim</span> <span class='ocrx_word' id='word_1_166' title='bbox 2387 1152 2671 1210; x_wconf 89' lang='lat' dir='ltr'>nonnulli.</span> <span class='ocrx_word' id='word_1_167' title='bbox 2700 1152 2800 1225; x_wconf 91' lang='lat' dir='ltr'>qui</span> <span class='ocrx_word' id='word_1_168' title='bbox 2831 1152 2905 1205; x_wconf 92' lang='lat' dir='ltr'>ob</span> <span class='ocrx_word' id='word_1_169' title='bbox 2938 1149 3230 1220; x_wconf 88' lang='lat' dir='ltr'>hoc,quod</span> <span class='ocrx_word' id='word_1_170' title='bbox 3254 1145 3576 1219; x_wconf 82' lang='lat' dir='ltr'>Apostolus</span> <span class='ocrx_word' id='word_1_171' title='bbox 3602 1143 3776 1213; x_wconf 82' lang='lat' dir='ltr'>dicit,</span> <span class='ocrx_word' id='word_1_172' title='bbox 3799 1145 3859 1197; x_wconf 88' lang='lat' dir='ltr'>in</span> 
     </span>
    </p>
   </div>
   <div class='ocr_carea' id='block_1_25' title="bbox 2198 1232 3865 1310">
    <p class='ocr_par' dir='ltr' id='par_1_25' title="bbox 2198 1232 3865 1310">
     <span class='ocr_line' id='line_1_25' title="bbox 2198 1232 3865 1310; baseline -0.01 -9"><span class='ocrx_word' id='word_1_173' title='bbox 2198 1260 2414 1301; x_wconf 88' lang='lat' dir='ltr'>omnem</span> <span class='ocrx_word' id='word_1_174' title='bbox 2439 1245 2708 1308; x_wconf 87' lang='lat' dir='ltr'>animam,</span> <span class='ocrx_word' id='word_1_175' title='bbox 2740 1239 3064 1310; x_wconf 84' lang='lat' dir='ltr'>intelligere</span> <span class='ocrx_word' id='word_1_176' title='bbox 3105 1235 3420 1306; x_wconf 88' lang='lat' dir='ltr'>voluerint,</span> <span class='ocrx_word' id='word_1_177' title='bbox 3464 1234 3648 1305; x_wconf 93' lang='lat' dir='ltr'>quod,</span> <span class='ocrx_word' id='word_1_178' title='bbox 3710 1232 3865 1287; x_wconf 86' lang='lat' dir='ltr'>sicut</span> 
     </span>
    </p>
   </div>
   <div class='ocr_carea' id='block_1_26' title="bbox 2200 1324 3867 1403">
    <p class='ocr_par' dir='ltr' id='par_1_26' title="bbox 2200 1324 3867 1403">
     <span class='ocr_line' id='line_1_26' title="bbox 2200 1324 3867 1403; baseline -0.008 -15"><span class='ocrx_word' id='word_1_179' title='bbox 2200 1333 2400 1389; x_wconf 87' lang='lat' dir='ltr'>anima</span> <span class='ocrx_word' id='word_1_180' title='bbox 2430 1329 2711 1403; x_wconf 78' lang='lat' dir='ltr'>spiritalis</span> <span class='ocrx_word' id='word_1_181' title='bbox 2742 1333 2850 1396; x_wconf 87' lang='lat' dir='ltr'>est,</span> <span class='ocrx_word' id='word_1_182' title='bbox 2884 1328 2967 1382; x_wconf 87' lang='lat' dir='ltr'>ita</span> <span class='ocrx_word' id='word_1_183' title='bbox 2997 1331 3055 1382; x_wconf 89' lang='lat' dir='ltr'>et</span> <span class='ocrx_word' id='word_1_184' title='bbox 3090 1342 3262 1397; x_wconf 81' lang='lat' dir='ltr'>poma</span> <span class='ocrx_word' id='word_1_185' title='bbox 3294 1324 3638 1391; x_wconf 88' lang='lat' dir='ltr'>futura,non</span> <span class='ocrx_word' id='word_1_186' title='bbox 3664 1337 3867 1392; x_wconf 87' lang='lat' dir='ltr'>corpo-</span> 
     </span>
    </p>
   </div>
   <div class='ocr_carea' id='block_1_27' title="bbox 2202 1410 3863 1490">
    <p class='ocr_par' dir='ltr' id='par_1_27' title="bbox 2202 1410 3863 1490">
     <span class='ocr_line' id='line_1_27' title="bbox 2202 1410 3863 1490; baseline -0.009 -12"><span class='ocrx_word' id='word_1_187' title='bbox 2202 1438 2302 1478; x_wconf 79' lang='lat' dir='ltr'>rea</span> <span class='ocrx_word' id='word_1_188' title='bbox 2331 1422 2429 1486; x_wconf 86' lang='lat' dir='ltr'>sit,</span> <span class='ocrx_word' id='word_1_189' title='bbox 2472 1420 2573 1474; x_wconf 89' lang='lat' dir='ltr'>sed</span> <span class='ocrx_word' id='word_1_190' title='bbox 2622 1416 2922 1490; x_wconf 87' lang='lat' dir='ltr'>spiritalis,</span> <span class='ocrx_word' id='word_1_191' title='bbox 2982 1417 3134 1488; x_wconf 91' lang='lat' dir='ltr'>quod</span> <span class='ocrx_word' id='word_1_192' title='bbox 3197 1412 3437 1469; x_wconf 87' lang='lat' dir='ltr'>omnino</span> <span class='ocrx_word' id='word_1_193' title='bbox 3495 1410 3715 1467; x_wconf 74' lang='lat' dir='ltr'>falsum</span> <span class='ocrx_word' id='word_1_194' title='bbox 3750 1414 3863 1475; x_wconf 87' lang='lat' dir='ltr'>est,</span> 
     </span>
    </p>
   </div>
   <div class='ocr_carea' id='block_1_28' title="bbox 2202 1498 3867 1582">
    <p class='ocr_par' dir='ltr' id='par_1_28' title="bbox 2202 1498 3867 1582">
     <span class='ocr_line' id='line_1_28' title="bbox 2202 1498 3867 1582; baseline -0.008 -16"><span class='ocrx_word' id='word_1_195' title='bbox 2202 1508 2517 1582; x_wconf 87' lang='lat' dir='ltr'>Apostolus</span> <span class='ocrx_word' id='word_1_196' title='bbox 2547 1513 2739 1563; x_wconf 84' lang='lat' dir='ltr'>autem</span> <span class='ocrx_word' id='word_1_197' title='bbox 2770 1506 2900 1561; x_wconf 89' lang='lat' dir='ltr'>ideo</span> <span class='ocrx_word' id='word_1_198' title='bbox 2924 1505 3085 1571; x_wconf 87' lang='lat' dir='ltr'>dicit,</span> <span class='ocrx_word' id='word_1_199' title='bbox 3127 1519 3342 1559; x_wconf 88' lang='lat' dir='ltr'>omnem</span> <span class='ocrx_word' id='word_1_200' title='bbox 3366 1504 3619 1557; x_wconf 80' lang='lat' dir='ltr'>animam</span> <span class='ocrx_word' id='word_1_201' title='bbox 3640 1517 3661 1561; x_wconf 86' lang='grc'>.·</span> <span class='ocrx_word' id='word_1_202' title='bbox 3721 1498 3867 1569; x_wconf 89' lang='lat' dir='ltr'>quia</span> 
     </span>
    </p>
   </div>
   <div class='ocr_carea' id='block_1_29' title="bbox 2207 1590 3864 1664">
    <p class='ocr_par' dir='ltr' id='par_1_29' title="bbox 2207 1590 3864 1664">
     <span class='ocr_line' id='line_1_29' title="bbox 2207 1590 3864 1664; baseline -0.008 -10"><span class='ocrx_word' id='word_1_203' title='bbox 2207 1598 2404 1655; x_wconf 90' lang='lat' dir='ltr'>anima</span> <span class='ocrx_word' id='word_1_204' title='bbox 2434 1596 2734 1651; x_wconf 85' lang='lat' dir='ltr'>rationalis</span> <span class='ocrx_word' id='word_1_205' title='bbox 2749 1600 2807 1650; x_wconf 89' lang='lat' dir='ltr'>et</span> <span class='ocrx_word' id='word_1_206' title='bbox 2835 1598 3105 1650; x_wconf 88' lang='lat' dir='ltr'>creatnra</span> <span class='ocrx_word' id='word_1_207' title='bbox 3124 1611 3142 1647; x_wconf 87' lang='lat'>:</span> <span class='ocrx_word' id='word_1_208' title='bbox 3164 1592 3369 1664; x_wconf 88' lang='lat' dir='ltr'>etipsa</span> <span class='ocrx_word' id='word_1_209' title='bbox 3389 1590 3579 1662; x_wconf 91' lang='lat' dir='ltr'>primo</span> <span class='ocrx_word' id='word_1_210' title='bbox 3622 1592 3864 1660; x_wconf 87' lang='lat' dir='ltr'>peccat;</span> 
     </span>
    </p>
   </div>
   <div class='ocr_carea' id='block_1_30' title="bbox 2208 1678 3869 1759">
    <p class='ocr_par' dir='ltr' id='par_1_30' title="bbox 2208 1678 3869 1759">
     <span class='ocr_line' id='line_1_30' title="bbox 2208 1678 3869 1759; baseline -0.005 -17"><span class='ocrx_word' id='word_1_211' title='bbox 2208 1688 2453 1759; x_wconf 90' lang='lat' dir='ltr'>ideoque</span> <span class='ocrx_word' id='word_1_212' title='bbox 2486 1685 2675 1758; x_wconf 90' lang='lat' dir='ltr'>prima</span> <span class='ocrx_word' id='word_1_213' title='bbox 2703 1685 2997 1756; x_wconf 90' lang='lat' dir='ltr'>punietur.</span> <span class='ocrx_word' id='word_1_214' title='bbox 3031 1682 3183 1747; x_wconf 90' lang='lat' dir='ltr'>Sive,</span> <span class='ocrx_word' id='word_1_215' title='bbox 3217 1680 3437 1752; x_wconf 77' lang='lat' dir='ltr'>tropice</span> <span class='ocrx_word' id='word_1_216' title='bbox 3505 1678 3778 1749; x_wconf 89' lang='lat' dir='ltr'>loquens,</span> <span class='ocrx_word' id='word_1_217' title='bbox 3833 1693 3869 1733; x_wconf 88' lang='lat' dir='ltr'>a</span> 
     </span>
    </p>
   </div>
   <div class='ocr_carea' id='block_1_31' title="bbox 2211 1766 3864 1849">
    <p class='ocr_par' dir='ltr' id='par_1_31' title="bbox 2211 1766 3864 1849">
     <span class='ocr_line' id='line_1_31' title="bbox 2211 1766 3864 1849; baseline -0.007 -18"><span class='ocrx_word' id='word_1_218' title='bbox 2211 1775 2461 1849; x_wconf 89' lang='lat' dir='ltr'>parte,id</span> <span class='ocrx_word' id='word_1_219' title='bbox 2494 1774 2997 1838; x_wconf 89' lang='lat' dir='ltr'>estanima,totum</span> <span class='ocrx_word' id='word_1_220' title='bbox 3029 1770 3277 1842; x_wconf 88' lang='lat' dir='ltr'>intelligi</span> <span class='ocrx_word' id='word_1_221' title='bbox 3308 1767 3493 1824; x_wconf 89' lang='lat' dir='ltr'>voluit</span> <span class='ocrx_word' id='word_1_222' title='bbox 3512 1766 3820 1823; x_wconf 89' lang='lat' dir='ltr'>hominem</span> <span class='ocrx_word' id='word_1_223' title='bbox 3849 1782 3864 1833; x_wconf 89' lang='lat'><strong>;</strong></span> 
     </span>
    </p>
   </div>
   <div class='ocr_carea' id='block_1_32' title="bbox 2212 1857 3865 1931">
    <p class='ocr_par' dir='ltr' id='par_1_32' title="bbox 2212 1857 3865 1931">
     <span class='ocr_line' id='line_1_32' title="bbox 2212 1857 3865 1931; baseline -0.008 -10"><span class='ocrx_word' id='word_1_224' title='bbox 2212 1870 2278 1922; x_wconf 92' lang='lat' dir='ltr'>ut</span> <span class='ocrx_word' id='word_1_225' title='bbox 2296 1869 2385 1921; x_wconf 89' lang='lat' dir='ltr'>est</span> <span class='ocrx_word' id='word_1_226' title='bbox 2409 1864 2553 1919; x_wconf 88' lang='lat' dir='ltr'>illud</span> <span class='ocrx_word' id='word_1_227' title='bbox 2582 1881 2594 1919; x_wconf 92' lang='lat'>:</span> <span class='ocrx_word' id='word_1_228' title='bbox 2626 1862 2911 1919; x_wconf 77' lang='lat' dir='ltr'>Descendit</span> <span class='ocrx_word' id='word_1_229' title='bbox 2937 1860 3097 1917; x_wconf 86' lang='lat' dir='ltr'>Jocob</span> <span class='ocrx_word' id='word_1_230' title='bbox 3124 1862 3184 1915; x_wconf 90' lang='lat' dir='ltr'>in</span> <span class='ocrx_word' id='word_1_231' title='bbox 3205 1862 3501 1931; x_wconf 49' lang='lat' dir='ltr'>[Egyptum</span> <span class='ocrx_word' id='word_1_232' title='bbox 3541 1858 3607 1911; x_wconf 92' lang='lat' dir='ltr'>in</span> <span class='ocrx_word' id='word_1_233' title='bbox 3634 1857 3865 1910; x_wconf 85' lang='lat' dir='ltr'>anima-</span> 
     </span>
    </p>
   </div>
   <div class='ocr_carea' id='block_1_33' title="bbox 452 1943 3867 2042">
    <p class='ocr_par' dir='ltr' id='par_1_33' title="bbox 452 1943 3867 2042">
     <span class='ocr_line' id='line_1_33' title="bbox 452 1943 3867 2042; baseline -0.008 -18"><span class='ocrx_word' id='word_1_234' title='bbox 452 1950 711 2025; x_wconf 65' lang='lat' dir='ltr'>(ugl-Ut</span> <span class='ocrx_word' id='word_1_235' title='bbox 739 1955 935 2042; x_wconf 52' lang='lat' dir='ltr'>alitem</span> <span class='ocrx_word' id='word_1_236' title='bbox 968 1951 1235 2042; x_wconf 50' lang='lat' dir='ltr'>eiusdem</span> <span class='ocrx_word' id='word_1_237' title='bbox 1258 1949 1469 2042; x_wconf 15' lang='lat' dir='ltr'>luidlCii</span> <span class='ocrx_word' id='word_1_238' title='bbox 1500 1949 1831 2042; x_wconf 12' lang='grc' dir='ltr'>οῄδβθηάθνέῑ</span> <span class='ocrx_word' id='word_1_239' title='bbox 1858 1944 2102 2042; x_wconf 48' lang='grc' dir='ltr'>ἱεραί-ἴα·</span> <span class='ocrx_word' id='word_1_240' title='bbox 2137 1977 2187 2042; x_wconf 81' lang='grc' dir='ltr'><strong>Β</strong></span> <span class='ocrx_word' id='word_1_241' title='bbox 2217 1955 2313 2011; x_wconf 78' lang='lat' dir='ltr'>bus</span> <span class='ocrx_word' id='word_1_242' title='bbox 2340 1956 2686 2025; x_wconf 79' lang='lat' dir='ltr'>septuaginta</span> <span class='ocrx_word' id='word_1_243' title='bbox 2711 1952 2881 2023; x_wconf 82' lang='lat' dir='ltr'>&#39;(Gen.</span> <span class='ocrx_word' id='word_1_244' title='bbox 2923 1967 3072 2015; x_wconf 75' lang='lat' dir='ltr'>XLVI,</span> <span class='ocrx_word' id='word_1_245' title='bbox 3128 1949 3242 2021; x_wconf 94' lang='lat'>27).</span> <span class='ocrx_word' id='word_1_246' title='bbox 3295 1947 3456 2013; x_wconf 90' lang='lat' dir='ltr'>Quod</span> <span class='ocrx_word' id='word_1_247' title='bbox 3505 1961 3643 2000; x_wconf 88' lang='lat' dir='ltr'>vero</span> <span class='ocrx_word' id='word_1_248' title='bbox 3700 1943 3867 2012; x_wconf 88' lang='lat' dir='ltr'>dicit,</span> 
     </span>
    </p>
   </div>
   <div class='ocr_carea' id='block_1_34' title="bbox 453 2033 3871 2116">
    <p class='ocr_par' dir='ltr' id='par_1_34' title="bbox 453 2033 3871 2116">
     <span class='ocr_line' id='line_1_34' title="bbox 453 2033 3871 2116; baseline -0.008 -3"><span class='ocrx_word' id='word_1_249' title='bbox 453 2044 595 2111; x_wconf 61' lang='lat' dir='ltr'>tam:</span> <span class='ocrx_word' id='word_1_250' title='bbox 628 2039 906 2096; x_wconf 70' lang='grc' dir='ltr'>οοῐηίηυο</span> <span class='ocrx_word' id='word_1_251' title='bbox 938 2039 1243 2110; x_wconf 58' lang='lat' dir='ltr'>“hiauit</span> <span class='ocrx_word' id='word_1_252' title='bbox 1276 2057 1289 2095; x_wconf 72' lang='grc' dir='ltr'>ε</span> <span class='ocrx_word' id='word_1_253' title='bbox 1314 2040 1409 2094; x_wconf 58' lang='lat' dir='ltr'>&quot;is</span> <span class='ocrx_word' id='word_1_254' title='bbox 1439 2038 1784 2109; x_wconf 59' lang='lat' dir='ltr'>quidemqui</span> <span class='ocrx_word' id='word_1_255' title='bbox 1811 2033 2110 2090; x_wconf 60' lang='lat' dir='ltr'>secundum</span> <span class='ocrx_word' id='word_1_256' title='bbox 2138 2033 2184 2042; x_wconf 67' lang='grc'><em>”</em></span> <span class='ocrx_word' id='word_1_257' title='bbox 2216 2051 2475 2116; x_wconf 76' lang='lat' dir='ltr'>operante</span> <span class='ocrx_word' id='word_1_258' title='bbox 2502 2042 2717 2096; x_wconf 87' lang='lat' dir='ltr'>malum</span> <span class='ocrx_word' id='word_1_259' title='bbox 2744 2056 2896 2111; x_wconf 89' lang='lat' dir='ltr'>opus.</span> <span class='ocrx_word' id='word_1_260' title='bbox 2928 2039 3024 2093; x_wconf 91' lang='lat' dir='ltr'>hic</span> <span class='ocrx_word' id='word_1_261' title='bbox 3055 2055 3168 2093; x_wconf 91' lang='lat' dir='ltr'>non</span> <span class='ocrx_word' id='word_1_262' title='bbox 3201 2037 3273 2093; x_wconf 92' lang='lat' dir='ltr'>ad</span> <span class='ocrx_word' id='word_1_263' title='bbox 3296 2036 3557 2107; x_wconf 77' lang='lat' dir='ltr'>aliquam</span> <span class='ocrx_word' id='word_1_264' title='bbox 3577 2033 3871 2089; x_wconf 87' lang='lat' dir='ltr'>actionem</span> 
     </span>
    </p>
   </div>
   <div class='ocr_carea' id='block_1_35' title="bbox 451 2126 2109 2200">
    <p class='ocr_par' dir='ltr' id='par_1_35' title="bbox 451 2126 2109 2200">
     <span class='ocr_line' id='line_1_35' title="bbox 451 2126 2109 2200; baseline -0.005 -15"><span class='ocrx_word' id='word_1_265' title='bbox 451 2130 791 2199; x_wconf 77' lang='lat' dir='ltr'>patientiam</span> <span class='ocrx_word' id='word_1_266' title='bbox 819 2129 948 2184; x_wconf 91' lang='lat' dir='ltr'>boni</span> <span class='ocrx_word' id='word_1_267' title='bbox 975 2130 1171 2200; x_wconf 88' lang='lat' dir='ltr'>operis,</span> <span class='ocrx_word' id='word_1_268' title='bbox 1201 2130 1463 2199; x_wconf 86' lang='lat' dir='ltr'>gloriam,</span> <span class='ocrx_word' id='word_1_269' title='bbox 1478 2132 1530 2183; x_wconf 89' lang='lat' dir='ltr'>et</span> <span class='ocrx_word' id='word_1_270' title='bbox 1559 2133 1897 2196; x_wconf 87' lang='lat' dir='ltr'>honorem,et</span> <span class='ocrx_word' id='word_1_271' title='bbox 1928 2126 2109 2179; x_wconf 88' lang='lat' dir='ltr'>incor-</span> 
     </span>
    </p>
   </div>
   <div class='ocr_carea' id='block_1_36' title="bbox 453 2214 2111 2290">
    <p class='ocr_par' dir='ltr' id='par_1_36' title="bbox 453 2214 2111 2290">
     <span class='ocr_line' id='line_1_36' title="bbox 453 2214 2111 2290; baseline -0.005 -16"><span class='ocrx_word' id='word_1_272' title='bbox 453 2219 786 2290; x_wconf 88' lang='lat' dir='ltr'>ruptionem,</span> <span class='ocrx_word' id='word_1_273' title='bbox 820 2218 914 2272; x_wconf 83' lang='lat' dir='ltr'>hic</span> <span class='ocrx_word' id='word_1_274' title='bbox 958 2217 1431 2272; x_wconf 87' lang='lat' dir='ltr'>subaudiendum</span> <span class='ocrx_word' id='word_1_275' title='bbox 1481 2220 1588 2285; x_wconf 92' lang='lat' dir='ltr'>est,</span> <span class='ocrx_word' id='word_1_276' title='bbox 1620 2217 1829 2270; x_wconf 84' lang='lat' dir='ltr'>vivunt.</span> <span class='ocrx_word' id='word_1_277' title='bbox 1864 2214 1933 2267; x_wconf 90' lang='lat' dir='ltr'>Et</span> <span class='ocrx_word' id='word_1_278' title='bbox 1979 2214 2111 2282; x_wconf 87' lang='lat' dir='ltr'>apte</span> 
     </span>
    </p>
   </div>
   <div class='ocr_carea' id='block_1_37' title="bbox 463 2298 2109 2379">
    <p class='ocr_par' dir='ltr' id='par_1_37' title="bbox 463 2298 2109 2379">
     <span class='ocr_line' id='line_1_37' title="bbox 463 2298 2109 2379; baseline -0.006 -16"><span class='ocrx_word' id='word_1_279' title='bbox 463 2306 701 2379; x_wconf 89' lang='lat' dir='ltr'>quidem</span> <span class='ocrx_word' id='word_1_280' title='bbox 732 2306 875 2362; x_wconf 90' lang='lat' dir='ltr'>dicit</span> <span class='ocrx_word' id='word_1_281' title='bbox 904 2322 923 2361; x_wconf 91' lang='lat'>:</span> <span class='ocrx_word' id='word_1_282' title='bbox 953 2306 1075 2373; x_wconf 86' lang='lat' dir='ltr'>His,</span> <span class='ocrx_word' id='word_1_283' title='bbox 1109 2305 1209 2378; x_wconf 90' lang='lat' dir='ltr'>qui</span> <span class='ocrx_word' id='word_1_284' title='bbox 1243 2306 1569 2361; x_wconf 89' lang='lat' dir='ltr'>secundum</span> <span class='ocrx_word' id='word_1_285' title='bbox 1601 2302 1939 2375; x_wconf 87' lang='lat' dir='ltr'>patientiam</span> <span class='ocrx_word' id='word_1_286' title='bbox 1972 2298 2109 2355; x_wconf 92' lang='lat' dir='ltr'>boni</span> 
     </span>
    </p>
   </div>
   <div class='ocr_carea' id='block_1_38' title="bbox 465 2393 2112 2467">
    <p class='ocr_par' dir='ltr' id='par_1_38' title="bbox 465 2393 2112 2467">
     <span class='ocr_line' id='line_1_38' title="bbox 465 2393 2112 2467; baseline -0.007 -13"><span class='ocrx_word' id='word_1_287' title='bbox 465 2395 658 2467; x_wconf 90' lang='lat' dir='ltr'>operis</span> <span class='ocrx_word' id='word_1_288' title='bbox 687 2394 890 2449; x_wconf 90' lang='lat' dir='ltr'>vivunt</span> <span class='ocrx_word' id='word_1_289' title='bbox 916 2410 932 2461; x_wconf 88' lang='lat'><strong>;</strong></span> <span class='ocrx_word' id='word_1_290' title='bbox 955 2395 1237 2465; x_wconf 90' lang='lat' dir='ltr'>quoniam</span> <span class='ocrx_word' id='word_1_291' title='bbox 1266 2394 1401 2448; x_wconf 87' lang='lat' dir='ltr'>boni</span> <span class='ocrx_word' id='word_1_292' title='bbox 1434 2393 1628 2465; x_wconf 90' lang='lat' dir='ltr'>operis</span> <span class='ocrx_word' id='word_1_293' title='bbox 1660 2408 1880 2447; x_wconf 91' lang='lat' dir='ltr'>merces</span> <span class='ocrx_word' id='word_1_294' title='bbox 1902 2405 2112 2445; x_wconf 87' lang='lat' dir='ltr'>secun-</span> 
     </span>
    </p>
   </div>
   <div class='ocr_carea' id='block_1_39' title="bbox 465 2480 2109 2555">
    <p class='ocr_par' dir='ltr' id='par_1_39' title="bbox 465 2480 2109 2555">
     <span class='ocr_line' id='line_1_39' title="bbox 465 2480 2109 2555; baseline -0.005 -16"><span class='ocrx_word' id='word_1_295' title='bbox 465 2483 607 2539; x_wconf 88' lang='lat' dir='ltr'>dum</span> <span class='ocrx_word' id='word_1_296' title='bbox 628 2480 968 2555; x_wconf 88' lang='lat' dir='ltr'>patientiam</span> <span class='ocrx_word' id='word_1_297' title='bbox 981 2484 1499 2553; x_wconf 80' lang='lat' dir='ltr'>exspectatur;quse</span> <span class='ocrx_word' id='word_1_298' title='bbox 1521 2482 1581 2535; x_wconf 92' lang='lat' dir='ltr'>in</span> <span class='ocrx_word' id='word_1_299' title='bbox 1594 2482 1786 2535; x_wconf 88' lang='lat' dir='ltr'>futoro</span> <span class='ocrx_word' id='word_1_300' title='bbox 1798 2480 2109 2534; x_wconf 89' lang='lat' dir='ltr'>tribuetur.</span> 
     </span>
    </p>
   </div>
   <div class='ocr_carea' id='block_1_40' title="bbox 464 2566 2114 2642">
    <p class='ocr_par' dir='ltr' id='par_1_40' title="bbox 464 2566 2114 2642">
     <span class='ocr_line' id='line_1_40' title="bbox 464 2566 2114 2642; baseline -0.005 -14"><span class='ocrx_word' id='word_1_301' title='bbox 464 2572 629 2628; x_wconf 91' lang='lat' dir='ltr'>Unde</span> <span class='ocrx_word' id='word_1_302' title='bbox 659 2571 813 2625; x_wconf 91' lang='lat' dir='ltr'>idem</span> <span class='ocrx_word' id='word_1_303' title='bbox 842 2570 1156 2642; x_wconf 85' lang='lat' dir='ltr'>Apostolus</span> <span class='ocrx_word' id='word_1_304' title='bbox 1205 2569 1345 2625; x_wconf 85' lang='lat' dir='ltr'>alibi</span> <span class='ocrx_word' id='word_1_305' title='bbox 1370 2570 1515 2624; x_wconf 89' lang='lat' dir='ltr'>dicit</span> <span class='ocrx_word' id='word_1_306' title='bbox 1544 2585 1558 2623; x_wconf 91' lang='lat'>:</span> <span class='ocrx_word' id='word_1_307' title='bbox 1590 2570 1697 2624; x_wconf 90' lang='lat' dir='ltr'>Per</span> <span class='ocrx_word' id='word_1_308' title='bbox 1722 2569 1885 2639; x_wconf 81' lang='lat' dir='ltr'>ﬁdem</span> <span class='ocrx_word' id='word_1_309' title='bbox 1921 2566 2114 2621; x_wconf 89' lang='lat' dir='ltr'>ambu-</span> 
     </span>
    </p>
   </div>
   <div class='ocr_carea' id='block_1_41' title="bbox 465 2654 2113 2731">
    <p class='ocr_par' dir='ltr' id='par_1_41' title="bbox 465 2654 2113 2731">
     <span class='ocr_line' id='line_1_41' title="bbox 465 2654 2113 2731; baseline -0.005 -14"><span class='ocrx_word' id='word_1_310' title='bbox 465 2661 667 2728; x_wconf 88' lang='lat' dir='ltr'>lamus,</span> <span class='ocrx_word' id='word_1_311' title='bbox 696 2664 749 2715; x_wconf 87' lang='lat' dir='ltr'>et</span> <span class='ocrx_word' id='word_1_312' title='bbox 795 2675 910 2716; x_wconf 88' lang='lat' dir='ltr'>non</span> <span class='ocrx_word' id='word_1_313' title='bbox 953 2675 1057 2731; x_wconf 87' lang='lat' dir='ltr'>per</span> <span class='ocrx_word' id='word_1_314' title='bbox 1098 2660 1334 2731; x_wconf 85' lang='lat' dir='ltr'>speciem</span> <span class='ocrx_word' id='word_1_315' title='bbox 1367 2659 1439 2729; x_wconf 89' lang='grc'>(11</span> <span class='ocrx_word' id='word_1_316' title='bbox 1496 2660 1624 2712; x_wconf 86' lang='lat' dir='ltr'>Cor.</span> <span class='ocrx_word' id='word_1_317' title='bbox 1656 2675 1713 2724; x_wconf 94' lang='lat' dir='ltr'>v,</span> <span class='ocrx_word' id='word_1_318' title='bbox 1742 2658 1820 2727; x_wconf 92' lang='lat'>7).</span> <span class='ocrx_word' id='word_1_319' title='bbox 1855 2654 2113 2712; x_wconf 88' lang='lat' dir='ltr'>Gloriam</span> 
     </span>
    </p>
   </div>
   <div class='ocr_carea' id='block_1_42' title="bbox 460 2744 2117 2818">
    <p class='ocr_par' dir='ltr' id='par_1_42' title="bbox 460 2744 2117 2818">
     <span class='ocr_line' id='line_1_42' title="bbox 460 2744 2117 2818; baseline -0.005 -11"><span class='ocrx_word' id='word_1_320' title='bbox 460 2752 631 2807; x_wconf 86' lang='lat' dir='ltr'>vocat</span> <span class='ocrx_word' id='word_1_321' title='bbox 648 2749 917 2804; x_wconf 91' lang='lat' dir='ltr'>decorem</span> <span class='ocrx_word' id='word_1_322' title='bbox 939 2751 1162 2803; x_wconf 65' lang='lat' dir='ltr'>aeterna:</span> <span class='ocrx_word' id='word_1_323' title='bbox 1195 2746 1671 2815; x_wconf 89' lang='lat' dir='ltr'>beatitudinis,de</span> <span class='ocrx_word' id='word_1_324' title='bbox 1693 2762 1808 2818; x_wconf 91' lang='lat' dir='ltr'>quo</span> <span class='ocrx_word' id='word_1_325' title='bbox 1833 2744 2117 2801; x_wconf 89' lang='lat' dir='ltr'>Dominus</span> 
     </span>
    </p>
   </div>
   <div class='ocr_carea' id='block_1_43' title="bbox 463 2834 2117 2908">
    <p class='ocr_par' dir='ltr' id='par_1_43' title="bbox 463 2834 2117 2908">
     <span class='ocr_line' id='line_1_43' title="bbox 463 2834 2117 2908; baseline -0.003 -16"><span class='ocrx_word' id='word_1_326' title='bbox 463 2838 525 2894; x_wconf 88' lang='lat' dir='ltr'>in</span> <span class='ocrx_word' id='word_1_327' title='bbox 572 2834 883 2908; x_wconf 87' lang='lat' dir='ltr'>Evangelio</span> <span class='ocrx_word' id='word_1_328' title='bbox 930 2835 1074 2891; x_wconf 91' lang='lat' dir='ltr'>dicit</span> <span class='ocrx_word' id='word_1_329' title='bbox 1128 2851 1142 2889; x_wconf 92' lang='lat'>:</span> <span class='ocrx_word' id='word_1_330' title='bbox 1185 2837 1495 2906; x_wconf 85' lang='lat' dir='ltr'>Fulgebunt</span> <span class='ocrx_word' id='word_1_331' title='bbox 1542 2837 1680 2905; x_wconf 74' lang='lat' dir='ltr'>iusti</span> <span class='ocrx_word' id='word_1_332' title='bbox 1738 2838 1879 2890; x_wconf 86' lang='lat' dir='ltr'>sicut</span> <span class='ocrx_word' id='word_1_333' title='bbox 1929 2834 2009 2889; x_wconf 83' lang='lat' dir='ltr'>sol</span> <span class='ocrx_word' id='word_1_334' title='bbox 2057 2835 2117 2889; x_wconf 91' lang='lat' dir='ltr'>in</span> 
     </span>
    </p>
   </div>
   <div class='ocr_carea' id='block_1_44' title="bbox 464 2923 2118 2997">
    <p class='ocr_par' dir='ltr' id='par_1_44' title="bbox 464 2923 2118 2997">
     <span class='ocr_line' id='line_1_44' title="bbox 464 2923 2118 2997; baseline -0.003 -15"><span class='ocrx_word' id='word_1_335' title='bbox 464 2941 634 2997; x_wconf 88' lang='lat' dir='ltr'>regno</span> <span class='ocrx_word' id='word_1_336' title='bbox 685 2924 874 2981; x_wconf 86' lang='lat' dir='ltr'>Patris</span> <span class='ocrx_word' id='word_1_337' title='bbox 911 2923 1001 2979; x_wconf 83' lang='lat' dir='ltr'>sui</span> <span class='ocrx_word' id='word_1_338' title='bbox 1046 2924 1262 2995; x_wconf 80' lang='lat' dir='ltr'>(Matth.</span> <span class='ocrx_word' id='word_1_339' title='bbox 1312 2941 1435 2988; x_wconf 88' lang='lat' dir='ltr'>xm,</span> <span class='ocrx_word' id='word_1_340' title='bbox 1485 2925 1596 2995; x_wconf 77' lang='grc'>43).</span> <span class='ocrx_word' id='word_1_341' title='bbox 1648 2925 1937 2989; x_wconf 85' lang='lat' dir='ltr'>Honorem,</span> <span class='ocrx_word' id='word_1_342' title='bbox 1984 2938 2118 2977; x_wconf 91' lang='lat' dir='ltr'>vero</span> 
     </span>
    </p>
   </div>
   <div class='ocr_carea' id='block_1_45' title="bbox 465 3011 2119 3088">
    <p class='ocr_par' dir='ltr' id='par_1_45' title="bbox 465 3011 2119 3088">
     <span class='ocr_line' id='line_1_45' title="bbox 465 3011 2119 3088; baseline -0.002 -18"><span class='ocrx_word' id='word_1_343' title='bbox 465 3013 835 3088; x_wconf 88' lang='lat' dir='ltr'>dignitatem,</span> <span class='ocrx_word' id='word_1_344' title='bbox 866 3030 985 3085; x_wconf 91' lang='lat' dir='ltr'>qua</span> <span class='ocrx_word' id='word_1_345' title='bbox 1026 3011 1128 3067; x_wconf 90' lang='lat' dir='ltr'>ﬁlii</span> <span class='ocrx_word' id='word_1_346' title='bbox 1168 3012 1508 3068; x_wconf 85' lang='lat' dir='ltr'>efﬁciuntur</span> <span class='ocrx_word' id='word_1_347' title='bbox 1523 3013 1746 3069; x_wconf 86' lang='lat' dir='ltr'>similes</span> <span class='ocrx_word' id='word_1_348' title='bbox 1765 3011 2119 3067; x_wconf 80' lang='lat' dir='ltr'>Patrizunde</span> 
     </span>
    </p>
   </div>
   <div class='ocr_carea' id='block_1_46' title="bbox 462 3101 2116 3174">
    <p class='ocr_par' dir='ltr' id='par_1_46' title="bbox 462 3101 2116 3174">
     <span class='ocr_line' id='line_1_46' title="bbox 462 3101 2116 3174; baseline -0.003 -14"><span class='ocrx_word' id='word_1_349' title='bbox 462 3108 721 3161; x_wconf 87' lang='lat' dir='ltr'>Joannes</span> <span class='ocrx_word' id='word_1_350' title='bbox 753 3120 767 3158; x_wconf 92' lang='lat'>:</span> <span class='ocrx_word' id='word_1_351' title='bbox 801 3102 935 3158; x_wconf 81' lang='lat' dir='ltr'>Cum</span> <span class='ocrx_word' id='word_1_352' title='bbox 975 3101 1530 3174; x_wconf 86' lang='lat' dir='ltr'>apparuerit,similis</span> <span class='ocrx_word' id='word_1_353' title='bbox 1558 3104 1611 3157; x_wconf 88' lang='lat' dir='ltr'>ei</span> <span class='ocrx_word' id='word_1_354' title='bbox 1650 3104 1856 3158; x_wconf 87' lang='lat' dir='ltr'>erimus</span> <span class='ocrx_word' id='word_1_355' title='bbox 1885 3102 1933 3174; x_wconf 91' lang='grc' dir='ltr'>(Ι</span> <span class='ocrx_word' id='word_1_356' title='bbox 1957 3103 2116 3157; x_wconf 88' lang='lat' dir='ltr'>Joan.</span> 
     </span>
    </p>
   </div>
   <div class='ocr_carea' id='block_1_47' title="bbox 412 3188 2118 3263">
    <p class='ocr_par' dir='ltr' id='par_1_47' title="bbox 412 3188 2118 3263">
     <span class='ocr_line' id='line_1_47' title="bbox 412 3188 2118 3263; baseline -0.001 -15"><span class='ocrx_word' id='word_1_357' title='bbox 412 3214 413 3221; x_wconf 50' lang='grc' dir='ltr'><strong>η</strong></span> <span class='ocrx_word' id='word_1_358' title='bbox 468 3210 554 3261; x_wconf 86' lang='lat' dir='ltr'>m,</span> <span class='ocrx_word' id='word_1_359' title='bbox 582 3193 661 3263; x_wconf 88' lang='lat'>2).</span> <span class='ocrx_word' id='word_1_360' title='bbox 691 3188 1178 3262; x_wconf 86' lang='lat' dir='ltr'>Incorruptionem,</span> <span class='ocrx_word' id='word_1_361' title='bbox 1211 3191 1352 3246; x_wconf 90' lang='lat' dir='ltr'>dicit</span> <span class='ocrx_word' id='word_1_362' title='bbox 1381 3191 1882 3247; x_wconf 85' lang='lat' dir='ltr'>immortalitatem</span> <span class='ocrx_word' id='word_1_363' title='bbox 1916 3207 1929 3244; x_wconf 92' lang='lat'>:</span> <span class='ocrx_word' id='word_1_364' title='bbox 1963 3191 2118 3246; x_wconf 92' lang='lat' dir='ltr'>unde</span> 
     </span>
    </p>
   </div>
   <div class='ocr_carea' id='block_1_48' title="bbox 464 3278 2118 3351">
    <p class='ocr_par' dir='ltr' id='par_1_48' title="bbox 464 3278 2118 3351">
     <span class='ocr_line' id='line_1_48' title="bbox 464 3278 2118 3351; baseline -0.001 -15"><span class='ocrx_word' id='word_1_365' title='bbox 464 3281 620 3338; x_wconf 89' lang='lat' dir='ltr'>idem</span> <span class='ocrx_word' id='word_1_366' title='bbox 651 3278 989 3351; x_wconf 83' lang='lat' dir='ltr'>Apostolus:</span> <span class='ocrx_word' id='word_1_367' title='bbox 1015 3279 1231 3351; x_wconf 81' lang='lat' dir='ltr'>Oportet</span> <span class='ocrx_word' id='word_1_368' title='bbox 1258 3280 1492 3335; x_wconf 86' lang='lat' dir='ltr'>mortale</span> <span class='ocrx_word' id='word_1_369' title='bbox 1520 3280 1617 3336; x_wconf 86' lang='lat' dir='ltr'>hoc</span> <span class='ocrx_word' id='word_1_370' title='bbox 1645 3280 1875 3336; x_wconf 87' lang='lat' dir='ltr'>induere</span> <span class='ocrx_word' id='word_1_371' title='bbox 1893 3281 2118 3335; x_wconf 88' lang='lat' dir='ltr'>immor-</span> 
     </span>
    </p>
   </div>
   <div class='ocr_carea' id='block_1_49' title="bbox 467 3368 2117 3440">
    <p class='ocr_par' dir='ltr' id='par_1_49' title="bbox 467 3368 2117 3440">
     <span class='ocr_line' id='line_1_49' title="bbox 467 3368 2117 3440; baseline -0.002 -15"><span class='ocrx_word' id='word_1_372' title='bbox 467 3370 757 3437; x_wconf 82' lang='lat' dir='ltr'>talitatem,</span> <span class='ocrx_word' id='word_1_373' title='bbox 788 3372 839 3423; x_wconf 89' lang='lat' dir='ltr'>et</span> <span class='ocrx_word' id='word_1_374' title='bbox 868 3368 1255 3439; x_wconf 83' lang='lat' dir='ltr'>corruptibile,</span> <span class='ocrx_word' id='word_1_375' title='bbox 1288 3369 1762 3440; x_wconf 83' lang='lat' dir='ltr'>incorruptionem</span> <span class='ocrx_word' id='word_1_376' title='bbox 1792 3371 1842 3439; x_wconf 90' lang='lat' dir='ltr'>(I</span> <span class='ocrx_word' id='word_1_377' title='bbox 1870 3369 1990 3424; x_wconf 85' lang='lat' dir='ltr'>Cor.</span> <span class='ocrx_word' id='word_1_378' title='bbox 2023 3386 2117 3433; x_wconf 89' lang='lat' dir='ltr'>xv,</span> 
     </span>
    </p>
   </div>
   <div class='ocr_carea' id='block_1_50' title="bbox 466 3456 2115 3530">
    <p class='ocr_par' dir='ltr' id='par_1_50' title="bbox 466 3456 2115 3530">
     <span class='ocr_line' id='line_1_50' title="bbox 466 3456 2115 3530; baseline -0.001 -17"><span class='ocrx_word' id='word_1_379' title='bbox 466 3457 579 3530; x_wconf 87' lang='grc'>53).</span> <span class='ocrx_word' id='word_1_380' title='bbox 609 3457 835 3522; x_wconf 88' lang='lat' dir='ltr'>Quibus</span> <span class='ocrx_word' id='word_1_381' title='bbox 862 3461 1059 3513; x_wconf 91' lang='lat' dir='ltr'>autem</span> <span class='ocrx_word' id='word_1_382' title='bbox 1091 3456 1213 3512; x_wconf 77' lang='lat' dir='ltr'>hzec</span> <span class='ocrx_word' id='word_1_383' title='bbox 1244 3457 1447 3514; x_wconf 87' lang='lat' dir='ltr'>reddet</span> <span class='ocrx_word' id='word_1_384' title='bbox 1475 3458 2115 3527; x_wconf 87' lang='lat' dir='ltr'>demonstrat,subjun-</span> 
     </span>
    </p>
   </div>
   <div class='ocr_carea' id='block_1_51' title="bbox 467 3545 2121 3619">
    <p class='ocr_par' dir='ltr' id='par_1_51' title="bbox 467 3545 2121 3619">
     <span class='ocr_line' id='line_1_51' title="bbox 467 3545 2121 3619; baseline -0.001 -17"><span class='ocrx_word' id='word_1_385' title='bbox 467 3562 611 3619; x_wconf 88' lang='lat' dir='ltr'>gens</span> <span class='ocrx_word' id='word_1_386' title='bbox 636 3562 649 3601; x_wconf 88' lang='lat'>:</span> <span class='ocrx_word' id='word_1_387' title='bbox 670 3545 1058 3615; x_wconf 66' lang='lat' dir='ltr'>Quaerentibus</span> <span class='ocrx_word' id='word_1_388' title='bbox 1079 3546 1225 3617; x_wconf 86' lang='grc'>(120)</span> <span class='ocrx_word' id='word_1_389' title='bbox 1248 3548 1419 3601; x_wconf 84' lang='lat' dir='ltr'>vitam</span> <span class='ocrx_word' id='word_1_390' title='bbox 1446 3547 1800 3613; x_wconf 54' lang='lat' dir='ltr'>eeternamﬁd</span> <span class='ocrx_word' id='word_1_391' title='bbox 1831 3551 1941 3611; x_wconf 89' lang='lat' dir='ltr'>est,</span> <span class='ocrx_word' id='word_1_392' title='bbox 1962 3563 2121 3617; x_wconf 79' lang='lat' dir='ltr'>quas-</span> 
     </span>
    </p>
   </div>
   <div class='ocr_carea' id='block_1_52' title="bbox 467 3633 2120 3705">
    <p class='ocr_par' dir='ltr' id='par_1_52' title="bbox 467 3633 2120 3705">
     <span class='ocr_line' id='line_1_52' title="bbox 467 3633 2120 3705; baseline -0.002 -15"><span class='ocrx_word' id='word_1_393' title='bbox 467 3634 730 3691; x_wconf 87' lang='lat' dir='ltr'>rentibus</span> <span class='ocrx_word' id='word_1_394' title='bbox 758 3634 1024 3705; x_wconf 89' lang='lat' dir='ltr'>eum,qui</span> <span class='ocrx_word' id='word_1_395' title='bbox 1055 3638 1146 3689; x_wconf 88' lang='lat' dir='ltr'>est</span> <span class='ocrx_word' id='word_1_396' title='bbox 1172 3634 1293 3689; x_wconf 89' lang='lat' dir='ltr'>vita</span> <span class='ocrx_word' id='word_1_397' title='bbox 1322 3634 1710 3697; x_wconf 63' lang='lat' dir='ltr'>aeterna.Quia</span> <span class='ocrx_word' id='word_1_398' title='bbox 1739 3633 1963 3688; x_wconf 83' lang='lat' dir='ltr'>dixerat</span> <span class='ocrx_word' id='word_1_399' title='bbox 1992 3650 2120 3704; x_wconf 70' lang='lat' dir='ltr'>qua:</span> 
     </span>
    </p>
   </div>
   <div class='ocr_carea' id='block_1_53' title="bbox 469 3720 2121 3792">
    <p class='ocr_par' dir='ltr' id='par_1_53' title="bbox 469 3720 2121 3792">
     <span class='ocr_line' id='line_1_53' title="bbox 469 3720 2121 3792; baseline -0.001 -15"><span class='ocrx_word' id='word_1_400' title='bbox 469 3722 623 3777; x_wconf 88' lang='lat' dir='ltr'>bona</span> <span class='ocrx_word' id='word_1_401' title='bbox 647 3721 1025 3776; x_wconf 89' lang='lat' dir='ltr'>retribuenda</span> <span class='ocrx_word' id='word_1_402' title='bbox 1048 3721 1169 3775; x_wconf 89' lang='lat' dir='ltr'>sint</span> <span class='ocrx_word' id='word_1_403' title='bbox 1188 3720 1410 3791; x_wconf 87' lang='lat' dir='ltr'>his,qui</span> <span class='ocrx_word' id='word_1_404' title='bbox 1433 3722 1756 3776; x_wconf 90' lang='lat' dir='ltr'>secundum</span> <span class='ocrx_word' id='word_1_405' title='bbox 1782 3721 2121 3792; x_wconf 86' lang='lat' dir='ltr'>patientiam</span> 
     </span>
    </p>
   </div>
   <div class='ocr_carea' id='block_1_54' title="bbox 470 3808 2123 3880">
    <p class='ocr_par' dir='ltr' id='par_1_54' title="bbox 470 3808 2123 3880">
     <span class='ocr_line' id='line_1_54' title="bbox 470 3808 2123 3880; baseline -0.001 -14"><span class='ocrx_word' id='word_1_406' title='bbox 470 3808 607 3866; x_wconf 91' lang='lat' dir='ltr'>boni</span> <span class='ocrx_word' id='word_1_407' title='bbox 638 3808 832 3879; x_wconf 88' lang='lat' dir='ltr'>operis</span> <span class='ocrx_word' id='word_1_408' title='bbox 879 3808 1100 3875; x_wconf 89' lang='lat' dir='ltr'>vivunt,</span> <span class='ocrx_word' id='word_1_409' title='bbox 1135 3814 1201 3863; x_wconf 90' lang='lat' dir='ltr'>ut</span> <span class='ocrx_word' id='word_1_410' title='bbox 1232 3810 1565 3864; x_wconf 88' lang='lat' dir='ltr'>ostenderet</span> <span class='ocrx_word' id='word_1_411' title='bbox 1593 3827 1719 3880; x_wconf 73' lang='lat' dir='ltr'>qum</span> <span class='ocrx_word' id='word_1_412' title='bbox 1766 3809 1922 3864; x_wconf 89' lang='lat' dir='ltr'>mala</span> <span class='ocrx_word' id='word_1_413' title='bbox 1952 3809 2123 3864; x_wconf 88' lang='lat' dir='ltr'>malis</span> 
     </span>
    </p>
   </div>
   <div class='ocr_carea' id='block_1_55' title="bbox 472 3895 2123 3968">
    <p class='ocr_par' dir='ltr' id='par_1_55' title="bbox 472 3895 2123 3968">
     <span class='ocr_line' id='line_1_55' title="bbox 472 3895 2123 3968; baseline -0.001 -15"><span class='ocrx_word' id='word_1_414' title='bbox 472 3895 894 3965; x_wconf 88' lang='lat' dir='ltr'>retribuantur,</span> <span class='ocrx_word' id='word_1_415' title='bbox 942 3896 1222 3953; x_wconf 91' lang='lat' dir='ltr'>continuo</span> <span class='ocrx_word' id='word_1_416' title='bbox 1272 3898 1519 3953; x_wconf 90' lang='lat' dir='ltr'>subdit:</span> <span class='ocrx_word' id='word_1_417' title='bbox 1553 3898 1677 3954; x_wconf 87' lang='lat' dir='ltr'>Suis</span> <span class='ocrx_word' id='word_1_418' title='bbox 1724 3907 1907 3954; x_wconf 90' lang='lat' dir='ltr'>autem</span> <span class='ocrx_word' id='word_1_419' title='bbox 1953 3899 2123 3968; x_wconf 87' lang='grc'>(121),</span> 
     </span>
    </p>
   </div>
   <div class='ocr_carea' id='block_1_56' title="bbox 471 3985 2124 4058">
    <p class='ocr_par' dir='ltr' id='par_1_56' title="bbox 471 3985 2124 4058">
     <span class='ocr_line' id='line_1_56' title="bbox 471 3985 2124 4058; baseline 0.002 -19"><span class='ocrx_word' id='word_1_420' title='bbox 471 3985 569 4058; x_wconf 88' lang='lat' dir='ltr'>qui</span> <span class='ocrx_word' id='word_1_421' title='bbox 595 4000 665 4039; x_wconf 73' lang='lat' dir='ltr'>ex</span> <span class='ocrx_word' id='word_1_422' title='bbox 682 3986 1048 4053; x_wconf 83' lang='lat' dir='ltr'>contentione,</span> <span class='ocrx_word' id='word_1_423' title='bbox 1083 3985 1455 4052; x_wconf 85' lang='lat' dir='ltr'>subauditur,</span> <span class='ocrx_word' id='word_1_424' title='bbox 1502 3992 1661 4057; x_wconf 85' lang='lat' dir='ltr'>sunt,</span> <span class='ocrx_word' id='word_1_425' title='bbox 1694 3992 1745 4042; x_wconf 88' lang='lat' dir='ltr'>et</span> <span class='ocrx_word' id='word_1_426' title='bbox 1775 3989 1873 4057; x_wconf 88' lang='lat' dir='ltr'>qui</span> <span class='ocrx_word' id='word_1_427' title='bbox 1899 4004 2008 4042; x_wconf 86' lang='lat' dir='ltr'>non</span> <span class='ocrx_word' id='word_1_428' title='bbox 2034 4004 2124 4042; x_wconf 89' lang='lat' dir='ltr'>ac-</span> 
     </span>
    </p>
   </div>
   <div class='ocr_carea' id='block_1_57' title="bbox 473 4073 2125 4147">
    <p class='ocr_par' dir='ltr' id='par_1_57' title="bbox 473 4073 2125 4147">
     <span class='ocr_line' id='line_1_57' title="bbox 473 4073 2125 4147; baseline 0.001 -19"><span class='ocrx_word' id='word_1_429' title='bbox 473 4074 764 4145; x_wconf 73' lang='lat' dir='ltr'>quiescant</span> <span class='ocrx_word' id='word_1_430' title='bbox 790 4074 1015 4128; x_wconf 80' lang='lat' dir='ltr'>veritati</span> <span class='ocrx_word' id='word_1_431' title='bbox 1044 4073 1440 4146; x_wconf 81' lang='lat' dir='ltr'>(subauditur,</span> <span class='ocrx_word' id='word_1_432' title='bbox 1476 4091 1654 4146; x_wconf 87' lang='lat' dir='ltr'>quam</span> <span class='ocrx_word' id='word_1_433' title='bbox 1686 4091 1788 4147; x_wconf 91' lang='lat' dir='ltr'>per</span> <span class='ocrx_word' id='word_1_434' title='bbox 1830 4075 2125 4147; x_wconf 86' lang='lat' dir='ltr'>Evangelii</span> 
     </span>
    </p>
   </div>
   <div class='ocr_carea' id='block_1_58' title="bbox 472 4160 2125 4235">
    <p class='ocr_par' dir='ltr' id='par_1_58' title="bbox 472 4160 2125 4235">
     <span class='ocr_line' id='line_1_58' title="bbox 472 4160 2125 4235; baseline 0.001 -18"><span class='ocrx_word' id='word_1_435' title='bbox 472 4160 723 4235; x_wconf 81' lang='lat' dir='ltr'>gratiam</span> <span class='ocrx_word' id='word_1_436' title='bbox 755 4162 1163 4233; x_wconf 88' lang='lat' dir='ltr'>perceperunt)</span> <span class='ocrx_word' id='word_1_437' title='bbox 1194 4162 1441 4219; x_wconf 90' lang='lat' dir='ltr'>Domino</span> <span class='ocrx_word' id='word_1_438' title='bbox 1462 4163 1686 4219; x_wconf 91' lang='lat' dir='ltr'>scilicet</span> <span class='ocrx_word' id='word_1_439' title='bbox 1713 4165 1852 4220; x_wconf 87' lang='lat' dir='ltr'>Jesu</span> <span class='ocrx_word' id='word_1_440' title='bbox 1874 4164 2125 4230; x_wconf 86' lang='lat' dir='ltr'>Christo,</span> 
     </span>
    </p>
   </div>
   <div class='ocr_carea' id='block_1_59' title="bbox 470 4249 2125 4325">
    <p class='ocr_par' dir='ltr' id='par_1_59' title="bbox 470 4249 2125 4325">
     <span class='ocr_line' id='line_1_59' title="bbox 470 4249 2125 4325; baseline 0.003 -21"><span class='ocrx_word' id='word_1_441' title='bbox 470 4249 562 4306; x_wconf 86' lang='lat' dir='ltr'>vel</span> <span class='ocrx_word' id='word_1_442' title='bbox 592 4250 721 4321; x_wconf 84' lang='lat' dir='ltr'>ejus</span> <span class='ocrx_word' id='word_1_443' title='bbox 753 4250 1053 4319; x_wconf 69' lang='lat' dir='ltr'>doctrinm,</span> <span class='ocrx_word' id='word_1_444' title='bbox 1084 4250 1312 4306; x_wconf 87' lang='lat' dir='ltr'>credunt</span> <span class='ocrx_word' id='word_1_445' title='bbox 1359 4257 1542 4307; x_wconf 88' lang='lat' dir='ltr'>autem</span> <span class='ocrx_word' id='word_1_446' title='bbox 1569 4254 1857 4323; x_wconf 85' lang='lat' dir='ltr'>iniquitati</span> <span class='ocrx_word' id='word_1_447' title='bbox 1887 4254 2125 4325; x_wconf 91' lang='lat' dir='ltr'>(subau-</span> 
     </span>
    </p>
   </div>
   <div class='ocr_carea' id='block_1_60' title="bbox 474 4338 2124 4413">
    <p class='ocr_par' dir='ltr' id='par_1_60' title="bbox 474 4338 2124 4413">
     <span class='ocr_line' id='line_1_60' title="bbox 474 4338 2124 4413; baseline 0.002 -19"><span class='ocrx_word' id='word_1_448' title='bbox 474 4339 842 4410; x_wconf 89' lang='lat' dir='ltr'>ditur,quam</span> <span class='ocrx_word' id='word_1_449' title='bbox 875 4355 1109 4411; x_wconf 89' lang='lat' dir='ltr'>semper</span> <span class='ocrx_word' id='word_1_450' title='bbox 1127 4338 1570 4413; x_wconf 85' lang='lat' dir='ltr'>dilexerunt)ira</span> <span class='ocrx_word' id='word_1_451' title='bbox 1598 4341 2124 4413; x_wconf 66' lang='lat' dir='ltr'>et&#39;indignatioJra,</span> 
     </span>
    </p>
   </div>
   <div class='ocr_carea' id='block_1_61' title="bbox 474 4428 2129 4504">
    <p class='ocr_par' dir='ltr' id='par_1_61' title="bbox 474 4428 2129 4504">
     <span class='ocr_line' id='line_1_61' title="bbox 474 4428 2129 4504; baseline 0.001 -19"><span class='ocrx_word' id='word_1_452' title='bbox 474 4432 542 4485; x_wconf 91' lang='lat' dir='ltr'>ut</span> <span class='ocrx_word' id='word_1_453' title='bbox 569 4428 791 4484; x_wconf 86' lang='lat' dir='ltr'>dictum</span> <span class='ocrx_word' id='word_1_454' title='bbox 822 4432 1041 4500; x_wconf 88' lang='lat' dir='ltr'>est,pro</span> <span class='ocrx_word' id='word_1_455' title='bbox 1072 4428 1326 4484; x_wconf 89' lang='lat' dir='ltr'>vindicta</span> <span class='ocrx_word' id='word_1_456' title='bbox 1343 4431 1497 4499; x_wconf 80' lang='lat'>(122)</span> <span class='ocrx_word' id='word_1_457' title='bbox 1520 4430 1698 4503; x_wconf 85' lang='lat' dir='ltr'>accipi</span> <span class='ocrx_word' id='word_1_458' title='bbox 1723 4431 1990 4497; x_wconf 90' lang='lat' dir='ltr'>debet,de</span> <span class='ocrx_word' id='word_1_459' title='bbox 2012 4449 2129 4504; x_wconf 90' lang='lat' dir='ltr'>qua</span> 
     </span>
    </p>
   </div>
   <div class='ocr_carea' id='block_1_62' title="bbox 476 4515 2124 4590">
    <p class='ocr_par' dir='ltr' id='par_1_62' title="bbox 476 4515 2124 4590">
     <span class='ocr_line' id='line_1_62' title="bbox 476 4515 2124 4590; baseline 0.003 -19"><span class='ocrx_word' id='word_1_460' title='bbox 476 4515 619 4572; x_wconf 91' lang='lat' dir='ltr'>dicit</span> <span class='ocrx_word' id='word_1_461' title='bbox 646 4516 958 4573; x_wconf 91' lang='lat' dir='ltr'>Psalmista</span> <span class='ocrx_word' id='word_1_462' title='bbox 987 4533 1000 4571; x_wconf 93' lang='lat'>:</span> <span class='ocrx_word' id='word_1_463' title='bbox 1028 4519 1160 4586; x_wconf 84' lang='lat' dir='ltr'>Quis</span> <span class='ocrx_word' id='word_1_464' title='bbox 1177 4523 1328 4574; x_wconf 90' lang='lat' dir='ltr'>novit</span> <span class='ocrx_word' id='word_1_465' title='bbox 1354 4522 1668 4590; x_wconf 84' lang='lat' dir='ltr'>potestatem</span> <span class='ocrx_word' id='word_1_466' title='bbox 1697 4521 1803 4577; x_wconf 62' lang='lat' dir='ltr'>irw</span> <span class='ocrx_word' id='word_1_467' title='bbox 1834 4522 2124 4590; x_wconf 68' lang='lat' dir='ltr'>tuae(PsaI.</span> 
     </span>
    </p>
   </div>
   <div class='ocr_carea' id='block_1_63' title="bbox 479 4606 2128 4683">
    <p class='ocr_par' dir='ltr' id='par_1_63' title="bbox 479 4606 2128 4683">
     <span class='ocr_line' id='line_1_63' title="bbox 479 4606 2128 4683; baseline 0.002 -22"><span class='ocrx_word' id='word_1_468' title='bbox 479 4621 702 4672; x_wconf 75' lang='lat' dir='ltr'><strong>LXXXIX,</strong></span> <span class='ocrx_word' id='word_1_469' title='bbox 745 4606 855 4674; x_wconf 88' lang='grc'>11),</span> <span class='ocrx_word' id='word_1_470' title='bbox 887 4610 992 4661; x_wconf 91' lang='lat' dir='ltr'>etc.</span> <span class='ocrx_word' id='word_1_471' title='bbox 1043 4607 1112 4660; x_wconf 89' lang='lat' dir='ltr'>Et</span> <span class='ocrx_word' id='word_1_472' title='bbox 1158 4608 1296 4679; x_wconf 88' lang='lat' dir='ltr'>quia</span> <span class='ocrx_word' id='word_1_473' title='bbox 1343 4626 1494 4680; x_wconf 62' lang='lat' dir='ltr'>saepe</span> <span class='ocrx_word' id='word_1_474' title='bbox 1546 4608 1634 4665; x_wconf 91' lang='lat' dir='ltr'>ira</span> <span class='ocrx_word' id='word_1_475' title='bbox 1679 4610 1809 4666; x_wconf 90' lang='lat' dir='ltr'>sine</span> <span class='ocrx_word' id='word_1_476' title='bbox 1854 4610 2128 4683; x_wconf 90' lang='lat' dir='ltr'>indigna-</span> 
     </span>
    </p>
   </div>
   <div class='ocr_carea' id='block_1_64' title="bbox 2217 2123 3872 2198">
    <p class='ocr_par' dir='ltr' id='par_1_64' title="bbox 2217 2123 3872 2198">
     <span class='ocr_line' id='line_1_64' title="bbox 2217 2123 3872 2198; baseline -0.007 -9"><span class='ocrx_word' id='word_1_477' title='bbox 2217 2132 2585 2189; x_wconf 88' lang='lat' dir='ltr'>referendum</span> <span class='ocrx_word' id='word_1_478' title='bbox 2616 2135 2726 2196; x_wconf 88' lang='lat' dir='ltr'>est,</span> <span class='ocrx_word' id='word_1_479' title='bbox 2753 2131 2851 2185; x_wconf 90' lang='lat' dir='ltr'>sed</span> <span class='ocrx_word' id='word_1_480' title='bbox 2903 2129 2975 2183; x_wconf 87' lang='lat' dir='ltr'>ad</span> <span class='ocrx_word' id='word_1_481' title='bbox 3035 2142 3365 2198; x_wconf 89' lang='lat' dir='ltr'>perversam</span> <span class='ocrx_word' id='word_1_482' title='bbox 3423 2123 3872 2197; x_wconf 86' lang='lat' dir='ltr'>cogitationem,</span> 
     </span>
    </p>
   </div>
   <div class='ocr_carea' id='block_1_65' title="bbox 2220 2210 3878 2294">
    <p class='ocr_par' dir='ltr' id='par_1_65' title="bbox 2220 2210 3878 2294">
     <span class='ocr_line' id='line_1_65' title="bbox 2220 2210 3878 2294; baseline -0.009 -16"><span class='ocrx_word' id='word_1_483' title='bbox 2220 2221 2359 2294; x_wconf 90' lang='lat' dir='ltr'>quia</span> <span class='ocrx_word' id='word_1_484' title='bbox 2388 2223 2460 2275; x_wconf 90' lang='lat' dir='ltr'>de</span> <span class='ocrx_word' id='word_1_485' title='bbox 2489 2218 2830 2275; x_wconf 88' lang='lat' dir='ltr'>inﬁdelitate</span> <span class='ocrx_word' id='word_1_486' title='bbox 2859 2216 3140 2289; x_wconf 89' lang='lat' dir='ltr'>loquitur.</span> <span class='ocrx_word' id='word_1_487' title='bbox 3174 2218 3243 2269; x_wconf 87' lang='lat' dir='ltr'>Et</span> <span class='ocrx_word' id='word_1_488' title='bbox 3275 2218 3341 2269; x_wconf 92' lang='lat' dir='ltr'>ut</span> <span class='ocrx_word' id='word_1_489' title='bbox 3363 2212 3704 2269; x_wconf 87' lang='lat' dir='ltr'>ostenderet</span> <span class='ocrx_word' id='word_1_490' title='bbox 3733 2210 3878 2282; x_wconf 87' lang='lat' dir='ltr'>quia</span> 
     </span>
    </p>
   </div>
   <div class='ocr_carea' id='block_1_66' title="bbox 2222 2298 3874 2372">
    <p class='ocr_par' dir='ltr' id='par_1_66' title="bbox 2222 2298 3874 2372">
     <span class='ocr_line' id='line_1_66' title="bbox 2222 2298 3874 2372; baseline -0.008 -6"><span class='ocrx_word' id='word_1_491' title='bbox 2222 2309 2386 2366; x_wconf 89' lang='lat' dir='ltr'>nulla</span> <span class='ocrx_word' id='word_1_492' title='bbox 2415 2313 2503 2364; x_wconf 88' lang='lat' dir='ltr'>est</span> <span class='ocrx_word' id='word_1_493' title='bbox 2531 2307 2830 2364; x_wconf 88' lang='lat' dir='ltr'>distinctio</span> <span class='ocrx_word' id='word_1_494' title='bbox 2883 2304 3093 2372; x_wconf 70' lang='lat' dir='ltr'>Judaei,</span> <span class='ocrx_word' id='word_1_495' title='bbox 3152 2307 3209 2359; x_wconf 88' lang='lat' dir='ltr'>et</span> <span class='ocrx_word' id='word_1_496' title='bbox 3256 2300 3459 2370; x_wconf 60' lang='lat' dir='ltr'>Graci,</span> <span class='ocrx_word' id='word_1_497' title='bbox 3519 2298 3874 2371; x_wconf 86' lang='lat' dir='ltr'>subjunxit:</span> 
     </span>
    </p>
   </div>
   <div class='ocr_carea' id='block_1_67' title="bbox 2218 2389 3877 2468">
    <p class='ocr_par' dir='ltr' id='par_1_67' title="bbox 2218 2389 3877 2468">
     <span class='ocr_line' id='line_1_67' title="bbox 2218 2389 3877 2468; baseline -0.009 -13"><span class='ocrx_word' id='word_1_498' title='bbox 2218 2399 2757 2468; x_wconf 71' lang='lat' dir='ltr'>Judaziprimum,et</span> <span class='ocrx_word' id='word_1_499' title='bbox 2813 2396 3009 2451; x_wconf 65' lang='lat' dir='ltr'>Graeci.</span> <span class='ocrx_word' id='word_1_500' title='bbox 3062 2393 3326 2448; x_wconf 90' lang='lat' dir='ltr'>Primum</span> <span class='ocrx_word' id='word_1_501' title='bbox 3384 2406 3518 2446; x_wconf 90' lang='lat' dir='ltr'>vero</span> <span class='ocrx_word' id='word_1_502' title='bbox 3578 2389 3745 2455; x_wconf 85' lang='lat' dir='ltr'>dicit,</span> <span class='ocrx_word' id='word_1_503' title='bbox 3813 2390 3877 2441; x_wconf 90' lang='lat' dir='ltr'>ut</span> 
     </span>
    </p>
   </div>
   <div class='ocr_carea' id='block_1_68' title="bbox 2222 2476 3876 2556">
    <p class='ocr_par' dir='ltr' id='par_1_68' title="bbox 2222 2476 3876 2556">
     <span class='ocr_line' id='line_1_68' title="bbox 2222 2476 3876 2556; baseline -0.008 -14"><span class='ocrx_word' id='word_1_504' title='bbox 2222 2488 2575 2551; x_wconf 91' lang='lat' dir='ltr'>ostenderet,</span> <span class='ocrx_word' id='word_1_505' title='bbox 2608 2485 2748 2556; x_wconf 89' lang='lat' dir='ltr'>quia</span> <span class='ocrx_word' id='word_1_506' title='bbox 2794 2483 2974 2540; x_wconf 63' lang='lat' dir='ltr'>Judaei</span> <span class='ocrx_word' id='word_1_507' title='bbox 3025 2480 3240 2536; x_wconf 63' lang='lat' dir='ltr'>Graecis</span> <span class='ocrx_word' id='word_1_508' title='bbox 3292 2479 3724 2552; x_wconf 73' lang='lat' dir='ltr'>prmferuntur:</span> <span class='ocrx_word' id='word_1_509' title='bbox 3761 2476 3876 2547; x_wconf 90' lang='lat' dir='ltr'>ipsi</span> 
     </span>
    </p>
   </div>
   <div class='ocr_carea' id='block_1_69' title="bbox 2223 2564 3873 2645">
    <p class='ocr_par' dir='ltr' id='par_1_69' title="bbox 2223 2564 3873 2645">
     <span class='ocr_line' id='line_1_69' title="bbox 2223 2564 3873 2645; baseline -0.007 -15"><span class='ocrx_word' id='word_1_510' title='bbox 2223 2576 2381 2631; x_wconf 87' lang='lat' dir='ltr'>enim</span> <span class='ocrx_word' id='word_1_511' title='bbox 2440 2574 2614 2645; x_wconf 89' lang='lat' dir='ltr'>primi</span> <span class='ocrx_word' id='word_1_512' title='bbox 2669 2573 2857 2644; x_wconf 86' lang='lat' dir='ltr'>legem</span> <span class='ocrx_word' id='word_1_513' title='bbox 2915 2574 3283 2642; x_wconf 89' lang='lat' dir='ltr'>acceperunt,</span> <span class='ocrx_word' id='word_1_514' title='bbox 3340 2568 3609 2623; x_wconf 81' lang='lat' dir='ltr'>eamdem</span> <span class='ocrx_word' id='word_1_515' title='bbox 3695 2564 3873 2637; x_wconf 89' lang='lat' dir='ltr'>primi</span> 
     </span>
    </p>
   </div>
   <div class='ocr_carea' id='block_1_70' title="bbox 2222 2657 3877 2733">
    <p class='ocr_par' dir='ltr' id='par_1_70' title="bbox 2222 2657 3877 2733">
     <span class='ocr_line' id='line_1_70' title="bbox 2222 2657 3877 2733; baseline -0.007 -14"><span class='ocrx_word' id='word_1_516' title='bbox 2222 2662 2574 2733; x_wconf 88' lang='lat' dir='ltr'>transgressi</span> <span class='ocrx_word' id='word_1_517' title='bbox 2608 2667 2785 2727; x_wconf 83' lang='lat' dir='ltr'>sunt;</span> <span class='ocrx_word' id='word_1_518' title='bbox 2820 2660 3067 2730; x_wconf 86' lang='lat' dir='ltr'>ideoque</span> <span class='ocrx_word' id='word_1_519' title='bbox 3095 2658 3299 2713; x_wconf 70' lang='lat' dir='ltr'>Crazeis</span> <span class='ocrx_word' id='word_1_520' title='bbox 3332 2657 3877 2730; x_wconf 67' lang='lat' dir='ltr'>praeferuntur,tam</span> 
     </span>
    </p>
   </div>
   <div class='ocr_carea' id='block_1_71' title="bbox 2222 2744 3883 2821">
    <p class='ocr_par' dir='ltr' id='par_1_71' title="bbox 2222 2744 3883 2821">
     <span class='ocr_line' id='line_1_71' title="bbox 2222 2744 3883 2821; baseline -0.005 -14"><span class='ocrx_word' id='word_1_521' title='bbox 2222 2751 2284 2807; x_wconf 91' lang='lat' dir='ltr'>in</span> <span class='ocrx_word' id='word_1_522' title='bbox 2315 2752 2490 2817; x_wconf 92' lang='lat' dir='ltr'>bono,</span> <span class='ocrx_word' id='word_1_523' title='bbox 2540 2765 2718 2821; x_wconf 90' lang='lat' dir='ltr'>quam</span> <span class='ocrx_word' id='word_1_524' title='bbox 2776 2748 2837 2802; x_wconf 90' lang='lat' dir='ltr'>in</span> <span class='ocrx_word' id='word_1_525' title='bbox 2894 2748 3070 2816; x_wconf 90' lang='lat' dir='ltr'>malo,</span> <span class='ocrx_word' id='word_1_526' title='bbox 3127 2752 3248 2802; x_wconf 90' lang='lat' dir='ltr'>tam</span> <span class='ocrx_word' id='word_1_527' title='bbox 3280 2747 3338 2801; x_wconf 92' lang='lat' dir='ltr'>in</span> <span class='ocrx_word' id='word_1_528' title='bbox 3366 2762 3554 2818; x_wconf 70' lang='lat' dir='ltr'>paena,</span> <span class='ocrx_word' id='word_1_529' title='bbox 3606 2760 3794 2817; x_wconf 91' lang='lat' dir='ltr'>quam</span> <span class='ocrx_word' id='word_1_530' title='bbox 3823 2744 3883 2798; x_wconf 89' lang='lat' dir='ltr'>in</span> 
     </span>
    </p>
   </div>
   <div class='ocr_carea' id='block_1_72' title="bbox 2227 2832 3884 2914">
    <p class='ocr_par' dir='ltr' id='par_1_72' title="bbox 2227 2832 3884 2914">
     <span class='ocr_line' id='line_1_72' title="bbox 2227 2832 3884 2914; baseline -0.006 -18"><span class='ocrx_word' id='word_1_531' title='bbox 2227 2840 2487 2914; x_wconf 68' lang='lat' dir='ltr'>praamio.</span> <span class='ocrx_word' id='word_1_532' title='bbox 2508 2838 2707 2910; x_wconf 84' lang='lat' dir='ltr'>Igitur,</span> <span class='ocrx_word' id='word_1_533' title='bbox 2734 2837 2874 2909; x_wconf 92' lang='lat' dir='ltr'>quia</span> <span class='ocrx_word' id='word_1_534' title='bbox 2888 2836 3001 2891; x_wconf 88' lang='lat' dir='ltr'>tria</span> <span class='ocrx_word' id='word_1_535' title='bbox 3020 2834 3276 2891; x_wconf 84' lang='lat' dir='ltr'>ludibria</span> <span class='ocrx_word' id='word_1_536' title='bbox 3295 2834 3471 2892; x_wconf 86' lang='lat' dir='ltr'>malis</span> <span class='ocrx_word' id='word_1_537' title='bbox 3492 2832 3717 2889; x_wconf 88' lang='lat' dir='ltr'>retribu</span> <span class='ocrx_word' id='word_1_538' title='bbox 3728 2833 3884 2888; x_wconf 90' lang='lat' dir='ltr'>enda</span> 
     </span>
    </p>
   </div>
   <div class='ocr_carea' id='block_1_73' title="bbox 2229 2921 3883 2996">
    <p class='ocr_par' dir='ltr' id='par_1_73' title="bbox 2229 2921 3883 2996">
     <span class='ocr_line' id='line_1_73' title="bbox 2229 2921 3883 2996; baseline -0.004 -12"><span class='ocrx_word' id='word_1_539' title='bbox 2229 2930 2474 2995; x_wconf 82' lang='lat' dir='ltr'>dixerat,</span> <span class='ocrx_word' id='word_1_540' title='bbox 2526 2925 2725 2981; x_wconf 89' lang='lat' dir='ltr'>volens</span> <span class='ocrx_word' id='word_1_541' title='bbox 2783 2926 3088 2980; x_wconf 89' lang='lat' dir='ltr'>ostendere</span> <span class='ocrx_word' id='word_1_542' title='bbox 3147 2924 3286 2996; x_wconf 91' lang='lat' dir='ltr'>quia</span> <span class='ocrx_word' id='word_1_543' title='bbox 3328 2922 3443 2979; x_wconf 89' lang='lat' dir='ltr'>tria</span> <span class='ocrx_word' id='word_1_544' title='bbox 3497 2921 3660 2978; x_wconf 90' lang='lat' dir='ltr'>clara</span> <span class='ocrx_word' id='word_1_545' title='bbox 3689 2926 3753 2976; x_wconf 89' lang='lat' dir='ltr'>et</span> <span class='ocrx_word' id='word_1_546' title='bbox 3781 2921 3883 2977; x_wconf 89' lang='lat' dir='ltr'>ho-</span> 
     </span>
    </p>
   </div>
   <div class='ocr_carea' id='block_1_74' title="bbox 2228 3010 3886 3086">
    <p class='ocr_par' dir='ltr' id='par_1_74' title="bbox 2228 3010 3886 3086">
     <span class='ocr_line' id='line_1_74' title="bbox 2228 3010 3886 3086; baseline -0.005 -13"><span class='ocrx_word' id='word_1_547' title='bbox 2228 3023 2395 3074; x_wconf 90' lang='lat' dir='ltr'>nesta</span> <span class='ocrx_word' id='word_1_548' title='bbox 2453 3032 2700 3071; x_wconf 89' lang='lat' dir='ltr'>munera</span> <span class='ocrx_word' id='word_1_549' title='bbox 2743 3014 2927 3086; x_wconf 85' lang='lat' dir='ltr'>justis</span> <span class='ocrx_word' id='word_1_550' title='bbox 2973 3012 3349 3069; x_wconf 88' lang='lat' dir='ltr'>retribuenda</span> <span class='ocrx_word' id='word_1_551' title='bbox 3381 3016 3544 3076; x_wconf 88' lang='lat' dir='ltr'>sunt,</span> <span class='ocrx_word' id='word_1_552' title='bbox 3566 3010 3886 3066; x_wconf 84' lang='lat' dir='ltr'>confestim</span> 
     </span>
    </p>
   </div>
   <div class='ocr_carea' id='block_1_75' title="bbox 2229 3101 3892 3173">
    <p class='ocr_par' dir='ltr' id='par_1_75' title="bbox 2229 3101 3892 3173">
     <span class='ocr_line' id='line_1_75' title="bbox 2229 3101 3892 3173; baseline -0.006 -10"><span class='ocrx_word' id='word_1_553' title='bbox 2229 3105 2510 3171; x_wconf 87' lang='lat' dir='ltr'>subdidit,</span> <span class='ocrx_word' id='word_1_554' title='bbox 2542 3105 2779 3160; x_wconf 90' lang='lat' dir='ltr'>dicens:</span> <span class='ocrx_word' id='word_1_555' title='bbox 2816 3103 2999 3158; x_wconf 84' lang='lat' dir='ltr'>Gloria</span> <span class='ocrx_word' id='word_1_556' title='bbox 3026 3105 3227 3173; x_wconf 85' lang='lat' dir='ltr'>autem,</span> <span class='ocrx_word' id='word_1_557' title='bbox 3262 3101 3460 3169; x_wconf 86' lang='lat' dir='ltr'>honor,</span> <span class='ocrx_word' id='word_1_558' title='bbox 3506 3107 3558 3154; x_wconf 87' lang='lat' dir='ltr'>et</span> <span class='ocrx_word' id='word_1_559' title='bbox 3582 3115 3707 3171; x_wconf 70' lang='lat' dir='ltr'>pass</span> <span class='ocrx_word' id='word_1_560' title='bbox 3739 3101 3892 3155; x_wconf 82' lang='lat' dir='ltr'>omni</span> 
     </span>
    </p>
   </div>
   <div class='ocr_carea' id='block_1_76' title="bbox 2226 3190 3888 3268">
    <p class='ocr_par' dir='ltr' id='par_1_76' title="bbox 2226 3190 3888 3268">
     <span class='ocr_line' id='line_1_76' title="bbox 2226 3190 3888 3268; baseline -0.005 -16"><span class='ocrx_word' id='word_1_561' title='bbox 2226 3197 2481 3268; x_wconf 82' lang='lat' dir='ltr'>aperanti</span> <span class='ocrx_word' id='word_1_562' title='bbox 2512 3195 2730 3261; x_wconf 87' lang='lat' dir='ltr'>bonum,</span> <span class='ocrx_word' id='word_1_563' title='bbox 2764 3209 2890 3265; x_wconf 65' lang='lat' dir='ltr'>quae</span> <span class='ocrx_word' id='word_1_564' title='bbox 2921 3192 3034 3247; x_wconf 85' lang='lat' dir='ltr'>tria</span> <span class='ocrx_word' id='word_1_565' title='bbox 3061 3195 3182 3246; x_wconf 91' lang='lat' dir='ltr'>tam</span> <span class='ocrx_word' id='word_1_566' title='bbox 3214 3190 3288 3245; x_wconf 89' lang='lat' dir='ltr'>ad</span> <span class='ocrx_word' id='word_1_567' title='bbox 3320 3192 3888 3260; x_wconf 78' lang='lat' dir='ltr'>praesentem,quam</span> 
     </span>
    </p>
   </div>
   <div class='ocr_carea' id='block_1_77' title="bbox 2232 3276 3884 3352">
    <p class='ocr_par' dir='ltr' id='par_1_77' title="bbox 2232 3276 3884 3352">
     <span class='ocr_line' id='line_1_77' title="bbox 2232 3276 3884 3352; baseline -0.006 -11"><span class='ocrx_word' id='word_1_568' title='bbox 2232 3285 2304 3341; x_wconf 90' lang='lat' dir='ltr'>ad</span> <span class='ocrx_word' id='word_1_569' title='bbox 2339 3285 2596 3340; x_wconf 70' lang='lat' dir='ltr'>futuram</span> <span class='ocrx_word' id='word_1_570' title='bbox 2626 3284 2804 3337; x_wconf 87' lang='lat' dir='ltr'>vitam</span> <span class='ocrx_word' id='word_1_571' title='bbox 2828 3282 3079 3352; x_wconf 89' lang='lat' dir='ltr'>possunt</span> <span class='ocrx_word' id='word_1_572' title='bbox 3098 3276 3384 3333; x_wconf 83' lang='lat' dir='ltr'>referri.Si</span> <span class='ocrx_word' id='word_1_573' title='bbox 3406 3281 3605 3332; x_wconf 89' lang='lat' dir='ltr'>autem</span> <span class='ocrx_word' id='word_1_574' title='bbox 3638 3277 3714 3332; x_wconf 88' lang='lat' dir='ltr'>ad</span> <span class='ocrx_word' id='word_1_575' title='bbox 3742 3294 3884 3348; x_wconf 71' lang='lat' dir='ltr'>pras-</span> 
     </span>
    </p>
   </div>
   <div class='ocr_carea' id='block_1_78' title="bbox 2241 3364 3890 3438">
    <p class='ocr_par' dir='ltr' id='par_1_78' title="bbox 2241 3364 3890 3438">
     <span class='ocr_line' id='line_1_78' title="bbox 2241 3364 3890 3438; baseline -0.007 -7"><span class='ocrx_word' id='word_1_576' title='bbox 2241 3378 2467 3432; x_wconf 88' lang='lat' dir='ltr'>sentem</span> <span class='ocrx_word' id='word_1_577' title='bbox 2499 3373 2846 3438; x_wconf 88' lang='lat' dir='ltr'>referantur,</span> <span class='ocrx_word' id='word_1_578' title='bbox 2878 3370 2963 3425; x_wconf 89' lang='lat' dir='ltr'>ita</span> <span class='ocrx_word' id='word_1_579' title='bbox 2991 3369 3207 3423; x_wconf 90' lang='lat' dir='ltr'>debent</span> <span class='ocrx_word' id='word_1_580' title='bbox 3235 3364 3890 3437; x_wconf 77' lang='lat' dir='ltr'>intelligizretribuitur</span> 
     </span>
    </p>
   </div>
   <div class='ocr_carea' id='block_1_79' title="bbox 2226 3454 3889 3537">
    <p class='ocr_par' dir='ltr' id='par_1_79' title="bbox 2226 3454 3889 3537">
     <span class='ocr_line' id='line_1_79' title="bbox 2226 3454 3889 3537; baseline -0.006 -17"><span class='ocrx_word' id='word_1_581' title='bbox 2226 3464 2415 3537; x_wconf 90' lang='lat' dir='ltr'>gloria</span> <span class='ocrx_word' id='word_1_582' title='bbox 2446 3459 2889 3517; x_wconf 84' lang='lat' dir='ltr'>resurrectionis</span> <span class='ocrx_word' id='word_1_583' title='bbox 2919 3464 2976 3514; x_wconf 89' lang='lat' dir='ltr'>et</span> <span class='ocrx_word' id='word_1_584' title='bbox 3007 3454 3398 3513; x_wconf 86' lang='lat' dir='ltr'>renovationis</span> <span class='ocrx_word' id='word_1_585' title='bbox 3459 3454 3700 3521; x_wconf 59' lang='lat' dir='ltr'>animai,</span> <span class='ocrx_word' id='word_1_586' title='bbox 3764 3472 3889 3528; x_wconf 75' lang='lat' dir='ltr'>quae</span> 
     </span>
    </p>
   </div>
   <div class='ocr_carea' id='block_1_80' title="bbox 2226 3542 3889 3623">
    <p class='ocr_par' dir='ltr' id='par_1_80' title="bbox 2226 3542 3889 3623">
     <span class='ocr_line' id='line_1_80' title="bbox 2226 3542 3889 3623; baseline -0.006 -16"><span class='ocrx_word' id='word_1_587' title='bbox 2226 3554 2294 3607; x_wconf 91' lang='lat' dir='ltr'>ﬁt</span> <span class='ocrx_word' id='word_1_588' title='bbox 2322 3569 2422 3623; x_wconf 90' lang='lat' dir='ltr'>per</span> <span class='ocrx_word' id='word_1_589' title='bbox 2450 3550 2667 3605; x_wconf 88' lang='lat' dir='ltr'>ﬁdem:</span> <span class='ocrx_word' id='word_1_590' title='bbox 2699 3547 2980 3602; x_wconf 87' lang='lat' dir='ltr'>tribuitur</span> <span class='ocrx_word' id='word_1_591' title='bbox 3004 3551 3060 3599; x_wconf 89' lang='lat' dir='ltr'>et</span> <span class='ocrx_word' id='word_1_592' title='bbox 3089 3544 3294 3615; x_wconf 90' lang='lat' dir='ltr'>gloria,</span> <span class='ocrx_word' id='word_1_593' title='bbox 3328 3547 3387 3598; x_wconf 89' lang='lat' dir='ltr'>et</span> <span class='ocrx_word' id='word_1_594' title='bbox 3433 3542 3647 3610; x_wconf 87' lang='lat' dir='ltr'>honor,</span> <span class='ocrx_word' id='word_1_595' title='bbox 3708 3545 3770 3600; x_wconf 90' lang='lat' dir='ltr'>id</span> <span class='ocrx_word' id='word_1_596' title='bbox 3805 3550 3889 3599; x_wconf 89' lang='lat' dir='ltr'>est</span> 
     </span>
    </p>
   </div>
   <div class='ocr_carea' id='block_1_81' title="bbox 2229 3632 3889 3710">
    <p class='ocr_par' dir='ltr' id='par_1_81' title="bbox 2229 3632 3889 3710">
     <span class='ocr_line' id='line_1_81' title="bbox 2229 3632 3889 3710; baseline -0.003 -17"><span class='ocrx_word' id='word_1_597' title='bbox 2229 3640 2507 3710; x_wconf 83' lang='lat' dir='ltr'>dignitas,</span> <span class='ocrx_word' id='word_1_598' title='bbox 2532 3653 2647 3707; x_wconf 90' lang='lat' dir='ltr'>qua</span> <span class='ocrx_word' id='word_1_599' title='bbox 2676 3635 2946 3705; x_wconf 88' lang='lat' dir='ltr'>quisque,</span> <span class='ocrx_word' id='word_1_600' title='bbox 2981 3648 3259 3687; x_wconf 90' lang='lat' dir='ltr'>concessa</span> <span class='ocrx_word' id='word_1_601' title='bbox 3288 3632 3457 3687; x_wconf 91' lang='lat' dir='ltr'>venia</span> <span class='ocrx_word' id='word_1_602' title='bbox 3483 3636 3889 3703; x_wconf 89' lang='lat' dir='ltr'>peccatorum,</span> 
     </span>
    </p>
   </div>
   <div class='ocr_carea' id='block_1_82' title="bbox 2238 3719 3889 3795">
    <p class='ocr_par' dir='ltr' id='par_1_82' title="bbox 2238 3719 3889 3795">
     <span class='ocr_line' id='line_1_82' title="bbox 2238 3719 3889 3795; baseline -0.004 -13"><span class='ocrx_word' id='word_1_603' title='bbox 2238 3726 2471 3795; x_wconf 88' lang='lat' dir='ltr'>transit,</span> <span class='ocrx_word' id='word_1_604' title='bbox 2490 3726 2549 3778; x_wconf 89' lang='lat' dir='ltr'>in</span> <span class='ocrx_word' id='word_1_605' title='bbox 2576 3723 2946 3794; x_wconf 88' lang='lat' dir='ltr'>adoptionem</span> <span class='ocrx_word' id='word_1_606' title='bbox 2971 3720 3223 3775; x_wconf 89' lang='lat' dir='ltr'>ﬁliorum</span> <span class='ocrx_word' id='word_1_607' title='bbox 3239 3721 3337 3775; x_wconf 90' lang='lat' dir='ltr'>Dei</span> <span class='ocrx_word' id='word_1_608' title='bbox 3362 3736 3375 3774; x_wconf 91' lang='lat'>:</span> <span class='ocrx_word' id='word_1_609' title='bbox 3402 3719 3690 3774; x_wconf 86' lang='lat' dir='ltr'>tribuitur</span> <span class='ocrx_word' id='word_1_610' title='bbox 3712 3722 3889 3777; x_wconf 86' lang='lat' dir='ltr'>etiam</span> 
     </span>
    </p>
   </div>
   <div class='ocr_carea' id='block_1_83' title="bbox 2232 3809 3892 3889">
    <p class='ocr_par' dir='ltr' id='par_1_83' title="bbox 2232 3809 3892 3889">
     <span class='ocr_line' id='line_1_83' title="bbox 2232 3809 3892 3889; baseline -0.002 -20"><span class='ocrx_word' id='word_1_611' title='bbox 2232 3833 2343 3889; x_wconf 88' lang='lat' dir='ltr'>pax</span> <span class='ocrx_word' id='word_1_612' title='bbox 2362 3815 2417 3869; x_wconf 93' lang='lat' dir='ltr'>id</span> <span class='ocrx_word' id='word_1_613' title='bbox 2452 3818 2543 3868; x_wconf 91' lang='lat' dir='ltr'>est</span> <span class='ocrx_word' id='word_1_614' title='bbox 2575 3810 3116 3882; x_wconf 85' lang='lat' dir='ltr'>reconciliatio,qua</span> <span class='ocrx_word' id='word_1_615' title='bbox 3156 3810 3227 3865; x_wconf 92' lang='lat' dir='ltr'>de</span> <span class='ocrx_word' id='word_1_616' title='bbox 3257 3809 3516 3864; x_wconf 90' lang='lat' dir='ltr'>inimicis</span> <span class='ocrx_word' id='word_1_617' title='bbox 3543 3809 3892 3865; x_wconf 79' lang='lat' dir='ltr'>efﬁciuntur</span> 
     </span>
    </p>
   </div>
   <div class='ocr_carea' id='block_1_84' title="bbox 2232 3896 3898 3968">
    <p class='ocr_par' dir='ltr' id='par_1_84' title="bbox 2232 3896 3898 3968">
     <span class='ocr_line' id='line_1_84' title="bbox 2232 3896 3898 3968; baseline -0.004 -8"><span class='ocrx_word' id='word_1_618' title='bbox 2232 3902 2403 3960; x_wconf 90' lang='lat' dir='ltr'>amici</span> <span class='ocrx_word' id='word_1_619' title='bbox 2436 3902 2557 3958; x_wconf 90' lang='lat' dir='ltr'>Dei.</span> <span class='ocrx_word' id='word_1_620' title='bbox 2590 3902 2649 3955; x_wconf 90' lang='lat' dir='ltr'>Si</span> <span class='ocrx_word' id='word_1_621' title='bbox 2678 3917 2811 3955; x_wconf 90' lang='lat' dir='ltr'>vero</span> <span class='ocrx_word' id='word_1_622' title='bbox 2844 3900 2917 3954; x_wconf 92' lang='lat' dir='ltr'>ad</span> <span class='ocrx_word' id='word_1_623' title='bbox 2950 3900 3227 3968; x_wconf 85' lang='lat' dir='ltr'>futuram,</span> <span class='ocrx_word' id='word_1_624' title='bbox 3250 3899 3334 3953; x_wconf 92' lang='lat' dir='ltr'>ita</span> <span class='ocrx_word' id='word_1_625' title='bbox 3354 3896 3704 3968; x_wconf 85' lang='lat' dir='ltr'>accipienda</span> <span class='ocrx_word' id='word_1_626' title='bbox 3724 3903 3898 3962; x_wconf 89' lang='lat' dir='ltr'>sunt;</span> 
     </span>
    </p>
   </div>
   <div class='ocr_carea' id='block_1_85' title="bbox 2230 3986 3895 4061">
    <p class='ocr_par' dir='ltr' id='par_1_85' title="bbox 2230 3986 3895 4061">
     <span class='ocr_line' id='line_1_85' title="bbox 2230 3986 3895 4061; baseline -0.004 -13"><span class='ocrx_word' id='word_1_627' title='bbox 2230 3993 2524 4049; x_wconf 86' lang='lat' dir='ltr'>tribuetur</span> <span class='ocrx_word' id='word_1_628' title='bbox 2552 3990 2742 4061; x_wconf 74' lang='lat' dir='ltr'>ljustis</span> <span class='ocrx_word' id='word_1_629' title='bbox 2792 3988 2995 4061; x_wconf 84' lang='lat' dir='ltr'>gloria,</span> <span class='ocrx_word' id='word_1_630' title='bbox 3056 3987 3114 4042; x_wconf 91' lang='lat' dir='ltr'>id</span> <span class='ocrx_word' id='word_1_631' title='bbox 3167 3991 3275 4055; x_wconf 89' lang='lat' dir='ltr'>est,</span> <span class='ocrx_word' id='word_1_632' title='bbox 3328 3986 3607 4057; x_wconf 89' lang='lat' dir='ltr'>splendor</span> <span class='ocrx_word' id='word_1_633' title='bbox 3665 3991 3895 4043; x_wconf 62' lang='lat' dir='ltr'>aeterna!</span> 
     </span>
    </p>
   </div>
   <div class='ocr_carea' id='block_1_86' title="bbox 2232 4074 3900 4148">
    <p class='ocr_par' dir='ltr' id='par_1_86' title="bbox 2232 4074 3900 4148">
     <span class='ocr_line' id='line_1_86' title="bbox 2232 4074 3900 4148; baseline -0.004 -10"><span class='ocrx_word' id='word_1_634' title='bbox 2232 4080 2614 4138; x_wconf 87' lang='lat' dir='ltr'>beatitudinis</span> <span class='ocrx_word' id='word_1_635' title='bbox 2640 4097 2653 4133; x_wconf 89' lang='lat'>:</span> <span class='ocrx_word' id='word_1_636' title='bbox 2680 4078 2971 4134; x_wconf 81' lang='lat' dir='ltr'>tribuetur</span> <span class='ocrx_word' id='word_1_637' title='bbox 3003 4076 3209 4139; x_wconf 86' lang='lat' dir='ltr'>honor,</span> <span class='ocrx_word' id='word_1_638' title='bbox 3242 4076 3300 4130; x_wconf 92' lang='lat' dir='ltr'>id</span> <span class='ocrx_word' id='word_1_639' title='bbox 3332 4079 3443 4141; x_wconf 90' lang='lat' dir='ltr'>est,</span> <span class='ocrx_word' id='word_1_640' title='bbox 3465 4074 3759 4146; x_wconf 84' lang='lat' dir='ltr'>dignitas,</span> <span class='ocrx_word' id='word_1_641' title='bbox 3785 4094 3900 4148; x_wconf 89' lang='lat' dir='ltr'>qua</span> 
     </span>
    </p>
   </div>
   <div class='ocr_carea' id='block_1_87' title="bbox 2236 4162 3901 4239">
    <p class='ocr_par' dir='ltr' id='par_1_87' title="bbox 2236 4162 3901 4239">
     <span class='ocr_line' id='line_1_87' title="bbox 2236 4162 3901 4239; baseline -0.006 -12"><span class='ocrx_word' id='word_1_642' title='bbox 2236 4171 2343 4227; x_wconf 82' lang='lat' dir='ltr'>filii</span> <span class='ocrx_word' id='word_1_643' title='bbox 2373 4168 2700 4225; x_wconf 80' lang='lat' dir='ltr'>efﬁciantur</span> <span class='ocrx_word' id='word_1_644' title='bbox 2730 4168 2879 4239; x_wconf 80' lang='grc'>(123)</span> <span class='ocrx_word' id='word_1_645' title='bbox 2907 4164 3131 4221; x_wconf 89' lang='lat' dir='ltr'>similes</span> <span class='ocrx_word' id='word_1_646' title='bbox 3173 4164 3327 4219; x_wconf 88' lang='lat' dir='ltr'>Patri</span> <span class='ocrx_word' id='word_1_647' title='bbox 3356 4180 3369 4218; x_wconf 92' lang='lat'>:</span> <span class='ocrx_word' id='word_1_648' title='bbox 3411 4162 3818 4221; x_wconf 88' lang='lat' dir='ltr'>nihilominus</span> <span class='ocrx_word' id='word_1_649' title='bbox 3849 4169 3901 4219; x_wconf 87' lang='lat' dir='ltr'>et</span> 
     </span>
    </p>
   </div>
   <div class='ocr_carea' id='block_1_88' title="bbox 2242 4251 3900 4332">
    <p class='ocr_par' dir='ltr' id='par_1_88' title="bbox 2242 4251 3900 4332">
     <span class='ocr_line' id='line_1_88' title="bbox 2242 4251 3900 4332; baseline -0.005 -17"><span class='ocrx_word' id='word_1_650' title='bbox 2242 4277 2373 4332; x_wconf 86' lang='lat' dir='ltr'>pax,</span> <span class='ocrx_word' id='word_1_651' title='bbox 2404 4258 2464 4313; x_wconf 92' lang='lat' dir='ltr'>id</span> <span class='ocrx_word' id='word_1_652' title='bbox 2494 4262 2603 4327; x_wconf 86' lang='lat' dir='ltr'>est,</span> <span class='ocrx_word' id='word_1_653' title='bbox 2636 4257 2890 4328; x_wconf 84' lang='lat' dir='ltr'>perfecta</span> <span class='ocrx_word' id='word_1_654' title='bbox 2919 4254 3241 4310; x_wconf 88' lang='lat' dir='ltr'>securitas:</span> <span class='ocrx_word' id='word_1_655' title='bbox 3301 4252 3381 4307; x_wconf 89' lang='lat' dir='ltr'>ibi</span> <span class='ocrx_word' id='word_1_656' title='bbox 3438 4251 3598 4307; x_wconf 87' lang='lat' dir='ltr'>enim</span> <span class='ocrx_word' id='word_1_657' title='bbox 3660 4253 3900 4309; x_wconf 86' lang='lat' dir='ltr'>nullum</span> 
     </span>
    </p>
   </div>
   <div class='ocr_carea' id='block_1_89' title="bbox 2241 4340 3894 4415">
    <p class='ocr_par' dir='ltr' id='par_1_89' title="bbox 2241 4340 3894 4415">
     <span class='ocr_line' id='line_1_89' title="bbox 2241 4340 3894 4415; baseline -0.003 -13"><span class='ocrx_word' id='word_1_658' title='bbox 2241 4348 2399 4403; x_wconf 88' lang='lat' dir='ltr'>vitiis</span> <span class='ocrx_word' id='word_1_659' title='bbox 2429 4351 2720 4403; x_wconf 88' lang='lat' dir='ltr'>certamen</span> <span class='ocrx_word' id='word_1_660' title='bbox 2753 4344 2882 4415; x_wconf 91' lang='lat' dir='ltr'>erit,</span> <span class='ocrx_word' id='word_1_661' title='bbox 2916 4344 3017 4399; x_wconf 83' lang='lat' dir='ltr'>sed</span> <span class='ocrx_word' id='word_1_662' title='bbox 3049 4347 3223 4398; x_wconf 86' lang='lat' dir='ltr'>erunt</span> <span class='ocrx_word' id='word_1_663' title='bbox 3247 4341 3518 4396; x_wconf 77' lang='lat' dir='ltr'>homines</span> <span class='ocrx_word' id='word_1_664' title='bbox 3548 4340 3672 4397; x_wconf 92' lang='lat' dir='ltr'>Deo</span> <span class='ocrx_word' id='word_1_665' title='bbox 3705 4346 3768 4397; x_wconf 89' lang='lat' dir='ltr'>et</span> <span class='ocrx_word' id='word_1_666' title='bbox 3791 4360 3894 4398; x_wconf 90' lang='lat' dir='ltr'>an-</span> 
     </span>
    </p>
   </div>
   <div class='ocr_carea' id='block_1_90' title="bbox 2242 4428 3899 4510">
    <p class='ocr_par' dir='ltr' id='par_1_90' title="bbox 2242 4428 3899 4510">
     <span class='ocr_line' id='line_1_90' title="bbox 2242 4428 3899 4510; baseline -0.004 -18"><span class='ocrx_word' id='word_1_667' title='bbox 2242 4436 2389 4510; x_wconf 91' lang='lat' dir='ltr'>gelis</span> <span class='ocrx_word' id='word_1_668' title='bbox 2418 4434 2840 4493; x_wconf 75' lang='lat' dir='ltr'>sociatiJudteo</span> <span class='ocrx_word' id='word_1_669' title='bbox 2867 4434 3194 4503; x_wconf 87' lang='lat' dir='ltr'>primum,et</span> <span class='ocrx_word' id='word_1_670' title='bbox 3221 4430 3426 4486; x_wconf 65' lang='lat' dir='ltr'>Graeco.</span> <span class='ocrx_word' id='word_1_671' title='bbox 3460 4428 3520 4485; x_wconf 91' lang='lat' dir='ltr'>Si</span> <span class='ocrx_word' id='word_1_672' title='bbox 3542 4428 3899 4502; x_wconf 86' lang='lat' dir='ltr'>diligentius</span> 
     </span>
    </p>
   </div>
   <div class='ocr_carea' id='block_1_91' title="bbox 2243 4517 3901 4592">
    <p class='ocr_par' dir='ltr' id='par_1_91' title="bbox 2243 4517 3901 4592">
     <span class='ocr_line' id='line_1_91' title="bbox 2243 4517 3901 4592; baseline -0.004 -11"><span class='ocrx_word' id='word_1_673' title='bbox 2243 4522 2854 4590; x_wconf 70' lang='lat' dir='ltr'>attendamus,.luda3i</span> <span class='ocrx_word' id='word_1_674' title='bbox 2884 4521 3114 4589; x_wconf 65' lang='lat' dir='ltr'>Graecis,</span> <span class='ocrx_word' id='word_1_675' title='bbox 3164 4536 3280 4574; x_wconf 92' lang='lat' dir='ltr'>non</span> <span class='ocrx_word' id='word_1_676' title='bbox 3335 4517 3527 4573; x_wconf 89' lang='lat' dir='ltr'>solum</span> <span class='ocrx_word' id='word_1_677' title='bbox 3585 4518 3901 4592; x_wconf 87' lang='lat' dir='ltr'>dignitate,</span> 
     </span>
    </p>
   </div>
   <div class='ocr_carea' id='block_1_92' title="bbox 2243 4606 3905 4683">
    <p class='ocr_par' dir='ltr' id='par_1_92' title="bbox 2243 4606 3905 4683">
     <span class='ocr_line' id='line_1_92' title="bbox 2243 4606 3905 4683; baseline -0.005 -14"><span class='ocrx_word' id='word_1_678' title='bbox 2243 4615 2343 4670; x_wconf 87' lang='lat' dir='ltr'>sed</span> <span class='ocrx_word' id='word_1_679' title='bbox 2375 4613 2552 4669; x_wconf 89' lang='lat' dir='ltr'>etiam</span> <span class='ocrx_word' id='word_1_680' title='bbox 2585 4618 2846 4683; x_wconf 88' lang='lat' dir='ltr'>tempore</span> <span class='ocrx_word' id='word_1_681' title='bbox 2880 4610 3268 4681; x_wconf 65' lang='lat' dir='ltr'>praeferuntur</span> <span class='ocrx_word' id='word_1_682' title='bbox 3291 4651 3305 4675; x_wconf 96' lang='lat'>,</span> <span class='ocrx_word' id='word_1_683' title='bbox 3347 4606 3461 4679; x_wconf 91' lang='lat' dir='ltr'>ipsi</span> <span class='ocrx_word' id='word_1_684' title='bbox 3508 4606 3674 4662; x_wconf 88' lang='lat' dir='ltr'>enim</span> <span class='ocrx_word' id='word_1_685' title='bbox 3739 4609 3905 4680; x_wconf 92' lang='lat' dir='ltr'>prius</span> 
     </span>
    </p>
   </div>
   <div class='ocr_carea' id='block_1_93' title="bbox 482 4691 3908 4772">
    <p class='ocr_par' dir='ltr' id='par_1_93' title="bbox 482 4691 3908 4772">
     <span class='ocr_line' id='line_1_93' title="bbox 482 4691 3908 4772; baseline 0.001 -25"><span class='ocrx_word' id='word_1_686' title='bbox 482 4693 643 4747; x_wconf 90' lang='lat' dir='ltr'>tione</span> <span class='ocrx_word' id='word_1_687' title='bbox 662 4691 921 4747; x_wconf 91' lang='lat' dir='ltr'>exhiberi</span> <span class='ocrx_word' id='word_1_688' title='bbox 943 4692 1089 4748; x_wconf 88' lang='lat' dir='ltr'>solet</span> <span class='ocrx_word' id='word_1_689' title='bbox 1114 4710 1129 4749; x_wconf 89' lang='lat'>:</span> <span class='ocrx_word' id='word_1_690' title='bbox 1154 4700 1221 4749; x_wconf 92' lang='lat' dir='ltr'>ut</span> <span class='ocrx_word' id='word_1_691' title='bbox 1240 4698 1571 4753; x_wconf 86' lang='lat' dir='ltr'>ostenderet</span> <span class='ocrx_word' id='word_1_692' title='bbox 1592 4699 1937 4756; x_wconf 90' lang='lat' dir='ltr'>atrociorem</span> <span class='ocrx_word' id='word_1_693' title='bbox 1957 4699 2128 4769; x_wconf 90' lang='lat' dir='ltr'>iram,</span> <span class='ocrx_word' id='word_1_694' title='bbox 2160 4703 2209 4767; x_wconf 88' lang='lat' dir='ltr'>D</span> <span class='ocrx_word' id='word_1_695' title='bbox 2240 4702 2685 4759; x_wconf 85' lang='lat' dir='ltr'>cxstitorunt.Et</span> <span class='ocrx_word' id='word_1_696' title='bbox 2714 4700 2853 4772; x_wconf 90' lang='lat' dir='ltr'>quia</span> <span class='ocrx_word' id='word_1_697' title='bbox 2877 4702 3147 4770; x_wconf 89' lang='lat' dir='ltr'>poterant</span> <span class='ocrx_word' id='word_1_698' title='bbox 3174 4694 3362 4751; x_wconf 81' lang='lat' dir='ltr'>Judaei</span> <span class='ocrx_word' id='word_1_699' title='bbox 3383 4695 3637 4760; x_wconf 90' lang='lat' dir='ltr'>dicere,o</span> <span class='ocrx_word' id='word_1_700' title='bbox 3659 4698 3908 4770; x_wconf 83' lang='lat' dir='ltr'>Aposto-</span> 
     </span>
    </p>
   </div>
   <div class='ocr_carea' id='block_1_94' title="bbox 482 4780 2133 4860">
    <p class='ocr_par' dir='ltr' id='par_1_94' title="bbox 482 4780 2133 4860">
     <span class='ocr_line' id='line_1_94' title="bbox 482 4780 2133 4860; baseline 0.005 -24"><span class='ocrx_word' id='word_1_701' title='bbox 482 4780 698 4848; x_wconf 80' lang='lat' dir='ltr'>adiecit</span> <span class='ocrx_word' id='word_1_702' title='bbox 725 4797 744 4834; x_wconf 92' lang='lat'>:</span> <span class='ocrx_word' id='word_1_703' title='bbox 775 4780 840 4834; x_wconf 85' lang='lat' dir='ltr'>Et</span> <span class='ocrx_word' id='word_1_704' title='bbox 890 4780 1216 4851; x_wconf 82' lang='lat' dir='ltr'>indignatio.</span> <span class='ocrx_word' id='word_1_705' title='bbox 1248 4783 1573 4855; x_wconf 89' lang='lat' dir='ltr'>Indignatio</span> <span class='ocrx_word' id='word_1_706' title='bbox 1605 4793 1695 4842; x_wconf 89' lang='lat' dir='ltr'>est</span> <span class='ocrx_word' id='word_1_707' title='bbox 1733 4788 1897 4860; x_wconf 87' lang='lat' dir='ltr'>vigor</span> <span class='ocrx_word' id='word_1_708' title='bbox 1926 4791 2133 4844; x_wconf 79' lang='lat' dir='ltr'>futurze</span> 
     </span>
    </p>
   </div>
   <div class='ocr_carea' id='block_1_95' title="bbox 483 4868 1525 4943">
    <p class='ocr_par' dir='ltr' id='par_1_95' title="bbox 483 4868 1525 4943">
     <span class='ocr_line' id='line_1_95' title="bbox 483 4868 1525 4943; baseline 0 -16"><span class='ocrx_word' id='word_1_709' title='bbox 483 4868 1013 4927; x_wconf 86' lang='lat' dir='ltr'>animadversionis</span> <span class='ocrx_word' id='word_1_710' title='bbox 1043 4873 1100 4925; x_wconf 91' lang='lat' dir='ltr'>et</span> <span class='ocrx_word' id='word_1_711' title='bbox 1119 4870 1294 4940; x_wconf 77' lang='lat' dir='ltr'>justas</span> <span class='ocrx_word' id='word_1_712' title='bbox 1325 4887 1525 4943; x_wconf 68' lang='lat' dir='ltr'>pinnae.</span> 
     </span>
    </p>
   </div>
   <div class='ocr_carea' id='block_1_96' title="bbox 556 4950 2134 5030">
    <p class='ocr_par' dir='ltr' id='par_1_96' title="bbox 556 4950 2134 5030">
     <span class='ocr_line' id='line_1_96' title="bbox 556 4950 2134 5030; baseline 0.006 -17"><span class='ocrx_word' id='word_1_713' title='bbox 556 4950 857 5015; x_wconf 81' lang='lat' dir='ltr'>Tribulatio</span> <span class='ocrx_word' id='word_1_714' title='bbox 904 4966 955 5014; x_wconf 88' lang='lat' dir='ltr'>et</span> <span class='ocrx_word' id='word_1_715' title='bbox 1000 4960 1277 5030; x_wconf 81' lang='lat' dir='ltr'>angustia.</span> <span class='ocrx_word' id='word_1_716' title='bbox 1310 4959 1685 5017; x_wconf 82' lang='lat' dir='ltr'>Retrihuetur</span> <span class='ocrx_word' id='word_1_717' title='bbox 1729 4965 2031 5022; x_wconf 90' lang='lat' dir='ltr'>tribulatio</span> <span class='ocrx_word' id='word_1_718' title='bbox 2062 4968 2134 5023; x_wconf 91' lang='lat' dir='ltr'>de</span> 
     </span>
    </p>
   </div>
   <div class='ocr_carea' id='block_1_97' title="bbox 487 5048 2135 5125">
    <p class='ocr_par' dir='ltr' id='par_1_97' title="bbox 487 5048 2135 5125">
     <span class='ocr_line' id='line_1_97' title="bbox 487 5048 2135 5125; baseline 0.005 -22"><span class='ocrx_word' id='word_1_719' title='bbox 487 5048 857 5105; x_wconf 64' lang='lat' dir='ltr'>conscientias</span> <span class='ocrx_word' id='word_1_720' title='bbox 885 5053 1049 5104; x_wconf 89' lang='lat' dir='ltr'>reatu</span> <span class='ocrx_word' id='word_1_721' title='bbox 1085 5066 1099 5107; x_wconf 90' lang='lat'>:</span> <span class='ocrx_word' id='word_1_722' title='bbox 1132 5048 1405 5121; x_wconf 88' lang='lat' dir='ltr'>angustia</span> <span class='ocrx_word' id='word_1_723' title='bbox 1433 5065 1567 5104; x_wconf 90' lang='lat' dir='ltr'>vero</span> <span class='ocrx_word' id='word_1_724' title='bbox 1597 5051 1669 5105; x_wconf 93' lang='lat' dir='ltr'>de</span> <span class='ocrx_word' id='word_1_725' title='bbox 1699 5069 1828 5108; x_wconf 90' lang='lat' dir='ltr'>sera</span> <span class='ocrx_word' id='word_1_726' title='bbox 1857 5056 2135 5125; x_wconf 81' lang='lat' dir='ltr'>poeniten-</span> 
     </span>
    </p>
   </div>
   <div class='ocr_carea' id='block_1_98' title="bbox 486 5134 2134 5210">
    <p class='ocr_par' dir='ltr' id='par_1_98' title="bbox 486 5134 2134 5210">
     <span class='ocr_line' id='line_1_98' title="bbox 486 5134 2134 5210; baseline 0.007 -21"><span class='ocrx_word' id='word_1_727' title='bbox 486 5134 570 5190; x_wconf 91' lang='lat' dir='ltr'>tia</span> <span class='ocrx_word' id='word_1_728' title='bbox 583 5151 597 5203; x_wconf 91' lang='lat'><strong>;</strong></span> <span class='ocrx_word' id='word_1_729' title='bbox 603 5136 776 5206; x_wconf 86' lang='lat' dir='ltr'>juxta</span> <span class='ocrx_word' id='word_1_730' title='bbox 790 5139 847 5191; x_wconf 90' lang='lat' dir='ltr'>et</span> <span class='ocrx_word' id='word_1_731' title='bbox 862 5135 1007 5193; x_wconf 92' lang='lat' dir='ltr'>illud</span> <span class='ocrx_word' id='word_1_732' title='bbox 1032 5137 1356 5210; x_wconf 70' lang='lat' dir='ltr'>prophetae:</span> <span class='ocrx_word' id='word_1_733' title='bbox 1377 5139 1583 5194; x_wconf 86' lang='lat' dir='ltr'>Vermis</span> <span class='ocrx_word' id='word_1_734' title='bbox 1597 5156 1793 5195; x_wconf 87' lang='lat' dir='ltr'>eorum</span> <span class='ocrx_word' id='word_1_735' title='bbox 1807 5158 1915 5197; x_wconf 87' lang='lat' dir='ltr'>non</span> <span class='ocrx_word' id='word_1_736' title='bbox 1935 5152 2134 5201; x_wconf 83' lang='lat' dir='ltr'>morie-</span> 
     </span>
    </p>
   </div>
   <div class='ocr_carea' id='block_1_99' title="bbox 490 5226 2132 5307">
    <p class='ocr_par' dir='ltr' id='par_1_99' title="bbox 490 5226 2132 5307">
     <span class='ocr_line' id='line_1_99' title="bbox 490 5226 2132 5307; baseline 0.007 -29"><span class='ocrx_word' id='word_1_737' title='bbox 490 5227 599 5288; x_wconf 87' lang='lat' dir='ltr'>tur,</span> <span class='ocrx_word' id='word_1_738' title='bbox 629 5229 686 5279; x_wconf 83' lang='lat' dir='ltr'>et</span> <span class='ocrx_word' id='word_1_739' title='bbox 724 5226 869 5295; x_wconf 79' lang='lat' dir='ltr'>ignis</span> <span class='ocrx_word' id='word_1_740' title='bbox 897 5241 1084 5283; x_wconf 81' lang='lat' dir='ltr'>eorum</span> <span class='ocrx_word' id='word_1_741' title='bbox 1131 5243 1241 5284; x_wconf 88' lang='lat' dir='ltr'>non</span> <span class='ocrx_word' id='word_1_742' title='bbox 1267 5230 1645 5296; x_wconf 74' lang='lat' dir='ltr'>exstinguetur</span> <span class='ocrx_word' id='word_1_743' title='bbox 1690 5230 1798 5301; x_wconf 87' lang='lat' dir='ltr'>(Isa</span> <span class='ocrx_word' id='word_1_744' title='bbox 1827 5248 1973 5304; x_wconf 80' lang='lat' dir='ltr'>LxVI,</span> <span class='ocrx_word' id='word_1_745' title='bbox 2020 5236 2132 5307; x_wconf 88' lang='grc'>24).</span> 
     </span>
    </p>
   </div>
   <div class='ocr_carea' id='block_1_100' title="bbox 584 5416 1173 5493">
    <p class='ocr_par' dir='ltr' id='par_1_100' title="bbox 584 5416 1173 5493">
     <span class='ocr_line' id='line_1_100' title="bbox 584 5416 1173 5493; baseline 0.002 0"><span class='ocrx_word' id='word_1_746' title='bbox 584 5416 707 5493; x_wconf 62' lang='lat'>1.19)</span> <span class='ocrx_word' id='word_1_747' title='bbox 737 5417 801 5493; x_wconf 75' lang='lat' dir='ltr'>1n</span> <span class='ocrx_word' id='word_1_748' title='bbox 830 5418 1002 5493; x_wconf 68' lang='lat' dir='ltr'>Yuls-</span> <span class='ocrx_word' id='word_1_749' title='bbox 1035 5423 1173 5493; x_wconf 74' lang='lat' dir='ltr'>ejus.</span> 
     </span>
    </p>
   </div>
   <div class='ocr_carea' id='block_1_101' title="bbox 586 5489 1656 5567">
    <p class='ocr_par' dir='ltr' id='par_1_101' title="bbox 586 5489 1656 5567">
     <span class='ocr_line' id='line_1_101' title="bbox 586 5489 1656 5567; baseline 0.01 -25"><span class='ocrx_word' id='word_1_750' title='bbox 741 5489 805 5567; x_wconf 65' lang='lat' dir='ltr'>in</span> <span class='ocrx_word' id='word_1_751' title='bbox 830 5489 1084 5567; x_wconf 60' lang='lat' dir='ltr'>Yulgata</span> <span class='ocrx_word' id='word_1_752' title='bbox 1100 5493 1343 5567; x_wconf 82' lang='lat' dir='ltr'>legitur,</span> <span class='ocrx_word' id='word_1_753' title='bbox 1376 5502 1656 5567; x_wconf 64' lang='lat' dir='ltr'>quaerunt.</span> 
     </span>
    </p>
   </div>
   <div class='ocr_carea' id='block_1_102' title="bbox 574 5560 2135 5640">
    <p class='ocr_par' dir='ltr' id='par_1_102' title="bbox 574 5560 2135 5640">
     <span class='ocr_line' id='line_1_102' title="bbox 574 5560 2135 5640; baseline 0.01 -29"><span class='ocrx_word' id='word_1_754' title='bbox 574 5560 707 5640; x_wconf 56' lang='grc'>121)</span> <span class='ocrx_word' id='word_1_755' title='bbox 731 5561 805 5640; x_wconf 22' lang='grc' dir='ltr'>Αῐη</span> <span class='ocrx_word' id='word_1_756' title='bbox 831 5560 1079 5632; x_wconf 68' lang='lat' dir='ltr'>Vulgata</span> <span class='ocrx_word' id='word_1_757' title='bbox 1097 5560 1449 5640; x_wconf 54' lang='lat' dir='ltr'>ita&#39;habetur</span> <span class='ocrx_word' id='word_1_758' title='bbox 1474 5569 1567 5623; x_wconf 91' lang='lat' dir='ltr'>hic</span> <span class='ocrx_word' id='word_1_759' title='bbox 1592 5586 1823 5626; x_wconf 77' lang='lat' dir='ltr'>versus:</span> <span class='ocrx_word' id='word_1_760' title='bbox 1842 5573 1911 5626; x_wconf 80' lang='lat' dir='ltr'>iis</span> <span class='ocrx_word' id='word_1_761' title='bbox 1930 5579 2135 5640; x_wconf 85' lang='lat' dir='ltr'>autem,</span> 
     </span>
    </p>
   </div>
   <div class='ocr_carea' id='block_1_103' title="bbox 522 5638 2132 5702">
    <p class='ocr_par' dir='ltr' id='par_1_103' title="bbox 522 5638 2132 5702">
     <span class='ocr_line' id='line_1_103' title="bbox 522 5638 2132 5702; baseline 0.009 -19"><span class='ocrx_word' id='word_1_762' title='bbox 522 5638 583 5702; x_wconf 77' lang='lat' dir='ltr'>ui</span> <span class='ocrx_word' id='word_1_763' title='bbox 612 5638 740 5685; x_wconf 87' lang='lat' dir='ltr'>sunt</span> <span class='ocrx_word' id='word_1_764' title='bbox 780 5648 850 5687; x_wconf 75' lang='lat' dir='ltr'>ex</span> <span class='ocrx_word' id='word_1_765' title='bbox 877 5638 1237 5702; x_wconf 85' lang='lat' dir='ltr'>contentione,</span> <span class='ocrx_word' id='word_1_766' title='bbox 1274 5639 1370 5693; x_wconf 88' lang='lat' dir='ltr'>ubi</span> <span class='ocrx_word' id='word_1_767' title='bbox 1421 5642 1741 5697; x_wconf 87' lang='lat' dir='ltr'>notandum</span> <span class='ocrx_word' id='word_1_768' title='bbox 1792 5643 2033 5697; x_wconf 90' lang='lat' dir='ltr'>verbum</span> <span class='ocrx_word' id='word_1_769' title='bbox 2064 5638 2132 5697; x_wconf 56' lang='lat' dir='ltr'>il?</span> 
     </span>
    </p>
   </div>
   <div class='ocr_carea' id='block_1_104' title="bbox 483 5701 2132 5845">
    <p class='ocr_par' dir='ltr' id='par_1_104' title="bbox 483 5701 2132 5845">
     <span class='ocr_line' id='line_1_104' title="bbox 483 5701 2132 5845; baseline 0.009 -89"><span class='ocrx_word' id='word_1_770' title='bbox 483 5701 601 5845; x_wconf 52' lang='lat' dir='ltr'>ipsi</span> <span class='ocrx_word' id='word_1_771' title='bbox 642 5712 770 5758; x_wconf 85' lang='lat' dir='ltr'>sunt</span> <span class='ocrx_word' id='word_1_772' title='bbox 820 5720 934 5761; x_wconf 92' lang='lat' dir='ltr'>non</span> <span class='ocrx_word' id='word_1_773' title='bbox 986 5707 1311 5777; x_wconf 84' lang='lat' dir='ltr'>subaudiri,</span> <span class='ocrx_word' id='word_1_774' title='bbox 1368 5710 1468 5765; x_wconf 90' lang='lat' dir='ltr'>sed</span> <span class='ocrx_word' id='word_1_775' title='bbox 1534 5728 1732 5768; x_wconf 87' lang='lat' dir='ltr'>revera</span> <span class='ocrx_word' id='word_1_776' title='bbox 1792 5730 2132 5785; x_wconf 88' lang='lat' dir='ltr'>expressum</span> 
     </span>
    </p>
   </div>
   <div class='ocr_carea' id='block_1_105' title="bbox 559 5417 577 5629">
    <p class='ocr_par' dir='ltr' id='par_1_105' title="bbox 559 5417 577 5629">
     <span class='ocr_line' id='line_1_105' title="bbox 559 5417 577 5629; baseline 0 0"><span class='ocrx_word' id='word_1_777' title='bbox 559 5417 577 5629; x_wconf 67' lang='grc' dir='ltr'>ἓ</span> 
     </span>
    </p>
   </div>
   <div class='ocr_carea' id='block_1_106' title="bbox 2242 4784 3904 4861">
    <p class='ocr_par' dir='ltr' id='par_1_106' title="bbox 2242 4784 3904 4861">
     <span class='ocr_line' id='line_1_106' title="bbox 2242 4784 3904 4861; baseline -0.004 -15"><span class='ocrx_word' id='word_1_778' title='bbox 2242 4792 2315 4859; x_wconf 91' lang='lat' dir='ltr'>le,</span> <span class='ocrx_word' id='word_1_779' title='bbox 2349 4809 2454 4847; x_wconf 91' lang='lat' dir='ltr'>cur</span> <span class='ocrx_word' id='word_1_780' title='bbox 2484 4790 2653 4846; x_wconf 90' lang='lat' dir='ltr'>nobis</span> <span class='ocrx_word' id='word_1_781' title='bbox 2684 4789 3011 4861; x_wconf 69' lang='lat' dir='ltr'>aequiparas</span> <span class='ocrx_word' id='word_1_782' title='bbox 3043 4790 3270 4859; x_wconf 86' lang='lat' dir='ltr'>gentes,</span> <span class='ocrx_word' id='word_1_783' title='bbox 3303 4784 3403 4856; x_wconf 89' lang='lat' dir='ltr'>qui</span> <span class='ocrx_word' id='word_1_784' title='bbox 3437 4784 3626 4856; x_wconf 88' lang='lat' dir='ltr'>legem</span> <span class='ocrx_word' id='word_1_785' title='bbox 3669 4786 3904 4858; x_wconf 85' lang='lat' dir='ltr'>accepi-</span> 
     </span>
    </p>
   </div>
   <div class='ocr_carea' id='block_1_107' title="bbox 2241 4872 3904 4947">
    <p class='ocr_par' dir='ltr' id='par_1_107' title="bbox 2241 4872 3904 4947">
     <span class='ocr_line' id='line_1_107' title="bbox 2241 4872 3904 4947; baseline -0.005 -10"><span class='ocrx_word' id='word_1_786' title='bbox 2241 4898 2399 4947; x_wconf 91' lang='lat' dir='ltr'>mus,</span> <span class='ocrx_word' id='word_1_787' title='bbox 2431 4885 2489 4935; x_wconf 89' lang='lat' dir='ltr'>et</span> <span class='ocrx_word' id='word_1_788' title='bbox 2512 4878 2724 4934; x_wconf 89' lang='lat' dir='ltr'>Christi</span> <span class='ocrx_word' id='word_1_789' title='bbox 2754 4876 3025 4932; x_wconf 88' lang='lat' dir='ltr'>notitiam</span> <span class='ocrx_word' id='word_1_790' title='bbox 3073 4875 3364 4930; x_wconf 89' lang='lat' dir='ltr'>habemus</span> <span class='ocrx_word' id='word_1_791' title='bbox 3385 4872 3414 4927; x_wconf 80' lang='lat' dir='ltr'>‘t</span> <span class='ocrx_word' id='word_1_792' title='bbox 3444 4873 3532 4927; x_wconf 81' lang='lat' dir='ltr'>Ad</span> <span class='ocrx_word' id='word_1_793' title='bbox 3592 4872 3722 4929; x_wconf 72' lang='lat' dir='ltr'>haec</span> <span class='ocrx_word' id='word_1_794' title='bbox 3782 4876 3904 4947; x_wconf 89' lang='lat' dir='ltr'>ipse</span> 
     </span>
    </p>
   </div>
   <div class='ocr_carea' id='block_1_108' title="bbox 2242 4964 3905 5041">
    <p class='ocr_par' dir='ltr' id='par_1_108' title="bbox 2242 4964 3905 5041">
     <span class='ocr_line' id='line_1_108' title="bbox 2242 4964 3905 5041; baseline -0.006 -16"><span class='ocrx_word' id='word_1_795' title='bbox 2242 4969 2557 5041; x_wconf 87' lang='lat' dir='ltr'>respondet</span> <span class='ocrx_word' id='word_1_796' title='bbox 2581 4983 2594 5021; x_wconf 92' lang='lat'>:</span> <span class='ocrx_word' id='word_1_797' title='bbox 2629 4968 2745 5022; x_wconf 85' lang='lat' dir='ltr'>Non</span> <span class='ocrx_word' id='word_1_798' title='bbox 2774 4975 2854 5020; x_wconf 91' lang='lat' dir='ltr'>est</span> <span class='ocrx_word' id='word_1_799' title='bbox 2884 4967 3033 5021; x_wconf 89' lang='lat' dir='ltr'>enim</span> <span class='ocrx_word' id='word_1_800' title='bbox 3059 4979 3424 5035; x_wconf 86' lang='lat' dir='ltr'>personarum</span> <span class='ocrx_word' id='word_1_801' title='bbox 3450 4964 3702 5033; x_wconf 85' lang='lat' dir='ltr'>acceptio</span> <span class='ocrx_word' id='word_1_802' title='bbox 3762 4964 3905 5035; x_wconf 80' lang='lat' dir='ltr'>apud</span> 
     </span>
    </p>
   </div>
   <div class='ocr_carea' id='block_1_109' title="bbox 2244 5050 3903 5127">
    <p class='ocr_par' dir='ltr' id='par_1_109' title="bbox 2244 5050 3903 5127">
     <span class='ocr_line' id='line_1_109' title="bbox 2244 5050 3903 5127; baseline -0.005 -13"><span class='ocrx_word' id='word_1_803' title='bbox 2244 5064 2445 5114; x_wconf 88' lang='lat' dir='ltr'>Deum.</span> <span class='ocrx_word' id='word_1_804' title='bbox 2480 5056 2663 5127; x_wconf 90' lang='lat' dir='ltr'>Cujus</span> <span class='ocrx_word' id='word_1_805' title='bbox 2694 5054 2803 5109; x_wconf 89' lang='lat' dir='ltr'>loci</span> <span class='ocrx_word' id='word_1_806' title='bbox 2834 5070 3074 5108; x_wconf 88' lang='lat' dir='ltr'>sensum</span> <span class='ocrx_word' id='word_1_807' title='bbox 3107 5050 3476 5123; x_wconf 90' lang='lat' dir='ltr'>coapostolus</span> <span class='ocrx_word' id='word_1_808' title='bbox 3507 5051 3640 5121; x_wconf 88' lang='lat' dir='ltr'>ejus</span> <span class='ocrx_word' id='word_1_809' title='bbox 3696 5051 3903 5109; x_wconf 86' lang='lat' dir='ltr'>Petrus</span> 
     </span>
    </p>
   </div>
   <div class='ocr_carea' id='block_1_110' title="bbox 2243 5139 3905 5217">
    <p class='ocr_par' dir='ltr' id='par_1_110' title="bbox 2243 5139 3905 5217">
     <span class='ocr_line' id='line_1_110' title="bbox 2243 5139 3905 5217; baseline -0.005 -17"><span class='ocrx_word' id='word_1_810' title='bbox 2243 5146 2302 5200; x_wconf 92' lang='lat' dir='ltr'>in</span> <span class='ocrx_word' id='word_1_811' title='bbox 2337 5145 2596 5217; x_wconf 87' lang='lat' dir='ltr'>Epistola</span> <span class='ocrx_word' id='word_1_812' title='bbox 2619 5160 2727 5199; x_wconf 89' lang='lat' dir='ltr'>sua</span> <span class='ocrx_word' id='word_1_813' title='bbox 2755 5142 3050 5198; x_wconf 89' lang='lat' dir='ltr'>evidenter</span> <span class='ocrx_word' id='word_1_814' title='bbox 3090 5139 3347 5212; x_wconf 86' lang='lat' dir='ltr'>exponit,</span> <span class='ocrx_word' id='word_1_815' title='bbox 3380 5140 3584 5195; x_wconf 87' lang='lat' dir='ltr'>dicens</span> <span class='ocrx_word' id='word_1_816' title='bbox 3609 5156 3625 5195; x_wconf 90' lang='lat'><strong>:</strong></span> <span class='ocrx_word' id='word_1_817' title='bbox 3648 5141 3777 5197; x_wconf 86' lang='lat' dir='ltr'>Non</span> <span class='ocrx_word' id='word_1_818' title='bbox 3836 5145 3905 5197; x_wconf 82' lang='lat' dir='ltr'>est</span> 
     </span>
    </p>
   </div>
   <div class='ocr_carea' id='block_1_111' title="bbox 2241 5229 3909 5306">
    <p class='ocr_par' dir='ltr' id='par_1_111' title="bbox 2241 5229 3909 5306">
     <span class='ocr_line' id='line_1_111' title="bbox 2241 5229 3909 5306; baseline -0.002 -16"><span class='ocrx_word' id='word_1_819' title='bbox 2241 5250 2601 5306; x_wconf 87' lang='lat' dir='ltr'>personarum</span> <span class='ocrx_word' id='word_1_820' title='bbox 2628 5240 2875 5305; x_wconf 89' lang='lat' dir='ltr'>acceptor</span> <span class='ocrx_word' id='word_1_821' title='bbox 2906 5232 3054 5304; x_wconf 89' lang='grc'>(124)</span> <span class='ocrx_word' id='word_1_822' title='bbox 3110 5231 3249 5285; x_wconf 88' lang='lat' dir='ltr'>Deus</span> <span class='ocrx_word' id='word_1_823' title='bbox 3302 5229 3399 5287; x_wconf 77' lang='lat' dir='ltr'>sed</span> <span class='ocrx_word' id='word_1_824' title='bbox 3455 5230 3518 5284; x_wconf 88' lang='lat' dir='ltr'>in</span> <span class='ocrx_word' id='word_1_825' title='bbox 3567 5233 3733 5287; x_wconf 86' lang='lat' dir='ltr'>omni</span> <span class='ocrx_word' id='word_1_826' title='bbox 3754 5240 3909 5304; x_wconf 78' lang='lat' dir='ltr'>gente</span> 
     </span>
    </p>
   </div>
   <div class='ocr_carea' id='block_1_112' title="bbox 2317 5424 3907 5501">
    <p class='ocr_par' dir='ltr' id='par_1_112' title="bbox 2317 5424 3907 5501">
     <span class='ocr_line' id='line_1_112' title="bbox 2317 5424 3907 5501; baseline -0.004 -14"><span class='ocrx_word' id='word_1_827' title='bbox 2317 5432 2431 5501; x_wconf 86' lang='lat'>(22)</span> <span class='ocrx_word' id='word_1_828' title='bbox 2463 5430 2718 5496; x_wconf 88' lang='lat' dir='ltr'>Scilicet,</span> <span class='ocrx_word' id='word_1_829' title='bbox 2751 5433 2818 5485; x_wconf 89' lang='lat' dir='ltr'>ut</span> <span class='ocrx_word' id='word_1_830' title='bbox 2845 5427 3069 5483; x_wconf 88' lang='lat' dir='ltr'>dictum</span> <span class='ocrx_word' id='word_1_831' title='bbox 3111 5430 3203 5501; x_wconf 81' lang='lat' dir='ltr'>est</span> <span class='ocrx_word' id='word_1_832' title='bbox 3231 5424 3514 5501; x_wconf 77' lang='lat' dir='ltr'>superius</span> <span class='ocrx_word' id='word_1_833' title='bbox 3533 5425 3610 5481; x_wconf 89' lang='lat' dir='ltr'>ad</span> <span class='ocrx_word' id='word_1_834' title='bbox 3640 5441 3907 5501; x_wconf 79' lang='lat' dir='ltr'>versum,</span> 
     </span>
    </p>
   </div>
   <div class='ocr_carea' id='block_1_113' title="bbox 2243 5497 3905 5568">
    <p class='ocr_par' dir='ltr' id='par_1_113' title="bbox 2243 5497 3905 5568">
     <span class='ocr_line' id='line_1_113' title="bbox 2243 5497 3905 5568; baseline -0.003 -12"><span class='ocrx_word' id='word_1_835' title='bbox 2243 5497 2519 5558; x_wconf 68' lang='lat' dir='ltr'>rezielatur</span> <span class='ocrx_word' id='word_1_836' title='bbox 2544 5504 2631 5557; x_wconf 87' lang='lat' dir='ltr'>ira</span> <span class='ocrx_word' id='word_1_837' title='bbox 2649 5503 2745 5556; x_wconf 90' lang='lat' dir='ltr'>Dei</span> <span class='ocrx_word' id='word_1_838' title='bbox 2774 5501 2835 5554; x_wconf 91' lang='lat' dir='ltr'>In</span> <span class='ocrx_word' id='word_1_839' title='bbox 2856 5497 3219 5568; x_wconf 79' lang='lat' dir='ltr'>autographa</span> <span class='ocrx_word' id='word_1_840' title='bbox 3243 5498 3321 5551; x_wconf 89' lang='lat' dir='ltr'>ibi</span> <span class='ocrx_word' id='word_1_841' title='bbox 3344 5497 3557 5552; x_wconf 91' lang='lat' dir='ltr'>menda</span> <span class='ocrx_word' id='word_1_842' title='bbox 3588 5514 3766 5563; x_wconf 90' lang='lat' dir='ltr'>;nam</span> <span class='ocrx_word' id='word_1_843' title='bbox 3785 5499 3905 5554; x_wconf 89' lang='lat' dir='ltr'>loco</span> 
     </span>
    </p>
   </div>
   <div class='ocr_carea' id='block_1_114' title="bbox 2238 5569 3909 5645">
    <p class='ocr_par' dir='ltr' id='par_1_114' title="bbox 2238 5569 3909 5645">
     <span class='ocr_line' id='line_1_114' title="bbox 2238 5569 3909 5645; baseline -0.004 -17"><span class='ocrx_word' id='word_1_844' title='bbox 2238 5592 2338 5645; x_wconf 84' lang='lat' dir='ltr'>pro</span> <span class='ocrx_word' id='word_1_845' title='bbox 2360 5575 2625 5643; x_wconf 86' lang='lat' dir='ltr'>vindicta,</span> <span class='ocrx_word' id='word_1_846' title='bbox 2660 5573 2740 5627; x_wconf 87' lang='lat' dir='ltr'>uti</span> <span class='ocrx_word' id='word_1_847' title='bbox 2784 5571 3065 5645; x_wconf 6' lang='lat' dir='ltr'>(superius</span> <span class='ocrx_word' id='word_1_848' title='bbox 3100 5571 3156 5645; x_wconf 76' lang='lat' dir='ltr'>in</span> <span class='ocrx_word' id='word_1_849' title='bbox 3215 5569 3390 5645; x_wconf 63' lang='lat' dir='ltr'>citato</span> <span class='ocrx_word' id='word_1_850' title='bbox 3442 5585 3640 5645; x_wconf 81' lang='lat' dir='ltr'>versu,</span> <span class='ocrx_word' id='word_1_851' title='bbox 3692 5570 3909 5642; x_wconf 80' lang='lat' dir='ltr'>legitur</span> 
     </span>
    </p>
   </div>
   <div class='ocr_carea' id='block_1_115' title="bbox 2239 5640 3515 5717">
    <p class='ocr_par' dir='ltr' id='par_1_115' title="bbox 2239 5640 3515 5717">
     <span class='ocr_line' id='line_1_115' title="bbox 2239 5640 3515 5717; baseline -0.002 -20"><span class='ocrx_word' id='word_1_852' title='bbox 2239 5640 2619 5717; x_wconf 68' lang='lat' dir='ltr'>providentia,</span> <span class='ocrx_word' id='word_1_853' title='bbox 2641 5644 2798 5716; x_wconf 89' lang='lat' dir='ltr'>quod</span> <span class='ocrx_word' id='word_1_854' title='bbox 2832 5640 2975 5717; x_wconf 82' lang='lat' dir='ltr'>mihi</span> <span class='ocrx_word' id='word_1_855' title='bbox 3008 5641 3296 5717; x_wconf 88' lang='lat' dir='ltr'>corrigere</span> <span class='ocrx_word' id='word_1_856' title='bbox 3322 5640 3515 5695; x_wconf 89' lang='lat' dir='ltr'>libuit.</span> 
     </span>
    </p>
   </div>
   <div class='ocr_carea' id='block_1_116' title="bbox 2339 5715 3499 5785">
    <p class='ocr_par' dir='ltr' id='par_1_116' title="bbox 2339 5715 3499 5785">
     <span class='ocr_line' id='line_1_116' title="bbox 2339 5715 3499 5785; baseline 0.003 -16"><span class='ocrx_word' id='word_1_857' title='bbox 2339 5719 2461 5785; x_wconf 76' lang='lat'>123)</span> <span class='ocrx_word' id='word_1_858' title='bbox 2496 5719 2556 5770; x_wconf 85' lang='lat' dir='ltr'>In</span> <span class='ocrx_word' id='word_1_859' title='bbox 2580 5715 2806 5785; x_wconf 87' lang='lat' dir='ltr'>autogr.</span> <span class='ocrx_word' id='word_1_860' title='bbox 2842 5715 3160 5785; x_wconf 82' lang='lat' dir='ltr'>ejicientur.</span> <span class='ocrx_word' id='word_1_861' title='bbox 3289 5782 3299 5785; x_wconf 96' lang='lat'>_</span> <span class='ocrx_word' id='word_1_862' title='bbox 3364 5780 3378 5785; x_wconf 88' lang='lat'>_</span> <span class='ocrx_word' id='word_1_863' title='bbox 3411 5780 3421 5785; x_wconf 87' lang='lat'><strong>_</strong></span> <span class='ocrx_word' id='word_1_864' title='bbox 3487 5774 3499 5785; x_wconf 33' lang='grc' dir='ltr'><strong><em>ὲ</em></strong></span> 
     </span>
    </p>
   </div>
   <div class='ocr_carea' id='block_1_117' title="bbox 2339 5780 3909 5859">
    <p class='ocr_par' dir='ltr' id='par_1_117' title="bbox 2339 5780 3909 5859">
     <span class='ocr_line' id='line_1_117' title="bbox 2339 5780 3909 5859; baseline -0.004 -16"><span class='ocrx_word' id='word_1_865' title='bbox 2339 5780 2459 5859; x_wconf 81' lang='grc'>124)</span> <span class='ocrx_word' id='word_1_866' title='bbox 2489 5787 2693 5845; x_wconf 89' lang='lat' dir='ltr'>Nescio</span> <span class='ocrx_word' id='word_1_867' title='bbox 2724 5780 3019 5857; x_wconf 74' lang='lat' dir='ltr'>quomodo</span> <span class='ocrx_word' id='word_1_868' title='bbox 3049 5784 3226 5841; x_wconf 88' lang='lat' dir='ltr'>citata</span> <span class='ocrx_word' id='word_1_869' title='bbox 3253 5782 3332 5840; x_wconf 89' lang='lat' dir='ltr'>sit</span> <span class='ocrx_word' id='word_1_870' title='bbox 3364 5780 3459 5838; x_wconf 89' lang='lat' dir='ltr'>hic</span> <span class='ocrx_word' id='word_1_871' title='bbox 3487 5780 3765 5854; x_wconf 87' lang='lat' dir='ltr'>Epistola</span> <span class='ocrx_word' id='word_1_872' title='bbox 3795 5782 3909 5841; x_wconf 88' lang='lat' dir='ltr'>divi</span> 
     </span>
    </p>
   </div>
  </div>
