3946 6402
93 477 190 539 149

658 474 1076 541 EXPOSITIO
1119 476 1200 540 IN
1244 476 1675 540 EPISTOLAS
1718 475 1981 541 PAULI.
2012 479 2195 541 -ΙΝ
2239 479 2486 543 EPIST.
2523 481 2629 543 AD
2675 478 2867 543 ROM.

3358 477 3476 541 150

88 613 170 683 qui
194 610 335 667 timet
375 610 572 677 Deum,
603 614 656 666 et
696 616 959 683 operatur
1010 613 1306 680 iustitiam,
1338 621 1589 684 acceptus
1630 620 1714 668 est
1740 612 1796 679 Α
1824 614 2024 687 gratiae
2049 613 2363 686 Evangelii.
2389 614 2640 683 Scilicet,
2664 613 2809 687 quod
2837 613 2938 671 tibi
2966 628 3082 670 non
3110 614 3214 680 vis,
3238 613 3342 670 alii
3361 628 3479 669 non

90 700 182 755 illi.
211 699 276 755 Ut
302 703 498 755 autem
529 701 849 772 Apostolus
893 702 1002 757 hoc
1053 702 1313 773 apertius
1346 702 1708 769 demonstra,

88 793 177 847 ret.
198 788 497 859 subjunxit
514 804 527 842 :
544 791 869 861 Quicunque
885 792 1037 846 enim
1056 793 1176 846 sine
1197 792 1309 861 lege
1325 794 1713 862 peccaverunt-

87 880 191 934 sine
216 880 322 947 tege
353 877 643 948 peribunt,
673 889 727 934 et
766 881 1074 951 quicunque
1101 881 1163 935 in
1193 880 1307 947 lege
1330 887 1713 950 peccaverunt-

82 983 168 1040 per
192 967 349 1037 legem
370 966 805 1036 judicabuntur.
830 967 933 1022 His
953 968 1145 1023 verbis
1179 969 1433 1023 ostendit
1462 973 1710 1040 Aposto-

83 1056 333 1127 lus,quia,
360 1072 468 1111 nec
488 1056 670 1111 Judaei
695 1056 1061 1112 excusabiles
1084 1074 1188 1129 pro
1212 1057 1713 1130 ignorantia,quia

79 1144 246 1217 legem
274 1149 645 1216 acceperunt,
671 1162 776 1201 nec
797 1145 1066 1217 gentiles,
1090 1147 1229 1217 quia
1260 1161 1363 1218 per
1382 1150 1708 1201 creaturam

81 1238 369 1306 potuerunt
400 1249 719 1306 agnoscere
753 1234 1105 1291 Creatorem.
1133 1235 1321 1307 Hujus
1371 1240 1567 1290 autem
1599 1234 1711 1289 loci

78 1337 296 1378 sensum
325 1322 617 1378 Dominus
647 1323 705 1378 in
738 1323 1052 1397 Evangelio
1083 1324 1442 1395 manifestat,
1467 1324 1666 1378 dicens
1693 1342 1706 1378 :

76 1411 270 1477 Servus,
300 1413 398 1482 qui
426 1413 698 1483 cognoscit
725 1414 1059 1469 voluntatem
1091 1415 1337 1483 Domini,
1370 1421 1420 1468 et
1454 1414 1594 1483 facit
1621 1415 1709 1467 di-

70 1516 187 1570 gna,
215 1501 396 1571 plagis
443 1502 727 1572 vapulabit
755 1503 977 1563 multis;
1006 1503 1109 1574 qui
1149 1507 1333 1557 autem
1360 1518 1471 1557 non.
1517 1518 1710 1572 cogno-

71 1591 161 1643 scit
188 1589 521 1645 voluntatem
548 1590 775 1645 Domini
801 1593 911 1657 sui,
938 1600 991 1646 et
1019 1592 1161 1662 facit
1188 1591 1375 1661 digna,
1405 1592 1588 1663 plagis
1616 1607 1705 1657 va,

66 1677 265 1748 putabit
290 1679 485 1746 paucis
514 1679 667 1749 (Luc.
698 1695 802 1745 xu,
835 1681 943 1750 48).
977 1680 1087 1735 Sed
1128 1696 1282 1747 ecce,
1316 1679 1400 1735 sic
1429 1679 1704 1735 videntur

70 1765 181 1821 haec
212 1766 469 1839 Apostoli
498 1768 674 1824 verba
702 1784 931 1835 sonare,
959 1786 1026 1824 ac
1055 1769 1104 1824 si
1137 1770 1392 1824 atrocius
1423 1767 1703 1840 puniendi

70 1854 177 1910 sint
197 1855 470 1927 gentiles,
494 1872 671 1928 quam
694 1857 880 1913 Judaei
904 1873 917 1912 :
943 1858 1015 1913 de
1044 1857 1161 1913 illis
1186 1857 1343 1913 enim
1376 1856 1537 1922 dicit,
1554 1859 1706 1929 peri-

1820 705 2015 776 facias.
2050 705 2119 759 Et
2152 706 2435 760 Dominus
2466 704 2525 759 in
2562 704 2874 777 Evangelio
2906 703 3047 759 dicit
3078 720 3091 760 :
3126 704 3479 774 Quaecunque

1820 794 1991 850 vultis
2018 802 2080 849 ut
2108 795 2323 865 faciant
2368 794 2526 850 vobis
2550 794 2814 861 homines,
2847 794 3045 849 eadem
3089 797 3143 849 et
3186 808 3278 847 vos
3306 793 3477 863 facite

1824 883 1940 938 illis
1969 883 2178 954 (Matth.
2210 900 2314 951 vn,
2350 883 2458 954 12).
2487 881 2582 937 Ait
2608 899 2744 955 ergo
2780 901 2792 938 :
2829 884 2963 939 Cum
3007 886 3207 953 gentes,
3242 896 3369 954 quae
3399 882 3474 937 le-

1820 986 1943 1038 gem
1971 986 2085 1025 non
2134 970 2356 1041 habent,
2386 969 2659 1025 videlicet
2706 968 3007 1041 scriptam,
3033 970 3369 1025 naturaliter
3411 984 3476 1023 ea

1822 1073 1944 1129 qua:
1984 1058 2121 1127 legis
2166 1063 2295 1113 sunt
2340 1059 2579 1129 faciunt,
2613 1058 2669 1112 id
2721 1062 2809 1114 cst
2853 1062 3138 1130 praecepta
3186 1055 3474 1113 naturalis

1821 1146 1970 1219 legis
2001 1147 2341 1202 custodiunt
2375 1163 2387 1203 :
2425 1148 2696 1219 ejusmodi
2724 1149 2895 1218 legem
2942 1164 3055 1203 non
3101 1148 3377 1212 habentes,
3414 1145 3472 1200 id

1821 1242 1930 1304 est,
1947 1236 2179 1308 qualem
2201 1237 2357 1291 Deus
2381 1237 2539 1291 dedit
2560 1253 2664 1308 per
2680 1237 2939 1308 Moysen,
2959 1237 3071 1308 ipsi
3087 1238 3199 1292 sibi
3210 1238 3340 1291 sunt
3361 1235 3471 1303 lex,

1819 1328 1916 1398 qui
1943 1326 2235 1381 ostendunt
2262 1342 2396 1396 opus
2443 1327 2584 1394 legis
2626 1328 2888 1397 scriptum
2924 1328 2982 1381 in
3032 1325 3288 1380 cordibus
3331 1325 3470 1391 suis,

1817 1417 2197 1470 testimonium
2237 1416 2501 1470 reddente
2546 1415 2662 1469 illis
2689 1415 3026 1469 conscientia
3072 1416 3335 1484 ipsorum.
3368 1413 3474 1467 Hic

1819 1504 2199 1576 quaerendum
2222 1508 2329 1573 est,
2345 1503 2416 1559 de
2436 1503 2654 1575 quibus
2675 1500 3129 1574 cogitationibus
3151 1500 3307 1556 dicat
3321 1504 3474 1572 Apo-

1818 1593 2007 1649 stolus
2040 1609 2054 1647 :
2088 1596 2287 1647 utrum
2320 1593 2393 1647 de
2424 1592 2564 1658 illis,
2590 1608 2716 1663 quae
2746 1607 2904 1647 nunc
2934 1595 3094 1655 sunt,
3120 1593 3220 1645 aut
3250 1590 3321 1645 de
3351 1588 3469 1657 his,

1817 1699 1945 1753 quae
1979 1682 2184 1737 futuras
2216 1686 2374 1737 sunt.
2401 1682 2471 1736 Et
2490 1697 2686 1737 revera
2719 1681 2789 1735 de
2820 1679 2934 1747 his,
2962 1696 3089 1752 quas
3119 1695 3278 1735 nunc
3309 1681 3469 1745 sunt,

1815 1770 2122 1843 loquitur:
2171 1771 2450 1843 quoniam
2499 1786 2614 1826 non
2665 1768 2858 1825 solum
2903 1784 3029 1841 qua:
3080 1767 3335 1841 agimus,
3366 1767 3469 1824 sed

1816 1860 1993 1917 etiam
2025 1876 2153 1932 quae
2185 1858 2534 1931 cogitamus,
2562 1859 2717 1915 sicut
2745 1862 2896 1914 notas
2925 1861 2983 1913 et
3011 1856 3377 1912 characteres
3408 1856 3469 1911 in

69 1944 207 2048 bunt,
342 1945 566 2048 Judnis
595 1962 750 2045 vero,
783 1947 1211 2014 iudicabuntur;
1242 1947 1397 2001 unde
1428 1946 1705 2018 Origenes
1735 1982 1784 2048 B
1819 1949 1989 2017 ceris,
2024 1949 2106 2004 ita
2159 1949 2217 2003 in
2275 1948 2495 2005 tabulis
2540 1947 2733 2004 cordis
2782 1946 2970 2003 nostri
3016 1946 3380 2012 scribuntur,
3413 1948 3473 2001 et

68 2031 194 2087 dicit
217 2049 229 2089 :
252 2033 381 2089 Non
412 2033 558 2089 mihi
588 2034 817 2090 videtur
841 2035 1149 2107 Apostolus
1179 2035 1261 2091 ita
1289 2035 1576 2104 sensisse;
1602 2035 1703 2091 sed
1735 2031 1784 2048 ³³
1817 2042 2058 2093 manent
2086 2036 2314 2093 occulta
2348 2053 2539 2108 usque
2568 2037 2640 2092 ad
2671 2036 2826 2091 diem
2851 2035 3061 2107 judicii
3090 2051 3103 2089 :
3138 2038 3281 2089 tunc
3310 2032 3468 2089 enim

65 2120 115 2174 in
145 2136 210 2175 eo
240 2122 400 2193 quod
432 2122 1057 2194 dicit,judicabuntur,
1081 2124 1557 2180 subaudiendum
1594 2129 1702 2189 est,

66 2212 121 2263 ut
148 2216 422 2280 pereant;
457 2212 738 2282 quoniam
769 2211 899 2284 ipsa
925 2212 1019 2267 lex
1039 2213 1205 2268 docet
1236 2212 1528 2283 quomodo
1550 2210 1708 2282 judi-

63 2298 217 2352 candi
247 2304 416 2355 sunt.
448 2300 530 2355 De
571 2300 847 2371 gentibus
893 2315 1029 2355 vero
1075 2300 1207 2355 ideo
1237 2299 1398 2370 dicit,
1428 2300 1705 2371 peribunt,

62 2388 182 2455 quia
208 2404 324 2443 non
355 2394 648 2458 resurgent
678 2389 840 2459 impii
864 2390 927 2443 in
946 2388 1181 2460 judicio,
1205 2404 1377 2459 neque
1400 2390 1710 2459 peccatores

61 2476 107 2527 in
132 2477 376 2533 concilio
408 2478 556 2547 (125)
583 2478 886 2547 justorum.

116 2564 437 2635 Sequitur:
461 2565 579 2620 Non
610 2566 767 2621 enim
795 2566 1075 2621 auditores
1097 2566 1234 2634 legis
1252 2566 1399 2637 justi
1414 2572 1544 2621 sunt
1561 2566 1709 2637 apud

61 2652 232 2721 Deum,
266 2653 368 2709 sed
404 2656 642 2724 factores
698 2655 833 2724 legis
873 2655 1360 2726 justiﬁcabuntur.
1393 2654 1540 2718 Quid
1600 2662 1712 2722 est,

63 2742 202 2811 quod
235 2742 494 2798 factores
523 2741 667 2811 legis
707 2742 1125 2813 justificandos
1153 2743 1314 2809 dicit,
1342 2760 1475 2798 cum
1506 2742 1710 2814 procul

64 2829 228 2885 dubio
249 2830 411 2902 justi
443 2830 602 2886 sint?
633 2834 837 2902 Itaque
858 2830 970 2885 hoc
998 2829 1124 2885 loco
1144 2831 1604 2901 justiﬁcabuntur
1632 2830 1714 2885 ita

64 2912 504 2991 intelligendum
525 2924 637 2986 est,
652 2919 806 2973 sicut
823 2919 882 2974 in
905 2918 1344 2990 Evangelio,ubi
1363 2920 1435 2975 de
1456 2919 1712 2990 quodam

68 3006 348 3065 Pharisaeo
392 3007 613 3080 legitur
646 3024 658 3062 :
690 3008 789 3064 Ille
835 3017 1043 3064 autem
1066 3008 1250 3064 volens
1287 3008 1601 3079 justiﬁcare
1632 3025 1713 3063 se-

65 3094 251 3166 ipsum,
274 3097 335 3152 id
363 3101 468 3164 est,
503 3096 688 3153 volens
707 3098 893 3169 justus
918 3098 1120 3163 videri,
1150 3098 1234 3152 vel
1260 3099 1453 3169 putari
1483 3098 1632 3168 (Luc.
1654 3113 1712 3163 Χ,

66 3185 166 3255 29).
195 3186 489 3243 Similiter
517 3186 627 3243 hoc
656 3186 781 3243 loco
810 3185 1123 3258 Apostolus
1154 3186 1315 3255 dicit,
1330 3186 1717 3258 juctiﬁcabun-

69 3277 169 3341 tur,
200 3274 258 3331 id
291 3280 386 3334 est
411 3276 798 3343 creabuntur,
831 3277 1078 3332 factores
1106 3275 1275 3347 legis,
1310 3280 1375 3331 ut
1396 3275 1544 3346 justi
1576 3276 1715 3339 sint,

68 3362 143 3418 vel
165 3364 315 3434 justi
348 3365 733 3421 habebuntur
762 3369 821 3420 et
850 3365 1236 3436 putabuntur.

129 3452 413 3524 Sequitur
444 3470 457 3508 :
494 3453 632 3508 Cum
678 3455 832 3509 enim
859 3456 1072 3525 gentes,
1107 3468 1227 3523 qua:
1274 3453 1445 3523 legem
1472 3468 1586 3507 non
1615 3452 1719 3506 ha-

70 3541 204 3608 bent,
253 3542 618 3613 naturaliter,
669 3556 796 3612 quw
843 3542 976 3613 legis
1025 3545 1155 3597 sunt
1200 3544 1433 3613 faciunt,
1466 3545 1575 3597 etc.
1620 3540 1722 3596 llis

68 3629 249 3686 verbis
274 3630 559 3700 ostendit,
592 3629 733 3702 quia
777 3633 1003 3701 gentes,
1036 3628 1384 3684 naturaliter
1431 3631 1723 3701 praecepta

71 3715 205 3789 legis
234 3719 535 3787 faciendo,
567 3735 684 3774 non
739 3718 1129 3790 privahuntur
1174 3716 1280 3773 illa
1309 3717 1721 3789 promissione,

73 3822 178 3876 qua
222 3824 328 3879 per
383 3808 738 3881 prOphetam
799 3807 1088 3862 Dominus
1136 3806 1418 3878 loquitur,
1472 3806 1719 3861 dicens:

76 3896 169 3950 Hoc
195 3899 273 3952 est
301 3901 721 3963 testamentum,
744 3897 890 3968 qaod
915 3899 1155 3951 statuam
1174 3895 1366 3950 domui
1386 3895 1553 3951 Iacob
1572 3912 1592 3948 :
1609 3896 1727 3965 post

74 3984 178 4039 dies
207 3986 354 4059 illos,
386 3986 539 4043 dabo
567 3987 709 4056 leges
737 4001 885 4041 meas
926 3986 988 4039 in
1025 3984 1190 4039 corda
1234 4000 1440 4051 eorum,
1474 3988 1526 4039 et
1554 3985 1615 4038 in
1644 3986 1726 4038 vi-

76 4075 310 4131 sceribus
366 4091 567 4132 eorum
618 4075 1025 4147 superscribam
1072 4074 1201 4129 illas
1254 4074 1396 4145 (Jer.
1450 4088 1567 4140 xxx,
1626 4073 1725 4139 33;

77 4162 222 4219 Hebr.
255 4181 380 4234 vm,
416 4166 537 4235 10).
569 4162 717 4219 Hinc
745 4167 801 4218 et
829 4162 986 4218 idem
1016 4161 1336 4234 Apostolus
1364 4161 1505 4219 alibi
1534 4161 1679 4216 dicit
1711 4176 1724 4214 :

79 4250 143 4304 Tu
169 4260 372 4322 autem,
405 4269 538 4308 cum
586 4267 729 4307 esses
757 4252 1008 4318 oleaster,
1036 4254 1275 4307 insertus
1321 4267 1377 4306 es
1424 4252 1486 4305 in
1534 4251 1731 4307 bonam

75 4339 268 4397 olivam
317 4343 500 4414 (Rom.
538 4342 761 4410 x1,17).
806 4340 1058 4396 Multum
1105 4340 1322 4413 quippe
1374 4340 1731 4395 conveniunt

76 4430 242 4485 verba
258 4431 566 4504 propheta:
584 4429 758 4486 dictis
781 4429 1138 4501 apostolicis.
1158 4428 1280 4483 lllic
1297 4429 1453 4483 enim
1473 4428 1693 4483 dicitur
1711 4443 1723 4483 :

80 4518 135 4573 In
157 4521 461 4577 visceribus
502 4535 692 4577 eorum
724 4519 1128 4592 superscribam
1157 4533 1250 4573 eas
1277 4534 1295 4571 :
1328 4521 1386 4572 et
1432 4516 1526 4572 hic
1573 4519 1728 4589 Apo-

82 4607 255 4664 stolus
283 4626 297 4665 :
332 4612 445 4679 Qui
474 4609 789 4679 ostendunt,
816 4607 1029 4680 inquit,
1053 4623 1190 4676 opus
1218 4608 1351 4677 legis
1379 4608 1644 4677 scriptum
1671 4607 1734 4660 in

1815 2126 2015 2183 omnia
2034 2126 2349 2181 manifesta
2378 2129 2570 2190 erunt,
2593 2128 2650 2180 et
2674 2124 3125 2195 judicabuntur,
3148 2122 3305 2177 unde
3334 2137 3471 2177 mox

1815 2214 2131 2271 subditur:
2164 2215 2227 2268 In
2275 2214 2382 2279 die,
2415 2228 2540 2267 cum
2575 2212 2841 2281 iudicabit
2867 2213 3009 2267 Deus
3039 2211 3253 2266 occulta
3293 2210 3470 2265 homi-

1815 2319 1969 2358 num.
2003 2302 2307 2366 Quomodo
2347 2303 2543 2356 autem
2575 2300 2954 2371 judicaturus
2983 2299 3077 2367 sit,
3110 2298 3470 2365 manifestat,

1818 2392 2123 2448 secundum
2156 2391 2522 2461 Evangelium
2550 2406 2751 2456 meum,
2779 2389 2838 2444 id
2869 2393 2976 2455 est,
3010 2388 3337 2444 secundum
3365 2388 3470 2442 do-

1821 2480 2070 2536 ctrinam
2092 2483 2149 2535 et
2168 2478 2642 2551 praedicationem
2667 2493 2880 2532 meam.
2906 2477 3012 2533 Per
3033 2492 3209 2548 quem
3230 2491 3365 2531 vero
3381 2476 3477 2545 ju-

1822 2570 2122 2624 dicaturus
2154 2568 2631 2636 sit,demonstrat
2666 2584 2679 2623 :
2713 2568 2820 2621 Per
2846 2568 3029 2621 Iesum
3064 2566 3341 2620 Christum
3367 2566 3474 2621 Do-

1819 2660 2035 2713 minum
2064 2661 2315 2713 nostrum
2336 2657 2504 2726 (126).
2530 2655 2642 2710 Sed
2676 2671 2783 2710 cur
2824 2672 2927 2727 per
2954 2670 3088 2710 eum
3135 2654 3280 2709 dicit
3324 2652 3473 2710 cele-

1821 2747 1978 2803 brari
1999 2746 2290 2817 judicium
2306 2744 2335 2800 ?
2355 2743 2589 2799 Scilicet
2610 2743 2751 2815 quia
2771 2742 3058 2799 Dominus
3082 2742 3143 2799 in
3164 2741 3477 2814 Evangelia

1823 2835 1964 2891 dicit
2000 2852 2012 2889 :
2046 2837 2213 2890 Pater
2240 2850 2351 2889 non
2372 2833 2591 2905 judicat
2621 2848 2979 2904 quemquam,
3010 2832 3102 2887 sed
3140 2847 3302 2887 omne
3322 2830 3478 2903 judi-

1822 2927 1971 2981 cium
1998 2923 2146 2979 dedit
2187 2924 2328 2979 Filio
2356 2926 2535 2991 (toan.
2559 2939 2615 2989 v,
2638 2923 2751 2992 22).
2775 2920 3029 2976 Solerter
3074 2919 3254 2993 igitur
3282 2920 3479 2975 discu-

1822 3013 2089 3069 tiendum
2116 3016 2207 3067 est
2236 3011 2530 3083 quomodo
2557 3008 2940 3081 cogitationes
2970 3009 3352 3074 accusabunt,
3378 3011 3482 3063 aut

1826 3102 2141 3159 defendent
2168 3101 2227 3156 in
2261 3101 2354 3155 die
2373 3098 2605 3169 judicii.
2628 3099 2698 3152 Et
2722 3096 3048 3164 sciendum,
3073 3096 3213 3167 quia
3233 3094 3481 3168 quicun-

1828 3206 1940 3262 que
1974 3189 2172 3245 divina
2214 3186 2616 3260 inspiratione,
2655 3188 2758 3241 aut
2806 3201 2915 3241 sua
2959 3183 3330 3256 cogitatione,
3362 3182 3483 3239 sive

1829 3278 2080 3350 alicujus
2104 3276 2510 3350 prmdicatione
2532 3274 2883 3331 sollicitatus
2903 3289 3020 3329 non
3042 3272 3374 3342 crediderit,
3394 3288 3485 3329 co-

1830 3368 2145 3441 gitationes
2178 3383 2296 3422 suae
2321 3363 2685 3421 accusabunt
2704 3379 2862 3433 eum,
2886 3366 2945 3417 et
2963 3362 3111 3433 (127)
3133 3362 3487 3418 condemna-

1830 3458 2002 3521 bunt,
2035 3472 2152 3511 non
2181 3454 2343 3509 velut
2374 3453 2669 3524 ignarum,
2697 3453 2800 3507 sed
2829 3456 2897 3506 ut
2925 3449 3204 3506 rebellem
3229 3468 3243 3506 :
3267 3449 3317 3507 si
3351 3449 3486 3522 quis

1832 3550 2027 3601 autem
2062 3543 2155 3599 his
2189 3542 2539 3599 sollicitatus
2560 3557 2674 3596 non
2708 3539 2902 3610 fuerit,
2926 3542 2983 3594 et
3006 3554 3122 3594 non
3153 3537 3487 3607 crediderit,

1831 3631 2216 3705 cogitationes
2280 3647 2398 3686 sua:
2457 3644 2574 3684 non
2633 3643 2769 3683 eum
2828 3625 3162 3691 defendent,
3198 3622 3299 3680 sed
3348 3638 3490 3678 con-

1833 3722 2223 3787 demnabunt,
2256 3719 2397 3791 quia
2438 3734 2542 3789 per
2570 3720 2900 3772 creaturam
2931 3712 3135 3769 debuit
3178 3727 3494 3785 agnoscere

1834 3810 2189 3867 Creatorem.
2225 3807 2501 3879 Alioquin
2544 3805 2645 3878 qui
2685 3803 2999 3860 crediderit
3028 3806 3087 3859 et
3113 3801 3291 3857 fidem
3322 3816 3493 3857 suam

1836 3900 2112 3972 operibus
2142 3896 2495 3970 impleverit,
2541 3894 2741 3951 salvus
2785 3893 2913 3964 erit,
2939 3891 3079 3964 quia
3107 3888 3494 3962 cogitationes

1837 3991 1965 4061 ejus
1996 3987 2310 4043 defendent
2339 4001 2497 4041 eum.

1911 4077 2118 4149 Igitur,
2153 4074 2290 4146 quia
2318 4072 2506 4128 multa
2550 4071 2776 4127 dixerat
2806 4071 2875 4126 de
2918 4067 3156 4141 ﬂagitiis
3203 4065 3492 4139 gentium,

1838 4183 1996 4223 nunc
2024 4164 2257 4221 Judzeos
2287 4163 2553 4234 increpat
2587 4161 2657 4217 de
2687 4158 3054 4228 inﬁdelitate,
3086 4156 3491 4229 subjungens:

1838 4256 1900 4313 Si
1928 4259 2111 4311 autem
2146 4263 2205 4309 tu
2234 4252 2459 4308 Judscus
2500 4250 2925 4321 cognominaris,
2957 4251 3067 4303 etc.
3101 4246 3167 4302 In
3218 4260 3285 4301 eo
3340 4244 3498 4316 quod

1840 4345 2002 4411 dicit,
2035 4344 2468 4413 cognominaris,
2503 4338 2760 4395 ostendit
2804 4336 2946 4408 quia
2989 4335 3213 4391 Iudaeus
3242 4349 3355 4388 non
3410 4336 3501 4388 est

1840 4448 2078 4497 nomen,
2127 4430 2227 4485 sed
2282 4443 2607 4499 cognomen
2639 4425 2809 4493 (128),
2832 4423 2890 4476 id
2924 4424 3031 4488 est,
3055 4434 3367 4476 commune
3396 4434 3499 4474 no-

1842 4537 2000 4577 men.
2031 4520 2102 4575 Et
2131 4523 2288 4587 nota,
2314 4515 2473 4586 quia,
2498 4513 2654 4568 sicut
2684 4514 2880 4582 partes
2924 4506 3215 4563 allocutus
3245 4510 3335 4563 est
3360 4522 3500 4578 gen-

1843 4610 2015 4677 tium,
2033 4607 2116 4662 ita
2137 4622 2293 4660 nunc
2316 4607 2510 4674 partes
2533 4599 2854 4671 alloquitur
2871 4593 3505 4652 Judmorum.Ostendit

82 4697 318 4755 cordibus
344 4701 489 4755 suis.
523 4698 631 4753 Hic
663 4713 919 4769 namque
949 4695 1269 4769 Apostolus
1301 4696 1372 4751 de
1401 4695 1529 4766 lege
1560 4699 1731 4749 natu-
1763 4715 1813 4779 D
1844 4701 2039 4755 autem
2072 4691 2383 4767 Apostolus
2416 4690 2508 4746 his
2534 4688 2746 4779 verbis,
2769 4703 2886 4779 non
2918 4702 3053 4779 esse
3077 4701 3362 4779 magnum
3392 4684 3501 4779 δρ-

87 4786 178 4840 rali
198 4785 680 4861 loquitur,quam
698 4791 851 4843 Deus
868 4785 1186 4856 unicuique
1204 4784 1387 4857 digito
1405 4800 1512 4839 suo
1530 4783 1737 4839 scribit

87 4870 137 4927 in
156 4876 344 4934 corde.
363 4877 502 4934 Haec
528 4879 620 4933 est
644 4875 756 4945 lex,
780 4891 910 4949 quas
941 4874 1170 4947 scriptas
1193 4872 1341 4945 legis
1366 4876 1653 4945 praacepta
1674 4871 1735 4926 in

88 4976 142 5017 se
167 4966 448 5038 continet,
492 4963 738 5038 scilicet,
784 4981 896 5021 non
947 4963 1176 5030 occides,
1201 4966 1310 5019 etc.
1343 4962 1474 5017 Haec
1504 4965 1594 5017 est
1622 4960 1733 5027 lex,

92 5066 203 5124 qua
232 5055 413 5114 unius
442 5055 546 5112 Dei
566 5055 744 5112 habet
767 5053 1131 5123 notitiam,et
1150 5069 1275 5125 qua:
1295 5051 1627 5125 propinqua
1648 5052 1738 5107 est

91 5196 246 5269 Petri,
268 5214 407 5255 cum
437 5204 641 5255 textus
671 5198 767 5254 hic
796 5197 856 5252 in
879 5196 1125 5269 Actibus
1146 5195 1542 5269 apostolorum
1575 5194 1734 5249 inve--

91 5266 269 5326 niatu‘r
296 5288 346 5327 c.
381 5290 439 5341 x,
476 5289 534 5327 ν.
566 5271 637 5324 34
668 5274 725 5325 et
754 5271 843 5341 3'5,
886 5273 957 5341 et
986 5268 1101 5324 divi
1148 5266 1295 5323 Petri
1344 5267 1578 5341 quidem
1610 5269 1731 5341 _sit,

93 5341 179 5393 sed
208 5359 317 5398 non
353 5337 433 5399 in'
451 5344 586 5414 ejus
616 5340 912 5413 Epistolis,
946 5339 1003 5414 in
1031 5356 1283 5414 quarum
1317 5337 1509 5410 prima
1540 5337 1732 5414 solum

95 5423 136 5463 ο.
167 5428 201 5480 ι,
232 5430 282 5470 v.
318 5416 405 5485 17,
441 5409 700 5471 habetur
730 5409 923 5469 textus
952 5409 1090 5467 huic
1121 5409 1437 5485 consonus,
1472 5409 1730 5464 scilicet:

94 5490 135 5535 et
159 5486 205 5539 si
230 5483 452 5543 Patrem
477 5488 752 5542 invocatis
781 5502 926 5554 eum,
950 5485 1191 5556 quissine
1218 5483 1531 5553 acceptione
1555 5496 1738 5553 perso-

98 5569 279 5612 narum
299 5560 548 5630 judicat,
581 5565 688 5630 etc.

157 5623 423 5701 (125)'Ps.
462 5649 504 5700 ι,
535 5623 593 5695 6,
620 5629 681 5684 in
712 5627 1098 5701 autographo,
1124 5623 1380 5682 consilio.

158 5696 303 5779 (126)
332 5696 499 5779 Quae
524 5702 706 5779 verba
749 5696 1050 5759 Darninum
1100 5707 1350 5756 nostrum
1401 5696 1461 5753 in
1488 5696 1741 5769 Vulgata

103 5772 328 5833 minime
352 5772 764 5836 inveniuntur.

1845 4802 2010 4855 num,
2027 4784 2075 4839 si
2092 4783 2333 4839 Judams
2356 4779 2573 4845 credat,
2588 4778 2687 4851 qui
2706 4794 2811 4850 per
2828 4776 3016 4849 legem
3039 4774 3368 4830 instructus
3389 4776 3499 4839 est,

1846 4880 1903 4933 et
1924 4870 2242 4931 voluntatis
2274 4870 2368 4927 Dei
2393 4869 2570 4925 habet
2599 4867 2890 4924 notitiam.
2905 4865 2975 4920 Et
2990 4861 3120 4919 vult
3137 4859 3500 4933 subintelligi

1848 4979 2129 5037 magnum
2175 4977 2303 5017 esse
2334 4957 2579 5029 malum,
2614 4956 2661 5013 si
2694 4972 2813 5012 non
2843 4953 3062 5010 credat.
3086 4950 3366 5021 Sequitur
3394 4949 3502 5037 :7Et

1846 5036 2137 5128 requiescis
2168 5054 2226 5107 in
2257 5052 2388 5123 lege.
2414 5050 2475 5105 In
2502 5047 2630 5121 lege
2660 5045 2759 5101 Dei
2793 5037 3393 5114 requiescebant,qui,
3415 5036 3498 5095 le-

1920 5195 2069 5266 (127)
2103 5194 2186 5251 Ibi
2236 5194 2389 5266 inter
2431 5199 2501 5266 et,
2531 5193 2707 5259 atque
2751 5182 3212 5266 condemnabunt,
3252 5179 3502 5266 jacetin

1850 5255 2214 5339 autographo
2246 5262 2535 5339 particula
2576 5255 2865 5339 nonaque;
2886 5271 3039 5339 .num
3083 5255 3236 5339 bene
3265 5255 3502 5309 exstite-

1851 5340 1948 5403 rit,
1982 5325 2560 5408 a’utjure‘expuncta
2586 5325 2781 5408 fuerit,
2810 5327 3049 5392 videsis,
3083 5325 3284 5408 lector.

1920 5357 1948 5403 ι,
1982 5356 2083 5394 ant
2139 5356 2240 5391 ure
2270 5356 2338 5391 cx
2384 5356 2560 5389 unum
2588 5356 2781 5395 luerit,
2815 5356 3049 5392 Vluums,
3084 5356 3284 5395 ιρυιυιν.

1920 5410 2067 5483 (128)
2100 5356 2310 5483 gelare
2344 5356 2438 5483 Eic
2464 5402 2727 5483 lubet__in
2777 5417 2894 5483 qua
2922 5396 3503 5483 acceptione‘cogno-

1850 5466 1984 5537 men
2016 5466 2225 5536 saeculo
2259 5478 2483 5533 decimo
2511 5474 2777 5548 habitum
2796 5466 3243 5548 'sit._N_on'enim
3271 5466 3374 5548 hic
3388 5482 3503 5548 _pro

1850 5554 2089 5609 nomine
2118 5550 2421 5623 agnatitio,
2446 5548 2566 5603 sive
2593 5544 2826 5623 familiae
2857 5540 3190 5623 distinctivo
3220 5540 3501 5623 sumitur,

1850 5627 1948 5682 sed
1986 5640 2090 5697 pro
2120 5614 2422 5697 communi
2452 5619 2689 5677 nomine
2728 5616 2906 5673 unius
2952 5615 3189 5685 integrae
3221 5614 3500 5676 nationis,

1850 5715 1953 5755 seu
1984 5694 2195 5770 gentis.
