3946 6446
366 468 478 535 151

1382 472 1720 535 ATTONIS
1765 470 2356 536 VERCELLENSIS
2406 471 2763 533 EPISCOPI

3675 465 3803 526 15‘!

362 617 496 674 gem
527 602 884 672 meditando,
917 603 1139 661 acuris
1176 605 1425 662 terrenis
1461 605 1766 660 vacabant.
1796 607 1861 661 Et
1885 606 2008 675 glo-
2035 606 2092 671 Α
2118 619 2245 659 nem
2276 605 2411 673 legis
2450 605 2622 660 Deum
2664 604 2988 659 inhonorus.
3017 598 3437 657 Gloriabantur
3482 595 3679 654 Judaei
3730 595 3799 651 in

364 694 538 748 riaris
572 694 631 748 in
661 693 787 749 Deo.
820 693 1006 750 Judaei
1037 695 1098 750 in
1128 695 1245 751 Deo
1271 694 1693 767 gloriabantur,
1722 695 1862 766 quia
1892 693 2016 751 suis

369 796 433 837 se
464 781 689 838 meritis
734 780 1005 851 salvatos,
1038 788 1096 839 et
1126 782 1312 855 legem
1361 783 1657 856 accepisse
1707 784 2016 856 putabant,

367 872 427 925 et
454 870 722 925 eamdem
773 887 835 926 se
884 871 1009 927 suis
1039 872 1261 929 viribus
1305 870 1549 943 implere
1596 889 1770 944 posse
1819 873 2015 927 crede-

369 958 532 1029 bant,
567 958 725 1029 juxta
752 958 933 1016 illud:
964 962 1082 1016 Non
1109 959 1242 1032 fecit
1271 960 1467 1016 taliter
1494 962 1647 1017 omni
1665 963 1826 1033 genti
1845 961 2014 1031 (129),

366 1054 421 1102 et
435 1046 659 1119 judicia
688 1065 799 1104 sua
829 1065 937 1104 non
960 1048 1354 1105 demonstravit
1383 1051 1482 1105 eis.
1505 1052 1570 1104 Et
1600 1052 1746 1105 nosti
1775 1051 2019 1104 volunta-

370 1143 476 1191 tem
522 1136 638 1191 Dei.
671 1136 1044 1193 Voluntatem
1102 1137 1205 1193 Dei
1264 1140 1659 1209 agnoscebant
1716 1155 1816 1210 per
1871 1136 2019 1209 legis

370 1228 677 1296 praecepta,
709 1224 769 1279 in
823 1225 1042 1296 quibus
1092 1227 1420 1282 ostenditur
1467 1226 1607 1298 quid
1656 1226 1794 1282 velit
1841 1226 2017 1281 Deus.

371 1312 652 1383 Sequitur
683 1329 696 1368 :
729 1313 795 1368 Et
822 1315 1019 1386 probas
1056 1317 1314 1382 utiliora,
1346 1317 1645 1372 instructus
1685 1332 1787 1387 per
1829 1316 2018 1386 legem.

369 1399 475 1455 Hic
518 1400 867 1469 notandum,
899 1402 1040 1473 quia
1086 1419 1203 1458 non
1253 1403 1354 1469 ait,
1388 1402 1573 1474 utilia,
1608 1405 1708 1459 sed
1758 1402 2020 1471 utiliora;

366 1491 434 1542 ut
462 1489 812 1560 ostenderet,
845 1490 984 1561 quia
1012 1494 1069 1546 et
1098 1490 1160 1546 in
1210 1491 1338 1565 lege
1370 1496 1589 1548 naturae
1639 1491 1827 1547 multa
1857 1489 2026 1546 utilia

372 1573 770 1646 continentur,
818 1578 1088 1650 quamvis
1147 1580 1402 1648 infirma,
1463 1581 1603 1652 quia
1657 1581 1785 1637 sine
1836 1580 2027 1653 gratia

371 1664 667 1738 Evangelii
701 1665 934 1738 impleri
966 1684 1081 1724 non
1125 1674 1404 1741 possunt;
1454 1670 1513 1725 in
1561 1670 1688 1743 lege
1716 1686 1851 1725 vero
1882 1668 2026 1724 scri-

373 1756 475 1825 pta
505 1750 741 1810 utiliora
777 1759 937 1825 sunt,
971 1757 1072 1813 sed
1117 1758 1464 1830 perfectiora
1509 1759 1569 1814 in
1617 1758 1808 1831 gratia
1838 1758 2029 1813 Evan-

378 1841 541 1914 gelii.

451 1930 689 2002 Conﬁdis
716 1935 769 1986 te
798 1933 979 2004 ipsum
1009 1934 1211 1990 ducem
1255 1951 1372 1993 esse
1423 1951 1717 2006 caecorum,
1751 1940 1862 1992 etc.
1898 1936 2028 1991 Hac

376 2018 573 2075 ofﬁcia
600 2020 776 2076 etiam
806 2021 924 2077 veri
954 2021 1101 2094 legis
1123 2022 1367 2081 cultoris
1397 2029 1572 2081 sunt:
1598 2025 1700 2081 sed
1723 2025 1871 2097 (130)
1893 2024 2033 2097 quia

374 2106 522 2164 falso
543 2107 664 2165 haec
684 2125 749 2165 se
769 2109 983 2167 habere
1003 2110 1335 2182 jactabant,
1355 2112 1486 2169 ideo
1507 2113 1822 2187 Apostolus
1842 2112 2031 2169 incre-

375 2196 555 2269 pabat
582 2213 705 2265 eos,
728 2197 967 2254 dicens:
995 2198 1235 2257 Conﬁdis
1252 2205 1305 2257 te
1336 2204 1514 2273 ipsum
1537 2203 1729 2258 ducem
1756 2217 2034 2259 caecorum

377 2300 513 2353 esse,
545 2286 730 2341 lumen
766 2302 956 2343 eorum
985 2290 1084 2359 qui
1131 2290 1192 2345 in
1241 2290 1478 2345 tenebris
1523 2299 1669 2357 sunt,
1702 2290 2033 2348 eruditorem

374 2374 781 2446 insipientium,
811 2377 1147 2447 magistrum
1183 2379 1509 2448 infantium,
1536 2380 1762 2451 etc.§Ac
1792 2379 1840 2437 si
1873 2378 2031 2435 dice-

379 2466 505 2516 ret:
529 2461 589 2516 Si
621 2462 739 2515 dux
768 2478 831 2518 es
860 2480 1168 2533 caecorum,
1192 2469 1258 2521 ut
1281 2465 1428 2521 falso
1451 2468 1665 2537 jactas,
1690 2484 1796 2523 cur
1827 2484 1943 2524 non
1968 2471 2032 2522 tu

382 2549 511 2620 ipse
540 2555 764 2605 rectum
794 2551 904 2606 iter
934 2551 1249 2611 ambulas?
1279 2554 1339 2609 Si
1372 2553 1570 2610 lumen
1603 2570 1665 2609 es
1695 2572 1897 2611 eorum
1932 2555 2036 2627 qui

375 2637 440 2693 in
468 2638 727 2695 tenebris
767 2643 925 2711 sunt,
950 2658 1055 2695 cur
1083 2642 1356 2697 tenebras
1403 2642 1772 2699 inﬁdelitatis
1820 2660 2032 2715 seque-

380 2725 506 2781 ris?
535 2724 590 2779 Si
624 2727 885 2783 eruditor
925 2744 989 2785 es
1037 2729 1467 2802 insipientium,
1489 2748 1595 2787 cur
1624 2748 1657 2786 a
1688 2732 1897 2787 timore
1925 2737 2030 2789 Do-

380 2813 528 2869 mini
559 2815 803 2882 recedis,
828 2816 952 2888 qui,
971 2817 1141 2887 juxta
1166 2818 1534 2891 prephetam,
1559 2819 1794 2876 initium
1827 2825 1917 2877 est
1949 2838 2038 2877 sa-

379 2902 661 2975 pientiae?
689 2903 747 2956 Si
779 2905 1064 2978 magister
1083 2923 1144 2962 es
1176 2906 1516 2977 infantium,
1538 2925 1643 2963 cur
1664 2913 1725 2964 tu
1760 2909 2038 2981 parvulus

387 3007 451 3051 es
482 2989 817 3055 intellectu?
846 2994 914 3048 Et
944 2993 1084 3066 quia
1126 2994 1246 3050 haec
1277 2996 1388 3052 sibi
1424 2995 1571 3052 falso
1605 2998 1810 3053 adesse
1850 2999 2037 3069 jacta-

389 3079 554 3148 bant,
576 3079 930 3136 videbantur
957 3081 1171 3138 habere
1212 3083 1460 3138 formam
1513 3082 1769 3139 scientia
1801 3089 1858 3139 et
1887 3084 2039 3140 veri-

388 3166 528 3223 tatis
558 3167 617 3222 in
646 3167 802 3241 lege;
827 3170 982 3226 unde
1003 3187 1138 3226 mox
1158 3170 1464 3228 subditur:
1490 3172 1788 3229 [labentem
1804 3176 2042 3245 formam

389 3257 636 3313 scientiae
662 3261 712 3311 et
740 3259 993 3313 veritutis
1021 3259 1081 3314 in
1114 3260 1247 3328 lege.

2124 692 2271 765 lege,
2304 694 2443 765 quia
2489 710 2551 748 se
2588 709 2719 749 eam
2779 691 2904 747 suis
2953 689 3180 745 meritis
3235 688 3535 760 accepisse
3582 686 3795 742 crede-

2122 782 2288 853 bant,
2318 788 2376 837 et
2403 783 2529 838 suis
2558 781 2784 837 viribus
2825 779 3070 851 implere
3108 794 3280 849 posse
3310 777 3602 850 putabant
3635 793 3649 832 :
3685 776 3796 830 sed

2126 886 2230 941 per
2258 870 2524 941 ejusdem
2556 870 2702 941 legis
2735 866 3272 941 pravaricationem
3317 869 3502 921 Deum
3530 863 3796 920 inhono-

2126 959 2353 1027 rabant,
2388 959 2525 1030 quia
2579 958 2747 1013 illum
2787 958 2974 1013 Deum
3021 973 3150 1013 esse
3198 955 3435 1010 credere
3482 953 3797 1018 nolebant,

2127 1047 2221 1102 cui
2251 1048 2421 1103 Pater
2467 1047 2735 1119 perhibet
2776 1044 3207 1112 testimonium,
3240 1042 3442 1099 dicens
3491 1059 3504 1097 :
3557 1044 3661 1098 Hic
3710 1045 3803 1096 est

2126 1136 2304 1191 Filius
2341 1151 2492 1191 meus
2539 1137 2781 1191 dilectus
2810 1134 3028 1206 (Matth.
3074 1150 3215 1197 xvn,
3264 1132 3343 1203 5),
3392 1135 3451 1186 et
3498 1129 3595 1186 cui
3654 1146 3800 1200 pro-

2128 1222 2305 1294 pheta
2358 1222 2542 1279 dicit:
2586 1226 2659 1280 Tu
2715 1239 2837 1278 eras
2888 1224 3048 1289 Deus,
3090 1226 3143 1277 et
3191 1220 3587 1276 nesciebamus.
3619 1218 3802 1282 Quod

2131 1311 2333 1383 utique
2364 1328 2482 1367 non
2530 1313 2603 1367 de
2649 1312 2840 1380 Patre,
2874 1311 2976 1366 sed
3024 1310 3097 1365 de
3144 1308 3287 1365 Filio
3335 1306 3799 1379 intelligendum

2132 1404 2250 1467 est;
2283 1417 2497 1456 nomen
2537 1400 2695 1456 enim
2745 1399 2935 1455 Patris
2982 1414 3216 1470 semper
3263 1396 3381 1453 illis
3428 1396 3541 1451 fuit
3589 1396 3802 1466 cogni-

2131 1493 2288 1556 tum;
2340 1487 2468 1543 Filii
2514 1505 2673 1555 vero,
2706 1489 2996 1560 ignotum.
3029 1487 3194 1545 Unde
3240 1490 3299 1542 et
3355 1484 3461 1556 illi,
3494 1485 3601 1556 qui
3659 1489 3807 1540 ante

2132 1577 2468 1648 passionem
2502 1578 2737 1633 credere
2772 1577 3110 1645 noluerunt,
3143 1574 3344 1647 agnita
3381 1573 3569 1645 gloria
3592 1589 3802 1629 resur-

2135 1665 2411 1722 rectionis
2437 1666 2587 1737 ejus,
2620 1666 2922 1723 credentes
2972 1670 3032 1721 et
3076 1664 3317 1737 gratias
3346 1666 3609 1735 agentes,
3643 1660 3809 1719 dice-

2135 1754 2279 1809 bant
2309 1770 2323 1809 :
2354 1755 2423 1810 Tu
2454 1770 2579 1810 eras
2608 1756 2768 1823 Deus,
2799 1762 2853 1811 et
2880 1755 3279 1810 nesciebamus.

2209 1843 2492 1914 Sequitur
2523 1861 2537 1899 :
2573 1845 2774 1900 Nomen
2804 1844 2954 1899 enim
2999 1844 3100 1898 Dei
3122 1857 3230 1914 per
3255 1856 3347 1898 vos
3378 1839 3806 1911 blasphematur

2137 1932 2282 1987 inter
2308 1940 2513 2004 gentes,
2543 1933 2688 1989 sicut
2712 1934 2979 2004 scriptum
3004 1939 3100 1988 est.
3130 1932 3272 1987 Ecce
3303 1929 3449 1986 dicit
3480 1928 3805 2001 Apostolus

2140 2020 2426 2093 scriptum
2458 2036 2615 2089 esse;
2674 2021 2776 2077 sed
2834 2019 2937 2076 ubi
2994 2037 3111 2076 non
3169 2018 3447 2074 ostendit.
3478 2017 3803 2075 Sedintel-

2139 2107 2442 2181 ligendum
2490 2113 2687 2164 tamen
2735 2108 2997 2181 reliquit,
3028 2107 3087 2163 in
3142 2106 3297 2164 Isaia
3350 2106 3637 2179 propheta
3665 2107 3806 2177 (1εαί

2141 2212 2239 2267 LII,
2270 2198 2349 2266 5).
2372 2198 2517 2253 Cum
2548 2197 2703 2253 enim
2733 2197 3018 2253 Dominus
3049 2214 3151 2269 per
3181 2194 3532 2268 prophetam
3558 2194 3804 2251 Judaeos

2138 2283 2484 2357 increparet,
2521 2286 2604 2343 ait
2658 2285 2813 2341 inter
2871 2290 3079 2342 cetera
3118 2302 3132 2341 :
3176 2286 3244 2340 Et
3297 2300 3499 2340 nomen
3542 2291 3806 2341 sanetum

2140 2390 2321 2429 meum
2376 2375 2654 2447 polluistis
2713 2376 2866 2430 inter
2918 2378 3104 2443 gentes
3160 2373 3380 2444 (Επειδὴ.
3434 2389 3629 2441 mvr,
3681 2375 3804 2440 22).

2142 2464 2253 2518 Sed
2288 2464 2671 2535 quaerendum
2729 2468 2846 2530 est,
2880 2463 3178 2535 quomodo
3229 2466 3367 2517 tunc
3414 2477 3520 2532 per
3562 2460 3809 2517 Judaeos

2143 2550 2456 2623 pollutum,
2496 2558 2554 2607 et
2604 2551 3082 2623 blasphematum
3114 2555 3206 2607 est
3235 2565 3449 2607 nomen
3499 2549 3603 2607 Dei
3650 2550 3808 2605 inter

2143 2644 2367 2711 gentes,
2400 2643 2500 2695 aut
2531 2641 2827 2711 quomodo
2876 2645 3140 2712 tempore
3168 2638 3452 2711 Apostoli.
3477 2637 3805 2695 Sciendum

2145 2732 2234 2782 est
2263 2735 2483 2799 autem,
2524 2729 2665 2799 quia
2691 2728 2877 2784 Judaei
2910 2728 3115 2785 multis
3142 2727 3302 2784 vitiis
3348 2727 3581 2797 irretiti,
3614 2733 3674 2784 et
3700 2744 3804 2782 va-

2146 2815 2250 2871 riis
2280 2814 2472 2887 plagis
2502 2815 2709 2883 attriti,
2743 2816 2945 2872 traditi
2990 2821 3130 2871 sunt
3177 2817 3238 2871 in
3285 2815 3715 2888 captivitatem,
3742 2814 3804 2870 in

2146 2921 2265 2975 qua
2292 2904 2508 2959 detenti
2543 2904 2762 2960 dabant
2805 2904 3077 2976 gentibus
3117 2904 3486 2961 occasionem
3516 2904 3755 2961 dicendi
3789 2922 3805 2961 :

2150 2992 2293 3048 Ecce
2344 3007 2488 3064 gens
2533 2997 2755 3048 sancta.
2788 2992 3048 3065 Populus
3074 2992 3215 3049 olim
3273 2993 3391 3050 Deo
3447 2991 3806 3065 peculiaris;

2148 3080 2353 3136 multis
2385 3081 2570 3152 signis
2603 3081 2677 3136 ab
2713 3081 3050 3154 [Egyptiaca
3079 3083 3360 3139 servitute
3403 3081 3715 3151 liberatus,
3745 3081 3812 3138 in

2148 3168 2482 3240 captivitate
2509 3172 2762 3238 tenetur,
2792 3175 2850 3225 et
2890 3170 2950 3225 in
2979 3170 3319 3227 servitutem
3371 3169 3648 3227 redactus
3691 3175 3807 3227 est.

2146 3257 2291 3313 Vere
2323 3257 2404 3312 dii
2435 3258 2619 3314 nostri
2651 3264 3074 3330 superaverunt
3100 3264 3285 3315 Deum
3315 3274 3552 3327 eorum;
3585 3263 3647 3316 et
3674 3258 3811 3316 ideo

460 3343 740 3415 Sequitur
770 3359 783 3397 :
819 3345 929 3413 Qui
953 3361 1081 3416 ergo
1117 3346 1295 3401 alium
1320 3346 1492 3414 doces,
1523 3349 1761 3419 teipsum
1802 3364 1910 3403 non
1943 3347 2037 3404 do-
2069 3337 2113 3404 C
2150 3345 2351 3402 traditi
2382 3350 2522 3402 sunt
2559 3345 2618 3402 in
2664 3363 2875 3403 manus
2925 3351 3177 3404 nostras.
3210 3348 3568 3419 Ignorabant
3622 3346 3814 3416 enim,

388 3448 475 3488 ces
499 3432 687 3504 (131)?
712 3437 795 3488 Ac
826 3433 878 3489 si
923 3433 1142 3490 diceret
1173 3451 1186 3490 :
1220 3435 1334 3491 Cur
1382 3436 1710 3493 doctrinam
1746 3441 1803 3493 et
1830 3437 2045 3509 praedi-

390 3521 680 3578 cationem
712 3524 875 3577 tuam
920 3522 1197 3595 operibus
1237 3525 1534 3581 destruis?
1565 3526 1652 3594 Et,
1686 3530 1753 3581 ut
1781 3526 1891 3582 hoc
1922 3526 2046 3582 evi-

389 3609 629 3666 dentius
657 3610 931 3684 aperiret,
972 3612 1283 3683 subjunxit
1308 3630 1321 3668 :
1346 3615 1458 3682 Qui
1498 3614 1767 3683 praedicas
1796 3630 1908 3670 non
1951 3618 2044 3686 fu-

390 3697 651 3768 randum,
676 3700 910 3769 furaris.
933 3700 1297 3755 Furabantur
1323 3700 1541 3769 Judaei;
1568 3702 1711 3772 quia
1740 3702 1801 3758 in
1834 3703 1960 3776 lege
1995 3708 2053 3759 et

394 3785 718 3858 prophetis,
733 3786 949 3841 Christi
973 3787 1245 3844 notitiam
1263 3787 1660 3845 occultabant.
1677 3791 1747 3845 Et
1765 3789 1872 3846 hoc
1899 3792 2052 3846 furto

397 3871 629 3928 nullum
650 3874 844 3946 majus
866 3890 995 3930 esse
1016 3879 1224 3946 potest.
1245 3876 1353 3944 Qui
1370 3875 1510 3931 dicis
1530 3893 1640 3933 non
1657 3878 2053 3935 maechandum

396 3960 701 4017 maecharis.
728 3962 1173 4019 Mmchabantur
1199 3963 1407 4031 Judaei,
1432 3966 1549 4037 qai,
1573 3965 1726 4022 male
1770 3968 2053 4040 interpre-

397 4050 578 4106 tando
608 4050 819 4124 legem,
841 4051 1087 4108 verbum
1122 4053 1219 4110 Dei
1250 4054 1734 4125 corrumpebant;
1767 4056 1910 4128 quia
1937 4075 2055 4114 non

401 4137 648 4209 sincere,
672 4138 822 4194 sicut
846 4155 915 4195 ex
944 4139 1083 4211 Deo,
1113 4156 1313 4197 coram
1352 4145 1467 4198 Deo
1503 4143 1561 4198 in
1593 4142 1823 4201 Christo
1854 4146 2054 4217 loque-

2154 3434 2313 3508 quia,
2346 3434 2396 3490 si
2421 3434 2539 3491 Deo
2589 3452 2822 3509 semper
2869 3436 3208 3503 servissent,
3240 3440 3299 3492 et
3345 3436 3475 3507 ejus
3523 3441 3821 3508 precepts.

2154 3528 2511 3593 servassent,
2570 3540 2706 3580 eum
2773 3524 2993 3595 ubique
3051 3524 3337 3579 haberent
3398 3528 3818 3596 protectorem.

2156 3611 2684 3684 Blasphemabatur
2712 3629 2926 3668 nomen
2971 3612 3069 3668 Dei
3117 3628 3221 3684 per
3248 3628 3369 3680 eos,
3401 3612 3581 3668 etiam
3627 3615 3822 3685 Apos-

2156 3700 2262 3756 toli
2302 3705 2585 3774 tempore,
2616 3701 2756 3772 quia
2801 3699 2961 3771 pleni
3017 3700 3140 3756 zelo
3196 3705 3254 3756 et
3307 3700 3548 3768 invidia,
3581 3718 3825 3775 semper

2159 3789 2491 3863 apostolica:
2536 3789 2811 3845 doctrinm
2860 3788 3233 3845 resistebant.
3267 3791 3430 3855 Quod
3482 3791 3829 3847 manifesta-

2160 3882 2258 3933 tur
2287 3877 2347 3932 in
2376 3877 2526 3933 libro
2555 3879 2808 3933 Actuum
2848 3878 3278 3949 apostolorum,
3309 3878 3411 3934 ubi
3454 3878 3675 3950 legitur
3705 3895 3720 3934 :
3752 3882 3831 3936 Et

2160 3966 2357 4037 repleti
2392 3966 2597 4023 Judaei
2639 3967 2755 4023 zelo
2806 3967 2867 4021 in
2915 3966 3227 4037 Synogoga,
3258 3966 3707 4023 eontradicebant
3738 3966 3829 4023 his

2162 4070 2281 4126 qua:
2327 4072 2362 4108 ιι
2406 4055 2580 4110 Paulo
2633 4055 2962 4111 dicebantur
3011 4056 3149 4126 (Act.
3180 4072 3308 4126 xm,
3342 4055 3454 4126 45).
3486 4055 3641 4127 Sive,
3683 4056 3831 4127 quia

2164 4141 2363 4197 minus
2410 4143 2783 4199 credentibus
2839 4144 3062 4200 dabant
3110 4143 3478 4201 occasionem
3533 4143 3825 4201 dicendi:

402 4226 640 4282 bantur.
674 4225 954 4282 Prasterea
993 4226 1330 4300 quicunque
1381 4229 1512 4297 hoc,
1537 4233 1694 4302 quod
1726 4233 2059 4305 specialiter
2164 4230 2457 4285 Evacuata
2485 4234 2543 4284 et
2572 4230 2877 4287 annullata
2906 4236 2997 4288 est
3023 4232 3363 4304 promissio,
3390 4248 3519 4303 qua:
3550 4232 3708 4289 facta
3735 4237 3833 4290 est

399 4319 514 4370 Deo
554 4314 821 4387 debetur,
854 4314 1199 4372 hominibus
1228 4317 1536 4391 impendit,
1563 4319 1767 4393 utique
1798 4321 2057 4377 moecha-

399 4409 516 4459 tur.
542 4404 651 4474 Qui
677 4404 1020 4461 abominaris
1050 4406 1225 4474 idola,
1257 4406 1548 4463 subaudis
1579 4408 1865 4481 gentium,
1886 4412 2058 4467 sacri-

400 4493 605 4565 legium
631 4494 791 4565 facis.
823 4492 1208 4567 Sacrilegium
1255 4494 1475 4551 dicitur
1514 4513 1690 4553 sacrae
1722 4498 1871 4570 legis
1899 4503 2059 4555 tran-

403 4581 685 4652 sgressio,
716 4581 859 4649 sive,
899 4600 1076 4639 sacrae
1123 4582 1273 4656 legis
1323 4585 1495 4657 (132),
1522 4587 1613 4642 vel
1672 4587 1755 4643 rei
1814 4588 2057 4644 furtum.

2165 4317 2442 4385 Abrahae;
2476 4317 2651 4374 fallax
2679 4319 2835 4375 Deus
2860 4337 2873 4377 :
2906 4321 3065 4392 quod
3094 4320 3386 4392 promisit,
3420 4321 3676 4393 implere
3703 4338 3828 4378 non

2167 4406 2377 4478 potuit.

2241 4495 2304 4551 Ci
2306 4497 2594 4553 rcumcisio
2614 4498 2836 4569 quidem
2844 4497 3085 4570 prodest,
3098 4500 3150 4554 si
3169 4498 3346 4568 legem
3359 4498 3639 4555 custodias
3651 4500 3830 4571 (133).

2167 4588 2245 4639 Ac
2277 4584 2328 4641 si
2361 4586 2615 4642 diceret:
2640 4586 2700 4642 Si
2726 4586 2873 4659 legis
2903 4592 3195 4659 precepts
3218 4586 3542 4658 custodias,
3564 4588 3831 4645 circum-

400 4666 572 4764 l‘lam,
596 4672 676 4764 ut.
702 4668 911 4764 beatus
938 4672 1310 4764 Augustinus
1341 4673 1521 4764 dicit:
1556 4677 1904 4746 Legere,sive
1931 4678 2059 4733 sub—
2093 4700 2137 4764 υ
2169 4674 2310 4729 cisio
2342 4674 2611 4764 prodest;
2645 4675 2970 4764 quiaifacit
3017 4680 3074 4732 te
3111 4692 3353 4732 manere
3394 4677 3507 4732 sub
3553 4675 3706 4749 lege.
3736 4680 3830 4735 Tu

403 4755 589 4829 legere
642 4757 833 4826 furari
867 4766 967 4814 est.
1000 4757 1165 4814 Unde
1195 4764 1252 4815 et
1281 4762 1603 4835 sacrilegus
1635 4766 1852 4821 dicitur
1879 4782 2057 4822 sacra:
2093 4755 2130 4764 ”
2169 4767 2388 4833 autem,
2435 4762 2579 4819 dum
2637 4762 2748 4819 sub
2805 4763 2932 4835 lege
2984 4780 3213 4836 manes,
3266 4764 3627 4836 consideras,
3685 4767 3831 4838 quia

402 4842 551 4917 legis
583 4843 697 4915 fur,
731 4844 852 4901 sive
895 4849 1318 4918 transgressor.
1352 4848 1538 4905 Judaei
1584 4852 1765 4924 igitur
1789 4854 2060 4928 sacrilegi

402 4938 590 5003 erant,
621 4933 780 5006 quia,
812 4939 871 4992 et
910 4932 1101 5008 legem
1132 4936 1605 5009 corrumpebant,
1638 4946 1693 4995 et
1726 4941 1950 4999 furtum
1997 4944 2058 4999 in

404 5037 492 5090 ea,
526 5026 592 5077 ut
620 5023 843 5080 dictum
873 5028 983 5096 est,
1017 5022 1328 5080 faciebant.

473 5108 749 5179 Sequitur
780 5128 793 5167 :
829 5111 937 5179 Qui
964 5113 1026 5168 in
1056 5113 1173 5183 tege
1203 5113 1485 5183 gloriaris,
1503 5129 1605 5185 per
1630 5121 2056 5183 praevaricatio-

471 5230 625 5372 liZQJ)
654 5232 803 5315 Psal.
834 5250 1009 5303 xnvu,
1040 5237 1130 5291 20.
1166 5236 1230 5291 In
1262 5234 1513 5308 Vulgata
1540 5237 1866 5296 versiculus
1897 5243 2055 5312 psal-

471 5301 595 5356 ihu
627 5319 720 5371 us,
750 5308 834 5360 Ita
876 5322 890 5361 :
938 5310 1059 5363 Non
1102 5309 1231 5372 fecit
1278 5308 1471 5365 taliter
1526 5312 1681 5366 omni
1736 5314 1970 5372 nationi.
2004 5323 2055 5370 et

404 5301 499 5378 mi;
517 5301 720 5378 hujus,
750 5304 834 5360 ita
876 5322 890 5361 :
938 5301 1059 5363 Non
1102 5309 1231 5378 fecit
1278 5301 1471 5365 (aliter
1526 5312 1681 5366 omni
1736 5301 1970 5378 nationi,
2004 5323 2055 5370 et

391 5371 613 5449 judicia
641 5389 738 5449 s_ua
763 5390 875 5431 non
899 5371 1277 5449 manifestavit
1304 5382 1401 5435 eis.

472 5441 621 5524 (130)
652 5446 716 5499 In
748 5441 1131 5526 autographo,
1170 5448 1296 5504 loco
1343 5452 1601 5526 adverbii
1650 5454 1803 5525 quia,
1844 5452 2054 5526 legitur

400 5517 592 5592 quasi;
624 5518 781 5587 quod
830 5517 965 5592 cum
997 5517 1255 5575 sensum
1289 5523 1553 5592 apprime
1601 5517 1859 5581 auctoris
1899 5517 2053 5581 inihi

404 5586 657 5640 reddere
706 5603 817 5642 non
850 5590 1161 5655 videretur,
1195 5586 1343 5647 ideo-
1366 5586 1798 5651 emendandum
1850 5599 2049 5653 censui

405 5656 783 5738 potissimum
816 5659 886 5740 ob
917 5660 1257 5740 adverbium
1304 5663 1447 5730 ideo,
1478 5668 1632 5740 quod
1678 5669 1965 5740 sequitur,
1995 5674 2052 5725 et

406 5743 544 5788 cum
582 5728 871 5800 superiori
919 5733 1047 5802 quia
1099 5728 1438 5790 relationem
1486 5728 1661 5794 habet
1707 5728 2049 5811 grammati-

2168 4867 2397 4909 cessare
2453 4851 2628 4908 debet
2680 4852 3053 4910 circumcisio
3099 4852 3374 4921 carnalis,
3406 4857 3464 4908 et
3506 4854 3831 4912 succedere

2168 4939 2473 5013 spiritalis,
2506 4956 2636 5011 quae
2665 4940 2733 4997 ﬁt
2760 4956 2867 5013 per
2894 4941 3071 4999 ﬁdem
3099 4940 3635 5013 Christi;Alioquin
3671 4942 3829 4999 nihil

2166 5028 2272 5085 tibi
2330 5029 2707 5101 prodest.Sed
2758 5031 3145 5101 quaerendum
3190 5036 3284 5087 est
3328 5030 3626 5102 quomodo
3665 5031 3829 5090 dicat

2162 5117 2480 5189 Apostolus
2502 5118 2889 5176 :Cireumcisio
2904 5120 3146 5193 prodest,
3160 5135 3294 5175 cum
3316 5118 3459 5176 alibi
3481 5118 3640 5176 dicat
3663 5138 3677 5177 :
3709 5121 3828 5178 Cir-

2165 5241 2372 5297 calem.

2236 5314 2400 5439 (131g1
2418 5313 2704 5370 Punctum
2744 5312 3160 5386 interrogantis
3191 5313 3254 5370 in
3278 5313 3534 5388 Vulgata
3563 5331 3684 5371 non
3718 5316 3822 5374 ha-

2238 5390 2335 5439 tur
2406 5402 2471 5439 oc
2501 5386 2648 5439 loco.
2682 5386 2784 5439 sed
2816 5386 2932 5439 duo
2963 5391 3203 5439 puncta.

2164 5383 2335 5439 betur
2363 5383 2471 5441 hoc
2501 5386 2648 5454 loco,
2682 5386 2784 5441 sed
2816 5386 2932 5442 duo
2963 5383 3203 5454 puncta.

2234 5457 2379 5532 (132.)
2408 5458 2475 5532 ln
2505 5457 2896 5532 _autographo
2955 5457 3102 5524 loco,
3154 5471 3330 5514 sacrae
3383 5458 3545 5532 legis,
3600 5457 3821 5532 legitur

2159 5529 2460 5603 sacrilegis.
2494 5529 2659 5603 certe
2688 5545 2788 5599 per
2818 5545 3072 5584 errorem
3128 5530 3509 5586 amanuensis
3540 5535 3608 5586 ut
3640 5529 3819 5603 paulo

2160 5599 2432 5667 superius
2454 5599 2649 5655 videre
2681 5605 2792 5655 est.

2230 5670 2378 5742 (133)
2406 5668 2678 5743 Vulgata,
2709 5671 2972 5728 observes.
