3946 6408
175 440 279 504 157

762 447 1186 516 EXPOSITIO
1229 452 1309 514 IN
1353 452 1790 533 EPISTOLAS
1827 451 2087 518 PAULI.
2117 486 2195 499 --
2224 453 2304 516 IN
2350 452 2601 527 EPIST.
2645 454 2751 518 AD
2796 450 2990 518 ROM.

3475 446 3592 513 158

173 574 339 631 batur
368 590 486 632 non
516 574 669 633 sicut
710 583 1043 652 peccatores
1090 585 1521 642 condemnandi
1566 603 1777 643 sumus
1803 604 1817 656 ;
1849 587 1907 654 Α
1934 591 2119 644 Deum
2149 587 2373 645 sincere
2401 587 2749 661 intelligere,
2775 586 3002 645 sincere
3024 600 3140 642 non
3172 586 3367 657 potest
3394 580 3591 652 inqui-

176 665 267 721 sed
299 669 525 737 quanto
556 668 813 740 amplius
842 686 1173 745 peccamus,
1197 679 1361 731 tanto
1389 677 1616 748 majora
1644 677 1825 732 bene-

176 753 301 809 ﬁcia
330 755 629 827 suscipere
660 757 964 816 debemus.
984 763 1053 817 Et
1074 767 1377 836 tamquam
1400 766 1557 821 dicat
1576 765 1822 838 aliquis:

174 842 227 898 Si
255 858 394 915 ergo
427 845 698 917 mentior,
722 864 838 904 non
868 854 1153 923 tanquam
1174 858 1442 924 peccator
1467 855 1826 927 judicandus

176 947 299 987 sum
327 950 340 999 ;
376 933 518 1006 quia
539 934 752 991 veritas
778 937 874 994 Dei
905 939 964 993 in
991 956 1121 996 meo
1149 942 1452 999 mendacio
1485 943 1747 999 abundat
1763 942 1824 998 in

175 1020 355 1094 gloria
382 1022 575 1093 ipsius
607 1041 620 1080 :
657 1027 812 1081 unde
842 1028 1015 1099 paulo
1046 1030 1294 1087 inferius
1324 1032 1467 1087 dicit
1499 1050 1512 1088 :
1547 1033 1612 1088 Si
1640 1036 1825 1088 autem

175 1111 311 1181 (148)
338 1113 542 1166 veritas
573 1114 671 1169 Dei
698 1116 758 1169 in
800 1133 921 1173 meo
949 1121 1238 1177 mendacio
1284 1122 1528 1177 abundat
1557 1123 1617 1177 in
1645 1122 1827 1193 gloria

173 1198 312 1271 (149)
366 1201 543 1271 ipsius
573 1221 592 1257 :
623 1204 755 1274 quid
795 1206 973 1262 adhuc
1013 1217 1065 1263 et
1112 1225 1226 1281 ego,
1269 1214 1538 1282 tanquam
1578 1214 1829 1282 peccator

165 1287 383 1360 judicor
403 1290 427 1343 it
446 1293 658 1347 Contra
676 1309 812 1365 ergo
843 1294 951 1351 hos
977 1296 1120 1352 dicit
1150 1299 1468 1371 Apostolus
1494 1317 1507 1355 :
1529 1300 1829 1356 secundum

172 1377 445 1433 hominem
472 1379 593 1436 dico
619 1400 637 1435 :
678 1382 850 1439 Absit.
882 1387 1216 1443 Secundum
1268 1388 1593 1455 hominem,
1625 1389 1684 1443 id
1717 1394 1827 1456 est,

175 1466 497 1524 secundum
529 1470 837 1541 rationem,
870 1473 1252 1534 intellectum.
1287 1480 1450 1545 Quod
1482 1479 1612 1534 ideo
1639 1478 1741 1548 ait,
1766 1480 1831 1532 ut

174 1556 503 1613 ostenderet
531 1574 630 1615 eos
662 1561 764 1631 qui
795 1562 938 1619 talia
967 1563 1311 1638 loquuntur,
1344 1584 1461 1623 non
1482 1582 1612 1624 esse
1644 1567 1831 1624 homi-

175 1660 294 1703 nes.
328 1649 412 1701 Ac
440 1646 491 1702 si
523 1646 741 1704 diceret
770 1666 784 1704 :
819 1651 943 1708 Non
976 1657 1066 1709 est
1094 1654 1193 1722 ita,
1229 1659 1295 1710 ut
1318 1672 1421 1711 vos
1449 1656 1679 1725 dicitis;
1712 1673 1830 1712 non

174 1734 325 1790 enim
359 1740 551 1792 vestro
582 1739 889 1797 mendacio
930 1746 986 1798 et
1032 1743 1343 1816 iniquitate
1375 1745 1477 1801 Dei
1508 1746 1744 1813 veritas,
1774 1750 1833 1803 et

167 1822 401 1895 justitia
429 1827 827 1899 approbatur;
861 1831 1002 1903 quia
1020 1832 1207 1889 Deum
1237 1838 1507 1891 nostrum
1536 1852 1652 1892 non
1675 1835 1833 1891 mala

1935 694 2079 733 rere.
2112 677 2259 733 Hinc
2310 682 2367 733 et
2412 677 2698 735 Dominus
2745 677 2805 732 in
2836 673 3151 748 Evangelio
3198 672 3343 735 dicit
3376 689 3390 727 :
3422 672 3591 727 Nemo

1928 771 2104 839 potest
2128 766 2339 823 duobus
2381 768 2619 823 dominis
2647 767 2796 840 (152)
2824 768 3033 823 servire
3060 785 3081 821 :
3112 763 3308 820 Omnes
3338 761 3591 817 declina-

1932 860 2126 912 verunt
2157 856 2335 925 (Psal.
2368 875 2493 927 xm,
2525 858 2602 929 3),
2634 857 2693 912 id
2725 861 2832 923 est,
2865 873 2900 912 a
2928 860 3043 911 Deo
3073 852 3589 914 recesserunt.Quo

1934 946 2090 1005 dicto
2122 945 2242 1001 vult
2269 946 2595 1013 ostendere,
2630 946 2771 1018 quia
2790 944 3030 1001 veniens
3052 941 3338 999 Dominus
3366 956 3470 1012 per
3492 939 3584 994 In-

1934 1034 2293 1090 carnationis
2345 1036 2714 1108 mysterium,
2754 1034 2988 1090 Judaos
3036 1030 3262 1089 similes
3309 1026 3586 1101 gentibus

1936 1123 2158 1179 invenit
2181 1140 2193 1178 :
2231 1124 2385 1180 unde
2416 1124 2554 1180 alibi
2583 1123 2760 1179 dicit:
2788 1123 3065 1180 Conclusit
3085 1121 3370 1192 Scriptura
3397 1116 3588 1172 omnia

1934 1214 2051 1268 sub
2063 1218 2283 1285 peccato
2316 1214 2460 1286 (Gal.
2508 1231 2590 1282 ru,
2626 1212 2737 1285 22).
2774 1212 2949 1268 Simul
2997 1210 3224 1266 inutiles
3270 1207 3409 1278 [acti
3434 1207 3588 1273 sunt,

1936 1302 1995 1357 id
2018 1308 2129 1367 est,
2150 1303 2337 1359 Judaei
2368 1303 2643 1374 gentibus
2666 1301 2892 1358 similes
2913 1298 3049 1356 facti
3069 1302 3228 1354 sunt.
3254 1293 3509 1359 Inutilis,
3527 1294 3593 1347 ut

1937 1390 2178 1463 quidam
2201 1391 2428 1459 volunt,
2452 1392 2524 1447 ab
2543 1390 2700 1446 idolo
2724 1390 2960 1445 dicitur.
2981 1387 3209 1443 Idolum
3229 1383 3456 1441 vanitas
3478 1384 3588 1437 est:

1938 1497 2073 1554 ergo
2102 1484 2160 1537 et
2187 1480 2412 1536 inutilis
2457 1497 2666 1536 vanus.
2697 1480 2817 1536 Non
2863 1488 2963 1546 est,
2997 1478 3093 1549 qui
3136 1476 3315 1548 faciat
3341 1475 3589 1538 bonum;

1938 1587 2049 1627 non
2069 1574 2149 1627 est
2168 1586 2335 1643 usque
2352 1570 2424 1625 ad
2442 1586 2638 1625 unum.
2665 1569 2829 1635 Quod
2853 1567 3086 1633 dicitur,
3108 1580 3282 1637 usque
3301 1561 3375 1617 ad
3389 1576 3588 1625 unum,

1940 1664 2134 1733 potest
2161 1658 2407 1732 intelligi
2430 1658 2845 1730 simul,etcum
2864 1656 2993 1730 ipso
3018 1653 3222 1723 uno,id
3249 1656 3341 1708 est
3366 1647 3589 1707 nullus:

1941 1750 2132 1821 potest
2160 1753 2235 1819 et,
2268 1752 2477 1821 praeter
2506 1764 2713 1813 unum,
2743 1749 2809 1802 ut
2835 1745 3124 1801 referatur
3170 1743 3244 1799 ad
3272 1739 3592 1798 Christum.

1941 1838 2020 1893 Eo
2050 1854 2262 1911 genere
2289 1835 2625 1905 locutionis,
2649 1853 2764 1907 quo
2796 1852 2905 1892 nos
2934 1833 3129 1889 dicere
3154 1830 3417 1889 solemus
3443 1844 3457 1882 :
3483 1827 3597 1882 Iste

175 1914 497 2020 (ξξξῐξεξχεῗξῖ
529 1915 684 2020 δοιξᾶ
703 1917 1027 2020 delectant;
1052 1923 1250 2020 nec-in
1283 1923 1477 2020 malis,
1504 1926 1606 1982 sed
1634 1925 1691 2020 in
1723 1926 1830 1982 bo-
1865 1954 1913 2020 B
1943 1943 2081 2001 ager
2111 1942 2300 1998 usque
2330 1926 2403 1982 ad
2434 1942 2595 1981 mare
2627 1924 3033 1996 protenditur;
3065 1921 3167 1978 ubi
3198 1925 3257 1977 et
3289 1932 3450 1975 mare
3478 1930 3596 1970 non

176 2003 267 2057 nis
291 2003 569 2074 operibus
591 2004 895 2079 gloriatur.
924 2011 1053 2083 Ipse
1083 2010 1303 2085 quippe
1323 2012 1513 2070 malos
1536 2013 1834 2087 puniendo
1865 2003 1912 2020 u
1943 2015 2520 2088 comprehendimus.
2554 2015 2625 2070 Et
2675 2030 2876 2070 revera
2918 2016 3129 2084 praeter
3175 2007 3498 2070 Christum,
3543 2005 3602 2059 et

176 2106 238 2145 se
258 2091 498 2162 justum
549 2095 777 2166 probat.
811 2097 975 2156 Unde
1024 2117 1160 2156 mox
1206 2102 1527 2159 subditur:
1578 2104 1838 2177 Alioquin

176 2180 441 2250 quomodo
459 2183 741 2254 judicabit
765 2187 908 2242 Deus
937 2186 1085 2244 hunc
1111 2191 1380 2247 mundum
1402 2194 1430 2246 7
1455 2195 1536 2248 Ac
1556 2192 1605 2249 si
1635 2193 1795 2248 dicat
1819 2208 1836 2249 :

176 2267 300 2324 Nisi
335 2269 527 2327 malos
556 2274 784 2345 puniat,
818 2279 884 2331 ut
914 2292 977 2332 se
1016 2279 1249 2348 justum
1284 2280 1512 2351 probet,
1545 2281 1839 2352 quomodo

175 2355 1055 2436 celebrabiturjudicium,quod
1074 2364 1199 2437 ipse
1215 2372 1524 2423 venturum
1540 2368 1842 2440 promisit?

173 2450 358 2503 Erant
386 2453 667 2520 preterea
697 2452 797 2523 qui
830 2453 978 2509 falso
1010 2453 1287 2511 dicebant
1313 2456 1660 2529 Apostolum
1694 2475 1841 2530 prae-

170 2534 377 2591 dicare
402 2552 415 2590 :
438 2538 737 2595 Faciamus
759 2542 931 2610 male,
956 2548 1017 2598 ut
1044 2546 1274 2599 veniant
1303 2545 1451 2601 bona
1471 2564 1492 2600 .·
1515 2547 1667 2618 quod
1697 2545 1841 2602 nihil

170 2622 339 2679 aliud
355 2629 627 2698 estquam
641 2628 920 2687 dicere:Si
936 2631 1220 2705 iniquitas
1235 2638 1433 2689 nostra
1437 2635 1842 2706 justitiamDei

171 2714 1842 2797 commendat,iniquusDeus,quiinfertiram.Contraquos

175 2816 312 2856 mox
343 2802 613 2859 subdidit
636 2822 648 2859 :
671 2808 751 2860 Et
774 2822 881 2863 non
912 2811 1053 2864 sicut
1075 2810 1841 2882 blasphemamur,'subaudi-

175 2891 295 2959 tur,
328 2890 415 2945 ita
444 2896 555 2963 est,
585 2896 635 2948 et
664 2896 811 2951 sicut
839 2898 1000 2954 aiunt
1025 2915 1128 2954 nos
1155 2900 1381 2970 quidam
1408 2901 1621 2958 dicere:
1662 2903 1842 2974 facia-

178 2995 301 3035 mus
336 2981 508 3052 mala,
546 2984 604 3037 ut
631 2986 855 3040 veniant
905 2986 1064 3056 bona,
1095 3004 1329 3061 quorum
1374 2990 1660 3063 damnatio
1690 2994 1845 3063 gusta

179 3071 277 3125 est.
304 3069 375 3125 Et
395 3074 486 3126 est
516 3087 726 3129 sensus
750 3090 764 3129 :
788 3074 915 3130 Non
947 3056 1356 3148 praedicamus,
1381 3083 1446 3134 ut
1465 3056 1659 3135 dicitis
1679 3056 1843 3149 ;'sed,

182 3158 320 3229 quia
348 3159 521 3217 vobis
570 3161 643 3218 de
690 3161 1044 3236 impunitate
1091 3165 1464 3239 blandimini,
1498 3172 1556 3224 et
1597 3168 1697 3224 Dei
1743 3185 1845 3241 pa-

182 3247 394 3304 tientia
443 3250 779 3321 abutimini,
813 3252 931 3324 ille,
965 3253 1065 3327 qui
1114 3260 1397 3312 venturus
1444 3261 1534 3313 est
1578 3258 1847 3328 judicare

185 3338 579 3405 mundum,ut
599 3341 804 3397 reddat
826 3342 1143 3416 unicuique
1163 3346 1490 3402 secundum
1516 3363 1693 3419 opera
1715 3363 1843 3419 sua,

176 3425 338 3497 juste
367 3444 475 3484 vos
506 3429 944 3487 condemnabit.
976 3432 1100 3488 Non
1133 3449 1271 3505 ergo
1294 3434 1562 3490 dicamus
1596 3452 1608 3489 :
1645 3435 1843 3491 Facia-

184 3530 317 3570 mus
340 3515 597 3585 mala,ut
615 3518 851 3575 veniant
871 3521 1051 3590 bona;
1078 3523 1180 3578 sed
1205 3522 1381 3586 :Quia
1400 3522 1646 3580 fecimus
1670 3523 1843 3592 mala,

184 3603 280 3684 Dei
311 3606 577 3678 gratuita
607 3607 867 3665 bonitate
918 3610 1090 3667 nobis
1118 3617 1403 3667 venerunt
1434 3614 1605 3669 bona.
1642 3613 1844 3687 Igitur,

182 3693 319 3764 quia
348 3696 583 3752 dixerat
616 3714 629 3752 :
664 3698 806 3766 Quid
825 3701 1067 3772 amplius
1086 3709 1166 3756 est
1191 3700 1419 3764 Iudaeo;
1453 3706 1510 3757 et
1541 3718 1677 3758 mox
1706 3702 1844 3758 sub-

181 3781 329 3839 didit
361 3801 374 3840 :
413 3786 655 3842 Multum
693 3804 792 3859 per
837 3804 1052 3845 omnem
1084 3791 1329 3860 modum,
1359 3807 1432 3847 ne
1479 3792 1627 3847 forte
1659 3792 1847 3848 Judaei

184 3870 342 3929 inani
377 3874 662 3948 superbia
691 3876 878 3933 inflati
909 3894 971 3935 se
1001 3880 1281 3952 gentibus
1311 3879 1686 3936 credentibus
1710 3897 1849 3953 prte-

186 3959 425 4030 ferrent,
450 3964 702 4035 adjecit:
727 3967 877 4040 (150)
898 3968 1045 4039 Quid
1075 3970 1246 4041 igitur
1271 3973 1294 4019 .9
1313 3970 1698 4026 Praecellimus
1717 3986 1803 4025 eos
1825 3973 1850 4024 Ρ

187 4050 252 4105 Et
280 4051 392 4109 sibi
418 4054 551 4126 ipse
572 4057 888 4128 respondet
912 4074 925 4114 :
959 4058 1337 4132 Nequaquam.
1370 4060 1676 4130 Tanquam
1692 4058 1849 4114 dice-

187 4143 307 4199 ret:
329 4142 460 4198 Non
493 4143 727 4201 invenio
748 4162 1010 4219 causam,
1036 4165 1155 4220 qua
1178 4166 1285 4205 nos
1312 4147 1413 4221 qui
1435 4151 1648 4204 natura
1664 4147 1852 4205 Judaei

190 4245 418 4304 sumus,
452 4233 832 4291 credentibus
877 4237 1153 4309 gentibus
1187 4238 1566 4309 praeferamus
1597 4253 1612 4291 :
1646 4253 1852 4299 omnes

189 4318 340 4376 enim
366 4324 711 4393 peccatores
728 4341 964 4396 sumus,
984 4330 1041 4381 et
1062 4324 1191 4383 sola
1209 4326 1398 4400 gratia
1420 4326 1517 4383 Dei
1541 4326 1850 4398 redempti.

192 4406 353 4466 Unde
384 4427 527 4467 mox
582 4412 859 4470 subditur
889 4432 903 4471 :
939 4414 1162 4471 Causati
1205 4417 1355 4471 enim
1396 4431 1588 4471 sumus
1612 4417 1852 4483 Iudaeos,

194 4501 351 4570 atque
380 4505 607 4559 Graecos
630 4518 815 4561 omnes
844 4519 957 4560 esse
984 4506 1084 4560 sub
1108 4504 1596 4577 peccato.Causati
1623 4521 1852 4576 sumus,

195 4587 416 4657 dicit,id
435 4592 891 4665 est,manifestis
904 4594 1100 4651 causis
1121 4594 1575 4659 ostendimus,et
1594 4594 1851 4663 Judaeos,

1944 2104 2071 2161 sine
2100 2104 2333 2161 Christo
2363 2102 2564 2159 nullus
2598 2105 2790 2176 potest
2831 2100 3067 2172 aliquod
3097 2100 3319 2154 bonum
3348 2090 3597 2165 operari.

1945 2193 2282 2266 Sepulcrum
2298 2197 2493 2265 puteus
2510 2195 2697 2263 guttur
2714 2206 2922 2248 eorum.
2946 2188 3303 2253 Notandum,
3320 2183 3459 2256 quia
3481 2195 3600 2236 non

1949 2283 2032 2338 ait
2060 2285 2312 2348 tantum,
2342 2281 2677 2352 sepulcrum,
2707 2279 2812 2334 sed
2842 2277 3091 2344 addidit,
3123 2279 3317 2345 patens
3347 2290 3367 2328 :
3395 2270 3598 2328 volens

1950 2370 2257 2426 ostendere
2287 2367 2445 2423 aliud
2476 2384 2605 2424 esse
2649 2366 2983 2440 sepulcrum
3033 2365 3323 2430 clausum,
3357 2364 3415 2418 et
3442 2358 3603 2417 aliud

1951 2464 2158 2532 patens
2192 2476 2204 2513 :
2239 2461 2443 2532 guttur
2471 2472 2726 2529 namque
2758 2454 3070 2524 malorum,
3094 2453 3153 2508 id
3184 2456 3294 2521 est,
3316 2450 3603 2507 voracitas

1951 2546 2232 2603 inhiantia
2257 2546 2429 2619 gulae,
2462 2550 2520 2601 et
2569 2544 2930 2601 desiderium
2978 2541 3213 2610 mentis,
3262 2543 3404 2596 tunc
3437 2537 3607 2611 quasi

1952 2635 2220 2692 clausum
2252 2634 2589 2708 sepulcrum
2639 2638 2749 2705 est,
2783 2650 2919 2689 cum
2951 2631 3176 2688 malum
3228 2630 3610 2686 irreverenter

1951 2726 2099 2798 (153)
2122 2730 2467 2798 operantur;
2491 2728 2699 2797 patens
2719 2738 3017 2792 vero,cum
3052 2720 3274 2778 malum
3296 2732 3469 2791 agere
3489 2732 3605 2772 non

1951 2814 2183 2870 timent.
2212 2814 2282 2869 Et
2312 2814 2661 2879 notandum,
2685 2812 2827 2885 quia
2855 2810 3193 2884 sepulcrum
3224 2812 3430 2882 patens
3450 2822 3605 2861 mor-

1952 2907 2190 2959 tuorum
2211 2919 2346 2960 ossa
2368 2903 2439 2959 ad
2454 2902 2900 2974 suscipiendum
2912 2903 3233 2971 exspectat;
3259 2896 3532 2953 similiter
3553 2898 3610 2950 et

1954 2991 2096 3048 mali
2128 3009 2243 3049 non
2274 3008 2446 3048 suam
2477 2995 2733 3059 tantum,
2768 2990 2868 3047 sed
2899 2994 2958 3045 et
2987 2988 3237 3045 aliorum
3268 2985 3609 3058 exspectant

1952 3080 2219 3144 ruinam;
2243 3080 2385 3152 quia
2415 3079 2561 3135 alios
2582 3078 2693 3136 sibi
2715 3077 2842 3133 ﬁeri
2865 3076 3089 3134 similes
3113 3073 3606 3132 desiderant.Lin-

1953 3170 2083 3244 guis
2112 3171 2229 3224 suis
2277 3169 2462 3225 dolose
2506 3168 2761 3237 agebant.
2812 3165 2960 3231 Suis,
2990 3164 3051 3220 id
3100 3167 3212 3232 est,
3243 3161 3439 3218 mulis.
3472 3158 3611 3216 Mali

1957 3258 2115 3315 enim
2148 3258 2293 3328 suis,
2326 3258 2386 3312 id
2417 3258 2526 3328 est,
2554 3254 2965 3327 malislinguis
2994 3252 3195 3309 dolose
3224 3254 3445 3324 agunt;
3470 3249 3613 3322 quia

1960 3347 2119 3404 aliud
2142 3347 2314 3403 corde
2336 3345 2770 3413 machinantur,
2793 3349 2851 3401 et
2871 3344 3033 3400 aliud
3054 3359 3152 3399 ore
3174 3342 3492 3414 proferunt.
3514 3339 3608 3396 Ve-

1954 3452 2161 3492 nenum
2189 3435 2447 3506 aspidum
2465 3434 2566 3490 sub
2600 3434 2763 3490 labiis
2791 3450 3002 3489 eorum.
3018 3432 3322 3488 Venenum
3355 3426 3613 3501 appellat

1958 3521 3211 3593 dolum,fraudem,versutiam.Aspisautem
3226 3536 3261 3574 a
3281 3516 3612 3589 spargendo

1957 3630 2247 3670 venenum
2280 3613 2516 3669 dicitur.
2548 3613 2620 3668 Et
2666 3615 2798 3684 apte
2847 3610 3137 3666 malorum
3193 3607 3356 3663 fraus
3387 3620 3610 3662 veneno

1959 3703 2230 3776 aspidum
2276 3704 2671 3773 comparatur,
2705 3700 2865 3771 quia,
2899 3699 3055 3755 sicut
3109 3697 3289 3768 aspis,
3320 3709 3611 3751 venenum

1958 3792 2344 3865 aspergendo,
2369 3807 2580 3862 corpus
2611 3788 2909 3859 interficit,
2933 3788 3016 3844 ita
3048 3790 3104 3843 et
3135 3785 3241 3852 illi,
3266 3783 3422 3841 mala
3440 3783 3616 3839 verba

1957 3881 2326 3954 proferendo,
2360 3884 2418 3935 et
2465 3880 2733 3951 exempla
2779 3877 3111 3951 przsbendo,
3142 3875 3372 3931 animas
3418 3871 3616 3928 interi-

1961 3975 2150 4026 munt.
2178 3971 2248 4024 Et
2268 3968 2422 4025 sicut
2445 3969 2627 4040 aspis,
2649 3985 2722 4023 ne
2742 3983 2912 4023 voces
2938 3964 3367 4021 incantantium
3394 3961 3616 4029 audiat,

1961 4075 2141 4114 unam
2173 4074 2373 4114 aurem
2406 4058 2477 4113 ad
2511 4062 2750 4127 terram,
2783 4055 2872 4112 vel
2903 4055 2975 4111 ad
3008 4052 3262 4126 lapidem
3295 4049 3527 4124 premit,
3561 4052 3618 4104 et

1962 4149 2034 4205 ad
2055 4147 2299 4204 alteram
2321 4147 2570 4203 caudam
2598 4145 2885 4218 mittit,ita
2904 4149 2964 4200 et
2985 4142 3125 4199 mali
3143 4144 3424 4199 obturant
3444 4155 3616 4196 aures

1962 4237 2230 4293 cordium
2262 4253 2531 4303 suorum,
2562 4251 2635 4291 ne
2666 4234 2812 4308 legis
2861 4238 3150 4306 prmeepta
3179 4231 3443 4288 audiant.
3477 4229 3616 4297 Quo-

1961 4344 2093 4399 rum
2123 4343 2179 4383 os
2206 4325 2618 4391 maledictioue,
2647 4333 2697 4380 et
2725 4322 3104 4380 amaritudine
3125 4322 3354 4392 plenum
3381 4322 3480 4387 est,
3507 4317 3617 4372 hoc

1964 4421 2072 4484 est,
2106 4432 2394 4472 venenum
2428 4414 2701 4486 aspidum
2734 4412 2845 4468 sub
2894 4410 3068 4465 labiis
3115 4424 3340 4465 eorum.
3376 4404 3616 4462 Illorum

1966 4505 2183 4578 quippe
2212 4521 2279 4560 os
2300 4500 2709 4559 maledictioue
2730 4504 2789 4555 et
2817 4496 3213 4553 amaritudine
3234 4494 3474 4568 plenum
3506 4497 3616 4564 est,

1969 4594 2068 4667 qui
2101 4592 2300 4648 faciles
2348 4596 2405 4647 et
2451 4588 2690 4662 proclivi
2740 4590 2883 4644 sunt
2926 4585 3240 4642 verborum
3288 4582 3522 4655 injuriis
3566 4586 3625 4637 et

195 4680 249 4732 et
276 4685 506 4752 gentes,
542 4686 602 4738 et
631 4682 949 4755 sapientes,
980 4686 1040 4741 et
1089 4682 1459 4756 insipientes,
1492 4699 1701 4739 omnes
1748 4683 1859 4739 sub
1889 4691 1936 4756 1)
1967 4680 2375 4753 blasphemiis.
2422 4680 2636 4737 Veloces
2680 4676 2840 4750 pedes
2882 4692 3072 4732 eorum
3116 4674 3188 4731 ad
3231 4671 3625 4746 eﬂundendum

199 4774 432 4839 peccato
457 4786 616 4829 esse.
634 4772 704 4827 Et
725 4776 789 4828 ut
803 4772 862 4829 id
886 4772 1181 4847 prophetis
1202 4772 1540 4829 testimonio
1562 4772 1858 4844 probaret,

202 4858 469 4931 adjunxit
501 4880 515 4919 :
549 4863 710 4919 Sicut
752 4864 1035 4936 scriptum
1075 4868 1155 4920 est
1184 4881 1205 4919 :
1237 4862 1376 4932 Quia
1421 4878 1535 4918 non
1579 4865 1660 4917 est
1678 4862 1863 4933 justus

203 4949 536 5022 quisquam;
579 4967 696 5008 non
742 4956 827 5010 est
876 4952 1186 5025 intelligens
1219 4969 1239 5007 :
1288 4967 1400 5008 non
1446 4955 1525 5006 est
1577 4948 1865 5022 requirens

203 5037 389 5110 Deum,
417 5046 532 5099 etc.
568 5041 645 5098 Ut
671 5041 914 5115 quidam
956 5041 1194 5115 sapiens
1245 5040 1388 5097 dicit
1418 5056 1432 5096 :
1468 5040 1692 5113 Corpus,
1724 5038 1867 5110 quod

202 5133 485 5203 rumpitur
513 5132 689 5207 (151),
717 5139 982 5204 aggravat
998 5133 1269 5200 animam,
1293 5133 1343 5187 et
1367 5130 1625 5203 deprimit
1643 5132 1867 5185 terrena

206 5216 536 5280 inhabitatio
549 5237 770 5279 sensum
783 5222 969 5279 multa
983 5223 1332 5294 cogitantem.
1357 5219 1704 5291 Quicunque
1729 5233 1867 5290 ergo

209 5323 268 5365 se
293 5311 553 5386 negotiis
583 5310 969 5369 saecularibus
1016 5314 1075 5368 et
1101 5310 1351 5368 terrenis
1393 5308 1659 5382 implicat
1687 5306 1867 5374 curis,

277 5506 422 5581 (148)
453 5505 633 5581 Υιιέε·
668 5507 837 5581 enim.

279 5578 424 5651 (149)
455 5578 637 5651 Vulg.
669 5579 926 5651 gloriam.

307 5649 428 5724 150)
462 5653 527 5724 In
563 5649 831 5724 margine
860 5654 1089 5724 autogr.
1124 5664 1173 5704 c.
1206 5649 1300 5703 IX.

313 5721 433 5793 151)
465 5723 606 5795 Sap.
639 5721 723 5795 1x,
754 5723 841 5779 15.
874 5721 1047 5795 Vulg.
1080 5721 1475 5795 corrumpitur.

286 5785 432 5872 (152)
483 5785 675 5854 verba
704 5785 1073 5871 inquirere?”
1121 5785 1379 5863 dominis,
1435 5790 1497 5848 in
1526 5785 1876 5861 autographi

1969 4771 2314 4841 sanguinem.
2351 4770 2465 4825 Hoc
2507 4767 2632 4824 loco
2662 4767 3008 4838 ,notandum
3057 4764 3220 4837 quia,
3268 4779 3385 4819 non
3415 4761 3517 4830 ait,
3551 4761 3624 4817 ad

1972 4860 2369 4928 currendum‘;
2403 4875 2519 4915 non
2550 4857 2708 4914 enim
2759 4857 2935 4930 pedes
2967 4854 3248 4927 corporis,
3279 4852 3383 4908 sed
3430 4850 3626 4906 cordis

1972 4949 2100 5008 vult
2126 4948 2396 5022 intelligi,
2428 4949 2486 5005 id
2518 4950 2630 5017 est,
2661 4946 2867 5019 iniqua
2892 4947 3185 5001 malorum
3215 4938 3525 4997 desideria.
3554 4937 3624 4994 Hi

1975 5041 2153 5114 pedes
2175 5038 2402 5096 veloces
2423 5042 2564 5095 sunt
2584 5037 2655 5092 ad
2680 5032 3101 5092 effundendum
3125 5029 3497 5103 sanguinem,
3521 5027 3625 5101 qui

1976 5135 2098 5187 tam
2119 5129 2433 5199 monendo,
2456 5142 2635 5198 quam
2662 5120 3203 5196 suggerendo,alios
3223 5119 3295 5176 ad
3318 5122 3624 5192 peccatum

1976 5219 2240 5277 trahunt.
2273 5217 2634 5290 Sanguinem
2662 5212 2819 5270 enim
2863 5228 2968 5284 pro
2998 5213 3235 5283 peccato
3263 5207 3391 5264 vult
3419 5206 3626 5279 accipi.

1980 5311 2248 5368 Contritio
2276 5311 2327 5364 et
2355 5305 2657 5378 infelicitas
2696 5303 2757 5359 in
2809 5303 2916 5358 viis
2944 5316 3153 5357 eorum.
3184 5298 3324 5355 Vias
3371 5295 3628 5370 appellat

1981 5495 2246 5569 margine
2284 5490 2576 5569 inferiori,
2609 5490 2896 5569 ejusdem,
2947 5485 3219 5569 quamvis
3267 5479 3624 5548 minutioris,

1981 5561 2356 5633 characteris,
2388 5563 2609 5635 scripta
2629 5561 3129 5636 adinveniuntur._
3399 5626 3433 5636 Α

2050 5640 2203 5769 953)
2258 5631 2527 5693 Fortasse
2572 5639 2901 5701 reverenter,
2950 5631 3006 5686 id
3050 5633 3160 5698 est,
3207 5644 3332 5685 cum
3388 5631 3588 5683 timore
3609 5637 3632 5685 ,'

1975 5715 2043 5787 ju
2092 5718 2203 5769 lcet
2229 5710 2429 5766 lector.

2006 5728 2203 5770 uulcet
2229 5728 2429 5766 ιθΟῐΟΓ.
