3946 6416
282 466 402 530 159

1309 473 1646 538 ATTONIS
1690 473 2274 538 VERGELLENSIS
2319 475 2675 539 EPISCOPI

3577 476 3700 542 160

283 601 632 675 doctrinam,
664 608 723 661 et
741 606 1009 680 exempla
1035 606 1286 675 vivendi,
1316 609 1376 665 in
1408 610 1624 681 quibus
1655 610 1762 667 viis
1795 612 1921 683 qui-
1951 612 2007 676 Α
2038 623 2151 663 non
2183 607 2283 676 ait,
2326 607 2719 681 consumptio,
2770 607 2893 678 sed,
2926 605 3203 681 cognitio.
3232 607 3359 664 Non
3406 608 3565 665 enim
3595 608 3697 667 lex

281 706 512 764 cunque
542 694 868 764 ambulant,
894 698 1126 753 contriti
1146 703 1201 755 et
1230 698 1489 756 infelices
1509 702 1929 757 redduntur.Et

278 783 433 837 viam
454 786 607 855 pacis
657 801 770 840 non
815 794 1193 858 cognoverunt.
1224 788 1391 843 Viam
1443 789 1717 845 similiter
1760 796 1928 847 vocat

283 870 608 928 doctrinam
636 891 650 941 ;
684 891 884 947 pacem
915 893 1068 945 vero,
1091 877 1408 946 Christum,
1434 879 1505 934 de
1536 897 1651 952 quo
1682 883 1925 953 Aposto-

283 958 377 1016 lus
411 977 423 1016 :
461 961 710 1018 Christus
751 974 828 1019 est
870 982 986 1036 pare
1012 975 1197 1021 nostra
1245 967 1460 1038 (Ep/ws.
1494 986 1556 1035 ιι,
1589 969 1699 1040 14).
1728 970 1797 1024 Et
1838 974 1927 1025 est

281 1065 493 1105 sensus
527 1066 539 1104 :
574 1053 1048 1109 Prasdicationem
1081 1055 1292 1110 Christi
1323 1057 1621 1130 suscipere
1649 1059 1924 1130 despexe-

281 1143 437 1193 runt.
471 1139 589 1194 Non
616 1148 698 1196 est
726 1143 897 1197 timor
923 1144 1021 1199 Dei
1050 1153 1181 1199 ante
1209 1147 1392 1201 oculos
1419 1162 1627 1202 eorum.
1650 1149 1796 1218 Apte
1823 1147 1922 1203 tali

278 1224 543 1283 clausula
572 1234 877 1300 sumptum
908 1231 1194 1288 conclusit
1221 1234 1624 1290 testimonium
1660 1252 1673 1288 :
1708 1235 1923 1291 idcirco

277 1314 433 1369 enim
481 1318 757 1373 omnibus
805 1320 1095 1390 praedictis
1140 1322 1297 1376 vitiis
1344 1322 1549 1378 irretiti
1594 1328 1753 1390 sunt,
1787 1326 1927 1396 quia

260 1398 550 1461 timorem
581 1406 682 1461 Dei
715 1424 831 1464 non
862 1408 1214 1465 habuerunt.
1250 1411 1420 1477 Nam,
1452 1414 1687 1483 quando
1718 1429 1923 1469 servus

277 1496 477 1562 peccat
523 1500 809 1564 praesente
857 1497 1097 1553 domino
1126 1498 1155 1553 ‘l
1201 1499 1545 1573 Quicunque
1590 1500 1771 1573 igitur
1819 1502 1920 1558 Dei

274 1579 544 1637 timorem
579 1599 692 1653 prae
714 1584 899 1641 oculis
920 1585 1114 1654 habet,
1140 1604 1254 1643 non
1279 1594 1480 1660 peccat
1505 1608 1518 1645 :
1542 1590 1661 1645 imo
1684 1607 1922 1662 peccare

277 1685 393 1725 non
424 1675 634 1741 potest,
656 1674 787 1744 ejus
808 1675 995 1745 gratia
1016 1678 1400 1748 praeveniente
1427 1682 1483 1734 et
1504 1679 1921 1751 subsequente,

275 1759 446 1830 cujus
468 1759 645 1816 habet
673 1762 969 1830 timorem,
995 1764 1148 1820 sicut
1176 1765 1273 1821 ille
1305 1768 1404 1838 qui
1436 1768 1669 1823 dicebat
1700 1785 1712 1823 :
1750 1770 1927 1836 Quasi

272 1852 543 1904 tumentes
560 1852 779 1920 ﬂuctus,
799 1853 878 1907 sic
894 1869 1105 1923 semper
1127 1855 1297 1909 Deum
1325 1857 1492 1910 timui
1510 1856 1918 1928 (Job.xxx1,23).

344 1938 620 2037 Poterant
648 1940 829 2037 igitur
852 1941 1040 1998 Judmi
1069 1942 1309 2037 dicere:
1341 1945 1636 2017 Apostole,
1670 1946 1825 2037 nihil
1847 1947 1916 2002 ad
1951 1972 1999 2037 Β

272 2040 381 2082 nos
410 2028 620 2083 attinet
650 2028 942 2100 prolatum
988 2031 1394 2088 testimonium
1429 2049 1442 2089 :
1475 2051 1591 2089 non
1624 2033 1780 2090 enim
1812 2035 1925 2092 hoc

271 2116 557 2188 propheta
580 2118 653 2174 de
678 2118 920 2187 Judaeis,
939 2120 1041 2176 sed
1073 2120 1144 2176 de
1175 2121 1446 2193 gentibus
1468 2123 1921 2195 dixit,quoniam

271 2219 566 2275 nusquam
596 2205 811 2278 legitur
854 2208 1096 2265 Judmus
1143 2209 1363 2266 dixisse
1396 2228 1409 2264 :
1447 2210 1573 2268 Non
1622 2216 1712 2268 est
1744 2215 1916 2269 Deus.

273 2290 491 2349 Idcirco
541 2311 674 2350 mox
715 2296 981 2353 subdidit
1025 2314 1039 2352 :
1097 2298 1310 2355 Scimus
1365 2307 1568 2370 autem,
1621 2304 1755 2373 quia
1802 2319 1922 2374 quae

271 2381 421 2453 (154)
451 2383 542 2437 lex
590 2384 859 2455 loquitur,
893 2385 982 2441 his
1011 2389 1114 2457 qui
1142 2389 1203 2442 in
1218 2389 1343 2458 lege
1386 2393 1513 2443 sunt
1541 2390 1804 2461 loquitur.
1841 2397 1919 2446 Ac

271 2469 321 2525 si
353 2469 605 2526 diceret:
630 2471 689 2527 Si
714 2473 998 2545 propheta
1012 2474 1123 2530 hoc
1154 2476 1227 2531 de
1258 2477 1532 2549 gentibus
1548 2478 1712 2547 dixit,
1733 2478 1919 2536 multo

274 2558 464 2631 magis
493 2560 566 2615 de
589 2558 774 2628 vobis,
799 2562 900 2633 qui
922 2562 980 2616 in
1011 2562 1137 2634 lege
1165 2563 1519 2634 gloriamini.
1541 2566 1658 2621 Vos
1680 2568 1920 2635 etenim,

273 2647 382 2703 etsi
415 2664 530 2703 non
577 2648 809 2705 dixistis
852 2650 962 2706 hoc
1007 2652 1222 2723 verbis,
1257 2652 1488 2709 dixistis
1539 2654 1724 2710 factis.
1762 2655 1923 2711 Unde

275 2734 413 2790 alibi
441 2736 584 2792 dicit
615 2754 628 2791 :
665 2737 1004 2808 Conﬁtentur
1029 2756 1086 2795 se
1114 2756 1274 2795 nosse
1301 2742 1475 2797 Deum
1498 2760 1518 2805 ;
1547 2744 1712 2813 [actis
1740 2748 1923 2799 autem

272 2832 474 2895 negant
502 2826 629 2893 (Tit.
666 2843 705 2895 ι,
741 2828 851 2898 16).
882 2831 997 2883 Cur
1023 2833 1222 2884 autem
1253 2829 1362 2885 hoc
1392 2830 1621 2900 dixerit,
1645 2833 1918 2900 ostendit,

273 2913 646 2985 subjungens
672 2916 771 2972 :Ut
789 2932 949 2973 omne
975 2933 1035 2973 os
1061 2918 1397 2983 obstruetur,
1429 2923 1539 2975 etc.
1573 2920 1742 2977 Omne
1760 2920 1919 2991 dicit,

274 3000 333 3056 id
356 3006 466 3068 est,
489 3004 610 3059 tam
628 3003 985 3073 Judaaorum,
1009 3023 1187 3079 quam
1208 3007 1722 3080 gentilium,etiam
1736 3010 1924 3080 justo-

277 3086 432 3162 rum,
453 3092 814 3163 obstruetur,
846 3094 905 3149 in
928 3094 1101 3151 laude
1123 3097 1235 3167 sui,
1255 3101 1311 3152 et
1333 3113 1447 3152 non
1470 3097 1780 3170 aperiatur,
1808 3097 1921 3155 nisi

273 3178 335 3235 in
356 3178 528 3236 laude
549 3181 650 3237 Dei
667 3183 853 3254 ;quod
874 3187 1016 3239 tunc
1038 3185 1124 3251 ﬁt,
1147 3201 1282 3241 cum
1305 3183 1506 3242 nullus
1528 3187 1653 3244 suis
1675 3187 1923 3254 meritis,

274 3271 377 3323 aut
403 3268 652 3339 viribus,
683 3272 782 3327 sed
816 3289 1020 3329 omnes
1035 3272 1137 3329 Dei
1166 3274 1356 3346 gratia
1377 3292 1439 3331 se
1460 3275 1720 3333 aalvatos
1741 3293 1920 3349 agno-

273 3362 467 3413 scunt.
501 3359 571 3414 Et
620 3336 865 3416 subditus
909 3362 1009 3431 fiat
1055 3336 1233 3419 omnis
1277 3365 1516 3421 mundus
1553 3365 1679 3421 Deo.
1715 3336 1920 3422 omnis
1950 3336 1994 3404 (ἶ

275 3448 556 3515 mundus,
590 3448 647 3504 id
691 3454 799 3519 est,
832 3450 1024 3506 omnis
1056 3451 1230 3509 homo
1280 3453 1555 3511 habitans
1585 3454 1645 3510 in
1677 3456 1919 3511 mundo.

273 3534 479 3592 Omnis
508 3538 701 3593 autem
727 3539 986 3596 mundus
1002 3540 1119 3596 Deo
1144 3541 1417 3598 subditus
1447 3543 1531 3609 fit,
1562 3560 1695 3600 cum
1718 3560 1923 3600 omnes

272 3639 336 3679 se
352 3629 689 3696 peccatores
705 3644 809 3682 con
821 3628 1076 3695 fitentur,
1099 3634 1157 3685 et
1171 3630 1299 3686 sola
1310 3632 1501 3702 gratia
1522 3632 1622 3687 Dei
1646 3633 1919 3688 salvatos.

274 3712 417 3780 Quia
445 3729 558 3769 non
576 3715 979 3785 justiﬁcabitur
1016 3734 1087 3772 ea:
1112 3718 1365 3788 operibus
1420 3718 1559 3789 legis
1587 3721 1770 3775 omnis
1799 3736 1924 3775 caro

271 3815 458 3856 coram
472 3800 596 3857 illo.
621 3802 827 3858 Omnis
859 3819 1013 3872 caro,
1037 3805 1094 3859 id
1118 3811 1228 3871 est,
1251 3807 1445 3862 omnis
1467 3806 1663 3863 homo.
1686 3810 1731 3863 A
1762 3813 1925 3881 parte

272 3893 485 3958 totum,
514 3890 655 3962 sive,
687 3892 882 3949 omnis
910 3893 1087 3949 homo
1137 3894 1449 3951 carnaliter
1475 3896 1675 3953 vivens
1705 3901 1761 3953 et
1791 3914 1924 3954 sen-

274 3976 448 4032 tiens.
474 3981 627 4033 Bene
648 3982 844 4035 autem
865 3980 1082 4035 dicitur
1103 3996 1117 4035 :
1142 3997 1249 4037 non
1262 3982 1660 4054 justiﬁcabitur
1686 4001 1755 4039 ex
1796 4002 1924 4058 ope-

274 4065 436 4121 ribus
465 4067 599 4138 legis
620 4070 799 4123 omnis
816 4084 945 4125 caro
974 4084 1160 4126 coram
1188 4071 1285 4126 illo
1300 4088 1322 4133 ;
1353 4071 1493 4144 quia
1513 4071 1605 4128 lex
1627 4074 1923 4130 neminem

277 4154 351 4210 ad
372 4156 695 4226 perfectum
719 4158 867 4227 (155)
905 4158 1164 4215 adduxit.
1192 4161 1338 4214 Dum
1362 4161 1542 4228 enim,
1570 4163 1709 4233 quid
1736 4163 1925 4218 vitan-

278 4242 419 4297 dum
442 4241 538 4310 sit,
563 4243 780 4315 aliquis
804 4260 909 4316 per
926 4244 1114 4316 legem
1133 4248 1419 4319 agnoscit,
1443 4249 1555 4303 nisi
1576 4249 1774 4304 divina
1802 4267 1929 4323 gra-

275 4330 359 4387 tia
386 4332 714 4404 adjuvetur,
749 4337 816 4389 ut
842 4338 1066 4404 caveat,
1097 4336 1189 4391 lex
1217 4337 1383 4407 iram,
1408 4337 1465 4391 id
1496 4338 1927 4407 est,vindictam

274 4426 554 4493 operatur
585 4437 598 4477 :
633 4423 790 4479 unde
836 4422 1013 4496 paulo
1053 4424 1300 4481 inferius
1346 4424 1562 4481 dicitur
1594 4444 1607 4482 :
1640 4428 1753 4482 Lex
1780 4430 1930 4484 iram

273 4513 551 4581 operat-ur.
585 4510 685 4567 Ille
714 4512 911 4584 itaque
929 4528 1000 4568 ex
1027 4513 1303 4586 operibus
1324 4513 1471 4586 legis
1502 4532 1617 4571 non
1641 4516 1929 4587 justillca-

275 4597 454 4667 bitur,
488 4598 611 4670 qui,
644 4617 791 4670 opus
820 4600 968 4673 legis
997 4602 1315 4674 implendo,
1349 4620 1466 4659 non
1515 4604 1715 4677 gratias
1748 4605 1927 4661 mise-

2036 700 2274 768 peccata
2294 696 2673 763 consumit,id
2696 696 3086 765 est,dimittit;
3112 698 3213 752 sed
3238 700 3468 753 tantum
3499 701 3695 755 osten-

2037 784 2142 840 dit.
2180 786 2394 841 Jubere
2427 787 2663 856 quidem
2698 790 2908 857 potest,
2933 786 3141 857 juvare
3170 803 3285 841 non
3317 786 3492 843 valet.
3526 787 3695 845 Unde

2038 873 2175 929 alibi
2207 874 2348 930 dicit
2380 892 2393 930 :
2425 876 2716 931 Peccatum
2762 891 2875 930 non
2921 877 3164 947 cognovi,
3196 877 3312 930 nisi
3338 891 3436 948 per
3464 876 3643 950 legem
3672 894 3692 931 :

2036 964 2347 1018 nesciebam
2357 966 2506 1018 enim
2517 965 2967 1035 concupiscentize
2989 963 3136 1035 (156)
3163 964 3375 1019 subesse
3382 970 3667 1036 peccatum
3675 1009 3690 1034 ,

2034 1053 2150 1107 nisi
2162 1054 2251 1108 lea:
2262 1053 2501 1108 diceret:
2517 1055 2635 1108 Non
2648 1054 3008 1124 concupisces.
3018 1053 3248 1109 Poterat
3260 1058 3454 1110 autem
3472 1054 3545 1110 ali
3556 1055 3692 1127 quis

2032 1139 2370 1197 Judacorum
2385 1141 3694 1214 responderezBenedicitApostolus,quoniam

2035 1245 2138 1301 per
2155 1229 2342 1302 legem
2366 1231 2622 1302 cognitio
2644 1235 2875 1289 tantum
2901 1230 3210 1303 peccati,et
3229 1231 3370 1302 quia
3386 1248 3501 1286 non
3517 1231 3697 1303 justi-

2034 1316 2243 1373 ﬁcatur
2260 1319 2433 1374 homo
2451 1336 2519 1374 ex
2539 1320 2815 1390 operibus
2840 1319 3007 1391 legis.
3026 1318 3313 1384 Quoniam
3337 1318 3428 1375 lex
3450 1325 3695 1393 peccata

2033 1407 2416 1474 ostendit,sed
2433 1425 2547 1463 non
2572 1408 3427 1483 dimittit.Verumtamen,dum
3452 1409 3695 1481 propria

2038 1494 2311 1550 voluntas
2344 1512 2493 1568 opus
2524 1496 2664 1565 legis
2682 1495 3089 1567 implet,homo
3111 1496 3473 1567 justificatur
3492 1514 3693 1553 coram

2032 1583 2169 1638 Deo.
2203 1585 2335 1639 Ideo
2367 1584 2672 1656 subjunxit
2705 1600 2718 1640 :
2752 1586 2906 1640 Nunc
2954 1590 3135 1640 autem
3158 1586 3388 1656 justitia
3432 1586 3538 1641 Dei
3564 1589 3694 1643 sine

2033 1673 2157 1745 lege
2183 1675 2541 1744 manifestata
2589 1680 2686 1729 est.
2720 1673 3020 1729 Justitiam
3068 1674 3169 1729 Dei
3218 1679 3381 1729 vocat
3412 1676 3686 1747 gratiam,

2033 1779 2150 1817 non
2182 1778 2299 1835 qua
2318 1762 2443 1833 ipse
2465 1763 2848 1833 justificatur,
2877 1763 2979 1818 sed
3010 1778 3127 1834 qua
3147 1762 3445 1819 hominem
3469 1763 3688 1835 induit,

2032 1853 2099 1906 ut
2137 1850 2583 1922 justificaretur.
2632 1858 2740 1907 Lex
2785 1852 2941 1907 enim
2982 1852 3175 1923 jubet,
3207 1852 3302 1907 cui
3351 1853 3691 1910 succumbit

2032 1939 2385 2007 infirmitas;
2429 1940 2616 2013 gratia
2666 1941 2926 2010 adjuvat,
2958 1958 3061 2012 per
3108 1956 3284 2013 quam
3336 1942 3690 1999 diffunditur

2030 2028 2307 2085 charitas.
2348 2028 2517 2084 Fides
2551 2029 2827 2101 impetrat
2856 2030 3012 2101 quod
3049 2030 3140 2085 lex
3167 2029 3438 2102 imperat.
3473 2031 3688 2103 Testiﬁ-

2027 2125 2153 2173 cata
2180 2134 2219 2173 a
2248 2118 2361 2189 lege
2388 2126 2441 2173 et
2466 2118 2763 2190 prophetis.
2798 2118 2912 2173 Lex
2940 2117 3257 2191 siquidem,
3279 2122 3336 2174 et
3366 2119 3687 2193 prophetia;

2029 2206 2230 2279 gratiae
2284 2206 2588 2276 perhibent
2635 2208 3061 2263 testimonium.
3106 2208 3222 2263 Lex
3269 2207 3447 2274 enim,
3494 2209 3686 2281 perci-

2030 2295 2240 2368 piendo
2261 2295 2432 2367 (157),
2462 2294 2763 2365 minando,
2786 2300 2842 2351 et
2867 2312 2982 2351 non
3002 2295 3404 2368 justiﬁcando,
3431 2297 3691 2355 ostendit

2030 2400 2145 2440 non
2178 2401 2350 2456 posse
2380 2385 2697 2453 {hominem
2732 2384 3070 2457 justificari,
3104 2385 3218 2441 nisi
3250 2386 3401 2441 dono
3450 2387 3551 2442 Dei
3584 2404 3690 2459 per

2030 2472 2389 2545 adjutorium
2417 2473 2672 2545 Spiritus
2700 2474 2910 2529 sancti.
2944 2474 3256 2530 Perhibent
3275 2478 3332 2531 et
3361 2474 3688 2548 prophetae,

2032 2561 2335 2633 quoniam,
2367 2578 2492 2632 quae
2523 2561 2607 2616 illi
2639 2562 3052 2634 praedixerunt,
3088 2564 3216 2633 ejus
3246 2564 3531 2620 adventus
3572 2564 3687 2619 im-

2031 2648 2225 2722 plevit.
2260 2650 2327 2703 Et
2375 2649 2515 2720 quia
2564 2649 2658 2704 lex
2704 2654 2762 2704 et
2807 2650 3103 2721 propheta:
3157 2651 3357 2722 gratias
3387 2651 3689 2725 Evangelii

2031 2736 2341 2808 perhibent
2390 2735 2797 2792 testimonium
2832 2737 3008 2793 :ideo
3055 2737 3341 2795 Dominus
3385 2739 3447 2795 in
3476 2742 3690 2805 ;monte

2031 2824 2391 2881 clarificatus
2420 2824 2638 2879 dicitur
2681 2826 2905 2881 sedisse
2936 2825 3090 2881 inter
3118 2824 3356 2898 Moysen
3386 2833 3444 2884 et
3474 2828 3685 2886 Eliam.

2030 2914 2135 2970 Sed
2186 2913 2328 2985 quid
2378 2918 2486 2979 est,
2519 2914 2675 2984 quod
2730 2912 2891 2980 dicit,
2949 2912 3245 2985 testiﬁcata
3293 2932 3328 2969 a
3377 2917 3518 2985 lege,
3549 2934 3688 2973 cum

2032 3001 2380 3074 prmmiserit
2412 3019 2424 3057 :
2458 3003 2615 3057 Nunc
2632 3006 2818 3058 autem
2844 3004 2966 3058 sine
2990 3003 3105 3072 lege
3124 3003 3350 3074 justitia
3377 3004 3476 3060 Dei
3501 3008 3690 3061 mani-

2030 3095 2229 3165 festata
2258 3095 2382 3147 est?
2408 3091 2534 3147 Non
2568 3107 2705 3163 ergo
2754 3092 2835 3148 ita
2863 3090 3330 3163 (intelligendum
3380 3097 3489 3162 est,
3531 3095 3693 3150 sicut

2030 3181 2209 3236 verba
2229 3197 2437 3236 sonare
2458 3180 2758 3237 videntur:
2774 3196 2963 3252 neque
2988 3180 3143 3236 enim
3166 3181 3291 3237 sine
3313 3181 3439 3255 lege
3449 3183 3474 3254 j
3484 3183 3690 3241 ustitia

2031 3270 2133 3326 Dei
2169 3270 2544 3325 manifestata
2573 3273 2680 3341 est,
2711 3285 2847 3324 cum
2876 3286 2911 3325 a
2942 3270 3067 3341 lege
3092 3269 3411 3326 testiﬁcata
3431 3271 3543 3339 sit;
3579 3274 3686 3328 sed

2033 3359 2408 3416 manifestata
2436 3362 2524 3415 est
2546 3358 2799 3430 justitia,
2832 3374 2960 3430 quae
2989 3362 3113 3414 erat
3143 3358 3269 3415 sine
3298 3358 3443 3432 lege,
3477 3359 3536 3416 id
3569 3366 3686 3436 est,

2033 3464 2211 3521 quam
2243 3448 2399 3503 Deus
2448 3463 2552 3519 per
2599 3463 2717 3502 suas
2767 3445 2964 3519 gratias
3008 3446 3292 3503 auxilium
3341 3448 3690 3507 hominibus

2038 3536 2311 3603 contulit,
2345 3536 2473 3592 sine
2500 3534 2620 3591 ullo
2651 3534 2799 3607 legis
2850 3535 3160 3607 adiutorio.
3195 3536 3530 3592 Notandum
3583 3543 3679 3595 est

1989 3663 2003 3678 ς
2032 3625 2233 3697 igitur,
2267 3624 2404 3696 quia
2434 3623 2741 3695 Apostolus
2772 3623 3092 3679 multarum
3124 3624 3320 3698 legum
3347 3625 3482 3681 facit
3518 3639 3689 3683 men-

2033 3714 2271 3781 tionem,
2296 3711 2519 3767 scilicet
2547 3711 2693 3783 legis
2723 3713 2969 3781 natura,
3000 3712 3247 3784 scriptae,
3270 3714 3488 3786 gratias,
3512 3731 3680 3772 men-

2032 3801 2130 3869 tis,
2164 3801 2592 3868 membrorum,
2610 3803 2787 3871 atque
2816 3801 3054 3872 peccati.
3084 3801 3335 3874 Ideoque
3356 3802 3600 3859 solerter
3624 3803 3687 3860 in

2033 3906 2391 3962 unoquoque
2436 3888 2562 3945 loco
2610 3888 3044 3960 inspiciendum
3092 3890 3338 3947 sollicite
3391 3892 3541 3963 (158)
3571 3898 3689 3963 est,

2035 3979 2106 4034 de
2137 3995 2255 4050 qua
2283 3977 2409 4050 lege
2431 3976 2724 4050 loquatur.
2748 3978 2828 4034 De
2856 3978 2984 4050 lege
3014 3978 3232 4051 quippe
3263 3979 3406 4035 dicit
3426 3985 3649 4036 natura:
3674 3998 3687 4037 :

2034 4069 2118 4122 Ex
2148 4068 2402 4138 operibus
2434 4068 2566 4137 legis
2594 4083 2707 4123 non
2726 4066 3130 4138 justiﬁcabztur
3158 4070 3337 4123 omnis
3354 4085 3480 4125 caro
3501 4085 3692 4125 coram

2032 4155 2133 4209 illo
2153 4136 2190 4217 ,ί
2204 4159 2261 4209 et
2282 4136 2449 4209 ’item
2484 4136 2497 4210 ξ
2529 4157 2637 4210 Per
2676 4136 2847 4226 legem
2891 4156 3129 4226 cognitio
3172 4159 3381 4228 peccati
3407 4177 3428 4225 ;
3455 4160 3513 4212 et
3538 4158 3689 4228 (rur-

2036 4260 2169 4300 sum
2202 4261 2215 4297 :
2248 4247 2409 4301 Nunc
2436 4249 2625 4299 autem
2653 4246 2773 4299 sine
2818 4245 2936 4314 lege
2954 4246 3183 4317 justitia
3209 4246 3308 4301 Dei
3334 4247 3695 4317 manifestata

2037 4337 2134 4390 est.
2159 4333 2440 4388 Praaterea
2470 4334 2816 4402 notandum,
2841 4333 2980 4405 quia
3000 4332 3187 4390 multa
3203 4333 3695 4407 videturAposto-

2036 4420 2131 4476 lus
2151 4421 2261 4477 hoc
2281 4420 2406 4476 loco
2429 4421 2620 4477 dicere
2646 4422 2716 4477 ad
2742 4421 3019 4493 injuriam
3048 4420 3216 4496 legis,
3238 4421 3484 4479 Videtur
3510 4423 3693 4480 etiam

2036 4525 2316 4566 evacuare
2345 4509 2618 4566 liberium
2661 4509 2971 4566 arbitrium
2997 4527 3011 4579 ;
3046 4514 3104 4566 et
3149 4510 3366 4567 idcirco
3395 4509 3493 4567 hic
3522 4509 3692 4569 locus

2036 4601 2207 4653 caute
2236 4597 2523 4669 legendus
2570 4602 2676 4654 est.
2709 4598 2857 4653 Nam
2908 4598 3233 4668 sciendum,
3267 4596 3407 4672 quia
3437 4603 3695 4672 quatuor

274 4686 464 4740 rantis
499 4685 623 4752 Dei,
655 4688 757 4741 sed
789 4687 905 4743 sibi
935 4690 1197 4745 ascribit.
1230 4692 1302 4746 Et
1331 4691 1470 4763 quia
1498 4696 1693 4763 potest
1713 4692 1926 4765 aliquis
1956 4708 2004 4773 D
2046 4691 2188 4743 sunt
2214 4687 2455 4759 gradus.
2504 4688 2739 4742 Primus
2787 4691 2925 4742 ante
2976 4688 3173 4743 datam
3223 4686 3435 4760 legem,
3468 4688 3530 4742 in
3559 4687 3693 4761 lege

272 4773 454 4829 videri
478 4774 682 4845 justus
704 4775 861 4847 apud
883 4775 1176 4843 homines,
1201 4794 1335 4832 cum
1365 4778 1443 4833 sit
1462 4783 1745 4852 reprobus
1767 4783 1923 4854 apud

273 4861 480 4931 Deum,
514 4862 647 4919 ideo
676 4863 757 4919 ait
789 4879 803 4918 :
839 4865 1042 4919 Coram
1087 4864 1215 4919 illo.
1252 4865 1397 4919 Hinc
1444 4867 1517 4921 de
1563 4869 1839 4924 Zacharia
1869 4874 1927 4925 et

274 4948 569 5007 Elisabeth
610 4952 828 5008 dicitur
858 4968 871 5008 :
902 4954 1077 5008 Erant
1113 4952 1260 5024 justi
1284 4953 1444 5008 ambo
1474 4958 1603 5009 ante
1629 4958 1925 5012 Dominum

273 5040 429 5111 (Luc.
459 5057 501 5111 1,
531 5041 610 5113 6).
642 5042 755 5097 Sed
778 5042 918 5114 quia
945 5045 1174 5114 poterat
1201 5041 1275 5097 ad
1307 5041 1429 5097 haec
1445 5040 1661 5113 aliquis
1683 5043 1875 5100 dicere
1905 5061 1919 5100 :

271 5128 573 5192 Quomodo
602 5130 772 5200 dicis,
804 5130 1103 5203 Apostole,
1136 5147 1250 5187 non
1276 5130 1591 5202 justiﬁcari
1623 5131 1923 5188 hominem

266 5231 344 5271 ex
361 5215 637 5287 operibus
657 5217 826 5290 legis,
846 5235 980 5274 cum
1002 5225 1290 5293 praecepta
1309 5220 1458 5293 legis
1479 5220 1683 5276 eadem
1705 5220 1844 5289 sint,
1868 5226 1926 5276 et

271 5303 621 5365 Evangelii?
651 5306 871 5361 Idcirco
920 5308 1226 5377 subjunxit
1257 5325 1271 5363 :
1301 5315 1410 5365 Per
1441 5309 1613 5378 legem
1659 5311 1808 5364 enim
1837 5326 1922 5366 co-

270 5393 446 5462 gnitio
474 5396 709 5465 peccati,
738 5394 1110 5465 subauditur,
1143 5397 1228 5452 ﬁt.
1262 5398 1369 5453 Ubi
1401 5399 1749 5469 notandum,
1785 5398 1925 5471 quia

367 5712 491 5785 155)
521 5712 584 5785 Id
617 5712 705 5768 est
730 5712 1138 5785 perfectionem,

368 5641 493 5715 15:1)
522 5640 702 5715 _V_ulg.
737 5642 1006 5709 Quoniam
1033 5659 1385 5715 quaecunque.

368 5642 467 5695 154
526 5642 702 5713 Vulg.
737 5642 1006 5709 Quoniam
1033 5659 1385 5715 quaecunque.

343 5642 493 5859 $155;
521 5712 584 5767 Id
617 5717 705 5768 est
730 5715 1138 5785 perfectionem,

340 5784 470 5857 (156
521 5784 586 5842 In
617 5789 846 5859 autogr.
879 5787 1400 5860 concupiscentiam.

2034 4775 2258 4831 scilicet
2304 4781 2546 4832 naturas.
2599 4776 2908 4832 Secundus
2955 4780 3088 4848 post
3131 4776 3321 4849 legem
3370 4776 3591 4845 datam,
3625 4777 3691 4833 in

2022 4864 2160 4936 lege
2182 4865 2389 4937 Moysi.
2417 4864 2646 4921 Tertius
2668 4866 2780 4920 sub
2822 4865 3030 4937 gratia,
3051 4864 3322 4921 videlicet
3342 4866 3401 4920 in
3432 4869 3694 4939 Evange-

2032 4953 2130 5011 lio.
2154 4956 2408 5019 Quartus
2437 4955 2548 5010 sub
2573 4970 2734 5026 pace,
2763 4954 2921 5026 quod
2941 4954 3054 5009 erit
3082 4954 3142 5009 in
3165 4954 3386 5011 futuro.
3408 4954 3471 5009 In
3492 4954 3691 5027 primo

2030 5042 2326 5098 trahimur
2352 5042 2574 5098 carnali
2596 5042 3093 5115 concupiscentia,
3115 5045 3173 5099 et
3186 5044 3525 5115 sequimur;
3546 5045 3694 5116 quia

2031 5147 2148 5186 non
2180 5131 2354 5187 modo
2386 5146 2721 5203 peccamus,
2747 5132 2848 5188 sed
2869 5132 3047 5188 etiam
3070 5136 3373 5205 peccatum
3395 5133 3688 5205 approba-

2031 5236 2166 5277 mus
2200 5235 2213 5275 :
2248 5220 2527 5291 quoniam
2550 5220 2895 5293 ignorantiae
2921 5222 3180 5277 tenebris
3211 5221 3428 5289 siccati,
3449 5224 3690 5279 tantum

2026 5307 2343 5364 carnaliter
2386 5309 2659 5365 vivimus.
2709 5312 2773 5365 In
2821 5311 3083 5366 secundo
3122 5314 3319 5367 autem
3387 5310 3691 5367 trahimur

2030 5397 2355 5469 quidem,et
2378 5397 2713 5470 sequimur;
2738 5398 2840 5455 sed
2866 5398 3463 5473 cognoscimus,quod
3486 5402 3689 5457 tamen

2103 5646 2251 5724 (157)
2282 5645 2919 5724 Mendavcrisimiliter
2947 5651 3057 5716 est,
3085 5652 3143 5705 et
3186 5648 3543 5722 precipiendo
3574 5649 3692 5724 legi

2031 5718 2221 5789 magis
2253 5717 2542 5789 congruit.

2101 5790 2250 5862 (158)
2281 5790 2591 5864 Perperam
2623 5790 2733 5851 hoc
2760 5790 3005 5855 verbum
3034 5791 3351 5866 repetitum
3378 5792 3635 5853 videtur.
