  <div class='ocr_page' id='page_1' title='image "/cluster/home/n/w/nwhite01/storage/ocr_20150623/134-135/uc1.31175013627537/088.png"; bbox 0 0 3946 6422; ppageno 0'>
   <div class='ocr_carea' id='block_1_1' title="bbox 154 440 254 527">
    <p class='ocr_par' dir='ltr' id='par_1_1' title="bbox 154 440 254 527">
     <span class='ocr_line' id='line_1_1' title="bbox 154 440 254 527; baseline 0 -28"><span class='ocrx_word' id='word_1_1' title='bbox 154 440 254 527; x_wconf 81' lang='grc'>161</span> 
     </span>
    </p>
   </div>
   <div class='ocr_carea' id='block_1_2' title="bbox 726 431 2962 499">
    <p class='ocr_par' dir='ltr' id='par_1_2' title="bbox 726 431 2962 499">
     <span class='ocr_line' id='line_1_2' title="bbox 726 431 2962 499; baseline 0.002 -6"><span class='ocrx_word' id='word_1_2' title='bbox 726 431 1148 495; x_wconf 84' lang='lat' dir='ltr'>EXPOSITIO</span> <span class='ocrx_word' id='word_1_3' title='bbox 1193 435 1271 495; x_wconf 88' lang='lat' dir='ltr'>IN</span> <span class='ocrx_word' id='word_1_4' title='bbox 1318 433 1747 496; x_wconf 83' lang='lat' dir='ltr'>EPISTOLAS</span> <span class='ocrx_word' id='word_1_5' title='bbox 1794 433 2051 497; x_wconf 82' lang='lat' dir='ltr'>PAULI.</span> <span class='ocrx_word' id='word_1_6' title='bbox 2082 466 2159 477; x_wconf 91' lang='lat'><strong>—</strong></span> <span class='ocrx_word' id='word_1_7' title='bbox 2199 435 2277 494; x_wconf 82' lang='grc' dir='ltr'>ΙΝ</span> <span class='ocrx_word' id='word_1_8' title='bbox 2323 434 2575 497; x_wconf 86' lang='lat' dir='ltr'>EPIST.</span> <span class='ocrx_word' id='word_1_9' title='bbox 2624 438 2727 496; x_wconf 85' lang='lat' dir='ltr'>AD</span> <span class='ocrx_word' id='word_1_10' title='bbox 2774 437 2962 499; x_wconf 82' lang='lat' dir='ltr'>ROM.</span> 
     </span>
    </p>
   </div>
   <div class='ocr_carea' id='block_1_3' title="bbox 3440 442 3557 505">
    <p class='ocr_par' dir='ltr' id='par_1_3' title="bbox 3440 442 3557 505">
     <span class='ocr_line' id='line_1_3' title="bbox 3440 442 3557 505; baseline 0.043 -5"><span class='ocrx_word' id='word_1_11' title='bbox 3440 442 3557 505; x_wconf 66' lang='lat'>16%</span> 
     </span>
    </p>
   </div>
   <div class='ocr_carea' id='block_1_4' title="bbox 152 566 3559 639">
    <p class='ocr_par' dir='ltr' id='par_1_4' title="bbox 152 566 3559 639">
     <span class='ocr_line' id='line_1_4' title="bbox 152 566 3559 639; baseline 0.001 -12"><span class='ocrx_word' id='word_1_12' title='bbox 152 572 314 629; x_wconf 88' lang='lat' dir='ltr'>vitare</span> <span class='ocrx_word' id='word_1_13' title='bbox 342 583 458 624; x_wconf 89' lang='lat' dir='ltr'>non</span> <span class='ocrx_word' id='word_1_14' title='bbox 479 582 803 639; x_wconf 83' lang='lat' dir='ltr'>possumus</span> <span class='ocrx_word' id='word_1_15' title='bbox 837 584 853 635; x_wconf 85' lang='lat'><strong>;</strong></span> <span class='ocrx_word' id='word_1_16' title='bbox 885 566 1190 637; x_wconf 83' lang='lat' dir='ltr'>quoniam,</span> <span class='ocrx_word' id='word_1_17' title='bbox 1223 582 1358 623; x_wconf 89' lang='lat' dir='ltr'>cum</span> <span class='ocrx_word' id='word_1_18' title='bbox 1390 566 1540 639; x_wconf 84' lang='lat'>(159)</span> <span class='ocrx_word' id='word_1_19' title='bbox 1568 582 1781 623; x_wconf 87' lang='lat' dir='ltr'>secun-</span> <span class='ocrx_word' id='word_1_20' title='bbox 1808 567 1867 634; x_wconf 83' lang='grc' dir='ltr'><strong>Α</strong></span> <span class='ocrx_word' id='word_1_21' title='bbox 1891 566 2063 636; x_wconf 82' lang='lat' dir='ltr'>guine</span> <span class='ocrx_word' id='word_1_22' title='bbox 2086 566 2238 637; x_wconf 78' lang='grc'>(164)</span> <span class='ocrx_word' id='word_1_23' title='bbox 2277 568 2418 638; x_wconf 86' lang='lat' dir='ltr'>Agni</span> <span class='ocrx_word' id='word_1_24' title='bbox 2471 569 2895 625; x_wconf 63' lang='lat' dir='ltr'>incontaminati</span> <span class='ocrx_word' id='word_1_25' title='bbox 2921 574 2977 626; x_wconf 90' lang='lat' dir='ltr'>et</span> <span class='ocrx_word' id='word_1_26' title='bbox 3004 570 3354 629; x_wconf 83' lang='lat' dir='ltr'>immaculati</span> <span class='ocrx_word' id='word_1_27' title='bbox 3396 574 3559 631; x_wconf 88' lang='lat' dir='ltr'>Iesus</span> 
     </span>
    </p>
   </div>
   <div class='ocr_carea' id='block_1_5' title="bbox 154 654 1792 730">
    <p class='ocr_par' dir='ltr' id='par_1_5' title="bbox 154 654 1792 730">
     <span class='ocr_line' id='line_1_5' title="bbox 154 654 1792 730; baseline -0.004 -12"><span class='ocrx_word' id='word_1_28' title='bbox 154 662 277 718; x_wconf 89' lang='lat' dir='ltr'>dum</span> <span class='ocrx_word' id='word_1_29' title='bbox 307 658 494 730; x_wconf 83' lang='lat' dir='ltr'>legem</span> <span class='ocrx_word' id='word_1_30' title='bbox 526 654 719 711; x_wconf 80' lang='lat' dir='ltr'><strong>vivere</strong></span> <span class='ocrx_word' id='word_1_31' title='bbox 747 654 1044 727; x_wconf 89' lang='lat' dir='ltr'>volumus,</span> <span class='ocrx_word' id='word_1_32' title='bbox 1075 655 1421 714; x_wconf 90' lang='lat' dir='ltr'>inﬁrmitate</span> <span class='ocrx_word' id='word_1_33' title='bbox 1457 655 1792 712; x_wconf 91' lang='lat' dir='ltr'>succumbi-</span> 
     </span>
    </p>
   </div>
   <div class='ocr_carea' id='block_1_6' title="bbox 156 744 1793 818">
    <p class='ocr_par' dir='ltr' id='par_1_6' title="bbox 156 744 1793 818">
     <span class='ocr_line' id='line_1_6' title="bbox 156 744 1793 818; baseline -0.001 -13"><span class='ocrx_word' id='word_1_34' title='bbox 156 764 273 805; x_wconf 88' lang='lat' dir='ltr'>mus</span> <span class='ocrx_word' id='word_1_35' title='bbox 302 745 469 818; x_wconf 89' lang='lat'>(160).</span> <span class='ocrx_word' id='word_1_36' title='bbox 502 744 574 801; x_wconf 88' lang='lat' dir='ltr'>Et</span> <span class='ocrx_word' id='word_1_37' title='bbox 605 747 772 801; x_wconf 87' lang='lat' dir='ltr'>tanto</span> <span class='ocrx_word' id='word_1_38' title='bbox 802 744 994 817; x_wconf 88' lang='lat' dir='ltr'>magis</span> <span class='ocrx_word' id='word_1_39' title='bbox 1024 744 1319 816; x_wconf 81' lang='lat' dir='ltr'>dolemus,</span> <span class='ocrx_word' id='word_1_40' title='bbox 1355 755 1601 817; x_wconf 89' lang='lat' dir='ltr'>quanto,</span> <span class='ocrx_word' id='word_1_41' title='bbox 1636 744 1793 817; x_wconf 89' lang='lat' dir='ltr'>quod</span> 
     </span>
    </p>
   </div>
   <div class='ocr_carea' id='block_1_7' title="bbox 154 833 1793 907">
    <p class='ocr_par' dir='ltr' id='par_1_7' title="bbox 154 833 1793 907">
     <span class='ocr_line' id='line_1_7' title="bbox 154 833 1793 907; baseline -0.003 -14"><span class='ocrx_word' id='word_1_42' title='bbox 154 835 441 894; x_wconf 84' lang='lat' dir='ltr'>vitandum</span> <span class='ocrx_word' id='word_1_43' title='bbox 472 838 586 906; x_wconf 87' lang='lat' dir='ltr'>est,</span> <span class='ocrx_word' id='word_1_44' title='bbox 618 833 1192 907; x_wconf 85' lang='lat' dir='ltr'>agnoscimus,quod</span> <span class='ocrx_word' id='word_1_45' title='bbox 1223 834 1406 890; x_wconf 88' lang='lat' dir='ltr'>vitare</span> <span class='ocrx_word' id='word_1_46' title='bbox 1435 850 1553 890; x_wconf 90' lang='lat' dir='ltr'>non</span> <span class='ocrx_word' id='word_1_47' title='bbox 1583 850 1793 905; x_wconf 88' lang='lat' dir='ltr'>possu-</span> 
     </span>
    </p>
   </div>
   <div class='ocr_carea' id='block_1_8' title="bbox 1913 656 2596 713">
    <p class='ocr_par' dir='ltr' id='par_1_8' title="bbox 1913 656 2596 713">
     <span class='ocr_line' id='line_1_8' title="bbox 1913 656 2596 713; baseline 0.003 -2"><span class='ocrx_word' id='word_1_48' title='bbox 1913 656 2123 711; x_wconf 86' lang='lat' dir='ltr'>Christi</span> <span class='ocrx_word' id='word_1_49' title='bbox 2152 658 2370 712; x_wconf 79' lang='lat' dir='ltr'>Domini</span> <span class='ocrx_word' id='word_1_50' title='bbox 2399 660 2596 713; x_wconf 84' lang='lat' dir='ltr'>nostri.</span> 
     </span>
    </p>
   </div>
   <div class='ocr_carea' id='block_1_9' title="bbox 1977 744 3559 823">
    <p class='ocr_par' dir='ltr' id='par_1_9' title="bbox 1977 744 3559 823">
     <span class='ocr_line' id='line_1_9' title="bbox 1977 744 3559 823; baseline 0.006 -25"><span class='ocrx_word' id='word_1_51' title='bbox 1977 744 2255 816; x_wconf 74' lang='lat' dir='ltr'>Sequitur</span> <span class='ocrx_word' id='word_1_52' title='bbox 2286 761 2299 800; x_wconf 93' lang='lat'>:</span> <span class='ocrx_word' id='word_1_53' title='bbox 2335 746 2504 815; x_wconf 84' lang='lat' dir='ltr'>Quem</span> <span class='ocrx_word' id='word_1_54' title='bbox 2528 749 2813 819; x_wconf 77' lang='lat' dir='ltr'>proposuit</span> <span class='ocrx_word' id='word_1_55' title='bbox 2837 753 2981 804; x_wconf 89' lang='lat' dir='ltr'>Deus</span> <span class='ocrx_word' id='word_1_56' title='bbox 3000 750 3449 820; x_wconf 80' lang='lat' dir='ltr'>propitiationem</span> <span class='ocrx_word' id='word_1_57' title='bbox 3459 768 3559 823; x_wconf 90' lang='lat' dir='ltr'>per</span> 
     </span>
    </p>
   </div>
   <div class='ocr_carea' id='block_1_10' title="bbox 1904 834 3561 913">
    <p class='ocr_par' dir='ltr' id='par_1_10' title="bbox 1904 834 3561 913">
     <span class='ocr_line' id='line_1_10' title="bbox 1904 834 3561 913; baseline 0.006 -25"><span class='ocrx_word' id='word_1_58' title='bbox 1904 834 2066 904; x_wconf 78' lang='lat' dir='ltr'>ﬁdem</span> <span class='ocrx_word' id='word_1_59' title='bbox 2096 835 2152 889; x_wconf 90' lang='lat' dir='ltr'>in</span> <span class='ocrx_word' id='word_1_60' title='bbox 2184 837 2454 906; x_wconf 74' lang='lat' dir='ltr'>sanguine</span> <span class='ocrx_word' id='word_1_61' title='bbox 2474 836 2666 907; x_wconf 84' lang='lat' dir='ltr'>ipsius.</span> <span class='ocrx_word' id='word_1_62' title='bbox 2685 837 2839 893; x_wconf 83' lang='lat' dir='ltr'>Deus</span> <span class='ocrx_word' id='word_1_63' title='bbox 2860 843 3026 910; x_wconf 91' lang='lat' dir='ltr'>pater</span> <span class='ocrx_word' id='word_1_64' title='bbox 3052 838 3263 895; x_wconf 88' lang='lat' dir='ltr'>Filium</span> <span class='ocrx_word' id='word_1_65' title='bbox 3278 840 3561 913; x_wconf 86' lang='lat' dir='ltr'>propitia-</span> 
     </span>
    </p>
   </div>
   <div class='ocr_carea' id='block_1_11' title="bbox 159 922 3558 1001">
    <p class='ocr_par' dir='ltr' id='par_1_11' title="bbox 159 922 3558 1001">
     <span class='ocr_line' id='line_1_11' title="bbox 159 922 3558 1001; baseline 0.001 -17"><span class='ocrx_word' id='word_1_66' title='bbox 159 944 295 984; x_wconf 87' lang='lat' dir='ltr'>mus.</span> <span class='ocrx_word' id='word_1_67' title='bbox 324 926 388 982; x_wconf 91' lang='lat' dir='ltr'>In</span> <span class='ocrx_word' id='word_1_68' title='bbox 411 923 594 981; x_wconf 88' lang='lat' dir='ltr'>tertio</span> <span class='ocrx_word' id='word_1_69' title='bbox 624 939 785 992; x_wconf 89' lang='lat' dir='ltr'>vero,</span> <span class='ocrx_word' id='word_1_70' title='bbox 814 922 873 977; x_wconf 91' lang='lat' dir='ltr'>id</span> <span class='ocrx_word' id='word_1_71' title='bbox 903 926 1016 989; x_wconf 87' lang='lat' dir='ltr'>est,</span> <span class='ocrx_word' id='word_1_72' title='bbox 1049 922 1107 979; x_wconf 88' lang='lat' dir='ltr'>in</span> <span class='ocrx_word' id='word_1_73' title='bbox 1141 923 1332 997; x_wconf 88' lang='lat' dir='ltr'>gratia</span> <span class='ocrx_word' id='word_1_74' title='bbox 1360 922 1796 995; x_wconf 83' lang='lat' dir='ltr'>Evangelii,nec</span> <span class='ocrx_word' id='word_1_75' title='bbox 1904 923 2125 978; x_wconf 80' lang='lat' dir='ltr'>tionem</span> <span class='ocrx_word' id='word_1_76' title='bbox 2154 924 2621 996; x_wconf 79' lang='lat' dir='ltr'>proposuit.cum</span> <span class='ocrx_word' id='word_1_77' title='bbox 2651 942 2789 982; x_wconf 88' lang='lat' dir='ltr'>eum</span> <span class='ocrx_word' id='word_1_78' title='bbox 2818 932 2953 983; x_wconf 90' lang='lat' dir='ltr'>ante</span> <span class='ocrx_word' id='word_1_79' title='bbox 2969 927 3185 985; x_wconf 80' lang='lat' dir='ltr'>saecula</span> <span class='ocrx_word' id='word_1_80' title='bbox 3201 946 3307 1001; x_wconf 90' lang='lat' dir='ltr'>pro</span> <span class='ocrx_word' id='word_1_81' title='bbox 3327 932 3558 986; x_wconf 83' lang='lat' dir='ltr'>redem-</span> 
     </span>
    </p>
   </div>
   <div class='ocr_carea' id='block_1_12' title="bbox 159 1011 1794 1091">
    <p class='ocr_par' dir='ltr' id='par_1_12' title="bbox 159 1011 1794 1091">
     <span class='ocr_line' id='line_1_12' title="bbox 159 1011 1794 1091; baseline -0.004 -17"><span class='ocrx_word' id='word_1_82' title='bbox 159 1016 454 1083; x_wconf 87' lang='lat' dir='ltr'>trahimur,</span> <span class='ocrx_word' id='word_1_83' title='bbox 488 1030 596 1071; x_wconf 91' lang='lat' dir='ltr'>nec</span> <span class='ocrx_word' id='word_1_84' title='bbox 639 1011 991 1084; x_wconf 82' lang='lat' dir='ltr'>sequimur;</span> <span class='ocrx_word' id='word_1_85' title='bbox 1024 1014 1129 1091; x_wconf 85' lang='lat' dir='ltr'>sed</span> <span class='ocrx_word' id='word_1_86' title='bbox 1191 1017 1524 1086; x_wconf 81' lang='lat' dir='ltr'>pugnantes</span> <span class='ocrx_word' id='word_1_87' title='bbox 1580 1029 1794 1069; x_wconf 90' lang='lat' dir='ltr'>concu-</span> 
     </span>
    </p>
   </div>
   <div class='ocr_carea' id='block_1_13' title="bbox 158 1101 1800 1181">
    <p class='ocr_par' dir='ltr' id='par_1_13' title="bbox 158 1101 1800 1181">
     <span class='ocr_line' id='line_1_13' title="bbox 158 1101 1800 1181; baseline -0.004 -19"><span class='ocrx_word' id='word_1_88' title='bbox 158 1104 453 1181; x_wconf 87' lang='lat' dir='ltr'>piscentiis</span> <span class='ocrx_word' id='word_1_89' title='bbox 472 1102 674 1160; x_wconf 88' lang='lat' dir='ltr'>carnis</span> <span class='ocrx_word' id='word_1_90' title='bbox 686 1101 1023 1159; x_wconf 80' lang='lat' dir='ltr'>resistimus</span> <span class='ocrx_word' id='word_1_91' title='bbox 1039 1118 1052 1158; x_wconf 88' lang='lat'><strong>:</strong></span> <span class='ocrx_word' id='word_1_92' title='bbox 1070 1101 1272 1174; x_wconf 88' lang='lat' dir='ltr'>et,nisi</span> <span class='ocrx_word' id='word_1_93' title='bbox 1301 1106 1509 1174; x_wconf 86' lang='lat' dir='ltr'>sponte</span> <span class='ocrx_word' id='word_1_94' title='bbox 1529 1116 1800 1158; x_wconf 88' lang='lat' dir='ltr'>succum-</span> 
     </span>
    </p>
   </div>
   <div class='ocr_carea' id='block_1_14' title="bbox 159 1184 1799 1265">
    <p class='ocr_par' dir='ltr' id='par_1_14' title="bbox 159 1184 1799 1265">
     <span class='ocr_line' id='line_1_14' title="bbox 159 1184 1799 1265; baseline -0.003 -14"><span class='ocrx_word' id='word_1_95' title='bbox 159 1194 376 1258; x_wconf 89' lang='lat' dir='ltr'>bamus.</span> <span class='ocrx_word' id='word_1_96' title='bbox 407 1191 612 1249; x_wconf 88' lang='lat' dir='ltr'>divina</span> <span class='ocrx_word' id='word_1_97' title='bbox 639 1184 832 1265; x_wconf 85' lang='lat' dir='ltr'>gratia</span> <span class='ocrx_word' id='word_1_98' title='bbox 877 1189 1064 1262; x_wconf 90' lang='lat' dir='ltr'>adjuti</span> <span class='ocrx_word' id='word_1_99' title='bbox 1113 1207 1468 1264; x_wconf 82' lang='lat' dir='ltr'>superamus</span> <span class='ocrx_word' id='word_1_100' title='bbox 1506 1190 1698 1263; x_wconf 78' lang='grc'>’(161).</span> <span class='ocrx_word' id='word_1_101' title='bbox 1732 1190 1799 1246; x_wconf 87' lang='lat' dir='ltr'>In</span> 
     </span>
    </p>
   </div>
   <div class='ocr_carea' id='block_1_15' title="bbox 156 1277 1800 1357">
    <p class='ocr_par' dir='ltr' id='par_1_15' title="bbox 156 1277 1800 1357">
     <span class='ocr_line' id='line_1_15' title="bbox 156 1277 1800 1357; baseline -0.004 -17"><span class='ocrx_word' id='word_1_102' title='bbox 156 1288 344 1357; x_wconf 87' lang='lat' dir='ltr'>quarto</span> <span class='ocrx_word' id='word_1_103' title='bbox 372 1296 512 1339; x_wconf 89' lang='lat' dir='ltr'>vero</span> <span class='ocrx_word' id='word_1_104' title='bbox 543 1277 778 1337; x_wconf 91' lang='lat' dir='ltr'>nullum</span> <span class='ocrx_word' id='word_1_105' title='bbox 809 1295 947 1337; x_wconf 89' lang='lat' dir='ltr'>cum</span> <span class='ocrx_word' id='word_1_106' title='bbox 978 1278 1136 1337; x_wconf 86' lang='lat' dir='ltr'>vitiis</span> <span class='ocrx_word' id='word_1_107' title='bbox 1166 1278 1277 1336; x_wconf 90' lang='lat' dir='ltr'>erit</span> <span class='ocrx_word' id='word_1_108' title='bbox 1330 1284 1648 1347; x_wconf 77' lang='lat' dir='ltr'>certamen,</span> <span class='ocrx_word' id='word_1_109' title='bbox 1695 1278 1800 1335; x_wconf 89' lang='lat' dir='ltr'>sed</span> 
     </span>
    </p>
   </div>
   <div class='ocr_carea' id='block_1_16' title="bbox 156 1368 1803 1443">
    <p class='ocr_par' dir='ltr' id='par_1_16' title="bbox 156 1368 1803 1443">
     <span class='ocr_line' id='line_1_16' title="bbox 156 1368 1803 1443; baseline -0.003 -14"><span class='ocrx_word' id='word_1_110' title='bbox 156 1377 314 1429; x_wconf 89' lang='lat' dir='ltr'>erunt</span> <span class='ocrx_word' id='word_1_111' title='bbox 340 1370 619 1428; x_wconf 83' lang='lat' dir='ltr'>homines</span> <span class='ocrx_word' id='word_1_112' title='bbox 648 1368 767 1426; x_wconf 77' lang='lat' dir='ltr'>Dee</span> <span class='ocrx_word' id='word_1_113' title='bbox 795 1373 854 1425; x_wconf 89' lang='lat' dir='ltr'>et</span> <span class='ocrx_word' id='word_1_114' title='bbox 884 1368 1109 1443; x_wconf 81' lang='lat' dir='ltr'>angelis</span> <span class='ocrx_word' id='word_1_115' title='bbox 1138 1368 1514 1425; x_wconf 88' lang='lat' dir='ltr'>similes.Sub</span> <span class='ocrx_word' id='word_1_116' title='bbox 1549 1368 1643 1424; x_wconf 91' lang='lat' dir='ltr'>his</span> <span class='ocrx_word' id='word_1_117' title='bbox 1673 1385 1803 1440; x_wconf 87' lang='lat' dir='ltr'>gra-</span> 
     </span>
    </p>
   </div>
   <div class='ocr_carea' id='block_1_17' title="bbox 159 1448 1800 1533">
    <p class='ocr_par' dir='ltr' id='par_1_17' title="bbox 159 1448 1800 1533">
     <span class='ocr_line' id='line_1_17' title="bbox 159 1448 1800 1533; baseline -0.002 -17"><span class='ocrx_word' id='word_1_118' title='bbox 159 1461 316 1518; x_wconf 87' lang='lat' dir='ltr'>dibus</span> <span class='ocrx_word' id='word_1_119' title='bbox 347 1458 604 1533; x_wconf 86' lang='lat' dir='ltr'>populus</span> <span class='ocrx_word' id='word_1_120' title='bbox 639 1448 737 1515; x_wconf 85' lang='lat' dir='ltr'>Dei</span> <span class='ocrx_word' id='word_1_121' title='bbox 764 1475 868 1530; x_wconf 88' lang='lat' dir='ltr'>per</span> <span class='ocrx_word' id='word_1_122' title='bbox 915 1457 1225 1515; x_wconf 88' lang='lat' dir='ltr'>intervalla</span> <span class='ocrx_word' id='word_1_123' title='bbox 1274 1463 1609 1531; x_wconf 84' lang='lat' dir='ltr'>temporum</span> <span class='ocrx_word' id='word_1_124' title='bbox 1668 1458 1800 1513; x_wconf 84' lang='lat' dir='ltr'>fuit.</span> 
     </span>
    </p>
   </div>
   <div class='ocr_carea' id='block_1_18' title="bbox 155 1546 1800 1621">
    <p class='ocr_par' dir='ltr' id='par_1_18' title="bbox 155 1546 1800 1621">
     <span class='ocr_line' id='line_1_18' title="bbox 155 1546 1800 1621; baseline -0.004 -13"><span class='ocrx_word' id='word_1_125' title='bbox 155 1550 480 1608; x_wconf 81' lang='lat' dir='ltr'>Notandum</span> <span class='ocrx_word' id='word_1_126' title='bbox 511 1564 768 1621; x_wconf 87' lang='lat' dir='ltr'>quoque,</span> <span class='ocrx_word' id='word_1_127' title='bbox 802 1547 943 1619; x_wconf 89' lang='lat' dir='ltr'>quia</span> <span class='ocrx_word' id='word_1_128' title='bbox 969 1546 1285 1620; x_wconf 87' lang='lat' dir='ltr'>Apostolus</span> <span class='ocrx_word' id='word_1_129' title='bbox 1318 1564 1434 1602; x_wconf 88' lang='lat' dir='ltr'>non</span> <span class='ocrx_word' id='word_1_130' title='bbox 1464 1546 1800 1602; x_wconf 88' lang='lat' dir='ltr'>destruitli-</span> 
     </span>
    </p>
   </div>
   <div class='ocr_carea' id='block_1_19' title="bbox 157 1635 1803 1709">
    <p class='ocr_par' dir='ltr' id='par_1_19' title="bbox 157 1635 1803 1709">
     <span class='ocr_line' id='line_1_19' title="bbox 157 1635 1803 1709; baseline -0.004 -13"><span class='ocrx_word' id='word_1_131' title='bbox 157 1641 350 1699; x_wconf 66' lang='lat' dir='ltr'>barum</span> <span class='ocrx_word' id='word_1_132' title='bbox 380 1636 722 1707; x_wconf 83' lang='lat' dir='ltr'>arbitrium,</span> <span class='ocrx_word' id='word_1_133' title='bbox 756 1635 912 1709; x_wconf 89' lang='lat' dir='ltr'>quod</span> <span class='ocrx_word' id='word_1_134' title='bbox 943 1636 1136 1708; x_wconf 90' lang='lat' dir='ltr'>primo</span> <span class='ocrx_word' id='word_1_135' title='bbox 1182 1635 1407 1692; x_wconf 90' lang='lat' dir='ltr'>homini</span> <span class='ocrx_word' id='word_1_136' title='bbox 1456 1651 1803 1692; x_wconf 88' lang='lat' dir='ltr'>concessum</span> 
     </span>
    </p>
   </div>
   <div class='ocr_carea' id='block_1_20' title="bbox 157 1722 1805 1799">
    <p class='ocr_par' dir='ltr' id='par_1_20' title="bbox 157 1722 1805 1799">
     <span class='ocr_line' id='line_1_20' title="bbox 157 1722 1805 1799; baseline -0.004 -13"><span class='ocrx_word' id='word_1_137' title='bbox 157 1734 256 1799; x_wconf 88' lang='lat' dir='ltr'>est,</span> <span class='ocrx_word' id='word_1_138' title='bbox 287 1732 375 1796; x_wconf 88' lang='lat' dir='ltr'>ut,</span> <span class='ocrx_word' id='word_1_139' title='bbox 406 1727 462 1785; x_wconf 87' lang='lat' dir='ltr'>si</span> <span class='ocrx_word' id='word_1_140' title='bbox 504 1724 703 1792; x_wconf 86' lang='lat' dir='ltr'>vellet,</span> <span class='ocrx_word' id='word_1_141' title='bbox 760 1741 879 1780; x_wconf 90' lang='lat' dir='ltr'>non</span> <span class='ocrx_word' id='word_1_142' title='bbox 909 1727 1194 1796; x_wconf 90' lang='lat' dir='ltr'>peccaret.</span> <span class='ocrx_word' id='word_1_143' title='bbox 1230 1724 1364 1791; x_wconf 88' lang='lat' dir='ltr'>Sed,</span> <span class='ocrx_word' id='word_1_144' title='bbox 1424 1724 1567 1796; x_wconf 83' lang='lat' dir='ltr'>quia</span> <span class='ocrx_word' id='word_1_145' title='bbox 1619 1722 1805 1779; x_wconf 88' lang='lat' dir='ltr'>semel</span> 
     </span>
    </p>
   </div>
   <div class='ocr_carea' id='block_1_21' title="bbox 157 1812 1803 1886">
    <p class='ocr_par' dir='ltr' id='par_1_21' title="bbox 157 1812 1803 1886">
     <span class='ocr_line' id='line_1_21' title="bbox 157 1812 1803 1886; baseline -0.003 -13"><span class='ocrx_word' id='word_1_146' title='bbox 157 1817 514 1873; x_wconf 79' lang='lat' dir='ltr'>inﬁrmatam</span> <span class='ocrx_word' id='word_1_147' title='bbox 546 1818 656 1886; x_wconf 89' lang='lat' dir='ltr'>est,</span> <span class='ocrx_word' id='word_1_148' title='bbox 684 1813 757 1869; x_wconf 90' lang='lat' dir='ltr'>ad</span> <span class='ocrx_word' id='word_1_149' title='bbox 789 1813 898 1869; x_wconf 91' lang='lat' dir='ltr'>hoc</span> <span class='ocrx_word' id='word_1_150' title='bbox 938 1830 1127 1886; x_wconf 90' lang='lat' dir='ltr'>usque</span> <span class='ocrx_word' id='word_1_151' title='bbox 1184 1812 1465 1886; x_wconf 88' lang='lat' dir='ltr'>pervenit,</span> <span class='ocrx_word' id='word_1_152' title='bbox 1512 1817 1581 1869; x_wconf 89' lang='lat' dir='ltr'>ut</span> <span class='ocrx_word' id='word_1_153' title='bbox 1626 1813 1803 1873; x_wconf 83' lang='lat' dir='ltr'>etiam</span> 
     </span>
    </p>
   </div>
   <div class='ocr_carea' id='block_1_22' title="bbox 158 1902 1884 2003">
    <p class='ocr_par' dir='ltr' id='par_1_22' title="bbox 158 1902 1884 2003">
     <span class='ocr_line' id='line_1_22' title="bbox 158 1902 1884 2003; baseline -0.002 -41"><span class='ocrx_word' id='word_1_154' title='bbox 158 1905 351 1961; x_wconf 88' lang='lat' dir='ltr'>nolens</span> <span class='ocrx_word' id='word_1_155' title='bbox 378 1911 670 1978; x_wconf 87' lang='lat' dir='ltr'>peccaret.</span> <span class='ocrx_word' id='word_1_156' title='bbox 703 1903 873 1959; x_wconf 89' lang='lat' dir='ltr'>Nune</span> <span class='ocrx_word' id='word_1_157' title='bbox 903 1906 1102 1958; x_wconf 87' lang='lat' dir='ltr'>autem</span> <span class='ocrx_word' id='word_1_158' title='bbox 1132 1903 1235 1958; x_wconf 86' lang='lat' dir='ltr'>Dei</span> <span class='ocrx_word' id='word_1_159' title='bbox 1279 1903 1471 1974; x_wconf 85' lang='lat' dir='ltr'>gratia</span> <span class='ocrx_word' id='word_1_160' title='bbox 1500 1902 1582 1959; x_wconf 90' lang='lat' dir='ltr'>ita</span> <span class='ocrx_word' id='word_1_161' title='bbox 1609 1902 1801 1961; x_wconf 87' lang='lat' dir='ltr'>reddi-</span> <span class='ocrx_word' id='word_1_162' title='bbox 1834 1936 1884 2003; x_wconf 76' lang='grc' dir='ltr'><strong>Β</strong></span> 
     </span>
    </p>
   </div>
   <div class='ocr_carea' id='block_1_23' title="bbox 159 1992 1808 2064">
    <p class='ocr_par' dir='ltr' id='par_1_23' title="bbox 159 1992 1808 2064">
     <span class='ocr_line' id='line_1_23' title="bbox 159 1992 1808 2064; baseline -0.003 -12"><span class='ocrx_word' id='word_1_163' title='bbox 159 2001 277 2052; x_wconf 86' lang='lat' dir='ltr'>tum</span> <span class='ocrx_word' id='word_1_164' title='bbox 314 2000 372 2052; x_wconf 92' lang='lat' dir='ltr'>et</span> <span class='ocrx_word' id='word_1_165' title='bbox 401 1993 726 2051; x_wconf 88' lang='lat' dir='ltr'>solidatum</span> <span class='ocrx_word' id='word_1_166' title='bbox 753 1996 864 2060; x_wconf 89' lang='lat' dir='ltr'>est,</span> <span class='ocrx_word' id='word_1_167' title='bbox 900 1996 964 2048; x_wconf 88' lang='lat' dir='ltr'>ut</span> <span class='ocrx_word' id='word_1_168' title='bbox 984 2009 1101 2048; x_wconf 89' lang='lat' dir='ltr'>non</span> <span class='ocrx_word' id='word_1_169' title='bbox 1130 1992 1302 2048; x_wconf 86' lang='lat' dir='ltr'>modo</span> <span class='ocrx_word' id='word_1_170' title='bbox 1333 2009 1448 2047; x_wconf 90' lang='lat' dir='ltr'>non</span> <span class='ocrx_word' id='word_1_171' title='bbox 1496 2008 1808 2064; x_wconf 86' lang='lat' dir='ltr'>peccemus</span> 
     </span>
    </p>
   </div>
   <div class='ocr_carea' id='block_1_24' title="bbox 158 2080 1806 2154">
    <p class='ocr_par' dir='ltr' id='par_1_24' title="bbox 158 2080 1806 2154">
     <span class='ocr_line' id='line_1_24' title="bbox 158 2080 1806 2154; baseline -0.002 -14"><span class='ocrx_word' id='word_1_172' title='bbox 158 2086 251 2142; x_wconf 87' lang='lat' dir='ltr'>sed</span> <span class='ocrx_word' id='word_1_173' title='bbox 284 2084 460 2141; x_wconf 89' lang='lat' dir='ltr'>etiam</span> <span class='ocrx_word' id='word_1_174' title='bbox 494 2084 625 2153; x_wconf 88' lang='lat' dir='ltr'>ejus</span> <span class='ocrx_word' id='word_1_175' title='bbox 654 2081 847 2154; x_wconf 90' lang='lat' dir='ltr'>gratia</span> <span class='ocrx_word' id='word_1_176' title='bbox 868 2080 1254 2153; x_wconf 76' lang='lat' dir='ltr'>praeveniente</span> <span class='ocrx_word' id='word_1_177' title='bbox 1282 2085 1340 2137; x_wconf 89' lang='lat' dir='ltr'>et</span> <span class='ocrx_word' id='word_1_178' title='bbox 1387 2082 1806 2154; x_wconf 86' lang='lat' dir='ltr'>subsequente,</span> 
     </span>
    </p>
   </div>
   <div class='ocr_carea' id='block_1_25' title="bbox 158 2169 1559 2245">
    <p class='ocr_par' dir='ltr' id='par_1_25' title="bbox 158 2169 1559 2245">
     <span class='ocr_line' id='line_1_25' title="bbox 158 2169 1559 2245; baseline -0.004 -14"><span class='ocrx_word' id='word_1_179' title='bbox 158 2174 392 2239; x_wconf 90' lang='lat' dir='ltr'>bonum,</span> <span class='ocrx_word' id='word_1_180' title='bbox 423 2171 584 2245; x_wconf 89' lang='lat' dir='ltr'>quod</span> <span class='ocrx_word' id='word_1_181' title='bbox 616 2169 910 2240; x_wconf 89' lang='lat' dir='ltr'>volumus,</span> <span class='ocrx_word' id='word_1_182' title='bbox 942 2169 1189 2242; x_wconf 89' lang='lat' dir='ltr'>implere</span> <span class='ocrx_word' id='word_1_183' title='bbox 1220 2169 1559 2242; x_wconf 63' lang='lat' dir='ltr'>possimus,</span> 
     </span>
    </p>
   </div>
   <div class='ocr_carea' id='block_1_26' title="bbox 221 2259 1813 2335">
    <p class='ocr_par' dir='ltr' id='par_1_26' title="bbox 221 2259 1813 2335">
     <span class='ocr_line' id='line_1_26' title="bbox 221 2259 1813 2335; baseline -0.003 -17"><span class='ocrx_word' id='word_1_184' title='bbox 221 2261 751 2335; x_wconf 77' lang='lat' dir='ltr'>Sequiturzlustitia</span> <span class='ocrx_word' id='word_1_185' title='bbox 780 2268 970 2319; x_wconf 85' lang='lat' dir='ltr'>autem</span> <span class='ocrx_word' id='word_1_186' title='bbox 1001 2259 1099 2315; x_wconf 85' lang='lat' dir='ltr'>Dei</span> <span class='ocrx_word' id='word_1_187' title='bbox 1120 2275 1224 2332; x_wconf 88' lang='lat' dir='ltr'>per</span> <span class='ocrx_word' id='word_1_188' title='bbox 1242 2259 1415 2328; x_wconf 78' lang='lat' dir='ltr'>ﬁdem</span> <span class='ocrx_word' id='word_1_189' title='bbox 1433 2260 1571 2316; x_wconf 86' lang='lat' dir='ltr'>Iusu</span> <span class='ocrx_word' id='word_1_190' title='bbox 1593 2259 1813 2315; x_wconf 85' lang='lat' dir='ltr'>Christi</span> 
     </span>
    </p>
   </div>
   <div class='ocr_carea' id='block_1_27' title="bbox 155 2347 1810 2424">
    <p class='ocr_par' dir='ltr' id='par_1_27' title="bbox 155 2347 1810 2424">
     <span class='ocr_line' id='line_1_27' title="bbox 155 2347 1810 2424; baseline -0.001 -18"><span class='ocrx_word' id='word_1_191' title='bbox 155 2368 313 2424; x_wconf 76' lang='lat' dir='ltr'>super</span> <span class='ocrx_word' id='word_1_192' title='bbox 338 2365 527 2407; x_wconf 82' lang='lat' dir='ltr'>omnes</span> <span class='ocrx_word' id='word_1_193' title='bbox 558 2349 705 2423; x_wconf 86' lang='lat'>(162)</span> <span class='ocrx_word' id='word_1_194' title='bbox 732 2350 832 2422; x_wconf 85' lang='lat' dir='ltr'>qui</span> <span class='ocrx_word' id='word_1_195' title='bbox 859 2348 1108 2404; x_wconf 88' lang='lat' dir='ltr'>credunt.</span> <span class='ocrx_word' id='word_1_196' title='bbox 1140 2347 1401 2417; x_wconf 88' lang='lat' dir='ltr'>Justitia,</span> <span class='ocrx_word' id='word_1_197' title='bbox 1463 2352 1531 2405; x_wconf 89' lang='lat' dir='ltr'>ut</span> <span class='ocrx_word' id='word_1_198' title='bbox 1585 2349 1810 2404; x_wconf 92' lang='lat' dir='ltr'>dictum</span> 
     </span>
    </p>
   </div>
   <div class='ocr_carea' id='block_1_28' title="bbox 156 2436 1811 2513">
    <p class='ocr_par' dir='ltr' id='par_1_28' title="bbox 156 2436 1811 2513">
     <span class='ocr_line' id='line_1_28' title="bbox 156 2436 1811 2513; baseline -0.004 -16"><span class='ocrx_word' id='word_1_199' title='bbox 156 2445 260 2511; x_wconf 88' lang='lat' dir='ltr'>est,</span> <span class='ocrx_word' id='word_1_200' title='bbox 290 2438 548 2513; x_wconf 86' lang='lat' dir='ltr'>gratiam</span> <span class='ocrx_word' id='word_1_201' title='bbox 577 2441 743 2496; x_wconf 84' lang='lat' dir='ltr'>vocat</span> <span class='ocrx_word' id='word_1_202' title='bbox 782 2455 797 2506; x_wconf 89' lang='lat'><strong>;</strong></span> <span class='ocrx_word' id='word_1_203' title='bbox 828 2437 989 2510; x_wconf 88' lang='lat' dir='ltr'>quia,</span> <span class='ocrx_word' id='word_1_204' title='bbox 1021 2454 1141 2493; x_wconf 90' lang='lat' dir='ltr'>non</span> <span class='ocrx_word' id='word_1_205' title='bbox 1170 2437 1317 2510; x_wconf 90' lang='lat' dir='ltr'>ipse,</span> <span class='ocrx_word' id='word_1_206' title='bbox 1349 2436 1453 2494; x_wconf 91' lang='lat' dir='ltr'>sed</span> <span class='ocrx_word' id='word_1_207' title='bbox 1481 2454 1586 2493; x_wconf 89' lang='lat' dir='ltr'>nos</span> <span class='ocrx_word' id='word_1_208' title='bbox 1610 2436 1811 2511; x_wconf 88' lang='lat' dir='ltr'>justﬁ-</span> 
     </span>
    </p>
   </div>
   <div class='ocr_carea' id='block_1_29' title="bbox 156 2522 1812 2599">
    <p class='ocr_par' dir='ltr' id='par_1_29' title="bbox 156 2522 1812 2599">
     <span class='ocr_line' id='line_1_29' title="bbox 156 2522 1812 2599; baseline -0.002 -14"><span class='ocrx_word' id='word_1_209' title='bbox 156 2522 674 2585; x_wconf 88' lang='lat' dir='ltr'>camur.Similiter</span> <span class='ocrx_word' id='word_1_210' title='bbox 689 2531 746 2583; x_wconf 91' lang='lat' dir='ltr'>et</span> <span class='ocrx_word' id='word_1_211' title='bbox 778 2527 954 2583; x_wconf 88' lang='lat' dir='ltr'>ﬁdem</span> <span class='ocrx_word' id='word_1_212' title='bbox 987 2525 1223 2597; x_wconf 86' lang='lat' dir='ltr'>Christi,</span> <span class='ocrx_word' id='word_1_213' title='bbox 1243 2542 1360 2583; x_wconf 88' lang='lat' dir='ltr'>non</span> <span class='ocrx_word' id='word_1_214' title='bbox 1393 2542 1511 2599; x_wconf 89' lang='lat' dir='ltr'>qua</span> <span class='ocrx_word' id='word_1_215' title='bbox 1540 2525 1812 2583; x_wconf 87' lang='lat' dir='ltr'>Christus</span> 
     </span>
    </p>
   </div>
   <div class='ocr_carea' id='block_1_30' title="bbox 158 2613 1809 2689">
    <p class='ocr_par' dir='ltr' id='par_1_30' title="bbox 158 2613 1809 2689">
     <span class='ocr_line' id='line_1_30' title="bbox 158 2613 1809 2689; baseline -0.002 -16"><span class='ocrx_word' id='word_1_216' title='bbox 158 2617 368 2687; x_wconf 87' lang='lat' dir='ltr'>credit,</span> <span class='ocrx_word' id='word_1_217' title='bbox 419 2616 523 2673; x_wconf 89' lang='lat' dir='ltr'>sed</span> <span class='ocrx_word' id='word_1_218' title='bbox 583 2632 698 2689; x_wconf 88' lang='lat' dir='ltr'>qua</span> <span class='ocrx_word' id='word_1_219' title='bbox 743 2616 1018 2672; x_wconf 86' lang='lat' dir='ltr'>homines</span> <span class='ocrx_word' id='word_1_220' title='bbox 1074 2616 1325 2672; x_wconf 90' lang='lat' dir='ltr'>credunt</span> <span class='ocrx_word' id='word_1_221' title='bbox 1372 2615 1432 2671; x_wconf 90' lang='lat' dir='ltr'>in</span> <span class='ocrx_word' id='word_1_222' title='bbox 1488 2613 1809 2672; x_wconf 88' lang='lat' dir='ltr'>Christum.</span> 
     </span>
    </p>
   </div>
   <div class='ocr_carea' id='block_1_31' title="bbox 157 2703 1816 2780">
    <p class='ocr_par' dir='ltr' id='par_1_31' title="bbox 157 2703 1816 2780">
     <span class='ocr_line' id='line_1_31' title="bbox 157 2703 1816 2780; baseline -0.002 -17"><span class='ocrx_word' id='word_1_223' title='bbox 157 2707 486 2780; x_wconf 90' lang='lat' dir='ltr'>Utrumque</span> <span class='ocrx_word' id='word_1_224' title='bbox 514 2704 699 2779; x_wconf 87' lang='lat' dir='ltr'>igitur</span> <span class='ocrx_word' id='word_1_225' title='bbox 726 2708 996 2762; x_wconf 88' lang='lat' dir='ltr'>nostrum</span> <span class='ocrx_word' id='word_1_226' title='bbox 1018 2709 1127 2773; x_wconf 89' lang='lat' dir='ltr'>est,</span> <span class='ocrx_word' id='word_1_227' title='bbox 1159 2703 1218 2759; x_wconf 90' lang='lat' dir='ltr'>id</span> <span class='ocrx_word' id='word_1_228' title='bbox 1249 2709 1357 2774; x_wconf 89' lang='lat' dir='ltr'>est,</span> <span class='ocrx_word' id='word_1_229' title='bbox 1391 2708 1449 2760; x_wconf 89' lang='lat' dir='ltr'>et</span> <span class='ocrx_word' id='word_1_230' title='bbox 1468 2704 1723 2775; x_wconf 85' lang='lat' dir='ltr'>justitia,</span> <span class='ocrx_word' id='word_1_231' title='bbox 1758 2708 1816 2762; x_wconf 86' lang='lat' dir='ltr'>et</span> 
     </span>
    </p>
   </div>
   <div class='ocr_carea' id='block_1_32' title="bbox 159 2793 1815 2867">
    <p class='ocr_par' dir='ltr' id='par_1_32' title="bbox 159 2793 1815 2867">
     <span class='ocr_line' id='line_1_32' title="bbox 159 2793 1815 2867; baseline -0.001 -17"><span class='ocrx_word' id='word_1_232' title='bbox 159 2795 302 2853; x_wconf 84' lang='lat' dir='ltr'>ﬁdes</span> <span class='ocrx_word' id='word_1_233' title='bbox 335 2813 350 2864; x_wconf 90' lang='lat'><strong>;</strong></span> <span class='ocrx_word' id='word_1_234' title='bbox 384 2795 487 2851; x_wconf 88' lang='lat' dir='ltr'>sed</span> <span class='ocrx_word' id='word_1_235' title='bbox 524 2794 623 2850; x_wconf 89' lang='lat' dir='ltr'>Dei</span> <span class='ocrx_word' id='word_1_236' title='bbox 655 2810 783 2851; x_wconf 90' lang='lat' dir='ltr'>esse</span> <span class='ocrx_word' id='word_1_237' title='bbox 813 2794 1093 2851; x_wconf 90' lang='lat' dir='ltr'>dicuntur</span> <span class='ocrx_word' id='word_1_238' title='bbox 1125 2819 1141 2863; x_wconf 83' lang='lat'><strong>;</strong></span> <span class='ocrx_word' id='word_1_239' title='bbox 1173 2794 1313 2867; x_wconf 85' lang='lat' dir='ltr'>quia</span> <span class='ocrx_word' id='word_1_240' title='bbox 1363 2794 1493 2865; x_wconf 89' lang='lat' dir='ltr'>ejus</span> <span class='ocrx_word' id='word_1_241' title='bbox 1546 2793 1815 2867; x_wconf 87' lang='lat' dir='ltr'>largitate</span> 
     </span>
    </p>
   </div>
   <div class='ocr_carea' id='block_1_33' title="bbox 160 2882 1817 2957">
    <p class='ocr_par' dir='ltr' id='par_1_33' title="bbox 160 2882 1817 2957">
     <span class='ocr_line' id='line_1_33' title="bbox 160 2882 1817 2957; baseline 0 -18"><span class='ocrx_word' id='word_1_242' title='bbox 160 2884 331 2941; x_wconf 90' lang='lat' dir='ltr'>nobis</span> <span class='ocrx_word' id='word_1_243' title='bbox 342 2883 859 2957; x_wconf 87' lang='lat' dir='ltr'>donantur.Super</span> <span class='ocrx_word' id='word_1_244' title='bbox 871 2900 1076 2940; x_wconf 87' lang='lat' dir='ltr'>omnes</span> <span class='ocrx_word' id='word_1_245' title='bbox 1087 2900 1223 2941; x_wconf 88' lang='lat' dir='ltr'>vero</span> <span class='ocrx_word' id='word_1_246' title='bbox 1241 2882 1405 2951; x_wconf 88' lang='lat' dir='ltr'>dicit,</span> <span class='ocrx_word' id='word_1_247' title='bbox 1437 2888 1560 2939; x_wconf 87' lang='lat' dir='ltr'>tam</span> <span class='ocrx_word' id='word_1_248' title='bbox 1578 2884 1817 2940; x_wconf 74' lang='lat' dir='ltr'>Judzsos</span> 
     </span>
    </p>
   </div>
   <div class='ocr_carea' id='block_1_34' title="bbox 159 2971 1813 3047">
    <p class='ocr_par' dir='ltr' id='par_1_34' title="bbox 159 2971 1813 3047">
     <span class='ocr_line' id='line_1_34' title="bbox 159 2971 1813 3047; baseline 0 -18"><span class='ocrx_word' id='word_1_249' title='bbox 159 2990 333 3047; x_wconf 88' lang='lat' dir='ltr'>quam</span> <span class='ocrx_word' id='word_1_250' title='bbox 364 2977 793 3042; x_wconf 59' lang='lat' dir='ltr'>Grzscos,,tam</span> <span class='ocrx_word' id='word_1_251' title='bbox 846 2973 1164 3045; x_wconf 85' lang='lat' dir='ltr'>sapientes,</span> <span class='ocrx_word' id='word_1_252' title='bbox 1217 2986 1393 3044; x_wconf 88' lang='lat' dir='ltr'>quam</span> <span class='ocrx_word' id='word_1_253' title='bbox 1443 2971 1813 3045; x_wconf 87' lang='lat' dir='ltr'>insipientes.</span> 
     </span>
    </p>
   </div>
   <div class='ocr_carea' id='block_1_35' title="bbox 158 3062 1820 3132">
    <p class='ocr_par' dir='ltr' id='par_1_35' title="bbox 158 3062 1820 3132">
     <span class='ocr_line' id='line_1_35' title="bbox 158 3062 1820 3132; baseline -0.001 -14"><span class='ocrx_word' id='word_1_254' title='bbox 158 3062 316 3120; x_wconf 90' lang='lat' dir='ltr'>Unde</span> <span class='ocrx_word' id='word_1_255' title='bbox 348 3080 491 3120; x_wconf 83' lang='lat' dir='ltr'>mox</span> <span class='ocrx_word' id='word_1_256' title='bbox 523 3063 799 3120; x_wconf 88' lang='lat' dir='ltr'>subditur</span> <span class='ocrx_word' id='word_1_257' title='bbox 831 3080 845 3118; x_wconf 87' lang='lat'>:</span> <span class='ocrx_word' id='word_1_258' title='bbox 877 3063 995 3118; x_wconf 83' lang='lat' dir='ltr'>Non</span> <span class='ocrx_word' id='word_1_259' title='bbox 1021 3065 1174 3117; x_wconf 84' lang='lat' dir='ltr'>enim</span> <span class='ocrx_word' id='word_1_260' title='bbox 1193 3066 1269 3117; x_wconf 87' lang='lat' dir='ltr'>est</span> <span class='ocrx_word' id='word_1_261' title='bbox 1284 3062 1589 3132; x_wconf 77' lang='lat' dir='ltr'>distinctio,</span> <span class='ocrx_word' id='word_1_262' title='bbox 1617 3062 1820 3117; x_wconf 92' lang='lat' dir='ltr'>subin-</span> 
     </span>
    </p>
   </div>
   <div class='ocr_carea' id='block_1_36' title="bbox 156 3149 1815 3227">
    <p class='ocr_par' dir='ltr' id='par_1_36' title="bbox 156 3149 1815 3227">
     <span class='ocr_line' id='line_1_36' title="bbox 156 3149 1815 3227; baseline -0.002 -18"><span class='ocrx_word' id='word_1_263' title='bbox 156 3152 464 3227; x_wconf 88' lang='lat' dir='ltr'>telligitur,</span> <span class='ocrx_word' id='word_1_264' title='bbox 494 3152 685 3209; x_wconf 71' lang='lat' dir='ltr'>Judaei</span> <span class='ocrx_word' id='word_1_265' title='bbox 714 3156 773 3211; x_wconf 86' lang='lat' dir='ltr'>et</span> <span class='ocrx_word' id='word_1_266' title='bbox 800 3150 1006 3208; x_wconf 76' lang='lat' dir='ltr'>Graeci.</span> <span class='ocrx_word' id='word_1_267' title='bbox 1037 3152 1155 3207; x_wconf 88' lang='lat' dir='ltr'>Cur</span> <span class='ocrx_word' id='word_1_268' title='bbox 1184 3167 1300 3206; x_wconf 90' lang='lat' dir='ltr'>non</span> <span class='ocrx_word' id='word_1_269' title='bbox 1327 3150 1405 3205; x_wconf 88' lang='lat' dir='ltr'>sit</span> <span class='ocrx_word' id='word_1_270' title='bbox 1459 3149 1815 3220; x_wconf 89' lang='lat' dir='ltr'>disctinctio,</span> 
     </span>
    </p>
   </div>
   <div class='ocr_carea' id='block_1_37' title="bbox 1908 1011 3558 1090">
    <p class='ocr_par' dir='ltr' id='par_1_37' title="bbox 1908 1011 3558 1090">
     <span class='ocr_line' id='line_1_37' title="bbox 1908 1011 3558 1090; baseline 0.006 -25"><span class='ocrx_word' id='word_1_271' title='bbox 1908 1011 2105 1087; x_wconf 89' lang='lat' dir='ltr'>ptione</span> <span class='ocrx_word' id='word_1_272' title='bbox 2136 1011 2383 1068; x_wconf 89' lang='lat' dir='ltr'>humani</span> <span class='ocrx_word' id='word_1_273' title='bbox 2407 1013 2715 1085; x_wconf 89' lang='lat' dir='ltr'>generisin</span> <span class='ocrx_word' id='word_1_274' title='bbox 2748 1016 3039 1072; x_wconf 92' lang='lat' dir='ltr'>mundum</span> <span class='ocrx_word' id='word_1_275' title='bbox 3064 1017 3299 1074; x_wconf 89' lang='lat' dir='ltr'>mittere</span> <span class='ocrx_word' id='word_1_276' title='bbox 3329 1019 3558 1090; x_wconf 65' lang='lat' dir='ltr'>prande-</span> 
     </span>
    </p>
   </div>
   <div class='ocr_carea' id='block_1_38' title="bbox 1908 1099 3589 1179">
    <p class='ocr_par' dir='ltr' id='par_1_38' title="bbox 1908 1099 3589 1179">
     <span class='ocr_line' id='line_1_38' title="bbox 1908 1099 3589 1179; baseline 0.001 -23"><span class='ocrx_word' id='word_1_277' title='bbox 1908 1099 2145 1156; x_wconf 85' lang='lat' dir='ltr'>stinavit</span> <span class='ocrx_word' id='word_1_278' title='bbox 2175 1117 2189 1155; x_wconf 90' lang='lat'><strong>:</strong></span> <span class='ocrx_word' id='word_1_279' title='bbox 2225 1116 2403 1173; x_wconf 87' lang='lat' dir='ltr'>quem</span> <span class='ocrx_word' id='word_1_280' title='bbox 2434 1102 2907 1175; x_wconf 79' lang='lat' dir='ltr'>propitiationem</span> <span class='ocrx_word' id='word_1_281' title='bbox 2958 1104 3113 1175; x_wconf 85' lang='lat' dir='ltr'>fecit,</span> <span class='ocrx_word' id='word_1_282' title='bbox 3145 1121 3282 1161; x_wconf 88' lang='lat' dir='ltr'>cum</span> <span class='ocrx_word' id='word_1_283' title='bbox 3315 1107 3428 1163; x_wconf 87' lang='lat' dir='ltr'>sibi</span> <span class='ocrx_word' id='word_1_284' title='bbox 3459 1124 3589 1179; x_wconf 90' lang='lat' dir='ltr'>pro.</span> 
     </span>
    </p>
   </div>
   <div class='ocr_carea' id='block_1_39' title="bbox 1910 1189 3565 1268">
    <p class='ocr_par' dir='ltr' id='par_1_39' title="bbox 1910 1189 3565 1268">
     <span class='ocr_line' id='line_1_39' title="bbox 1910 1189 3565 1268; baseline 0.004 -23"><span class='ocrx_word' id='word_1_285' title='bbox 1910 1189 2006 1245; x_wconf 89' lang='lat' dir='ltr'>red</span> <span class='ocrx_word' id='word_1_286' title='bbox 2016 1189 2311 1261; x_wconf 89' lang='lat' dir='ltr'>emptione</span> <span class='ocrx_word' id='word_1_287' title='bbox 2330 1189 2637 1246; x_wconf 86' lang='lat' dir='ltr'>hominum</span> <span class='ocrx_word' id='word_1_288' title='bbox 2671 1191 2728 1247; x_wconf 89' lang='lat' dir='ltr'>in</span> <span class='ocrx_word' id='word_1_289' title='bbox 2761 1209 2862 1249; x_wconf 89' lang='lat' dir='ltr'>ara</span> <span class='ocrx_word' id='word_1_290' title='bbox 2885 1193 3077 1250; x_wconf 90' lang='lat' dir='ltr'>crucis</span> <span class='ocrx_word' id='word_1_291' title='bbox 3098 1193 3408 1251; x_wconf 86' lang='lat' dir='ltr'>obtulit.Et</span> <span class='ocrx_word' id='word_1_292' title='bbox 3427 1200 3565 1268; x_wconf 83' lang='lat' dir='ltr'>apte</span> 
     </span>
    </p>
   </div>
   <div class='ocr_carea' id='block_1_40' title="bbox 1909 1276 3566 1357">
    <p class='ocr_par' dir='ltr' id='par_1_40' title="bbox 1909 1276 3566 1357">
     <span class='ocr_line' id='line_1_40' title="bbox 1909 1276 3566 1357; baseline 0.007 -26"><span class='ocrx_word' id='word_1_293' title='bbox 1909 1276 2051 1332; x_wconf 84' lang='lat' dir='ltr'>dicit</span> <span class='ocrx_word' id='word_1_294' title='bbox 2080 1294 2095 1332; x_wconf 88' lang='lat'><strong>:</strong></span> <span class='ocrx_word' id='word_1_295' title='bbox 2128 1279 2193 1332; x_wconf 86' lang='lat' dir='ltr'>In</span> <span class='ocrx_word' id='word_1_296' title='bbox 2211 1280 2485 1348; x_wconf 80' lang='lat' dir='ltr'>sanguine</span> <span class='ocrx_word' id='word_1_297' title='bbox 2514 1281 2825 1350; x_wconf 79' lang='lat' dir='ltr'>ipsius.Pro</span> <span class='ocrx_word' id='word_1_298' title='bbox 2855 1281 3165 1353; x_wconf 87' lang='lat' dir='ltr'>sanguinis</span> <span class='ocrx_word' id='word_1_299' title='bbox 3195 1283 3413 1357; x_wconf 86' lang='lat' dir='ltr'>quippe</span> <span class='ocrx_word' id='word_1_300' title='bbox 3435 1285 3566 1355; x_wconf 86' lang='lat' dir='ltr'>ejus</span> 
     </span>
    </p>
   </div>
   <div class='ocr_carea' id='block_1_41' title="bbox 1916 1365 3564 1440">
    <p class='ocr_par' dir='ltr' id='par_1_41' title="bbox 1916 1365 3564 1440">
     <span class='ocr_line' id='line_1_41' title="bbox 1916 1365 3564 1440; baseline 0.004 -18"><span class='ocrx_word' id='word_1_301' title='bbox 1916 1365 2200 1422; x_wconf 76' lang='lat' dir='ltr'>effusione</span> <span class='ocrx_word' id='word_1_302' title='bbox 2218 1366 2368 1421; x_wconf 87' lang='lat' dir='ltr'>facta</span> <span class='ocrx_word' id='word_1_303' title='bbox 2388 1374 2477 1422; x_wconf 90' lang='lat' dir='ltr'>est</span> <span class='ocrx_word' id='word_1_304' title='bbox 2497 1368 2768 1422; x_wconf 88' lang='lat' dir='ltr'>remissio</span> <span class='ocrx_word' id='word_1_305' title='bbox 2790 1373 3163 1440; x_wconf 89' lang='lat' dir='ltr'>peccatorum</span> <span class='ocrx_word' id='word_1_306' title='bbox 3187 1387 3201 1426; x_wconf 90' lang='lat'><strong>:</strong></span> <span class='ocrx_word' id='word_1_307' title='bbox 3224 1374 3381 1427; x_wconf 90' lang='lat' dir='ltr'>unde</span> <span class='ocrx_word' id='word_1_308' title='bbox 3404 1373 3564 1429; x_wconf 87' lang='lat' dir='ltr'>idem</span> 
     </span>
    </p>
   </div>
   <div class='ocr_carea' id='block_1_42' title="bbox 1910 1454 3566 1529">
    <p class='ocr_par' dir='ltr' id='par_1_42' title="bbox 1910 1454 3566 1529">
     <span class='ocr_line' id='line_1_42' title="bbox 1910 1454 3566 1529; baseline 0.004 -19"><span class='ocrx_word' id='word_1_309' title='bbox 1910 1454 2246 1528; x_wconf 90' lang='lat' dir='ltr'>Apostolus,</span> <span class='ocrx_word' id='word_1_310' title='bbox 2277 1457 2397 1510; x_wconf 85' lang='lat' dir='ltr'>sine</span> <span class='ocrx_word' id='word_1_311' title='bbox 2438 1458 2742 1526; x_wconf 75' lang='lat' dir='ltr'>sanguine,</span> <span class='ocrx_word' id='word_1_312' title='bbox 2774 1456 2988 1529; x_wconf 88' lang='lat' dir='ltr'>inquit,</span> <span class='ocrx_word' id='word_1_313' title='bbox 3046 1474 3157 1514; x_wconf 87' lang='lat' dir='ltr'>non</span> <span class='ocrx_word' id='word_1_314' title='bbox 3185 1460 3250 1529; x_wconf 84' lang='lat' dir='ltr'>ﬁt</span> <span class='ocrx_word' id='word_1_315' title='bbox 3310 1463 3566 1517; x_wconf 78' lang='lat' dir='ltr'>remissio</span> 
     </span>
    </p>
   </div>
   <div class='ocr_carea' id='block_1_43' title="bbox 1913 1543 3565 1617">
    <p class='ocr_par' dir='ltr' id='par_1_43' title="bbox 1913 1543 3565 1617">
     <span class='ocr_line' id='line_1_43' title="bbox 1913 1543 3565 1617; baseline 0.004 -18"><span class='ocrx_word' id='word_1_316' title='bbox 1913 1543 2107 1616; x_wconf 82' lang='lat' dir='ltr'>(llcbr.</span> <span class='ocrx_word' id='word_1_317' title='bbox 2142 1560 2222 1609; x_wconf 77' lang='lat' dir='ltr'>x1,</span> <span class='ocrx_word' id='word_1_318' title='bbox 2252 1544 2363 1616; x_wconf 79' lang='lat'>22).</span> <span class='ocrx_word' id='word_1_319' title='bbox 2399 1543 2545 1600; x_wconf 81' lang='lat' dir='ltr'>Hinc</span> <span class='ocrx_word' id='word_1_320' title='bbox 2573 1549 2681 1613; x_wconf 88' lang='lat' dir='ltr'>est,</span> <span class='ocrx_word' id='word_1_321' title='bbox 2712 1547 2869 1617; x_wconf 90' lang='lat' dir='ltr'>quod</span> <span class='ocrx_word' id='word_1_322' title='bbox 2902 1546 3169 1603; x_wconf 89' lang='lat' dir='ltr'>omnium</span> <span class='ocrx_word' id='word_1_323' title='bbox 3214 1548 3565 1606; x_wconf 86' lang='lat' dir='ltr'>animalium</span> 
     </span>
    </p>
   </div>
   <div class='ocr_carea' id='block_1_44' title="bbox 1914 1632 3566 1711">
    <p class='ocr_par' dir='ltr' id='par_1_44' title="bbox 1914 1632 3566 1711">
     <span class='ocr_line' id='line_1_44' title="bbox 1914 1632 3566 1711; baseline 0.004 -23"><span class='ocrx_word' id='word_1_324' title='bbox 1914 1632 2179 1702; x_wconf 76' lang='lat' dir='ltr'>sanguis,</span> <span class='ocrx_word' id='word_1_325' title='bbox 2210 1650 2341 1705; x_wconf 69' lang='lat' dir='ltr'>qum</span> <span class='ocrx_word' id='word_1_326' title='bbox 2370 1633 2832 1690; x_wconf 86' lang='lat' dir='ltr'>immolabantur</span> <span class='ocrx_word' id='word_1_327' title='bbox 2860 1634 2922 1690; x_wconf 90' lang='lat' dir='ltr'>in</span> <span class='ocrx_word' id='word_1_328' title='bbox 2960 1635 3203 1709; x_wconf 89' lang='lat' dir='ltr'>templo,</span> <span class='ocrx_word' id='word_1_329' title='bbox 3234 1654 3340 1710; x_wconf 88' lang='lat' dir='ltr'>pro</span> <span class='ocrx_word' id='word_1_330' title='bbox 3369 1639 3566 1711; x_wconf 84' lang='lat' dir='ltr'>expia-</span> 
     </span>
    </p>
   </div>
   <div class='ocr_carea' id='block_1_45' title="bbox 1912 1721 3570 1797">
    <p class='ocr_par' dir='ltr' id='par_1_45' title="bbox 1912 1721 3570 1797">
     <span class='ocr_line' id='line_1_45' title="bbox 1912 1721 3570 1797; baseline 0.004 -20"><span class='ocrx_word' id='word_1_331' title='bbox 1912 1722 2071 1777; x_wconf 88' lang='lat' dir='ltr'>tione</span> <span class='ocrx_word' id='word_1_332' title='bbox 2103 1721 2310 1778; x_wconf 80' lang='lat' dir='ltr'>animas</span> <span class='ocrx_word' id='word_1_333' title='bbox 2371 1723 2562 1778; x_wconf 82' lang='lat' dir='ltr'>oll&#39;erri</span> <span class='ocrx_word' id='word_1_334' title='bbox 2622 1722 2978 1797; x_wconf 63' lang='lat' dir='ltr'>praecipitur.</span> <span class='ocrx_word' id='word_1_335' title='bbox 3052 1725 3135 1780; x_wconf 81' lang='lat' dir='ltr'>Ad</span> <span class='ocrx_word' id='word_1_336' title='bbox 3201 1731 3570 1784; x_wconf 79' lang='lat' dir='ltr'>ostensionem</span> 
     </span>
    </p>
   </div>
   <div class='ocr_carea' id='block_1_46' title="bbox 1914 1810 3568 1886">
    <p class='ocr_par' dir='ltr' id='par_1_46' title="bbox 1914 1810 3568 1886">
     <span class='ocr_line' id='line_1_46' title="bbox 1914 1810 3568 1886; baseline 0.005 -21"><span class='ocrx_word' id='word_1_337' title='bbox 1914 1810 2146 1879; x_wconf 66' lang='lat' dir='ltr'>iustitiae</span> <span class='ocrx_word' id='word_1_338' title='bbox 2172 1826 2314 1868; x_wconf 69' lang='lat' dir='ltr'>suae.</span> <span class='ocrx_word' id='word_1_339' title='bbox 2341 1812 2601 1882; x_wconf 69' lang='lat' dir='ltr'>Iustitiae,</span> <span class='ocrx_word' id='word_1_340' title='bbox 2626 1812 2688 1866; x_wconf 86' lang='lat' dir='ltr'>id</span> <span class='ocrx_word' id='word_1_341' title='bbox 2721 1817 2810 1869; x_wconf 87' lang='lat' dir='ltr'>est</span> <span class='ocrx_word' id='word_1_342' title='bbox 2836 1813 3060 1886; x_wconf 68' lang='lat' dir='ltr'>gratim,</span> <span class='ocrx_word' id='word_1_343' title='bbox 3096 1816 3341 1885; x_wconf 80' lang='lat' dir='ltr'>Propter</span> <span class='ocrx_word' id='word_1_344' title='bbox 3370 1820 3568 1873; x_wconf 88' lang='lat' dir='ltr'>remis-</span> 
     </span>
    </p>
   </div>
   <div class='ocr_carea' id='block_1_47' title="bbox 1912 1900 3569 1977">
    <p class='ocr_par' dir='ltr' id='par_1_47' title="bbox 1912 1900 3569 1977">
     <span class='ocr_line' id='line_1_47' title="bbox 1912 1900 3569 1977; baseline 0.006 -23"><span class='ocrx_word' id='word_1_345' title='bbox 1912 1902 2123 1956; x_wconf 85' lang='lat' dir='ltr'>sionem</span> <span class='ocrx_word' id='word_1_346' title='bbox 2150 1901 2583 1972; x_wconf 66' lang='lat' dir='ltr'>praacedentium</span> <span class='ocrx_word' id='word_1_347' title='bbox 2617 1900 3027 1969; x_wconf 84' lang='lat' dir='ltr'>delictorum,id</span> <span class='ocrx_word' id='word_1_348' title='bbox 3059 1907 3169 1974; x_wconf 89' lang='lat' dir='ltr'>est,</span> <span class='ocrx_word' id='word_1_349' title='bbox 3187 1904 3569 1977; x_wconf 87' lang='lat' dir='ltr'>originalium</span> 
     </span>
    </p>
   </div>
   <div class='ocr_carea' id='block_1_48' title="bbox 1916 1990 3571 2070">
    <p class='ocr_par' dir='ltr' id='par_1_48' title="bbox 1916 1990 3571 2070">
     <span class='ocr_line' id='line_1_48' title="bbox 1916 1990 3571 2070; baseline 0.006 -25"><span class='ocrx_word' id='word_1_350' title='bbox 1916 1996 2442 2062; x_wconf 70' lang='lat' dir='ltr'>peccatorum,quaa</span> <span class='ocrx_word' id='word_1_351' title='bbox 2474 1990 2761 2070; x_wconf 85' lang='lat' dir='ltr'>nobisper</span> <span class='ocrx_word' id='word_1_352' title='bbox 2777 1991 3075 2062; x_wconf 86' lang='lat' dir='ltr'>justitiam</span> <span class='ocrx_word' id='word_1_353' title='bbox 3098 1993 3199 2048; x_wconf 88' lang='lat' dir='ltr'>Dei</span> <span class='ocrx_word' id='word_1_354' title='bbox 3232 1994 3409 2049; x_wconf 86' lang='lat' dir='ltr'>simul</span> <span class='ocrx_word' id='word_1_355' title='bbox 3434 2012 3571 2055; x_wconf 87' lang='lat' dir='ltr'>cum</span> 
     </span>
    </p>
   </div>
   <div class='ocr_carea' id='block_1_49' title="bbox 1917 2079 3573 2152">
    <p class='ocr_par' dir='ltr' id='par_1_49' title="bbox 1917 2079 3573 2152">
     <span class='ocr_line' id='line_1_49' title="bbox 1917 2079 3573 2152; baseline 0.006 -19"><span class='ocrx_word' id='word_1_356' title='bbox 1917 2079 2154 2135; x_wconf 86' lang='lat' dir='ltr'>amissis</span> <span class='ocrx_word' id='word_1_357' title='bbox 2184 2080 2333 2152; x_wconf 86' lang='lat'>(165)</span> <span class='ocrx_word' id='word_1_358' title='bbox 2362 2079 2653 2150; x_wconf 85' lang='lat' dir='ltr'>laxantur,</span> <span class='ocrx_word' id='word_1_359' title='bbox 2685 2081 2746 2135; x_wconf 85' lang='lat' dir='ltr'>in</span> <span class='ocrx_word' id='word_1_360' title='bbox 2770 2082 3171 2139; x_wconf 86' lang='lat' dir='ltr'>sustentatione</span> <span class='ocrx_word' id='word_1_361' title='bbox 3197 2083 3301 2139; x_wconf 86' lang='lat' dir='ltr'>Dei</span> <span class='ocrx_word' id='word_1_362' title='bbox 3330 2091 3573 2143; x_wconf 83' lang='lat' dir='ltr'>ostensa</span> 
     </span>
    </p>
   </div>
   <div class='ocr_carea' id='block_1_50' title="bbox 1917 2168 3571 2243">
    <p class='ocr_par' dir='ltr' id='par_1_50' title="bbox 1917 2168 3571 2243">
     <span class='ocr_line' id='line_1_50' title="bbox 1917 2168 3571 2243; baseline 0.005 -21"><span class='ocrx_word' id='word_1_363' title='bbox 1917 2172 2008 2223; x_wconf 89' lang='lat' dir='ltr'>est</span> <span class='ocrx_word' id='word_1_364' title='bbox 2026 2168 2266 2239; x_wconf 88' lang='lat' dir='ltr'>justitia</span> <span class='ocrx_word' id='word_1_365' title='bbox 2293 2168 2444 2238; x_wconf 86' lang='lat'>(166)</span> <span class='ocrx_word' id='word_1_366' title='bbox 2475 2169 2625 2238; x_wconf 85' lang='lat' dir='ltr'>ejus;</span> <span class='ocrx_word' id='word_1_367' title='bbox 2645 2169 3033 2240; x_wconf 88' lang='lat' dir='ltr'>quia,quanto</span> <span class='ocrx_word' id='word_1_368' title='bbox 3050 2169 3308 2243; x_wconf 86' lang='lat' dir='ltr'>amplius</span> <span class='ocrx_word' id='word_1_369' title='bbox 3337 2178 3571 2231; x_wconf 89' lang='lat' dir='ltr'>susten-</span> 
     </span>
    </p>
   </div>
   <div class='ocr_carea' id='block_1_51' title="bbox 1919 2256 3572 2333">
    <p class='ocr_par' dir='ltr' id='par_1_51' title="bbox 1919 2256 3572 2333">
     <span class='ocr_line' id='line_1_51' title="bbox 1919 2256 3572 2333; baseline 0.005 -22"><span class='ocrx_word' id='word_1_370' title='bbox 1919 2260 2005 2312; x_wconf 88' lang='lat' dir='ltr'>tat</span> <span class='ocrx_word' id='word_1_371' title='bbox 2033 2256 2324 2325; x_wconf 86' lang='lat' dir='ltr'>inﬁrmos,</span> <span class='ocrx_word' id='word_1_372' title='bbox 2356 2261 2423 2311; x_wconf 91' lang='lat' dir='ltr'>ut</span> <span class='ocrx_word' id='word_1_373' title='bbox 2447 2261 2883 2324; x_wconf 87' lang='lat' dir='ltr'>convertantur,</span> <span class='ocrx_word' id='word_1_374' title='bbox 2914 2262 3077 2315; x_wconf 83' lang='lat' dir='ltr'>tanto</span> <span class='ocrx_word' id='word_1_375' title='bbox 3134 2260 3324 2333; x_wconf 90' lang='lat' dir='ltr'>magis</span> <span class='ocrx_word' id='word_1_376' title='bbox 3368 2262 3572 2332; x_wconf 86' lang='lat' dir='ltr'>justus</span> 
     </span>
    </p>
   </div>
   <div class='ocr_carea' id='block_1_52' title="bbox 1921 2346 3574 2425">
    <p class='ocr_par' dir='ltr' id='par_1_52' title="bbox 1921 2346 3574 2425">
     <span class='ocr_line' id='line_1_52' title="bbox 1921 2346 3574 2425; baseline 0.004 -23"><span class='ocrx_word' id='word_1_377' title='bbox 1921 2361 2049 2402; x_wconf 90' lang='lat' dir='ltr'>esse</span> <span class='ocrx_word' id='word_1_378' title='bbox 2079 2346 2431 2402; x_wconf 88' lang='lat' dir='ltr'>ostenditur.</span> <span class='ocrx_word' id='word_1_379' title='bbox 2466 2346 2623 2402; x_wconf 87' lang='lat' dir='ltr'>Inter</span> <span class='ocrx_word' id='word_1_380' title='bbox 2650 2347 3142 2404; x_wconf 87' lang='lat' dir='ltr'>sustentationem</span> <span class='ocrx_word' id='word_1_381' title='bbox 3183 2351 3365 2420; x_wconf 89' lang='lat' dir='ltr'>enim,</span> <span class='ocrx_word' id='word_1_382' title='bbox 3393 2356 3452 2407; x_wconf 90' lang='lat' dir='ltr'>et</span> <span class='ocrx_word' id='word_1_383' title='bbox 3477 2369 3574 2425; x_wconf 86' lang='lat' dir='ltr'>pa-</span> 
     </span>
    </p>
   </div>
   <div class='ocr_carea' id='block_1_53' title="bbox 1920 2432 3575 2513">
    <p class='ocr_par' dir='ltr' id='par_1_53' title="bbox 1920 2432 3575 2513">
     <span class='ocr_line' id='line_1_53' title="bbox 1920 2432 3575 2513; baseline 0.005 -24"><span class='ocrx_word' id='word_1_384' title='bbox 1920 2432 2187 2490; x_wconf 88' lang='lat' dir='ltr'>tientiam</span> <span class='ocrx_word' id='word_1_385' title='bbox 2218 2434 2326 2490; x_wconf 91' lang='lat' dir='ltr'>hoc</span> <span class='ocrx_word' id='word_1_386' title='bbox 2349 2434 2712 2506; x_wconf 88' lang='lat' dir='ltr'>distat,quod</span> <span class='ocrx_word' id='word_1_387' title='bbox 2744 2436 3095 2492; x_wconf 88' lang='lat' dir='ltr'>sustentatio</span> <span class='ocrx_word' id='word_1_388' title='bbox 3125 2436 3187 2493; x_wconf 89' lang='lat' dir='ltr'>in</span> <span class='ocrx_word' id='word_1_389' title='bbox 3217 2438 3310 2494; x_wconf 89' lang='lat' dir='ltr'>his</span> <span class='ocrx_word' id='word_1_390' title='bbox 3340 2442 3575 2513; x_wconf 86' lang='lat' dir='ltr'>proprie</span> 
     </span>
    </p>
   </div>
   <div class='ocr_carea' id='block_1_54' title="bbox 1921 2522 3577 2597">
    <p class='ocr_par' dir='ltr' id='par_1_54' title="bbox 1921 2522 3577 2597">
     <span class='ocr_line' id='line_1_54' title="bbox 1921 2522 3577 2597; baseline 0.005 -18"><span class='ocrx_word' id='word_1_391' title='bbox 1921 2528 2010 2580; x_wconf 91' lang='lat' dir='ltr'>est</span> <span class='ocrx_word' id='word_1_392' title='bbox 2040 2523 2144 2595; x_wconf 86' lang='lat' dir='ltr'>qui</span> <span class='ocrx_word' id='word_1_393' title='bbox 2172 2522 2519 2579; x_wconf 87' lang='lat' dir='ltr'>inﬁrmitate</span> <span class='ocrx_word' id='word_1_394' title='bbox 2549 2528 2812 2595; x_wconf 90' lang='lat' dir='ltr'>peccant,</span> <span class='ocrx_word' id='word_1_395' title='bbox 2846 2524 3129 2597; x_wconf 87' lang='lat' dir='ltr'>patientia</span> <span class='ocrx_word' id='word_1_396' title='bbox 3157 2533 3356 2585; x_wconf 88' lang='lat' dir='ltr'>autem</span> <span class='ocrx_word' id='word_1_397' title='bbox 3388 2530 3446 2586; x_wconf 88' lang='lat' dir='ltr'>in</span> <span class='ocrx_word' id='word_1_398' title='bbox 3481 2530 3577 2589; x_wconf 86' lang='lat' dir='ltr'>his</span> 
     </span>
    </p>
   </div>
   <div class='ocr_carea' id='block_1_55' title="bbox 1923 2612 3575 2689">
    <p class='ocr_par' dir='ltr' id='par_1_55' title="bbox 1923 2612 3575 2689">
     <span class='ocr_line' id='line_1_55' title="bbox 1923 2612 3575 2689; baseline 0.005 -21"><span class='ocrx_word' id='word_1_399' title='bbox 1923 2612 2021 2687; x_wconf 89' lang='lat' dir='ltr'>qui</span> <span class='ocrx_word' id='word_1_400' title='bbox 2054 2612 2249 2685; x_wconf 87' lang='lat' dir='ltr'>potius</span> <span class='ocrx_word' id='word_1_401' title='bbox 2270 2612 2663 2683; x_wconf 87' lang='lat' dir='ltr'>voluntate,Et</span> <span class='ocrx_word' id='word_1_402' title='bbox 2690 2618 2822 2685; x_wconf 88' lang='lat' dir='ltr'>apte</span> <span class='ocrx_word' id='word_1_403' title='bbox 2850 2614 3054 2672; x_wconf 87' lang='lat' dir='ltr'>subdit</span> <span class='ocrx_word' id='word_1_404' title='bbox 3077 2631 3091 2672; x_wconf 89' lang='lat'>:</span> <span class='ocrx_word' id='word_1_405' title='bbox 3116 2616 3181 2670; x_wconf 87' lang='lat' dir='ltr'>In</span> <span class='ocrx_word' id='word_1_406' title='bbox 3212 2616 3312 2674; x_wconf 85' lang='lat' dir='ltr'>hoc</span> <span class='ocrx_word' id='word_1_407' title='bbox 3332 2627 3575 2689; x_wconf 88' lang='lat' dir='ltr'>tempore</span> 
     </span>
    </p>
   </div>
   <div class='ocr_carea' id='block_1_56' title="bbox 1925 2702 3575 2777">
    <p class='ocr_par' dir='ltr' id='par_1_56' title="bbox 1925 2702 3575 2777">
     <span class='ocr_line' id='line_1_56' title="bbox 1925 2702 3575 2777; baseline 0.005 -19"><span class='ocrx_word' id='word_1_408' title='bbox 1925 2703 2203 2776; x_wconf 89' lang='lat' dir='ltr'>quoniam</span> <span class='ocrx_word' id='word_1_409' title='bbox 2223 2702 2333 2757; x_wconf 92' lang='lat' dir='ltr'>hoc</span> <span class='ocrx_word' id='word_1_410' title='bbox 2346 2719 2604 2774; x_wconf 72' lang='lat' dir='ltr'>praesens</span> <span class='ocrx_word' id='word_1_411' title='bbox 2633 2707 2869 2775; x_wconf 91' lang='lat' dir='ltr'>tempus</span> <span class='ocrx_word' id='word_1_412' title='bbox 2882 2703 3035 2760; x_wconf 92' lang='lat' dir='ltr'>Deus</span> <span class='ocrx_word' id='word_1_413' title='bbox 3066 2706 3419 2777; x_wconf 87' lang='lat' dir='ltr'>poenitudini</span> <span class='ocrx_word' id='word_1_414' title='bbox 3441 2726 3575 2766; x_wconf 89' lang='lat' dir='ltr'>con-</span> 
     </span>
    </p>
   </div>
   <div class='ocr_carea' id='block_1_57' title="bbox 1925 2791 3572 2869">
    <p class='ocr_par' dir='ltr' id='par_1_57' title="bbox 1925 2791 3572 2869">
     <span class='ocr_line' id='line_1_57' title="bbox 1925 2791 3572 2869; baseline 0.005 -22"><span class='ocrx_word' id='word_1_415' title='bbox 1925 2792 2119 2861; x_wconf 90' lang='lat' dir='ltr'>cessit,</span> <span class='ocrx_word' id='word_1_416' title='bbox 2152 2791 2417 2847; x_wconf 77' lang='lat' dir='ltr'>futurum</span> <span class='ocrx_word' id='word_1_417' title='bbox 2448 2809 2581 2848; x_wconf 86' lang='lat' dir='ltr'>vero</span> <span class='ocrx_word' id='word_1_418' title='bbox 2598 2791 2821 2862; x_wconf 86' lang='lat' dir='ltr'>judicio</span> <span class='ocrx_word' id='word_1_419' title='bbox 2843 2794 3450 2869; x_wconf 87' lang='lat' dir='ltr'>deputavit.Alioquin</span> <span class='ocrx_word' id='word_1_420' title='bbox 3483 2800 3572 2856; x_wconf 71' lang='lat' dir='ltr'>in~</span> 
     </span>
    </p>
   </div>
   <div class='ocr_carea' id='block_1_58' title="bbox 1917 2880 3572 2958">
    <p class='ocr_par' dir='ltr' id='par_1_58' title="bbox 1917 2880 3572 2958">
     <span class='ocr_line' id='line_1_58' title="bbox 1917 2880 3572 2958; baseline 0.004 -22"><span class='ocrx_word' id='word_1_421' title='bbox 1917 2882 2079 2952; x_wconf 87' lang='lat' dir='ltr'>juste</span> <span class='ocrx_word' id='word_1_422' title='bbox 2107 2880 2320 2953; x_wconf 91' lang='lat' dir='ltr'>impios</span> <span class='ocrx_word' id='word_1_423' title='bbox 2346 2882 2555 2953; x_wconf 89' lang='lat' dir='ltr'>punire</span> <span class='ocrx_word' id='word_1_424' title='bbox 2582 2882 2896 2949; x_wconf 87' lang='lat' dir='ltr'>videretur,</span> <span class='ocrx_word' id='word_1_425' title='bbox 2931 2883 2981 2939; x_wconf 89' lang='lat' dir='ltr'>si</span> <span class='ocrx_word' id='word_1_426' title='bbox 3011 2883 3096 2940; x_wconf 90' lang='lat' dir='ltr'>eis</span> <span class='ocrx_word' id='word_1_427' title='bbox 3127 2884 3355 2941; x_wconf 89' lang='lat' dir='ltr'>nullum</span> <span class='ocrx_word' id='word_1_428' title='bbox 3388 2888 3572 2958; x_wconf 76' lang='lat' dir='ltr'>pmni-</span> 
     </span>
    </p>
   </div>
   <div class='ocr_carea' id='block_1_59' title="bbox 1925 2971 3571 3048">
    <p class='ocr_par' dir='ltr' id='par_1_59' title="bbox 1925 2971 3571 3048">
     <span class='ocr_line' id='line_1_59' title="bbox 1925 2971 3571 3048; baseline 0.003 -21"><span class='ocrx_word' id='word_1_429' title='bbox 1925 2971 2118 3027; x_wconf 84' lang='lat' dir='ltr'>tentias</span> <span class='ocrx_word' id='word_1_430' title='bbox 2150 2976 2383 3043; x_wconf 88' lang='lat' dir='ltr'>tempus</span> <span class='ocrx_word' id='word_1_431' title='bbox 2414 2972 2710 3027; x_wconf 89' lang='lat' dir='ltr'>concedet.</span> <span class='ocrx_word' id='word_1_432' title='bbox 2748 2973 2812 3028; x_wconf 90' lang='lat' dir='ltr'>Ut</span> <span class='ocrx_word' id='word_1_433' title='bbox 2828 2973 2903 3027; x_wconf 91' lang='lat' dir='ltr'>sit</span> <span class='ocrx_word' id='word_1_434' title='bbox 2932 2974 3045 3044; x_wconf 88' lang='lat' dir='ltr'>ipse</span> <span class='ocrx_word' id='word_1_435' title='bbox 3082 2975 3293 3045; x_wconf 83' lang='lat' dir='ltr'>justus,</span> <span class='ocrx_word' id='word_1_436' title='bbox 3326 2984 3378 3032; x_wconf 86' lang='lat' dir='ltr'>et</span> <span class='ocrx_word' id='word_1_437' title='bbox 3397 2977 3571 3048; x_wconf 84' lang='lat' dir='ltr'>justi-</span> 
     </span>
    </p>
   </div>
   <div class='ocr_carea' id='block_1_60' title="bbox 1926 3059 3576 3135">
    <p class='ocr_par' dir='ltr' id='par_1_60' title="bbox 1926 3059 3576 3135">
     <span class='ocr_line' id='line_1_60' title="bbox 1926 3059 3576 3135; baseline 0.007 -21"><span class='ocrx_word' id='word_1_438' title='bbox 1926 3062 2120 3130; x_wconf 80' lang='lat' dir='ltr'>ﬁcans.</span> <span class='ocrx_word' id='word_1_439' title='bbox 2149 3060 2362 3116; x_wconf 87' lang='lat' dir='ltr'>Justus</span> <span class='ocrx_word' id='word_1_440' title='bbox 2410 3059 2471 3114; x_wconf 88' lang='lat' dir='ltr'>in</span> <span class='ocrx_word' id='word_1_441' title='bbox 2500 3076 2563 3116; x_wconf 87' lang='lat' dir='ltr'>se</span> <span class='ocrx_word' id='word_1_442' title='bbox 2596 3060 2975 3130; x_wconf 85' lang='lat' dir='ltr'>;justiﬁcans</span> <span class='ocrx_word' id='word_1_443' title='bbox 3004 3060 3150 3119; x_wconf 87' lang='lat' dir='ltr'>alios</span> <span class='ocrx_word' id='word_1_444' title='bbox 3182 3079 3287 3135; x_wconf 91' lang='lat' dir='ltr'>per</span> <span class='ocrx_word' id='word_1_445' title='bbox 3314 3082 3378 3121; x_wconf 88' lang='lat' dir='ltr'>se</span> <span class='ocrx_word' id='word_1_446' title='bbox 3412 3082 3424 3121; x_wconf 89' lang='lat'>:</span> <span class='ocrx_word' id='word_1_447' title='bbox 3459 3068 3576 3125; x_wconf 87' lang='lat' dir='ltr'>nisi</span> 
     </span>
    </p>
   </div>
   <div class='ocr_carea' id='block_1_61' title="bbox 1927 3147 3579 3228">
    <p class='ocr_par' dir='ltr' id='par_1_61' title="bbox 1927 3147 3579 3228">
     <span class='ocr_line' id='line_1_61' title="bbox 1927 3147 3579 3228; baseline 0.005 -23"><span class='ocrx_word' id='word_1_448' title='bbox 1927 3149 2086 3206; x_wconf 89' lang='lat' dir='ltr'>enim</span> <span class='ocrx_word' id='word_1_449' title='bbox 2113 3154 2268 3204; x_wconf 85' lang='lat' dir='ltr'>esset</span> <span class='ocrx_word' id='word_1_450' title='bbox 2287 3149 2513 3219; x_wconf 88' lang='lat' dir='ltr'>justus,</span> <span class='ocrx_word' id='word_1_451' title='bbox 2544 3147 2690 3206; x_wconf 88' lang='lat' dir='ltr'>alios</span> <span class='ocrx_word' id='word_1_452' title='bbox 2715 3149 3044 3220; x_wconf 85' lang='lat' dir='ltr'>justiﬁcare</span> <span class='ocrx_word' id='word_1_453' title='bbox 3070 3168 3187 3209; x_wconf 90' lang='lat' dir='ltr'>non</span> <span class='ocrx_word' id='word_1_454' title='bbox 3229 3159 3446 3226; x_wconf 88' lang='lat' dir='ltr'>posset.</span> <span class='ocrx_word' id='word_1_455' title='bbox 3481 3158 3579 3228; x_wconf 85' lang='lat' dir='ltr'>Et,</span> 
     </span>
    </p>
   </div>
   <div class='ocr_carea' id='block_1_62' title="bbox 156 3236 3574 3315">
    <p class='ocr_par' dir='ltr' id='par_1_62' title="bbox 156 3236 3574 3315">
     <span class='ocr_line' id='line_1_62' title="bbox 156 3236 3574 3315; baseline 0.002 -19"><span class='ocrx_word' id='word_1_456' title='bbox 156 3242 548 3299; x_wconf 85' lang='lat' dir='ltr'>demonstrat.</span> <span class='ocrx_word' id='word_1_457' title='bbox 561 3240 758 3298; x_wconf 89' lang='lat' dir='ltr'>Omnes</span> <span class='ocrx_word' id='word_1_458' title='bbox 788 3240 938 3295; x_wconf 89' lang='lat' dir='ltr'>enim</span> <span class='ocrx_word' id='word_1_459' title='bbox 964 3241 1347 3310; x_wconf 84' lang='lat' dir='ltr'>peccaverunt.</span> <span class='ocrx_word' id='word_1_460' title='bbox 1371 3236 1572 3294; x_wconf 87' lang='lat' dir='ltr'>Gratia</span> <span class='ocrx_word' id='word_1_461' title='bbox 1599 3237 1818 3310; x_wconf 89' lang='lat' dir='ltr'>quippe</span> <span class='ocrx_word' id='word_1_462' title='bbox 1854 3304 1889 3315; x_wconf 75' lang='lat'>_</span> <span class='ocrx_word' id='word_1_463' title='bbox 1930 3240 1996 3292; x_wconf 89' lang='lat' dir='ltr'>ut</span> <span class='ocrx_word' id='word_1_464' title='bbox 2024 3236 2523 3308; x_wconf 88' lang='lat' dir='ltr'>ostenderet,quia</span> <span class='ocrx_word' id='word_1_465' title='bbox 2549 3253 2666 3293; x_wconf 89' lang='lat' dir='ltr'>non</span> <span class='ocrx_word' id='word_1_466' title='bbox 2688 3239 3574 3315; x_wconf 84' lang='lat' dir='ltr'>omnesjustiﬁcaret,adjunxit:</span> 
     </span>
    </p>
   </div>
   <div class='ocr_carea' id='block_1_63' title="bbox 156 3304 3579 3403">
    <p class='ocr_par' dir='ltr' id='par_1_63' title="bbox 156 3304 3579 3403">
     <span class='ocr_line' id='line_1_63' title="bbox 156 3304 3579 3403; baseline 0.002 -18"><span class='ocrx_word' id='word_1_467' title='bbox 156 3329 486 3388; x_wconf 86' lang='lat' dir='ltr'>Salvatoris</span> <span class='ocrx_word' id='word_1_468' title='bbox 519 3327 839 3386; x_wconf 88' lang='lat' dir='ltr'>adveniens</span> <span class='ocrx_word' id='word_1_469' title='bbox 870 3304 1077 3383; x_wconf 74' lang='lat' dir='ltr'>omnes</span> <span class='ocrx_word' id='word_1_470' title='bbox 1097 3324 1547 3398; x_wconf 59' lang='lat' dir='ltr'>praevaricantes</span> <span class='ocrx_word' id='word_1_471' title='bbox 1570 3304 1814 3382; x_wconf 74' lang='lat' dir='ltr'>invenit.</span> <span class='ocrx_word' id='word_1_472' title='bbox 1847 3304 1891 3371; x_wconf 67' lang='grc' dir='ltr'><strong>Ο</strong></span> <span class='ocrx_word' id='word_1_473' title='bbox 1928 3326 2089 3394; x_wconf 88' lang='lat' dir='ltr'>Eum,</span> <span class='ocrx_word' id='word_1_474' title='bbox 2110 3327 2206 3397; x_wconf 88' lang='lat' dir='ltr'>qui</span> <span class='ocrx_word' id='word_1_475' title='bbox 2231 3341 2302 3381; x_wconf 72' lang='lat' dir='ltr'>ex</span> <span class='ocrx_word' id='word_1_476' title='bbox 2329 3304 2436 3395; x_wconf 70' lang='lat' dir='ltr'>ﬁde</span> <span class='ocrx_word' id='word_1_477' title='bbox 2465 3333 2547 3382; x_wconf 88' lang='lat' dir='ltr'>est</span> <span class='ocrx_word' id='word_1_478' title='bbox 2563 3330 2702 3384; x_wconf 87' lang='lat' dir='ltr'>Iesu</span> <span class='ocrx_word' id='word_1_479' title='bbox 2733 3304 2963 3385; x_wconf 71' lang='lat' dir='ltr'>Christi.</span> <span class='ocrx_word' id='word_1_480' title='bbox 3007 3331 3070 3385; x_wconf 89' lang='lat' dir='ltr'>In</span> <span class='ocrx_word' id='word_1_481' title='bbox 3127 3347 3244 3403; x_wconf 92' lang='lat' dir='ltr'>quo</span> <span class='ocrx_word' id='word_1_482' title='bbox 3263 3304 3428 3390; x_wconf 65' lang='lat' dir='ltr'>dicto</span> <span class='ocrx_word' id='word_1_483' title='bbox 3457 3335 3579 3391; x_wconf 43' lang='lat' dir='ltr'>evi‘</span> 
     </span>
    </p>
   </div>
   <div class='ocr_carea' id='block_1_64' title="bbox 160 3413 1822 3490">
    <p class='ocr_par' dir='ltr' id='par_1_64' title="bbox 160 3413 1822 3490">
     <span class='ocr_line' id='line_1_64' title="bbox 160 3413 1822 3490; baseline -0.003 -15"><span class='ocrx_word' id='word_1_484' title='bbox 160 3418 318 3478; x_wconf 89' lang='lat' dir='ltr'>Unde</span> <span class='ocrx_word' id='word_1_485' title='bbox 350 3420 520 3476; x_wconf 89' lang='lat' dir='ltr'>idem</span> <span class='ocrx_word' id='word_1_486' title='bbox 551 3414 871 3490; x_wconf 86' lang='lat' dir='ltr'>Apostolus</span> <span class='ocrx_word' id='word_1_487' title='bbox 900 3413 1041 3470; x_wconf 85' lang='lat' dir='ltr'>alibi</span> <span class='ocrx_word' id='word_1_488' title='bbox 1073 3431 1088 3469; x_wconf 88' lang='lat'><strong>:</strong></span> <span class='ocrx_word' id='word_1_489' title='bbox 1124 3414 1410 3470; x_wconf 85' lang='lat' dir='ltr'>Conclusit</span> <span class='ocrx_word' id='word_1_490' title='bbox 1440 3414 1584 3469; x_wconf 85' lang='lat' dir='ltr'>Deus</span> <span class='ocrx_word' id='word_1_491' title='bbox 1631 3416 1822 3470; x_wconf 84' lang='lat' dir='ltr'>omnia</span> 
     </span>
    </p>
   </div>
   <div class='ocr_carea' id='block_1_65' title="bbox 153 3502 1823 3583">
    <p class='ocr_par' dir='ltr' id='par_1_65' title="bbox 153 3502 1823 3583">
     <span class='ocr_line' id='line_1_65' title="bbox 153 3502 1823 3583; baseline -0.002 -19"><span class='ocrx_word' id='word_1_492' title='bbox 153 3511 241 3567; x_wconf 83' lang='lat' dir='ltr'>sub</span> <span class='ocrx_word' id='word_1_493' title='bbox 267 3509 507 3583; x_wconf 86' lang='lat' dir='ltr'>peccato</span> <span class='ocrx_word' id='word_1_494' title='bbox 537 3506 691 3577; x_wconf 88' lang='lat' dir='ltr'>(Gal.</span> <span class='ocrx_word' id='word_1_495' title='bbox 725 3520 812 3572; x_wconf 77' lang='grc' dir='ltr'>ιιι,</span> <span class='ocrx_word' id='word_1_496' title='bbox 846 3503 955 3575; x_wconf 85' lang='grc'>12).</span> <span class='ocrx_word' id='word_1_497' title='bbox 989 3503 1055 3557; x_wconf 83' lang='lat' dir='ltr'>Et</span> <span class='ocrx_word' id='word_1_498' title='bbox 1086 3504 1245 3574; x_wconf 88' lang='lat' dir='ltr'>egent</span> <span class='ocrx_word' id='word_1_499' title='bbox 1269 3502 1449 3574; x_wconf 83' lang='lat' dir='ltr'>gloria</span> <span class='ocrx_word' id='word_1_500' title='bbox 1478 3504 1592 3560; x_wconf 87' lang='lat' dir='ltr'>Dei.</span> <span class='ocrx_word' id='word_1_501' title='bbox 1624 3502 1823 3560; x_wconf 87' lang='lat' dir='ltr'>Gloria</span> 
     </span>
    </p>
   </div>
   <div class='ocr_carea' id='block_1_66' title="bbox 156 3591 1824 3671">
    <p class='ocr_par' dir='ltr' id='par_1_66' title="bbox 156 3591 1824 3671">
     <span class='ocr_line' id='line_1_66' title="bbox 156 3591 1824 3671; baseline -0.002 -16"><span class='ocrx_word' id='word_1_502' title='bbox 156 3599 207 3656; x_wconf 91' lang='lat' dir='ltr'>id</span> <span class='ocrx_word' id='word_1_503' title='bbox 234 3604 329 3658; x_wconf 91' lang='lat' dir='ltr'>est</span> <span class='ocrx_word' id='word_1_504' title='bbox 360 3594 585 3671; x_wconf 85' lang='lat' dir='ltr'>gratia,</span> <span class='ocrx_word' id='word_1_505' title='bbox 619 3610 724 3667; x_wconf 91' lang='lat' dir='ltr'>per</span> <span class='ocrx_word' id='word_1_506' title='bbox 752 3609 931 3667; x_wconf 91' lang='lat' dir='ltr'>quam</span> <span class='ocrx_word' id='word_1_507' title='bbox 952 3591 1319 3664; x_wconf 87' lang='lat' dir='ltr'>gloriﬁcatur</span> <span class='ocrx_word' id='word_1_508' title='bbox 1340 3593 1824 3663; x_wconf 81' lang='lat' dir='ltr'>DeusJustiﬁcati</span> 
     </span>
    </p>
   </div>
   <div class='ocr_carea' id='block_1_67' title="bbox 156 3681 1824 3761">
    <p class='ocr_par' dir='ltr' id='par_1_67' title="bbox 156 3681 1824 3761">
     <span class='ocr_line' id='line_1_67' title="bbox 156 3681 1824 3761; baseline -0.002 -18"><span class='ocrx_word' id='word_1_509' title='bbox 156 3691 322 3761; x_wconf 85' lang='lat' dir='ltr'>gratis</span> <span class='ocrx_word' id='word_1_510' title='bbox 352 3702 464 3760; x_wconf 89' lang='lat' dir='ltr'>per</span> <span class='ocrx_word' id='word_1_511' title='bbox 488 3686 737 3757; x_wconf 85' lang='lat' dir='ltr'>gratiam</span> <span class='ocrx_word' id='word_1_512' title='bbox 766 3684 965 3756; x_wconf 86' lang='lat' dir='ltr'>ipsius.</span> <span class='ocrx_word' id='word_1_513' title='bbox 998 3681 1276 3754; x_wconf 88' lang='lat' dir='ltr'>Gratis,id</span> <span class='ocrx_word' id='word_1_514' title='bbox 1299 3682 1595 3753; x_wconf 88' lang='lat' dir='ltr'>est,nullis</span> <span class='ocrx_word' id='word_1_515' title='bbox 1615 3700 1824 3757; x_wconf 86' lang='lat' dir='ltr'>praece-</span> 
     </span>
    </p>
   </div>
   <div class='ocr_carea' id='block_1_68' title="bbox 168 3771 1822 3845">
    <p class='ocr_par' dir='ltr' id='par_1_68' title="bbox 168 3771 1822 3845">
     <span class='ocr_line' id='line_1_68' title="bbox 168 3771 1822 3845; baseline -0.002 -12"><span class='ocrx_word' id='word_1_516' title='bbox 168 3776 454 3833; x_wconf 86' lang='lat' dir='ltr'>dentibus</span> <span class='ocrx_word' id='word_1_517' title='bbox 505 3772 755 3828; x_wconf 91' lang='lat' dir='ltr'>meritis.</span> <span class='ocrx_word' id='word_1_518' title='bbox 808 3773 914 3827; x_wconf 89' lang='lat' dir='ltr'>Per</span> <span class='ocrx_word' id='word_1_519' title='bbox 975 3771 1427 3844; x_wconf 76' lang='lat' dir='ltr'>redemptionem,</span> <span class='ocrx_word' id='word_1_520' title='bbox 1484 3789 1605 3845; x_wconf 76' lang='lat' dir='ltr'>quae</span> <span class='ocrx_word' id='word_1_521' title='bbox 1651 3781 1732 3829; x_wconf 90' lang='lat' dir='ltr'>est</span> <span class='ocrx_word' id='word_1_522' title='bbox 1760 3775 1822 3830; x_wconf 83' lang='lat' dir='ltr'>in</span> 
     </span>
    </p>
   </div>
   <div class='ocr_carea' id='block_1_69' title="bbox 160 3860 1818 3934">
    <p class='ocr_par' dir='ltr' id='par_1_69' title="bbox 160 3860 1818 3934">
     <span class='ocr_line' id='line_1_69' title="bbox 160 3860 1818 3934; baseline -0.001 -13"><span class='ocrx_word' id='word_1_523' title='bbox 160 3866 377 3923; x_wconf 82' lang='lat' dir='ltr'>Christo</span> <span class='ocrx_word' id='word_1_524' title='bbox 408 3866 544 3923; x_wconf 89' lang='lat' dir='ltr'>Iesu</span> <span class='ocrx_word' id='word_1_525' title='bbox 574 3862 805 3918; x_wconf 87' lang='lat' dir='ltr'>Domino</span> <span class='ocrx_word' id='word_1_526' title='bbox 832 3865 1017 3918; x_wconf 85' lang='lat' dir='ltr'>nostro</span> <span class='ocrx_word' id='word_1_527' title='bbox 1048 3861 1220 3933; x_wconf 90' lang='grc'>(163).</span> <span class='ocrx_word' id='word_1_528' title='bbox 1253 3860 1317 3919; x_wconf 89' lang='lat' dir='ltr'>In</span> <span class='ocrx_word' id='word_1_529' title='bbox 1348 3877 1415 3918; x_wconf 89' lang='lat' dir='ltr'>eo</span> <span class='ocrx_word' id='word_1_530' title='bbox 1466 3863 1624 3934; x_wconf 90' lang='lat' dir='ltr'>quod</span> <span class='ocrx_word' id='word_1_531' title='bbox 1656 3863 1818 3933; x_wconf 89' lang='lat' dir='ltr'>dicit,</span> 
     </span>
    </p>
   </div>
   <div class='ocr_carea' id='block_1_70' title="bbox 157 3949 1823 4028">
    <p class='ocr_par' dir='ltr' id='par_1_70' title="bbox 157 3949 1823 4028">
     <span class='ocr_line' id='line_1_70' title="bbox 157 3949 1823 4028; baseline -0.001 -18"><span class='ocrx_word' id='word_1_532' title='bbox 157 3949 915 4028; x_wconf 89' lang='lat' dir='ltr'>redemptionem,ostendit</span> <span class='ocrx_word' id='word_1_533' title='bbox 932 3968 1037 4007; x_wconf 91' lang='lat' dir='ltr'>nos</span> <span class='ocrx_word' id='word_1_534' title='bbox 1051 3950 1311 4023; x_wconf 89' lang='lat' dir='ltr'>captivos</span> <span class='ocrx_word' id='word_1_535' title='bbox 1323 3950 1507 4007; x_wconf 86' lang='lat' dir='ltr'>fuisse</span> <span class='ocrx_word' id='word_1_536' title='bbox 1523 3968 1536 4008; x_wconf 90' lang='lat'><strong>:</strong></span> <span class='ocrx_word' id='word_1_537' title='bbox 1557 3956 1613 4007; x_wconf 87' lang='lat' dir='ltr'>et</span> <span class='ocrx_word' id='word_1_538' title='bbox 1623 3968 1823 4008; x_wconf 88' lang='lat' dir='ltr'>revera</span> 
     </span>
    </p>
   </div>
   <div class='ocr_carea' id='block_1_71' title="bbox 160 4038 1822 4117">
    <p class='ocr_par' dir='ltr' id='par_1_71' title="bbox 160 4038 1822 4117">
     <span class='ocr_line' id='line_1_71' title="bbox 160 4038 1822 4117; baseline -0.002 -17"><span class='ocrx_word' id='word_1_539' title='bbox 160 4045 263 4100; x_wconf 87' lang='lat' dir='ltr'>sub</span> <span class='ocrx_word' id='word_1_540' title='bbox 293 4041 645 4117; x_wconf 80' lang='lat' dir='ltr'>captivitate</span> <span class='ocrx_word' id='word_1_541' title='bbox 677 4038 895 4095; x_wconf 90' lang='lat' dir='ltr'>diaboli</span> <span class='ocrx_word' id='word_1_542' title='bbox 930 4040 1297 4095; x_wconf 89' lang='lat' dir='ltr'>tenebamur.</span> <span class='ocrx_word' id='word_1_543' title='bbox 1335 4039 1497 4096; x_wconf 90' lang='lat' dir='ltr'>Unde</span> <span class='ocrx_word' id='word_1_544' title='bbox 1527 4040 1655 4113; x_wconf 91' lang='lat' dir='ltr'>ipse</span> <span class='ocrx_word' id='word_1_545' title='bbox 1679 4038 1822 4097; x_wconf 91' lang='lat' dir='ltr'>dicit</span> 
     </span>
    </p>
   </div>
   <div class='ocr_carea' id='block_1_72' title="bbox 161 4117 1823 4207">
    <p class='ocr_par' dir='ltr' id='par_1_72' title="bbox 161 4117 1823 4207">
     <span class='ocr_line' id='line_1_72' title="bbox 161 4117 1823 4207; baseline -0.002 -18"><span class='ocrx_word' id='word_1_546' title='bbox 161 4149 257 4204; x_wconf 87' lang='lat' dir='ltr'>per</span> <span class='ocrx_word' id='word_1_547' title='bbox 306 4131 665 4207; x_wconf 90' lang='lat' dir='ltr'>prophetam</span> <span class='ocrx_word' id='word_1_548' title='bbox 714 4147 727 4185; x_wconf 91' lang='lat'>:</span> <span class='ocrx_word' id='word_1_549' title='bbox 774 4130 835 4185; x_wconf 90' lang='lat' dir='ltr'>In</span> <span class='ocrx_word' id='word_1_550' title='bbox 865 4117 873 4124; x_wconf 66' lang='grc'><em>’</em></span> <span class='ocrx_word' id='word_1_551' title='bbox 908 4128 1204 4184; x_wconf 80' lang='lat' dir='ltr'>sceleribus</span> <span class='ocrx_word' id='word_1_552' title='bbox 1258 4130 1453 4184; x_wconf 82' lang='lat' dir='ltr'>vestris</span> <span class='ocrx_word' id='word_1_553' title='bbox 1517 4129 1823 4186; x_wconf 85' lang='lat' dir='ltr'>venundati</span> 
     </span>
    </p>
   </div>
   <div class='ocr_carea' id='block_1_73' title="bbox 160 4217 1817 4293">
    <p class='ocr_par' dir='ltr' id='par_1_73' title="bbox 160 4217 1817 4293">
     <span class='ocr_line' id='line_1_73' title="bbox 160 4217 1817 4293; baseline 0 -18"><span class='ocrx_word' id='word_1_554' title='bbox 160 4224 281 4277; x_wconf 88' lang='lat' dir='ltr'>estis</span> <span class='ocrx_word' id='word_1_555' title='bbox 310 4242 331 4278; x_wconf 81' lang='lat'>.-</span> <span class='ocrx_word' id='word_1_556' title='bbox 362 4224 415 4279; x_wconf 88' lang='lat' dir='ltr'>et</span> <span class='ocrx_word' id='word_1_557' title='bbox 448 4222 513 4276; x_wconf 89' lang='lat' dir='ltr'>in</span> <span class='ocrx_word' id='word_1_558' title='bbox 540 4219 777 4291; x_wconf 85' lang='lat' dir='ltr'>peccatis</span> <span class='ocrx_word' id='word_1_559' title='bbox 806 4217 998 4273; x_wconf 85' lang='lat' dir='ltr'>dimisi</span> <span class='ocrx_word' id='word_1_560' title='bbox 1016 4220 1252 4273; x_wconf 85' lang='lat' dir='ltr'>matrem</span> <span class='ocrx_word' id='word_1_561' title='bbox 1276 4219 1518 4273; x_wconf 85' lang='lat' dir='ltr'>vestram</span> <span class='ocrx_word' id='word_1_562' title='bbox 1545 4219 1817 4293; x_wconf 72' lang='lat' dir='ltr'>(Isa.r.,1);</span> 
     </span>
    </p>
   </div>
   <div class='ocr_carea' id='block_1_74' title="bbox 162 4307 1820 4378">
    <p class='ocr_par' dir='ltr' id='par_1_74' title="bbox 162 4307 1820 4378">
     <span class='ocr_line' id='line_1_74' title="bbox 162 4307 1820 4378; baseline 0 -14"><span class='ocrx_word' id='word_1_563' title='bbox 162 4315 212 4364; x_wconf 89' lang='lat' dir='ltr'>et</span> <span class='ocrx_word' id='word_1_564' title='bbox 237 4308 377 4366; x_wconf 90' lang='lat' dir='ltr'>item</span> <span class='ocrx_word' id='word_1_565' title='bbox 403 4328 416 4367; x_wconf 91' lang='lat'><strong>:</strong></span> <span class='ocrx_word' id='word_1_566' title='bbox 452 4308 637 4365; x_wconf 87' lang='lat' dir='ltr'>Gratis</span> <span class='ocrx_word' id='word_1_567' title='bbox 666 4307 971 4363; x_wconf 78' lang='lat' dir='ltr'>venundati</span> <span class='ocrx_word' id='word_1_568' title='bbox 998 4309 1147 4373; x_wconf 85' lang='lat' dir='ltr'>estis,</span> <span class='ocrx_word' id='word_1_569' title='bbox 1177 4309 1230 4362; x_wconf 87' lang='lat' dir='ltr'>et</span> <span class='ocrx_word' id='word_1_570' title='bbox 1268 4308 1391 4363; x_wconf 89' lang='lat' dir='ltr'>sine</span> <span class='ocrx_word' id='word_1_571' title='bbox 1421 4316 1644 4378; x_wconf 85' lang='lat' dir='ltr'>argento</span> <span class='ocrx_word' id='word_1_572' title='bbox 1672 4308 1820 4367; x_wconf 84' lang='lat' dir='ltr'>redi-</span> 
     </span>
    </p>
   </div>
   <div class='ocr_carea' id='block_1_75' title="bbox 161 4394 1822 4471">
    <p class='ocr_par' dir='ltr' id='par_1_75' title="bbox 161 4394 1822 4471">
     <span class='ocr_line' id='line_1_75' title="bbox 161 4394 1822 4471; baseline -0.001 -15"><span class='ocrx_word' id='word_1_573' title='bbox 161 4401 404 4456; x_wconf 83' lang='lat' dir='ltr'>memini.</span> <span class='ocrx_word' id='word_1_574' title='bbox 440 4398 511 4455; x_wconf 88' lang='lat' dir='ltr'>In</span> <span class='ocrx_word' id='word_1_575' title='bbox 539 4396 896 4471; x_wconf 87' lang='lat' dir='ltr'>quibusdam</span> <span class='ocrx_word' id='word_1_576' title='bbox 927 4394 1364 4468; x_wconf 84' lang='lat' dir='ltr'>exemplaribus</span> <span class='ocrx_word' id='word_1_577' title='bbox 1386 4395 1681 4454; x_wconf 88' lang='lat' dir='ltr'>invenitur</span> <span class='ocrx_word' id='word_1_578' title='bbox 1698 4399 1822 4455; x_wconf 84' lang='lat' dir='ltr'>sine</span> 
     </span>
    </p>
   </div>
   <div class='ocr_carea' id='block_1_76' title="bbox 158 4484 1818 4558">
    <p class='ocr_par' dir='ltr' id='par_1_76' title="bbox 158 4484 1818 4558">
     <span class='ocr_line' id='line_1_76' title="bbox 158 4484 1818 4558; baseline 0.001 -17"><span class='ocrx_word' id='word_1_579' title='bbox 158 4490 348 4558; x_wconf 86' lang='lat' dir='ltr'>pretio,</span> <span class='ocrx_word' id='word_1_580' title='bbox 381 4487 488 4545; x_wconf 90' lang='lat' dir='ltr'>ubi</span> <span class='ocrx_word' id='word_1_581' title='bbox 521 4484 1005 4543; x_wconf 90' lang='lat' dir='ltr'>subaudiendum</span> <span class='ocrx_word' id='word_1_582' title='bbox 1039 4488 1129 4541; x_wconf 89' lang='lat' dir='ltr'>est</span> <span class='ocrx_word' id='word_1_583' title='bbox 1158 4500 1265 4540; x_wconf 89' lang='lat' dir='ltr'>non</span> <span class='ocrx_word' id='word_1_584' title='bbox 1296 4493 1469 4541; x_wconf 87' lang='lat' dir='ltr'>vestro</span> <span class='ocrx_word' id='word_1_585' title='bbox 1498 4487 1633 4557; x_wconf 87' lang='lat' dir='ltr'>quia</span> <span class='ocrx_word' id='word_1_586' title='bbox 1678 4504 1818 4544; x_wconf 85' lang='lat' dir='ltr'>meo.</span> 
     </span>
    </p>
   </div>
   <div class='ocr_carea' id='block_1_77' title="bbox 163 4572 1821 4651">
    <p class='ocr_par' dir='ltr' id='par_1_77' title="bbox 163 4572 1821 4651">
     <span class='ocr_line' id='line_1_77' title="bbox 163 4572 1821 4651; baseline 0.001 -20"><span class='ocrx_word' id='word_1_587' title='bbox 163 4575 236 4632; x_wconf 90' lang='lat' dir='ltr'>De</span> <span class='ocrx_word' id='word_1_588' title='bbox 262 4575 369 4634; x_wconf 91' lang='lat' dir='ltr'>hoc</span> <span class='ocrx_word' id='word_1_589' title='bbox 399 4575 597 4651; x_wconf 90' lang='lat' dir='ltr'>pretio</span> <span class='ocrx_word' id='word_1_590' title='bbox 624 4575 780 4631; x_wconf 89' lang='lat' dir='ltr'>idem</span> <span class='ocrx_word' id='word_1_591' title='bbox 804 4572 1123 4647; x_wconf 83' lang='lat' dir='ltr'>Apostolus</span> <span class='ocrx_word' id='word_1_592' title='bbox 1154 4572 1294 4629; x_wconf 84' lang='lat' dir='ltr'>alibi</span> <span class='ocrx_word' id='word_1_593' title='bbox 1316 4572 1673 4647; x_wconf 84' lang='lat' dir='ltr'>dicit:Empti</span> <span class='ocrx_word' id='word_1_594' title='bbox 1692 4578 1821 4632; x_wconf 85' lang='lat' dir='ltr'>estis</span> 
     </span>
    </p>
   </div>
   <div class='ocr_carea' id='block_1_78' title="bbox 1929 3413 3581 3493">
    <p class='ocr_par' dir='ltr' id='par_1_78' title="bbox 1929 3413 3581 3493">
     <span class='ocr_line' id='line_1_78' title="bbox 1929 3413 3581 3493; baseline 0.005 -22"><span class='ocrx_word' id='word_1_595' title='bbox 1929 3416 2135 3475; x_wconf 88' lang='lat' dir='ltr'>denter</span> <span class='ocrx_word' id='word_1_596' title='bbox 2163 3413 2418 3471; x_wconf 87' lang='lat' dir='ltr'>ostendit</span> <span class='ocrx_word' id='word_1_597' title='bbox 2445 3413 2585 3486; x_wconf 89' lang='lat' dir='ltr'>quia</span> <span class='ocrx_word' id='word_1_598' title='bbox 2613 3414 2815 3472; x_wconf 89' lang='lat' dir='ltr'>nullus</span> <span class='ocrx_word' id='word_1_599' title='bbox 2845 3420 3057 3488; x_wconf 89' lang='lat' dir='ltr'>potest,</span> <span class='ocrx_word' id='word_1_600' title='bbox 3090 3418 3204 3476; x_wconf 88' lang='lat' dir='ltr'>nisi</span> <span class='ocrx_word' id='word_1_601' title='bbox 3234 3436 3339 3493; x_wconf 91' lang='lat' dir='ltr'>per</span> <span class='ocrx_word' id='word_1_602' title='bbox 3362 3421 3581 3480; x_wconf 88' lang='lat' dir='ltr'>Christi</span> 
     </span>
    </p>
   </div>
   <div class='ocr_carea' id='block_1_79' title="bbox 1931 3501 2461 3573">
    <p class='ocr_par' dir='ltr' id='par_1_79' title="bbox 1931 3501 2461 3573">
     <span class='ocr_line' id='line_1_79' title="bbox 1931 3501 2461 3573; baseline -0.002 -16"><span class='ocrx_word' id='word_1_603' title='bbox 1931 3502 2130 3570; x_wconf 84' lang='lat' dir='ltr'>ﬁdem,</span> <span class='ocrx_word' id='word_1_604' title='bbox 2157 3501 2461 3573; x_wconf 88' lang='lat' dir='ltr'>jutiﬁcari.</span> 
     </span>
    </p>
   </div>
   <div class='ocr_carea' id='block_1_80' title="bbox 2005 3590 3586 3670">
    <p class='ocr_par' dir='ltr' id='par_1_80' title="bbox 2005 3590 3586 3670">
     <span class='ocr_line' id='line_1_80' title="bbox 2005 3590 3586 3670; baseline 0.007 -24"><span class='ocrx_word' id='word_1_605' title='bbox 2005 3590 2203 3663; x_wconf 86' lang='lat' dir='ltr'>Igitur,</span> <span class='ocrx_word' id='word_1_606' title='bbox 2236 3591 2377 3663; x_wconf 90' lang='lat' dir='ltr'>quia</span> <span class='ocrx_word' id='word_1_607' title='bbox 2402 3590 2588 3647; x_wconf 65' lang='lat' dir='ltr'>Judaei</span> <span class='ocrx_word' id='word_1_608' title='bbox 2609 3592 2681 3648; x_wconf 94' lang='lat' dir='ltr'>de</span> <span class='ocrx_word' id='word_1_609' title='bbox 2702 3590 2848 3665; x_wconf 89' lang='lat' dir='ltr'>legis</span> <span class='ocrx_word' id='word_1_610' title='bbox 2872 3594 3150 3666; x_wconf 90' lang='lat' dir='ltr'>operibus</span> <span class='ocrx_word' id='word_1_611' title='bbox 3174 3595 3586 3670; x_wconf 86' lang='lat' dir='ltr'>gloriabantur</span> 
     </span>
    </p>
   </div>
   <div class='ocr_carea' id='block_1_81' title="bbox 1931 3679 3583 3759">
    <p class='ocr_par' dir='ltr' id='par_1_81' title="bbox 1931 3679 3583 3759">
     <span class='ocr_line' id='line_1_81' title="bbox 1931 3679 3583 3759; baseline 0.007 -23"><span class='ocrx_word' id='word_1_612' title='bbox 1931 3679 2313 3754; x_wconf 69' lang='lat' dir='ltr'>quaestionem</span> <span class='ocrx_word' id='word_1_613' title='bbox 2346 3681 2654 3753; x_wconf 80' lang='lat' dir='ltr'>proposuit</span> <span class='ocrx_word' id='word_1_614' title='bbox 2708 3682 2815 3750; x_wconf 90' lang='lat' dir='ltr'>eis,</span> <span class='ocrx_word' id='word_1_615' title='bbox 2876 3682 3078 3742; x_wconf 88' lang='lat' dir='ltr'>dicens</span> <span class='ocrx_word' id='word_1_616' title='bbox 3110 3701 3123 3741; x_wconf 90' lang='lat'>:</span> <span class='ocrx_word' id='word_1_617' title='bbox 3160 3687 3310 3759; x_wconf 88' lang='grc'>(167)</span> <span class='ocrx_word' id='word_1_618' title='bbox 3343 3688 3445 3746; x_wconf 87' lang='lat' dir='ltr'>Ubi</span> <span class='ocrx_word' id='word_1_619' title='bbox 3496 3694 3583 3747; x_wconf 87' lang='lat' dir='ltr'>est</span> 
     </span>
    </p>
   </div>
   <div class='ocr_carea' id='block_1_82' title="bbox 1928 3769 3582 3846">
    <p class='ocr_par' dir='ltr' id='par_1_82' title="bbox 1928 3769 3582 3846">
     <span class='ocr_line' id='line_1_82' title="bbox 1928 3769 3582 3846; baseline 0.007 -21"><span class='ocrx_word' id='word_1_620' title='bbox 1928 3769 2188 3843; x_wconf 86' lang='lat' dir='ltr'>gloriatio</span> <span class='ocrx_word' id='word_1_621' title='bbox 2220 3775 2317 3826; x_wconf 88' lang='lat' dir='ltr'>tua</span> <span class='ocrx_word' id='word_1_622' title='bbox 2343 3773 2369 3823; x_wconf 74' lang='lat'>.9</span> <span class='ocrx_word' id='word_1_623' title='bbox 2397 3772 2478 3826; x_wconf 86' lang='lat' dir='ltr'>Ae</span> <span class='ocrx_word' id='word_1_624' title='bbox 2509 3771 2558 3826; x_wconf 89' lang='lat' dir='ltr'>si</span> <span class='ocrx_word' id='word_1_625' title='bbox 2606 3770 2829 3828; x_wconf 90' lang='lat' dir='ltr'>diceret</span> <span class='ocrx_word' id='word_1_626' title='bbox 2861 3788 2874 3826; x_wconf 90' lang='lat'><strong>:</strong></span> <span class='ocrx_word' id='word_1_627' title='bbox 2908 3773 2966 3828; x_wconf 91' lang='lat' dir='ltr'>Si</span> <span class='ocrx_word' id='word_1_628' title='bbox 2998 3774 3189 3846; x_wconf 87' lang='lat' dir='ltr'>gratia</span> <span class='ocrx_word' id='word_1_629' title='bbox 3218 3776 3318 3832; x_wconf 90' lang='lat' dir='ltr'>Dei</span> <span class='ocrx_word' id='word_1_630' title='bbox 3374 3794 3582 3836; x_wconf 87' lang='lat' dir='ltr'>omnes</span> 
     </span>
    </p>
   </div>
   <div class='ocr_carea' id='block_1_83' title="bbox 1929 3856 3581 3933">
    <p class='ocr_par' dir='ltr' id='par_1_83' title="bbox 1929 3856 3581 3933">
     <span class='ocr_line' id='line_1_83' title="bbox 1929 3856 3581 3933; baseline 0.006 -19"><span class='ocrx_word' id='word_1_631' title='bbox 1929 3863 2265 3932; x_wconf 89' lang='lat' dir='ltr'>peccatores</span> <span class='ocrx_word' id='word_1_632' title='bbox 2294 3856 2600 3928; x_wconf 81' lang='lat' dir='ltr'>invenit,et</span> <span class='ocrx_word' id='word_1_633' title='bbox 2626 3860 2808 3932; x_wconf 88' lang='lat' dir='ltr'>gratis</span> <span class='ocrx_word' id='word_1_634' title='bbox 2830 3862 3323 3933; x_wconf 83' lang='lat' dir='ltr'>justiﬁcavit,non</span> <span class='ocrx_word' id='word_1_635' title='bbox 3350 3871 3441 3923; x_wconf 89' lang='lat' dir='ltr'>est</span> <span class='ocrx_word' id='word_1_636' title='bbox 3472 3885 3581 3925; x_wconf 89' lang='lat' dir='ltr'>un-</span> 
     </span>
    </p>
   </div>
   <div class='ocr_carea' id='block_1_84' title="bbox 1936 3947 3585 4026">
    <p class='ocr_par' dir='ltr' id='par_1_84' title="bbox 1936 3947 3585 4026">
     <span class='ocr_line' id='line_1_84' title="bbox 1936 3947 3585 4026; baseline 0.005 -21"><span class='ocrx_word' id='word_1_637' title='bbox 1936 3949 2007 4005; x_wconf 90' lang='lat' dir='ltr'>de</span> <span class='ocrx_word' id='word_1_638' title='bbox 2061 3947 2415 4021; x_wconf 88' lang='lat' dir='ltr'>gloriemini.</span> <span class='ocrx_word' id='word_1_639' title='bbox 2465 3947 2886 4007; x_wconf 87' lang='lat' dir='ltr'>Gloriationem</span> <span class='ocrx_word' id='word_1_640' title='bbox 2939 3957 3138 4009; x_wconf 83' lang='lat' dir='ltr'>autem</span> <span class='ocrx_word' id='word_1_641' title='bbox 3191 3971 3308 4010; x_wconf 90' lang='lat' dir='ltr'>non</span> <span class='ocrx_word' id='word_1_642' title='bbox 3364 3971 3585 4026; x_wconf 89' lang='lat' dir='ltr'>veram,</span> 
     </span>
    </p>
   </div>
   <div class='ocr_carea' id='block_1_85' title="bbox 1929 4036 3580 4117">
    <p class='ocr_par' dir='ltr' id='par_1_85' title="bbox 1929 4036 3580 4117">
     <span class='ocr_line' id='line_1_85' title="bbox 1929 4036 3580 4117; baseline 0.005 -24"><span class='ocrx_word' id='word_1_643' title='bbox 1929 4042 1988 4093; x_wconf 91' lang='lat' dir='ltr'>et</span> <span class='ocrx_word' id='word_1_644' title='bbox 2017 4036 2372 4093; x_wconf 88' lang='lat' dir='ltr'>laudabilem</span> <span class='ocrx_word' id='word_1_645' title='bbox 2405 4038 2567 4107; x_wconf 90' lang='lat' dir='ltr'>dicit,</span> <span class='ocrx_word' id='word_1_646' title='bbox 2611 4039 2713 4095; x_wconf 89' lang='lat' dir='ltr'>sed</span> <span class='ocrx_word' id='word_1_647' title='bbox 2772 4040 3208 4111; x_wconf 88' lang='lat' dir='ltr'>detestabilem,</span> <span class='ocrx_word' id='word_1_648' title='bbox 3260 4047 3320 4099; x_wconf 89' lang='lat' dir='ltr'>et</span> <span class='ocrx_word' id='word_1_649' title='bbox 3346 4044 3580 4117; x_wconf 83' lang='lat' dir='ltr'>falsam,</span> 
     </span>
    </p>
   </div>
   <div class='ocr_carea' id='block_1_86' title="bbox 1930 4127 3583 4205">
    <p class='ocr_par' dir='ltr' id='par_1_86' title="bbox 1930 4127 3583 4205">
     <span class='ocr_line' id='line_1_86' title="bbox 1930 4127 3583 4205; baseline 0.006 -23"><span class='ocrx_word' id='word_1_650' title='bbox 1930 4144 2061 4200; x_wconf 65' lang='lat' dir='ltr'>quae</span> <span class='ocrx_word' id='word_1_651' title='bbox 2084 4127 2387 4183; x_wconf 87' lang='lat' dir='ltr'>descendit</span> <span class='ocrx_word' id='word_1_652' title='bbox 2434 4144 2507 4183; x_wconf 82' lang='lat' dir='ltr'>ex</span> <span class='ocrx_word' id='word_1_653' title='bbox 2552 4129 2848 4200; x_wconf 90' lang='lat' dir='ltr'>superbia.</span> <span class='ocrx_word' id='word_1_654' title='bbox 2879 4135 2948 4186; x_wconf 87' lang='lat' dir='ltr'>Et</span> <span class='ocrx_word' id='word_1_655' title='bbox 3000 4132 3141 4204; x_wconf 87' lang='lat' dir='ltr'>quia</span> <span class='ocrx_word' id='word_1_656' title='bbox 3198 4133 3583 4205; x_wconf 64' lang='lat' dir='ltr'>quaestionem</span> 
     </span>
    </p>
   </div>
   <div class='ocr_carea' id='block_1_87' title="bbox 1927 4216 3580 4294">
    <p class='ocr_par' dir='ltr' id='par_1_87' title="bbox 1927 4216 3580 4294">
     <span class='ocr_line' id='line_1_87' title="bbox 1927 4216 3580 4294; baseline 0.005 -22"><span class='ocrx_word' id='word_1_657' title='bbox 1927 4216 2148 4273; x_wconf 79' lang='lat' dir='ltr'>Judmis</span> <span class='ocrx_word' id='word_1_658' title='bbox 2178 4217 2581 4289; x_wconf 85' lang='lat' dir='ltr'>proposuit,ex</span> <span class='ocrx_word' id='word_1_659' title='bbox 2601 4234 2711 4275; x_wconf 90' lang='lat' dir='ltr'>sua</span> <span class='ocrx_word' id='word_1_660' title='bbox 2740 4235 2994 4291; x_wconf 90' lang='lat' dir='ltr'>persona</span> <span class='ocrx_word' id='word_1_661' title='bbox 3021 4223 3326 4294; x_wconf 87' lang='lat' dir='ltr'>respondit</span> <span class='ocrx_word' id='word_1_662' title='bbox 3355 4224 3580 4282; x_wconf 86' lang='lat' dir='ltr'>dicens:</span> 
     </span>
    </p>
   </div>
   <div class='ocr_carea' id='block_1_88' title="bbox 1929 4306 3580 4383">
    <p class='ocr_par' dir='ltr' id='par_1_88' title="bbox 1929 4306 3580 4383">
     <span class='ocr_line' id='line_1_88' title="bbox 1929 4306 3580 4383; baseline 0.003 -21"><span class='ocrx_word' id='word_1_663' title='bbox 1929 4306 2151 4362; x_wconf 77' lang='lat' dir='ltr'>exclusa</span> <span class='ocrx_word' id='word_1_664' title='bbox 2178 4315 2276 4375; x_wconf 88' lang='lat' dir='ltr'>est,</span> <span class='ocrx_word' id='word_1_665' title='bbox 2307 4306 2366 4361; x_wconf 90' lang='lat' dir='ltr'>id</span> <span class='ocrx_word' id='word_1_666' title='bbox 2398 4311 2506 4376; x_wconf 90' lang='lat' dir='ltr'>est,</span> <span class='ocrx_word' id='word_1_667' title='bbox 2540 4308 2768 4378; x_wconf 89' lang='lat' dir='ltr'>abjecta</span> <span class='ocrx_word' id='word_1_668' title='bbox 2797 4313 2856 4366; x_wconf 89' lang='lat' dir='ltr'>et</span> <span class='ocrx_word' id='word_1_669' title='bbox 2910 4309 3118 4380; x_wconf 88' lang='lat' dir='ltr'>ejecta.</span> <span class='ocrx_word' id='word_1_670' title='bbox 3181 4312 3251 4367; x_wconf 87' lang='lat' dir='ltr'>Et</span> <span class='ocrx_word' id='word_1_671' title='bbox 3280 4327 3353 4367; x_wconf 90' lang='lat' dir='ltr'>ne</span> <span class='ocrx_word' id='word_1_672' title='bbox 3411 4316 3580 4383; x_wconf 88' lang='lat' dir='ltr'>puta-</span> 
     </span>
    </p>
   </div>
   <div class='ocr_carea' id='block_1_89' title="bbox 1929 4395 3584 4469">
    <p class='ocr_par' dir='ltr' id='par_1_89' title="bbox 1929 4395 3584 4469">
     <span class='ocr_line' id='line_1_89' title="bbox 1929 4395 3584 4469; baseline 0.002 -18"><span class='ocrx_word' id='word_1_673' title='bbox 1929 4400 2060 4452; x_wconf 89' lang='lat' dir='ltr'>rent</span> <span class='ocrx_word' id='word_1_674' title='bbox 2088 4396 2238 4468; x_wconf 88' lang='grc'>(168)</span> <span class='ocrx_word' id='word_1_675' title='bbox 2269 4395 2565 4453; x_wconf 86' lang='lat' dir='ltr'>exclusam</span> <span class='ocrx_word' id='word_1_676' title='bbox 2596 4412 2701 4468; x_wconf 91' lang='lat' dir='ltr'>per</span> <span class='ocrx_word' id='word_1_677' title='bbox 2729 4396 2916 4468; x_wconf 86' lang='lat' dir='ltr'>legem</span> <span class='ocrx_word' id='word_1_678' title='bbox 2961 4397 3162 4469; x_wconf 83' lang='lat' dir='ltr'>Moysi,</span> <span class='ocrx_word' id='word_1_679' title='bbox 3193 4397 3325 4453; x_wconf 84' lang='lat' dir='ltr'>ideo</span> <span class='ocrx_word' id='word_1_680' title='bbox 3378 4398 3584 4456; x_wconf 86' lang='lat' dir='ltr'>subdi-</span> 
     </span>
    </p>
   </div>
   <div class='ocr_carea' id='block_1_90' title="bbox 1931 4485 3587 4560">
    <p class='ocr_par' dir='ltr' id='par_1_90' title="bbox 1931 4485 3587 4560">
     <span class='ocr_line' id='line_1_90' title="bbox 1931 4485 3587 4560; baseline 0.003 -20"><span class='ocrx_word' id='word_1_681' title='bbox 1931 4485 2062 4540; x_wconf 89' lang='lat' dir='ltr'>dit:</span> <span class='ocrx_word' id='word_1_682' title='bbox 2096 4490 2203 4540; x_wconf 88' lang='lat' dir='ltr'>Per</span> <span class='ocrx_word' id='word_1_683' title='bbox 2258 4501 2422 4557; x_wconf 85' lang='lat' dir='ltr'>quam</span> <span class='ocrx_word' id='word_1_684' title='bbox 2482 4486 2657 4553; x_wconf 87' lang='lat' dir='ltr'>legem</span> <span class='ocrx_word' id='word_1_685' title='bbox 2691 4485 2719 4538; x_wconf 85' lang='lat'><strong>?</strong></span> <span class='ocrx_word' id='word_1_686' title='bbox 2744 4486 3022 4554; x_wconf 78' lang='lat' dir='ltr'>[actorum</span> <span class='ocrx_word' id='word_1_687' title='bbox 3064 4485 3094 4540; x_wconf 83' lang='lat'><strong>?</strong></span> <span class='ocrx_word' id='word_1_688' title='bbox 3123 4486 3266 4541; x_wconf 85' lang='lat' dir='ltr'>Non.</span> <span class='ocrx_word' id='word_1_689' title='bbox 3329 4486 3431 4543; x_wconf 82' lang='lat' dir='ltr'>Sed</span> <span class='ocrx_word' id='word_1_690' title='bbox 3483 4504 3587 4560; x_wconf 84' lang='lat' dir='ltr'>per</span> 
     </span>
    </p>
   </div>
   <div class='ocr_carea' id='block_1_91' title="bbox 1932 4572 3582 4650">
    <p class='ocr_par' dir='ltr' id='par_1_91' title="bbox 1932 4572 3582 4650">
     <span class='ocr_line' id='line_1_91' title="bbox 1932 4572 3582 4650; baseline 0.004 -22"><span class='ocrx_word' id='word_1_691' title='bbox 1932 4574 2107 4645; x_wconf 86' lang='lat' dir='ltr'>legem</span> <span class='ocrx_word' id='word_1_692' title='bbox 2136 4572 2285 4642; x_wconf 82' lang='lat' dir='ltr'>ﬁdei.</span> <span class='ocrx_word' id='word_1_693' title='bbox 2324 4574 2529 4644; x_wconf 85' lang='lat' dir='ltr'>Legem</span> <span class='ocrx_word' id='word_1_694' title='bbox 2563 4573 2851 4628; x_wconf 88' lang='lat' dir='ltr'>factorum</span> <span class='ocrx_word' id='word_1_695' title='bbox 2880 4573 3025 4630; x_wconf 87' lang='lat' dir='ltr'>dicit</span> <span class='ocrx_word' id='word_1_696' title='bbox 3078 4572 3268 4648; x_wconf 84' lang='lat' dir='ltr'>legem</span> <span class='ocrx_word' id='word_1_697' title='bbox 3313 4592 3582 4650; x_wconf 90' lang='lat' dir='ltr'>operum,</span> 
     </span>
    </p>
   </div>
   <div class='ocr_carea' id='block_1_92' title="bbox 163 4660 3585 4738">
    <p class='ocr_par' dir='ltr' id='par_1_92' title="bbox 163 4660 3585 4738">
     <span class='ocr_line' id='line_1_92' title="bbox 163 4660 3585 4738; baseline 0.001 -19"><span class='ocrx_word' id='word_1_698' title='bbox 163 4668 329 4735; x_wconf 85' lang='lat' dir='ltr'>pretio</span> <span class='ocrx_word' id='word_1_699' title='bbox 376 4681 587 4738; x_wconf 88' lang='lat' dir='ltr'>magno</span> <span class='ocrx_word' id='word_1_700' title='bbox 618 4664 667 4735; x_wconf 94' lang='lat' dir='ltr'>(I</span> <span class='ocrx_word' id='word_1_701' title='bbox 704 4662 827 4719; x_wconf 85' lang='lat' dir='ltr'>Cor.</span> <span class='ocrx_word' id='word_1_702' title='bbox 860 4680 939 4733; x_wconf 73' lang='lat' dir='ltr'>vx,</span> <span class='ocrx_word' id='word_1_703' title='bbox 973 4662 1082 4735; x_wconf 90' lang='lat'>10).</span> <span class='ocrx_word' id='word_1_704' title='bbox 1112 4662 1276 4728; x_wconf 88' lang='lat' dir='ltr'>Quod</span> <span class='ocrx_word' id='word_1_705' title='bbox 1308 4662 1387 4718; x_wconf 91' lang='lat' dir='ltr'>sit</span> <span class='ocrx_word' id='word_1_706' title='bbox 1415 4662 1525 4719; x_wconf 90' lang='lat' dir='ltr'>hoc</span> <span class='ocrx_word' id='word_1_707' title='bbox 1547 4664 1823 4735; x_wconf 89' lang='lat' dir='ltr'>pretium,</span> <span class='ocrx_word' id='word_1_708' title='bbox 1856 4674 1903 4738; x_wconf 77' lang='grc' dir='ltr'>ι)</span> <span class='ocrx_word' id='word_1_709' title='bbox 1933 4662 1991 4717; x_wconf 92' lang='lat' dir='ltr'>id</span> <span class='ocrx_word' id='word_1_710' title='bbox 2021 4667 2129 4731; x_wconf 89' lang='lat' dir='ltr'>est,</span> <span class='ocrx_word' id='word_1_711' title='bbox 2162 4660 2430 4734; x_wconf 80' lang='lat' dir='ltr'>Moysi,in</span> <span class='ocrx_word' id='word_1_712' title='bbox 2451 4678 2567 4733; x_wconf 89' lang='lat' dir='ltr'>qua</span> <span class='ocrx_word' id='word_1_713' title='bbox 2585 4661 2771 4718; x_wconf 89' lang='lat' dir='ltr'>multa</span> <span class='ocrx_word' id='word_1_714' title='bbox 2792 4662 3053 4721; x_wconf 87' lang='lat' dir='ltr'>carnalia</span> <span class='ocrx_word' id='word_1_715' title='bbox 3080 4681 3256 4737; x_wconf 91' lang='lat' dir='ltr'>opera</span> <span class='ocrx_word' id='word_1_716' title='bbox 3274 4666 3585 4724; x_wconf 88' lang='lat' dir='ltr'>continen-</span> 
     </span>
    </p>
   </div>
   <div class='ocr_carea' id='block_1_93' title="bbox 167 4751 1825 4830">
    <p class='ocr_par' dir='ltr' id='par_1_93' title="bbox 167 4751 1825 4830">
     <span class='ocr_line' id='line_1_93' title="bbox 167 4751 1825 4830; baseline -0.001 -20"><span class='ocrx_word' id='word_1_717' title='bbox 167 4757 534 4830; x_wconf 88' lang='lat' dir='ltr'>coapostolus</span> <span class='ocrx_word' id='word_1_718' title='bbox 587 4754 717 4826; x_wconf 90' lang='lat' dir='ltr'>ejus</span> <span class='ocrx_word' id='word_1_719' title='bbox 764 4756 973 4809; x_wconf 89' lang='lat' dir='ltr'>Petrus</span> <span class='ocrx_word' id='word_1_720' title='bbox 1028 4752 1307 4821; x_wconf 90' lang='lat' dir='ltr'>ostendit,</span> <span class='ocrx_word' id='word_1_721' title='bbox 1358 4751 1561 4808; x_wconf 90' lang='lat' dir='ltr'>dicens</span> <span class='ocrx_word' id='word_1_722' title='bbox 1595 4770 1608 4808; x_wconf 88' lang='lat'>:</span> <span class='ocrx_word' id='word_1_723' title='bbox 1641 4754 1825 4825; x_wconf 88' lang='lat' dir='ltr'>Empti</span> 
     </span>
    </p>
   </div>
   <div class='ocr_carea' id='block_1_94' title="bbox 167 4842 1822 4914">
    <p class='ocr_par' dir='ltr' id='par_1_94' title="bbox 167 4842 1822 4914">
     <span class='ocr_line' id='line_1_94' title="bbox 167 4842 1822 4914; baseline 0 -16"><span class='ocrx_word' id='word_1_724' title='bbox 167 4847 282 4901; x_wconf 84' lang='lat' dir='ltr'>estis</span> <span class='ocrx_word' id='word_1_725' title='bbox 309 4845 373 4904; x_wconf 82' lang='lat' dir='ltr'>de</span> <span class='ocrx_word' id='word_1_726' title='bbox 402 4863 554 4902; x_wconf 84' lang='lat' dir='ltr'>vana</span> <span class='ocrx_word' id='word_1_727' title='bbox 586 4851 764 4900; x_wconf 85' lang='lat' dir='ltr'>vestra</span> <span class='ocrx_word' id='word_1_728' title='bbox 785 4844 1199 4899; x_wconf 81' lang='lat' dir='ltr'>conversatione</span> <span class='ocrx_word' id='word_1_729' title='bbox 1218 4850 1463 4914; x_wconf 64' lang='lat' dir='ltr'>pateram</span> <span class='ocrx_word' id='word_1_730' title='bbox 1496 4842 1822 4899; x_wconf 86' lang='lat' dir='ltr'>traditionis</span> 
     </span>
    </p>
   </div>
   <div class='ocr_carea' id='block_1_95' title="bbox 168 4932 1823 5009">
    <p class='ocr_par' dir='ltr' id='par_1_95' title="bbox 168 4932 1823 5009">
     <span class='ocr_line' id='line_1_95' title="bbox 168 4932 1823 5009; baseline 0 -22"><span class='ocrx_word' id='word_1_731' title='bbox 168 4950 265 4991; x_wconf 85' lang='lat' dir='ltr'>non</span> <span class='ocrx_word' id='word_1_732' title='bbox 292 4933 666 5009; x_wconf 75' lang='lat' dir='ltr'>corruptibili</span> <span class='ocrx_word' id='word_1_733' title='bbox 692 4949 849 5004; x_wconf 90' lang='lat' dir='ltr'>auro,</span> <span class='ocrx_word' id='word_1_734' title='bbox 880 4933 965 4990; x_wconf 86' lang='lat' dir='ltr'>vel</span> <span class='ocrx_word' id='word_1_735' title='bbox 994 4941 1242 5004; x_wconf 88' lang='lat' dir='ltr'>argento,</span> <span class='ocrx_word' id='word_1_736' title='bbox 1287 4932 1379 4988; x_wconf 84' lang='lat' dir='ltr'>sed</span> <span class='ocrx_word' id='word_1_737' title='bbox 1423 4934 1671 5005; x_wconf 84' lang='lat' dir='ltr'>pretioso</span> <span class='ocrx_word' id='word_1_738' title='bbox 1696 4948 1823 4988; x_wconf 82' lang='lat' dir='ltr'>san-</span> 
     </span>
    </p>
   </div>
   <div class='ocr_carea' id='block_1_96' title="bbox 232 5181 1821 5259">
    <p class='ocr_par' dir='ltr' id='par_1_96' title="bbox 232 5181 1821 5259">
     <span class='ocr_line' id='line_1_96' title="bbox 232 5181 1821 5259; baseline -0.002 -19"><span class='ocrx_word' id='word_1_739' title='bbox 232 5186 371 5259; x_wconf 84' lang='lat'>(159)</span> <span class='ocrx_word' id='word_1_740' title='bbox 403 5189 472 5241; x_wconf 91' lang='lat' dir='ltr'>In</span> <span class='ocrx_word' id='word_1_741' title='bbox 505 5181 1277 5259; x_wconf 81' lang='lat' dir='ltr'>autog_._l_egiturparticula</span> <span class='ocrx_word' id='word_1_742' title='bbox 1300 5198 1429 5251; x_wconf 86' lang='lat' dir='ltr'>non,</span> <span class='ocrx_word' id='word_1_743' title='bbox 1464 5199 1592 5255; x_wconf 67' lang='lat' dir='ltr'>qua:</span> <span class='ocrx_word' id='word_1_744' title='bbox 1622 5185 1821 5259; x_wconf 80' lang='lat' dir='ltr'>tamen</span> 
     </span>
    </p>
   </div>
   <div class='ocr_carea' id='block_1_97' title="bbox 173 5253 1824 5380">
    <p class='ocr_par' dir='ltr' id='par_1_97' title="bbox 173 5253 1824 5380">
     <span class='ocr_line' id='line_1_97' title="bbox 173 5253 1824 5380; baseline -0.002 -68"><span class='ocrx_word' id='word_1_745' title='bbox 173 5253 264 5380; x_wconf 64' lang='lat' dir='ltr'>per</span> <span class='ocrx_word' id='word_1_746' title='bbox 288 5253 550 5315; x_wconf 81' lang='lat' dir='ltr'>errorem</span> <span class='ocrx_word' id='word_1_747' title='bbox 578 5253 866 5311; x_wconf 74' lang='lat' dir='ltr'>excidisse</span> <span class='ocrx_word' id='word_1_748' title='bbox 894 5253 1156 5311; x_wconf 78' lang='lat' dir='ltr'>videtur:</span> <span class='ocrx_word' id='word_1_749' title='bbox 1180 5270 1311 5311; x_wconf 89' lang='lat' dir='ltr'>cum</span> <span class='ocrx_word' id='word_1_750' title='bbox 1337 5253 1549 5311; x_wconf 79' lang='lat' dir='ltr'>sensus</span> <span class='ocrx_word' id='word_1_751' title='bbox 1572 5255 1824 5327; x_wconf 85' lang='lat' dir='ltr'>particu-</span> 
     </span>
     <span class='ocr_line' id='line_1_98' title="bbox 197 5326 1279 5380; baseline 0 0"><span class='ocrx_word' id='word_1_752' title='bbox 197 5344 280 5380; x_wconf 74' lang='grc' dir='ltr'>ιω</span> <span class='ocrx_word' id='word_1_753' title='bbox 305 5347 434 5380; x_wconf 78' lang='lat' dir='ltr'>cum</span> <span class='ocrx_word' id='word_1_754' title='bbox 456 5331 736 5380; x_wconf 74' lang='lat' dir='ltr'>exnetere</span> <span class='ocrx_word' id='word_1_755' title='bbox 764 5326 964 5380; x_wconf 87' lang='lat' dir='ltr'>notius</span> <span class='ocrx_word' id='word_1_756' title='bbox 993 5326 1279 5380; x_wconf 87' lang='lat' dir='ltr'>videatur.</span> 
     </span>
    </p>
   </div>
   <div class='ocr_carea' id='block_1_98' title="bbox 197 5326 1279 5401">
    <p class='ocr_par' dir='ltr' id='par_1_98' title="bbox 197 5326 1279 5401">
     <span class='ocr_line' id='line_1_99' title="bbox 197 5326 1279 5401; baseline -0.004 -17"><span class='ocrx_word' id='word_1_757' title='bbox 197 5344 280 5385; x_wconf 78' lang='lat' dir='ltr'>am</span> <span class='ocrx_word' id='word_1_758' title='bbox 305 5347 434 5386; x_wconf 87' lang='lat' dir='ltr'>cum</span> <span class='ocrx_word' id='word_1_759' title='bbox 456 5331 736 5401; x_wconf 78' lang='lat' dir='ltr'>expetere</span> <span class='ocrx_word' id='word_1_760' title='bbox 764 5326 1279 5401; x_wconf 13' lang='lat' dir='ltr'>potiusgvideatur.</span> 
     </span>
    </p>
   </div>
   <div class='ocr_carea' id='block_1_99' title="bbox 237 5397 1173 5541">
    <p class='ocr_par' dir='ltr' id='par_1_99' title="bbox 237 5397 1173 5541">
     <span class='ocr_line' id='line_1_100' title="bbox 237 5397 1173 5541; baseline -0.003 -86"><span class='ocrx_word' id='word_1_761' title='bbox 237 5401 375 5541; x_wconf 80' lang='lat'>(160)</span> <span class='ocrx_word' id='word_1_762' title='bbox 408 5402 475 5459; x_wconf 89' lang='lat' dir='ltr'>In</span> <span class='ocrx_word' id='word_1_763' title='bbox 507 5397 712 5472; x_wconf 59' lang='lat' dir='ltr'>a&#39;utog.</span> <span class='ocrx_word' id='word_1_764' title='bbox 743 5397 1173 5454; x_wconf 76' lang='lat' dir='ltr'>succumbimur.</span> 
     </span>
     <span class='ocr_line' id='line_1_101' title="bbox 261 5473 1091 5541; baseline -0.001 -15"><span class='ocrx_word' id='word_1_765' title='bbox 261 5473 374 5541; x_wconf 88' lang='lat'>161)</span> <span class='ocrx_word' id='word_1_766' title='bbox 407 5473 474 5529; x_wconf 88' lang='lat' dir='ltr'>In</span> <span class='ocrx_word' id='word_1_767' title='bbox 506 5474 711 5541; x_wconf 86' lang='lat' dir='ltr'>autog.</span> <span class='ocrx_word' id='word_1_768' title='bbox 742 5485 1091 5541; x_wconf 84' lang='lat' dir='ltr'>superamur.</span> 
     </span>
    </p>
   </div>
   <div class='ocr_carea' id='block_1_100' title="bbox 261 5473 1091 5545">
    <p class='ocr_par' dir='ltr' id='par_1_100' title="bbox 261 5473 1091 5545">
     <span class='ocr_line' id='line_1_102' title="bbox 261 5473 1091 5545; baseline -0.001 -19"><span class='ocrx_word' id='word_1_769' title='bbox 261 5473 374 5545; x_wconf 88' lang='grc'>161)</span> <span class='ocrx_word' id='word_1_770' title='bbox 407 5473 474 5529; x_wconf 88' lang='lat' dir='ltr'>In</span> <span class='ocrx_word' id='word_1_771' title='bbox 498 5474 711 5545; x_wconf 82' lang='lat' dir='ltr'>autog.</span> <span class='ocrx_word' id='word_1_772' title='bbox 742 5485 1091 5542; x_wconf 89' lang='lat' dir='ltr'>superamur.</span> 
     </span>
    </p>
   </div>
   <div class='ocr_carea' id='block_1_101' title="bbox 262 5540 1792 5618">
    <p class='ocr_par' dir='ltr' id='par_1_101' title="bbox 262 5540 1792 5618">
     <span class='ocr_line' id='line_1_103' title="bbox 262 5540 1792 5618; baseline -0.004 -19"><span class='ocrx_word' id='word_1_773' title='bbox 262 5540 374 5618; x_wconf 80' lang='grc'>162)</span> <span class='ocrx_word' id='word_1_774' title='bbox 406 5543 581 5618; x_wconf 72' lang='lat' dir='ltr'>Vulg.</span> <span class='ocrx_word' id='word_1_775' title='bbox 614 5540 749 5599; x_wconf 78' lang='lat' dir='ltr'>ante</span> <span class='ocrx_word' id='word_1_776' title='bbox 776 5540 945 5618; x_wconf 80' lang='lat' dir='ltr'>super</span> <span class='ocrx_word' id='word_1_777' title='bbox 971 5557 1156 5618; x_wconf 75' lang='lat' dir='ltr'>omnes</span> <span class='ocrx_word' id='word_1_778' title='bbox 1184 5540 1362 5618; x_wconf 79' lang='lat' dir='ltr'>habet</span> <span class='ocrx_word' id='word_1_779' title='bbox 1390 5542 1452 5618; x_wconf 82' lang='lat' dir='ltr'>in</span> <span class='ocrx_word' id='word_1_780' title='bbox 1470 5553 1688 5618; x_wconf 85' lang='lat' dir='ltr'>omnes,</span> <span class='ocrx_word' id='word_1_781' title='bbox 1722 5541 1792 5594; x_wconf 88' lang='lat' dir='ltr'>et.</span> 
     </span>
    </p>
   </div>
   <div class='ocr_carea' id='block_1_102' title="bbox 261 5552 1576 5691">
    <p class='ocr_par' dir='ltr' id='par_1_102' title="bbox 261 5552 1576 5691">
     <span class='ocr_line' id='line_1_104' title="bbox 262 5552 1576 5618; baseline -0.004 -20"><span class='ocrx_word' id='word_1_782' title='bbox 262 5552 355 5599; x_wconf 71' lang='lat'>162</span> <span class='ocrx_word' id='word_1_783' title='bbox 408 5552 581 5618; x_wconf 85' lang='lat' dir='ltr'>Vulg.</span> <span class='ocrx_word' id='word_1_784' title='bbox 614 5552 749 5599; x_wconf 90' lang='lat' dir='ltr'>ante</span> <span class='ocrx_word' id='word_1_785' title='bbox 776 5557 945 5614; x_wconf 88' lang='lat' dir='ltr'>super</span> <span class='ocrx_word' id='word_1_786' title='bbox 971 5557 1156 5597; x_wconf 88' lang='lat' dir='ltr'>omnes</span> <span class='ocrx_word' id='word_1_787' title='bbox 1184 5552 1362 5598; x_wconf 79' lang='lat' dir='ltr'>habet</span> <span class='ocrx_word' id='word_1_788' title='bbox 1390 5552 1450 5596; x_wconf 80' lang='lat' dir='ltr'>in</span> <span class='ocrx_word' id='word_1_789' title='bbox 1480 5553 1576 5595; x_wconf 74' lang='lat' dir='ltr'>om:</span> 
     </span>
     <span class='ocr_line' id='line_1_105' title="bbox 261 5552 1576 5691; baseline 0 0"><span class='ocrx_word' id='word_1_790' title='bbox 261 5552 377 5691; x_wconf 54' lang='lat' dir='ltr'>163i</span> <span class='ocrx_word' id='word_1_791' title='bbox 406 5617 865 5691; x_wconf 49' lang='lat' dir='ltr'>ﬂaminesque.</span> <span class='ocrx_word' id='word_1_792' title='bbox 893 5612 1317 5691; x_wconf 52' lang='lat' dir='ltr'>inlinis-ron.</span> <span class='ocrx_word' id='word_1_793' title='bbox 1341 5612 1576 5691; x_wconf 53' lang='lat' dir='ltr'>Iesum-</span> 
     </span>
    </p>
   </div>
   <div class='ocr_carea' id='block_1_103' title="bbox 262 5682 1724 5757">
    <p class='ocr_par' dir='ltr' id='par_1_103' title="bbox 262 5682 1724 5757">
     <span class='ocr_line' id='line_1_106' title="bbox 262 5682 1724 5757; baseline -0.002 -16"><span class='ocrx_word' id='word_1_794' title='bbox 262 5682 380 5757; x_wconf 75' lang='grc'>164)</span> <span class='ocrx_word' id='word_1_795' title='bbox 405 5687 582 5757; x_wconf 83' lang='lat' dir='ltr'>Vulg.</span> <span class='ocrx_word' id='word_1_796' title='bbox 618 5686 699 5743; x_wconf 91' lang='lat' dir='ltr'>ibi</span> <span class='ocrx_word' id='word_1_797' title='bbox 730 5684 1082 5757; x_wconf 15' lang='lat' dir='ltr'>ianpistola</span> <span class='ocrx_word' id='word_1_798' title='bbox 1106 5682 1137 5739; x_wconf 71' lang='grc' dir='ltr'>ἲ</span> <span class='ocrx_word' id='word_1_799' title='bbox 1167 5682 1321 5742; x_wconf 85' lang='lat' dir='ltr'>beati</span> <span class='ocrx_word' id='word_1_800' title='bbox 1348 5682 1503 5742; x_wconf 76' lang='lat' dir='ltr'>Petri</span> <span class='ocrx_word' id='word_1_801' title='bbox 1533 5685 1724 5757; x_wconf 86' lang='lat' dir='ltr'>apost.</span> 
     </span>
    </p>
   </div>
   <div class='ocr_carea' id='block_1_104' title="bbox 176 5729 1826 5837">
    <p class='ocr_par' dir='ltr' id='par_1_104' title="bbox 176 5729 1826 5837">
     <span class='ocr_line' id='line_1_107' title="bbox 176 5729 1826 5837; baseline 0.003 -24"><span class='ocrx_word' id='word_1_802' title='bbox 176 5729 708 5835; x_wconf 54' lang='grc' dir='ltr'>νοὲὲῗίὁρίῖἓὶιιῖἑί</span> <span class='ocrx_word' id='word_1_803' title='bbox 730 5729 1826 5837; x_wconf 47' lang='lat' dir='ltr'>E&quot;SZJ§%EEEJsb}IzBEu}£Z21653315»:</span> 
     </span>
    </p>
   </div>
   <div class='ocr_carea' id='block_1_105' title="bbox 1935 4750 3585 4820">
    <p class='ocr_par' dir='ltr' id='par_1_105' title="bbox 1935 4750 3585 4820">
     <span class='ocr_line' id='line_1_108' title="bbox 1935 4750 3585 4820; baseline 0.005 -14"><span class='ocrx_word' id='word_1_804' title='bbox 1935 4755 2049 4819; x_wconf 91' lang='lat' dir='ltr'>tur,</span> <span class='ocrx_word' id='word_1_805' title='bbox 2082 4750 3275 4820; x_wconf 87' lang='lat' dir='ltr'>scilicet,circumcisionis,neomeniarum</span> <span class='ocrx_word' id='word_1_806' title='bbox 3298 4760 3356 4812; x_wconf 88' lang='lat' dir='ltr'>et</span> <span class='ocrx_word' id='word_1_807' title='bbox 3378 4756 3585 4815; x_wconf 75' lang='lat' dir='ltr'>sabba~</span> 
     </span>
    </p>
   </div>
   <div class='ocr_carea' id='block_1_106' title="bbox 1932 4842 3586 4916">
    <p class='ocr_par' dir='ltr' id='par_1_106' title="bbox 1932 4842 3586 4916">
     <span class='ocr_line' id='line_1_109' title="bbox 1932 4842 3586 4916; baseline 0.004 -22"><span class='ocrx_word' id='word_1_808' title='bbox 1932 4844 2128 4897; x_wconf 88' lang='lat' dir='ltr'>torum</span> <span class='ocrx_word' id='word_1_809' title='bbox 2151 4843 2608 4913; x_wconf 66' lang='lat' dir='ltr'>cazterorumque</span> <span class='ocrx_word' id='word_1_810' title='bbox 2627 4842 2951 4898; x_wconf 91' lang='lat' dir='ltr'>carnalium</span> <span class='ocrx_word' id='word_1_811' title='bbox 2977 4843 3363 4916; x_wconf 73' lang='lat' dir='ltr'>rituum,qua3</span> <span class='ocrx_word' id='word_1_812' title='bbox 3384 4845 3586 4902; x_wconf 83' lang='lat' dir='ltr'>omnia</span> 
     </span>
    </p>
   </div>
   <div class='ocr_carea' id='block_1_107' title="bbox 1932 4928 3586 5006">
    <p class='ocr_par' dir='ltr' id='par_1_107' title="bbox 1932 4928 3586 5006">
     <span class='ocr_line' id='line_1_110' title="bbox 1932 4928 3586 5006; baseline 0.004 -21"><span class='ocrx_word' id='word_1_813' title='bbox 1932 4929 2045 4985; x_wconf 89' lang='lat' dir='ltr'>sub</span> <span class='ocrx_word' id='word_1_814' title='bbox 2075 4928 2270 5001; x_wconf 83' lang='lat' dir='ltr'>ﬁgura</span> <span class='ocrx_word' id='word_1_815' title='bbox 2299 4930 2645 5003; x_wconf 87' lang='lat' dir='ltr'>agebantur.</span> <span class='ocrx_word' id='word_1_816' title='bbox 2697 4932 2803 4987; x_wconf 80' lang='lat' dir='ltr'>Lex</span> <span class='ocrx_word' id='word_1_817' title='bbox 2832 4947 3078 5004; x_wconf 90' lang='lat' dir='ltr'>operum</span> <span class='ocrx_word' id='word_1_818' title='bbox 3124 4930 3226 4988; x_wconf 91' lang='lat' dir='ltr'>illa</span> <span class='ocrx_word' id='word_1_819' title='bbox 3251 4935 3342 4988; x_wconf 88' lang='lat' dir='ltr'>est</span> <span class='ocrx_word' id='word_1_820' title='bbox 3369 4932 3442 4988; x_wconf 92' lang='lat' dir='ltr'>de</span> <span class='ocrx_word' id='word_1_821' title='bbox 3467 4950 3586 5006; x_wconf 89' lang='lat' dir='ltr'>qua</span> 
     </span>
    </p>
   </div>
   <div class='ocr_carea' id='block_1_108' title="bbox 1932 5179 3583 5240">
    <p class='ocr_par' dir='ltr' id='par_1_108' title="bbox 1932 5179 3583 5240">
     <span class='ocr_line' id='line_1_111' title="bbox 1932 5179 3583 5240; baseline 0.004 -6"><span class='ocrx_word' id='word_1_822' title='bbox 1932 5180 2281 5236; x_wconf 85' lang='lat' dir='ltr'>immaculati</span> <span class='ocrx_word' id='word_1_823' title='bbox 2311 5179 2520 5236; x_wconf 68' lang='lat' dir='ltr'>Christi</span> <span class='ocrx_word' id='word_1_824' title='bbox 2543 5188 2593 5236; x_wconf 85' lang='lat' dir='ltr'>et</span> <span class='ocrx_word' id='word_1_825' title='bbox 2614 5180 3080 5236; x_wconf 85' lang='lat' dir='ltr'>incontaminati:</span> <span class='ocrx_word' id='word_1_826' title='bbox 3106 5180 3168 5237; x_wconf 91' lang='lat' dir='ltr'>in</span> <span class='ocrx_word' id='word_1_827' title='bbox 3200 5180 3335 5238; x_wconf 89' lang='lat' dir='ltr'>aliis</span> <span class='ocrx_word' id='word_1_828' title='bbox 3361 5182 3583 5240; x_wconf 79' lang='lat' dir='ltr'>versio-</span> 
     </span>
    </p>
   </div>
   <div class='ocr_carea' id='block_1_109' title="bbox 1934 5251 3042 5335">
    <p class='ocr_par' dir='ltr' id='par_1_109' title="bbox 1934 5251 3042 5335">
     <span class='ocr_line' id='line_1_112' title="bbox 1934 5251 3042 5335; baseline -0.001 -28"><span class='ocrx_word' id='word_1_829' title='bbox 1934 5251 2480 5335; x_wconf 27' lang='lat' dir='ltr'>nibunsj‘lgconquasi</span> <span class='ocrx_word' id='word_1_830' title='bbox 2508 5251 2725 5335; x_wconf 76' lang='lat' dir='ltr'>legitur</span> <span class='ocrx_word' id='word_1_831' title='bbox 2756 5254 3042 5335; x_wconf 42' lang='lat' dir='ltr'>tanqu-mn.</span> 
     </span>
    </p>
   </div>
   <div class='ocr_carea' id='block_1_110' title="bbox 2002 5323 3582 5396">
    <p class='ocr_par' dir='ltr' id='par_1_110' title="bbox 2002 5323 3582 5396">
     <span class='ocr_line' id='line_1_113' title="bbox 2002 5323 3582 5396; baseline 0.002 -17"><span class='ocrx_word' id='word_1_832' title='bbox 2002 5324 2152 5396; x_wconf 68' lang='lat'>(1-65)</span> <span class='ocrx_word' id='word_1_833' title='bbox 2181 5325 2350 5396; x_wconf 84' lang='lat' dir='ltr'>Forte</span> <span class='ocrx_word' id='word_1_834' title='bbox 2374 5323 2695 5396; x_wconf 83' lang='lat' dir='ltr'>commissis,</span> <span class='ocrx_word' id='word_1_835' title='bbox 2727 5337 2835 5379; x_wconf 89' lang='lat' dir='ltr'>seu</span> <span class='ocrx_word' id='word_1_836' title='bbox 2865 5323 3141 5396; x_wconf 80' lang='lat' dir='ltr'>admissis,</span> <span class='ocrx_word' id='word_1_837' title='bbox 3182 5323 3241 5379; x_wconf 88' lang='lat' dir='ltr'>id</span> <span class='ocrx_word' id='word_1_838' title='bbox 3273 5329 3364 5381; x_wconf 88' lang='lat' dir='ltr'>est</span> <span class='ocrx_word' id='word_1_839' title='bbox 3383 5329 3582 5396; x_wconf 88' lang='lat' dir='ltr'>actua-</span> 
     </span>
    </p>
   </div>
   <div class='ocr_carea' id='block_1_111' title="bbox 1929 5393 3586 5469">
    <p class='ocr_par' dir='ltr' id='par_1_111' title="bbox 1929 5393 3586 5469">
     <span class='ocr_line' id='line_1_114' title="bbox 1929 5393 3586 5469; baseline 0.002 -20"><span class='ocrx_word' id='word_1_840' title='bbox 1929 5393 2087 5451; x_wconf 37' lang='lat' dir='ltr'>lib&#39;us</span> <span class='ocrx_word' id='word_1_841' title='bbox 2118 5393 2421 5467; x_wconf 86' lang='lat' dir='ltr'>culpis,vel</span> <span class='ocrx_word' id='word_1_842' title='bbox 2443 5394 2621 5469; x_wconf 83' lang='lat' dir='ltr'>etiam</span> <span class='ocrx_word' id='word_1_843' title='bbox 2651 5395 2960 5469; x_wconf 78' lang='lat' dir='ltr'>amissis,in</span> <span class='ocrx_word' id='word_1_844' title='bbox 2986 5412 3309 5469; x_wconf 90' lang='lat' dir='ltr'>sensu,quo</span> <span class='ocrx_word' id='word_1_845' title='bbox 3340 5395 3586 5469; x_wconf 87' lang='lat' dir='ltr'>Plautus</span> 
     </span>
    </p>
   </div>
   <div class='ocr_carea' id='block_1_112' title="bbox 1931 5465 3584 5542">
    <p class='ocr_par' dir='ltr' id='par_1_112' title="bbox 1931 5465 3584 5542">
     <span class='ocr_line' id='line_1_115' title="bbox 1931 5465 3584 5542; baseline 0.002 -21"><span class='ocrx_word' id='word_1_846' title='bbox 1931 5482 2082 5542; x_wconf 85' lang='lat' dir='ltr'>usus</span> <span class='ocrx_word' id='word_1_847' title='bbox 2103 5471 2194 5523; x_wconf 84' lang='lat' dir='ltr'>est</span> <span class='ocrx_word' id='word_1_848' title='bbox 2217 5465 2399 5522; x_wconf 70' lang='lat' dir='ltr'>verbo</span> <span class='ocrx_word' id='word_1_849' title='bbox 2429 5465 2748 5538; x_wconf 87' lang='lat' dir='ltr'>amitteret,</span> <span class='ocrx_word' id='word_1_850' title='bbox 2783 5466 2843 5523; x_wconf 91' lang='lat' dir='ltr'>id</span> <span class='ocrx_word' id='word_1_851' title='bbox 2872 5473 2963 5525; x_wconf 90' lang='lat' dir='ltr'>est</span> <span class='ocrx_word' id='word_1_852' title='bbox 3009 5465 3287 5525; x_wconf 76' lang='lat' dir='ltr'>amittere</span> <span class='ocrx_word' id='word_1_853' title='bbox 3325 5468 3584 5542; x_wconf 87' lang='lat' dir='ltr'>culpam,</span> 
     </span>
    </p>
   </div>
   <div class='ocr_carea' id='block_1_113' title="bbox 1931 5539 2712 5677">
    <p class='ocr_par' dir='ltr' id='par_1_113' title="bbox 1931 5539 2712 5677">
     <span class='ocr_line' id='line_1_116' title="bbox 1931 5539 2635 5611; baseline 0 -18"><span class='ocrx_word' id='word_1_854' title='bbox 1931 5553 2035 5593; x_wconf 89' lang='lat' dir='ltr'>seu</span> <span class='ocrx_word' id='word_1_855' title='bbox 2069 5539 2370 5611; x_wconf 89' lang='lat' dir='ltr'>ignoscere</span> <span class='ocrx_word' id='word_1_856' title='bbox 2401 5553 2635 5593; x_wconf 83' lang='lat' dir='ltr'>noxam.</span> 
     </span>
     <span class='ocr_line' id='line_1_117' title="bbox 2003 5610 2712 5677; baseline 0.003 -13"><span class='ocrx_word' id='word_1_857' title='bbox 2003 5611 2396 5677; x_wconf 49' lang='lat' dir='ltr'>(166)1Autog.</span> <span class='ocrx_word' id='word_1_858' title='bbox 2426 5610 2712 5666; x_wconf 86' lang='lat' dir='ltr'>Iustitiam</span> 
     </span>
    </p>
   </div>
   <div class='ocr_carea' id='block_1_114' title="bbox 2002 5612 2914 5828">
    <p class='ocr_par' dir='ltr' id='par_1_114' title="bbox 2002 5612 2914 5828">
     <span class='ocr_line' id='line_1_118' title="bbox 2032 5612 2733 5701; baseline 0 -37"><span class='ocrx_word' id='word_1_859' title='bbox 2032 5612 2156 5677; x_wconf 89' lang='lat'>166)</span> <span class='ocrx_word' id='word_1_860' title='bbox 2165 5612 2396 5701; x_wconf 40' lang='lat' dir='ltr'>(Autog.</span> <span class='ocrx_word' id='word_1_861' title='bbox 2426 5612 2733 5666; x_wconf 84' lang='lat' dir='ltr'>Iustitiam.</span> 
     </span>
     <span class='ocr_line' id='line_1_119' title="bbox 2002 5612 2914 5828; baseline 0.004 -19"><span class='ocrx_word' id='word_1_862' title='bbox 2002 5612 2249 5828; x_wconf 57' lang='lat' dir='ltr'>itali:</span> <span class='ocrx_word' id='word_1_863' title='bbox 2277 5687 2813 5828; x_wconf 49' lang='lat' dir='ltr'>tiﬁéi&#39;pﬁtiiz.“</span> <span class='ocrx_word' id='word_1_864' title='bbox 2847 5681 2914 5740; x_wconf 66' lang='lat' dir='ltr'>x-</span> 
     </span>
    </p>
   </div>
   <div class='ocr_carea' id='block_1_115' title="bbox 2028 5683 2754 5831">
    <p class='ocr_par' dir='ltr' id='par_1_115' title="bbox 2028 5683 2754 5831">
     <span class='ocr_line' id='line_1_120' title="bbox 2028 5683 2731 5756; baseline 0 -18"><span class='ocrx_word' id='word_1_865' title='bbox 2028 5683 2129 5738; x_wconf 87' lang='grc'>167</span> <span class='ocrx_word' id='word_1_866' title='bbox 2158 5683 2249 5751; x_wconf 62' lang='lat' dir='ltr'>,&#39;In</span> <span class='ocrx_word' id='word_1_867' title='bbox 2279 5687 2508 5754; x_wconf 90' lang='lat' dir='ltr'>autogr.</span> <span class='ocrx_word' id='word_1_868' title='bbox 2543 5697 2731 5756; x_wconf 89' lang='lat' dir='ltr'>marg.</span> 
     </span>
     <span class='ocr_line' id='line_1_121' title="bbox 2028 5683 2754 5831; baseline 0.011 -22"><span class='ocrx_word' id='word_1_869' title='bbox 2028 5683 2151 5831; x_wconf 51' lang='lat'>1683</span> <span class='ocrx_word' id='word_1_870' title='bbox 2182 5752 2242 5813; x_wconf 88' lang='lat' dir='ltr'>ln</span> <span class='ocrx_word' id='word_1_871' title='bbox 2277 5755 2475 5831; x_wconf 90' lang='lat' dir='ltr'>autog.</span> <span class='ocrx_word' id='word_1_872' title='bbox 2503 5757 2754 5830; x_wconf 83' lang='lat' dir='ltr'>putaret.</span> 
     </span>
    </p>
   </div>
  </div>
