3946 6398
365 442 482 504 163

1389 439 1724 500 ATTONIS
1768 435 2353 499 VERCELLENSIS
2401 435 2754 497 EPISCOPI

3663 445 3784 506 164

364 576 638 647 superius
669 574 751 629 ait
796 589 807 629 :
840 575 951 629 Per
982 573 1160 642 legem
1186 571 1479 643 peccati,ct
1509 568 1645 624 alibi
1677 586 1696 623 :
1728 570 1840 625 Lex
1862 570 2014 624 enim
2041 568 2096 634 Α
2130 570 2298 624 tium.
2331 573 2413 623 Ae
2444 568 2493 624 si
2526 567 2742 623 diceret
2771 586 2785 623 :
2820 567 2982 624 Unus
3010 573 3099 625 est
3127 568 3301 639 Deus,
3336 572 3436 643 qui
3486 573 3787 644 justiflcat

356 664 719 732 subintravil,
765 667 829 717 ut
886 661 1197 717 abundaret
1226 659 1675 730 delictum(Rom.
1709 658 2013 730 v,20).Lex

365 769 610 824 operum
641 751 743 807 illa
799 755 890 807 est
945 767 1075 823 quae
1135 748 1412 821 praecipit:
1477 749 1599 802 Non
1644 749 2010 818 concupisces.

363 842 475 897 Sed
506 840 775 914 nunquid
805 857 921 895 non
952 839 1014 893 in
1045 838 1170 910 lege
1201 836 1336 892 ﬁdei
1370 835 1558 891 multa
1614 852 1793 908 opera
1823 836 2011 892 conti-

366 934 581 985 nentur
609 933 635 983 ?
663 928 1044 985 Coutinentur
1067 926 1365 999 plane,sed
1399 941 1515 980 non
1549 924 1824 993 carnalia,
1859 926 2014 980 sicut

369 1018 429 1073 in
463 1017 588 1090 lege
618 1018 820 1090 Moysi.
852 1020 940 1070 An
974 1030 1088 1070 non
1120 1014 1212 1069 lex
1243 1014 1376 1069 ﬁdei
1451 1014 1635 1069 dicit:
1669 1014 1787 1068 Non
1841 1030 2012 1069 concu

364 1109 541 1179 pisces
571 1110 600 1161 ?
629 1105 990 1176 Dicitutique
1012 1104 1167 1158 sicut
1190 1101 1379 1158 multa
1400 1101 1691 1174 Evangelii
1721 1106 2013 1174 prazcepta

366 1193 678 1251 contestari
703 1200 758 1249 et
785 1192 1041 1249 clamare
1070 1208 1188 1248 non
1222 1190 1617 1255 cessant.Quae
1640 1206 1777 1263 ergo
1809 1196 1898 1246 est
1922 1190 2009 1245 di-

363 1283 580 1339 stantia
607 1283 637 1338 ?
666 1297 880 1354 magna
911 1282 1135 1352 utique,
1168 1280 1468 1351 quoniam,
1486 1296 1614 1350 qum
1643 1279 1738 1334 lex
1767 1295 2010 1351 operum

364 1372 644 1428 minando
672 1369 962 1443 principit,
996 1369 1089 1425 lex
1118 1369 1253 1425 ﬁdei
1286 1369 1575 1424 credendo
1618 1368 1908 1440 impetrat.
1944 1369 2009 1423 In

363 1460 490 1534 lege
520 1460 678 1516 enim
711 1475 953 1533 Operum
981 1463 1132 1513 Deus
1163 1458 1307 1513 dicit
1337 1474 1351 1514 :
1386 1458 1496 1513 Fac
1532 1457 1687 1528 quod
1712 1458 1909 1529 jubeo.
1945 1457 2008 1512 In

364 1549 489 1622 lege
516 1549 649 1605 ﬁdei
681 1548 795 1605 Deo
826 1548 1041 1603 dicitur
1068 1564 1082 1616 ;
1115 1547 1278 1603 Dona
1317 1547 1469 1617 quod
1492 1547 1669 1617 jubes
1704 1563 1716 1602 :
1751 1563 1888 1601 nam
1918 1546 2009 1602 lex

364 1638 501 1694 ﬁdei
524 1641 694 1705 est,et
715 1652 954 1692 oramus
984 1635 1152 1692 nobis
1181 1652 1209 1691 ε
1245 1635 1360 1691 Deo
1394 1634 2007 1704 donari,utfaciamus

318 1740 323 1745 ·
363 1738 493 1799 quae
517 1743 621 1798 per
650 1743 757 1781 nos
786 1725 1029 1797 implere
1059 1741 1173 1780 non
1207 1740 1545 1796 possumus.
1580 1724 1644 1778 In
1685 1722 1812 1795 lege
1840 1740 2007 1779 nam-

363 1832 477 1888 que
510 1830 780 1888 operum,
806 1813 1043 1886 justitia
1072 1817 1161 1869 est
1207 1811 1583 1885 precipientis
1616 1812 1713 1867 Dei
1748 1829 1762 1880 ;
1794 1811 1854 1866 in
1880 1811 2006 1884 lege

2123 657 2506 713 circumcisos
2535 657 2769 713 Judaaos
2800 662 2855 712 et
2903 659 3280 731 prmputiatos
3312 661 3580 733 gentiles.
3612 666 3781 729 Quod

2124 752 2321 801 autem
2344 746 2488 801 dicit
2520 762 2534 802 :
2564 747 3037 803 circumcisionem
3086 764 3156 804 ea:
3184 750 3290 819 ﬁde
3328 756 3383 807 et
3431 757 3783 826 prwputium

2120 851 2218 907 per
2246 835 2430 906 ﬁdem,
2463 852 2578 890 non
2617 840 2854 908 propter
2879 836 3138 908 aliquam
3191 839 3580 898 differentiam
3612 842 3780 915 dicit,

2124 923 2263 995 quia
2292 923 2429 979 alibi
2462 925 2531 979 de
2568 922 2844 997 gentibus
2900 925 3047 981 dicit
3079 945 3093 981 :
3125 928 3425 984 Providens
3484 930 3783 1004 Scriptura

2121 1014 2253 1084 quia
2282 1029 2355 1067 eu:
2381 1013 2487 1082 ﬁde
2510 1013 2792 1084 justiﬁcat
2822 1023 3013 1082 gentes
3045 1015 3181 1071 Deus
3241 1016 3390 1088 (Gal.
3452 1037 3534 1089 ιιι,
3583 1021 3639 1093 8)
3674 1037 3689 1076 :
3723 1028 3785 1079 et

2121 1101 2368 1170 loquens
2400 1102 2471 1156 de
2509 1101 2750 1172 Judaeis,
2780 1104 2937 1158 unde
2965 1103 3092 1175 ipse
3122 1105 3355 1174 erat,ait
3392 1124 3405 1164 :
3436 1109 3545 1165 Nos
3572 1114 3784 1168 natura

2119 1190 2301 1247 Judaei
2357 1193 2407 1245 et
2434 1206 2543 1246 non
2573 1208 2644 1246 ex
2686 1192 2939 1262 gentibus
2991 1198 3299 1265 peccatores
3356 1198 3557 1254 scimus
3589 1209 3784 1257 autem

2119 1280 2385 1350 quoniam
2410 1295 2519 1334 non
2542 1279 2950 1350 justiﬁcaretur
2965 1281 3125 1336 homo
3150 1299 3220 1337 ex
3238 1285 3492 1356 operibus
3523 1286 3782 1358 legis,sed

2114 1383 2215 1439 per
2242 1368 2405 1438 ﬁdem
2431 1370 2558 1423 Jesu
2589 1367 2813 1438 Christi,
2841 1372 2893 1424 et
2920 1385 3017 1425 nos
3050 1372 3111 1426 in
3142 1370 3421 1447 Christum
3452 1376 3780 1447 lesumcre-

2118 1456 2305 1512 (limus
2332 1466 2393 1512 ut
2410 1457 2783 1527 justiﬁcemur
2811 1459 2957 1525 (Gal.
2992 1477 3053 1527 11,
3090 1460 3175 1528 15,
3213 1462 3322 1533 16).
3345 1463 3453 1518 Sed
3487 1481 3560 1519 ex
3587 1465 3698 1536 ﬁde
3727 1470 3779 1522 et

2115 1561 2214 1617 per
2241 1546 2403 1615 ﬁdem
2432 1546 2536 1616 ait,
2568 1549 2805 1618 prepter
2832 1547 3173 1604 varietatem
3205 1549 3539 1609 locutionis.

2188 1638 2484 1689 Hactenus
2514 1634 2703 1690 multa
2729 1636 2960 1691 videtur
3012 1638 3326 1710 Apostolus
3360 1641 3432 1696 ad
3486 1642 3774 1714 injuriam

2120 1722 2267 1794 legis
2300 1722 2531 1778 locutus
2561 1741 2575 1779 :
2608 1724 2677 1779 Et
2718 1724 2855 1795 quia
2886 1730 3111 1796 poterat
3161 1726 3375 1801 aliquis
3429 1729 3772 1789 Judezorum

2117 1811 2306 1867 dicere
2336 1829 2349 1867 :
2384 1812 2427 1867 Ο
2461 1811 3218 1888 Paule,destruislcgem,et
3236 1834 3482 1876 evacuas
3515 1820 3773 1877 circum-

362 1903 519 1973 fidei,
554 1901 954 1960 subvenientis
997 1900 1417 1957 misericordia.
1453 1900 1522 1955 Et
1570 1899 1710 1972 quia
1740 1904 2007 1973 poterant
2035 1933 2084 1998 B
2118 1900 2398 1956 cisionem
2428 1900 2596 1957 :ideo
2652 1902 2961 1973 subjunxit
2994 1922 3007 1960 :
3040 1905 3238 1976 Legem
3291 1910 3442 1963 enim
3500 1910 3651 1982 (170)
3681 1908 3776 1966 de-

359 1992 549 2049 Judaai
581 1992 791 2062 dicere,
824 1990 1102 2063 quoniam
1120 1989 1486 2061 justificatur
1506 1989 1681 2045 homo
1711 1989 1839 2045 sine
1869 2005 2003 2061 ope-

359 2083 525 2137 ribus
554 2079 803 2153 legis,ad
831 2080 953 2135 haec
982 2079 1108 2152 ipse
1138 2080 1471 2151 respondet:
1507 2078 2006 2150 Arbitramur(169)

346 2171 654 2243 justiﬁcari
682 2169 958 2225 hominem
1003 2184 1103 2240 per
1131 2167 1296 2237 ﬁdem
1351 2170 1475 2225 sine
1530 2168 1786 2239 cperibus
1845 2167 2000 2239 legis.

358 2259 730 2315 Arbitramur
758 2258 868 2314 hoc
899 2256 1025 2313 loco
1056 2273 1169 2313 non
1191 2256 1512 2312 dubitativa
1546 2258 1768 2312 dictum
1796 2257 2006 2312 intelli-

357 2348 615 2420 gendum
646 2346 864 2416 est,sed
897 2346 1261 2401 aifirmative.
1285 2348 1367 2400 Ac
1395 2344 1445 2400 si
1475 2344 1692 2401 diceret
1719 2360 1734 2401 :
1774 2344 2004 2401 Firmis-

361 2437 510 2494 sime
540 2433 836 2490 credimus
867 2433 1005 2505 quia
1033 2449 1103 2488 ex
1131 2434 1244 2488 fide
1282 2433 1642 2503 justiﬁeatur
1669 2434 1845 2489 homo
1876 2434 2003 2491 sine

359 2524 637 2598 operibus
666 2522 831 2595 legis.
867 2523 1142 2593 Magnum
1181 2521 1362 2593 igitur
1389 2525 1480 2577 est
1535 2522 1809 2577 meritum
1842 2523 1998 2591 fidei,

356 2631 494 2672 nam
526 2612 817 2685 praeterita
847 2616 1083 2683 peccata
1112 2609 1352 2680 relaxat,
1383 2613 1441 2665 et
1470 2610 1777 2681 praesentia
1807 2611 2000 2666 absol-

351 2704 437 2760 vit
465 2707 522 2759 et
552 2702 751 2758 futura
772 2714 1095 2772 praecavere
1126 2699 1798 2770 facitpossessoremque
1825 2716 1997 2754 suum

355 2793 428 2849 ad
462 2792 662 2847 futura
691 2789 845 2844 bona
894 2789 1226 2859 peragenda
1281 2787 1577 2843 fortiorem
1637 2787 1850 2843 reddit.
1886 2789 1998 2844 Sed

356 2880 496 2954 quid
528 2882 619 2934 est
647 2877 801 2950 quod
832 2876 936 2942 ait,
977 2875 1294 2945 justiﬁcari
1352 2876 1649 2931 hominem
1710 2875 1833 2932 sola
1864 2877 1997 2944 ﬁde,

354 2986 488 3026 cum
521 2967 661 3024 alibi
692 2965 848 3021 dicat
881 2983 894 3020 :
927 2965 1079 3020 Fides
1107 2969 1186 3020 est
1215 2980 1340 3035 quae
1368 2981 1465 3035 per
1488 2964 1839 3021 dilectionem
1867 2982 1998 3037 ope-

356 3062 520 3114 ratur
550 3056 563 3111 l
596 3054 893 3127 (Gal.v,6.)
922 3055 992 3109 Et
1021 3054 1390 3126 coapostolus
1422 3054 1550 3125 ejus
1577 3054 1831 3110 Jacobus
1866 3058 1998 3113 :Fi-

354 3147 447 3204 des
474 3148 595 3202 sine
623 3144 876 3216 operibus
899 3152 1120 3200 mortua
1149 3148 1230 3198 est
1260 3142 1400 3210 (Jac.
1434 3160 1495 3212 II,
1526 3144 1637 3214 20).
1663 3143 1787 3199 Non
1820 3145 2000 3216 igitur

352 3236 464 3291 sibi
496 3235 583 3290 his
615 3232 948 3305 apostolica:
980 3231 1283 3287 sententiae
1320 3232 1626 3287 contrariae
1658 3237 1815 3289 sunt.
1852 3234 1997 3298 Quia

2115 1990 2383 2044 struimus
2410 2005 2509 2061 per
2534 1990 2696 2061 ﬁdem
2727 1996 2746 2045 Ι
2767 1997 2848 2047 Ac
2884 1991 2933 2047 si
2966 1992 3187 2050 diceret
3216 2011 3230 2050 :
3267 1996 3415 2060 Quia
3471 1997 3778 2056 hominem

2117 2078 2370 2134 dicimus
2395 2079 2711 2149 justiﬁcari
2742 2097 2914 2152 posse
2961 2098 3030 2137 ex
3086 2083 3198 2138 fide
3253 2085 3530 2158 operibus
3588 2086 3766 2160 legis,

2118 2166 2335 2236 dicitis,
2368 2169 2525 2238 quod
2553 2168 2739 2239 legem
2773 2168 3311 2228 destruamus.Non
3341 2173 3426 2229 ita
3455 2179 3563 2231 est.
3596 2179 3771 2234 Juste

2117 2255 2355 2326 quidem
2388 2256 2887 2317 calumniaremur
2914 2258 3061 2329 (171)
3090 2258 3235 2330 legis
3287 2277 3416 2318 esse
3465 2263 3769 2321 destructo

2115 2362 2229 2410 res,
2262 2344 2313 2400 si
2344 2344 2459 2400 alia
2488 2345 2939 2418 praedicaremus
2966 2363 3141 2419 quam
3168 2366 3295 2422 quae
3325 2350 3417 2407 lex
3436 2352 3771 2425 docet.lpsa

2112 2434 2329 2506 quippe
2357 2433 2449 2489 lex
2478 2435 2745 2490 eamdem
2777 2435 3145 2507 spiritualem
3179 2439 3350 2495 docet
3369 2439 3769 2498 circumcisio-

2112 2538 2451 2593 nem,quam
2486 2540 2591 2578 nos
2622 2524 3011 2595 praedicamus
3043 2526 3165 2581 fieri
3201 2544 3305 2599 per
3330 2529 3505 2585 fidem
3538 2534 3595 2585 et
3624 2546 3762 2602 gra-

2110 2611 2254 2665 tiam
2283 2610 2617 2665 Cbristi.Sic
2659 2612 2813 2667 enim
2838 2613 2980 2668 dicit
3009 2630 3024 2669 :
3057 2617 3454 2673 Civcumcidite
3482 2618 3766 2676 duritiam

2108 2699 2286 2754 cordis
2324 2702 2493 2753 vestri
2520 2717 2540 2754 :
2572 2700 2643 2753 Et
2698 2700 3022 2772 propheta:
3052 2704 3439 2761 Circumcidite
3480 2711 3765 2779 praeputia

2107 2787 2356 2843 cordium
2384 2790 2708 2843 vestrorum.
2736 2788 2882 2853 Quia
2911 2806 3047 2861 ergo
3079 2807 3194 2847 non
3219 2792 3334 2848 alia
3360 2796 3758 2866 praedicamus

2110 2892 2285 2949 quam
2319 2893 2385 2932 ea
2416 2893 2543 2947 quae
2573 2876 2665 2931 lex
2684 2878 2852 2931 docet
2880 2894 2997 2933 non
3027 2878 3173 2951 legis
3196 2897 3405 2939 sumus
3425 2884 3764 2942 destructo-

2108 2983 2222 3034 res,
2248 2966 2348 3021 sed
2381 2964 2575 3037 potius
2606 2966 3091 3023 afﬂrmalores.Et
3122 2968 3230 3025 hoc
3262 2974 3347 3025 est
3371 2972 3526 3043 quod
3559 2975 3763 3046 sequi-

2106 3059 2204 3109 tur
2236 3069 2249 3108 :
2286 3053 2482 3108 Absit!
2510 3054 2613 3108 Sed
2655 3054 2827 3125 legem
2860 3058 3198 3113 statuimus.
3259 3058 3385 3114 Non
3442 3059 3599 3117 enim
3657 3079 3765 3134 per

2108 3143 2281 3198 fidem
2314 3142 2406 3197 lex
2435 3141 2762 3198 destruitur
2792 3145 2891 3199 sed
2914 3145 3359 3218 statuitur,quia
3388 3148 3533 3206 ﬁdes
3566 3149 3761 3223 impe-

2108 3236 2226 3287 trat
2281 3232 2552 3304 gratiam,
2585 3249 2688 3303 per
2718 3248 2894 3303 quam
2924 3233 3015 3288 lex
3035 3235 3473 3309 possitimpleri
3511 3255 3522 3293 :
3557 3241 3757 3312 gratia

349 3300 681 3395 Apostolus,
717 3338 833 3377 non
864 3320 993 3376 ideo
1024 3321 1107 3376 ait
1134 3321 1432 3376 hominem
1484 3320 1613 3376 sola
1641 3322 1754 3377 ﬁde
1776 3323 1995 3393 justifi-
2029 3300 2071 3366 Ο
2111 3338 2243 3376 vero
2275 3300 2445 3376 sanat
2473 3300 2853 3391 voluntatem,
2888 3325 2951 3376 ut
2981 3300 3415 3393 liberajustitia
3441 3300 3757 3399 dirigatur.

350 3412 493 3480 cari,
526 3411 667 3478 ut,si
702 3414 835 3482 post
866 3414 1164 3481 acceptam
1186 3410 1358 3464 ﬁdem
1392 3409 1542 3465 male
1570 3409 1997 3482 vixeritjustus

352 3501 448 3569 sit,
482 3501 605 3568 sed,
635 3498 790 3572 quia,
827 3499 874 3553 si
917 3498 1226 3570 contigerit
1272 3503 1337 3553 ut
1386 3503 1621 3570 accepta
1652 3499 1763 3554 ﬁde
1794 3501 1996 3557 statim

354 3590 658 3659 moriatur,
687 3587 813 3645 sola
842 3588 956 3642 fide
977 3586 1421 3658 justiﬁcabitur,
1449 3587 1681 3642 etiamsi
1715 3604 1829 3643 non
1855 3589 1931 3644 sit
1945 3589 1997 3644 ei

351 3676 633 3745 operandi
665 3681 903 3747 tempus
931 3691 1299 3730 concessum.
1333 3675 1458 3730 Non
1486 3674 1643 3731 enim
1697 3677 1996 3747 apostolus

352 3765 567 3821 Paulus
596 3764 668 3819 de
696 3763 1090 3834 illisloquitur
1110 3763 1384 3834 operibus
1397 3764 1710 3835 quaaﬁdem
1738 3781 1994 3837 sequun-

347 3853 677 3925 tur,sed,ut
702 3853 1116 3924 Jacobus,quaa
1147 3852 1323 3907 fidem
1348 3853 1703 3923 prmeedunt,
1723 3848 1826 3925 per
1869 3872 1995 3926 quas

348 3959 522 3999 nemo
548 3941 865 4014 justiﬁcari
897 3944 1111 4013 potest,
1166 3940 1306 4012 quia
1333 3942 1453 3997 sine
1507 3942 1613 4012 ﬁde
1659 3944 1994 4014 impossibile

340 4034 452 4089 Deo
478 4033 701 4105 placere
728 4031 911 4101 (Hebr.
948 4047 1006 4097 x,
1035 4031 1113 4101 6).
1175 4034 1259 4085 An
1322 4030 1648 4087 Juduorum
1704 4032 1843 4087 Deus
1872 4041 1993 4088 lan-

344 4128 465 4175 tum
494 4125 514 4174 !
542 4124 625 4175 Ac
655 4118 1024 4176 sidiceret:Si
1048 4118 1203 4174 Deus
1223 4119 1558 4175 Judazorum
1588 4123 1814 4176 tantum
1839 4127 1994 4177 esset

349 4212 578 4264 creator
605 4211 758 4264 recte
786 4206 1057 4263 diceretis
1086 4223 1221 4263 eum
1254 4224 1357 4279 pro
1386 4211 1579 4263 vestra
1632 4214 1861 4265 tantum
1894 4229 1985 4267 sa-

344 4296 466 4353 lute
498 4296 708 4353 Filium
754 4312 930 4351 suum
954 4294 1315 4364 misisse,sed
1346 4296 1448 4366 qui
1470 4297 1733 4352 omnium
1765 4304 1992 4355 creator

344 4390 437 4442 est
465 4402 570 4458 pro
600 4385 865 4441 omnium
898 4385 1087 4441 salute
1116 4385 1298 4440 misit.
1331 4386 1400 4440 Et
1428 4385 1535 4441 hoc
1590 4391 1681 4441 est
1711 4388 1866 4458 quod
1899 4406 1989 4445 se-

344 4474 548 4547 quitur
579 4493 594 4543 ;
627 4475 813 4532 Nonne
842 4477 895 4530 et
922 4476 1172 4544 gentium
1199 4476 1227 4528 ?
1254 4476 1367 4530 Imo
1423 4479 1474 4530 et
1526 4477 1797 4544 gentium.
1850 4482 1985 4547 Imo,

341 4580 478 4619 cum
510 4562 693 4619 soleat
723 4580 827 4635 pro
857 4565 1028 4619 etiam
1056 4562 1239 4635 accipi
1271 4563 1381 4619 hoc
1410 4562 1535 4620 loco
1561 4566 1741 4633 magis
1769 4566 1989 4638 signifi-

2111 3410 2224 3465 Lex
2255 3408 2411 3464 enim
2441 3407 2582 3463 dicit
2614 3424 2625 3463 :
2660 3409 2778 3464 Nou
2807 3413 3156 3483 concupisces
3186 3430 3206 3468 :
3236 3412 3382 3470 ﬁdes
3415 3420 3611 3471 autem
3643 3417 3765 3475 cla-

2109 3501 2231 3552 mat
2264 3514 2277 3552 :
2310 3497 2461 3551 Sana
2484 3499 2737 3551 animam
2764 3515 2964 3565 meam,
2997 3500 3244 3567 Domine,
3272 3505 3539 3573 quoniam
3563 3521 3761 3576 pecca-

2105 3587 2163 3641 vi
2190 3586 2293 3640 tibi
2321 3584 2497 3657 (Psal.
2528 3602 2619 3655 XL,
2650 3586 2726 3657 5).
2783 3587 2983 3643 Gratia
3029 3605 3161 3645 vero
3211 3590 3353 3646 dicit
3385 3610 3399 3648 :
3427 3593 3557 3649 Ecce
3584 3612 3761 3652 sanus

2105 3676 2288 3745 factus
2315 3690 2372 3729 es
2404 3691 2423 3729 :
2443 3675 2567 3745 jam
2598 3676 2717 3729 noli
2740 3691 2983 3747 peccare,
3016 3694 3086 3733 ne
3113 3678 3327 3751 aliquid
3382 3682 3482 3738 tibi
3508 3683 3757 3742 deterius

2104 3764 2385 3833 contingat
2416 3766 2598 3832 (Joan.
2629 3779 2685 3833 v,
2719 3764 2829 3835 14).
3290 3764 3293 3771 ’

2178 3851 2707 3923 (CAP.IV.)(172).Et
2735 3855 3015 3925 tanquam
3051 3856 3268 3913 diceret
3297 3857 3535 3916 Judmus
3565 3862 3753 3935 :Ergo

2105 3939 2252 3995 nihil
2282 3940 2577 3996 Abraham
2610 3957 2714 4012 per
2741 3942 3035 4000 carnalem
3068 3945 3578 4004 circumcisiouem
3610 3965 3753 4006 con-

2104 4033 2342 4085 secutus
2372 4030 2769 4096 est,continuo
2802 4031 3029 4087 addidit
3061 4051 3074 4090 :
3108 4034 3250 4102 Quid
3277 4037 3423 4091 enim
3447 4036 3755 4109 (172)dice-

2101 4133 2224 4173 mus
2249 4119 2527 4173 invenisse
2553 4119 2832 4174 Abraham
2878 4125 3096 4191 patrem
3147 4126 3399 4179 nostrum
3452 4129 3757 4183 secundum

2101 4222 2324 4262 carnem
2343 4205 2540 4261 ?Nihil
2563 4207 2779 4279 quippe
2798 4208 3056 4265 invenire
3077 4212 3272 4282 potuit
3290 4213 3442 4285 quod
3457 4215 3755 4272 Abraham

2103 4296 2428 4350 secundum
2460 4312 2717 4364 carnem,
2751 4297 2805 4351 id
2840 4302 2947 4366 est,
2974 4299 3300 4356 secundum
3327 4302 3622 4359 carnalem
3641 4304 3753 4359 cir-

2101 4383 2520 4439 cumcisionem
2561 4384 2776 4440 diceret
2824 4393 3231 4457 consecutum,
3261 4390 3400 4462 quia
3457 4409 3563 4448 nec
3609 4398 3755 4450 tunc

2099 4477 2264 4529 terrae
2295 4473 2589 4529 Cbanaam
2622 4474 3206 4545 promissionem,uec
3237 4479 3484 4536 seminis
3514 4482 3607 4537 sui
3642 4499 3752 4539 au-

2097 4562 2577 4633 gmentationem,
2611 4567 2713 4618 aut
2737 4563 3205 4622 benedictionem
3236 4569 3480 4641 accepit,
3512 4573 3754 4643 quando

342 4655 454 4707 cat.
485 4652 595 4706 Sed
627 4667 809 4722 quare
852 4652 1041 4722 magis
1097 4652 1361 4722 gentium
1418 4668 1596 4724 quam
1654 4654 1986 4710 Judaeorum
2018 4668 2066 4734 Β
2100 4650 2486 4707 circumcisus
2533 4655 2644 4707 est.
2704 4652 2985 4723 Sequitur
3017 4672 3030 4711 :
3061 4654 3122 4711 Si
3149 4658 3297 4712 enim
3363 4659 3653 4715 Abraham
3682 4678 3756 4717 ex

341 4740 527 4796 Deum
560 4755 689 4795 esse
717 4738 857 4793 dicit
885 4738 914 4792 ‘I
942 4738 1191 4806 Scilicet,
1227 4739 1366 4809 quia
1386 4739 1583 4811 plures
1613 4759 1682 4798 ex
1714 4744 1989 4815 gentibus

342 4828 670 4884 credituros
700 4825 966 4898 praevidit
996 4826 1116 4881 sive
1143 4826 1280 4897 quia
1308 4831 1459 4883 Deus
1517 4834 1681 4900 pater
1709 4831 1820 4887 fuit
1849 4849 1988 4905 gen-

338 4916 503 4972 tibus
533 4932 637 4988 per
666 4915 1091 4971 fidem.Judaeis
1121 4920 1316 4970 autem
1338 4917 1983 4987 percircumcisionem:

341 5003 534 5077 liquet
559 5008 757 5060 autem
792 5004 966 5060 fidem
1000 5005 1284 5076 majorem
1334 5019 1464 5059 esse
1520 5004 1985 5065 circumcisione.

336 5092 410 5147 Et
435 5108 508 5148 ne
538 5092 683 5147 alter
714 5097 1025 5163 putaretur
1053 5093 1209 5148 Deus
1237 5091 1470 5147 Veteris
1524 5093 1880 5150 Testamenti
1933 5101 1989 5153 et

337 5179 489 5236 alter
515 5180 679 5245 Novi,
713 5181 928 5252 adjecit
960 5199 973 5236 :
1008 5182 1278 5250 Quoniam
1306 5180 1527 5252 quidem
1558 5198 1703 5237 unus
1732 5185 1873 5240 Deus
1894 5188 1991 5256 qui

330 5269 605 5341 justiﬁcat
631 5270 1104 5327 circumcisionem
1129 5287 1201 5327 ea:
1222 5269 1330 5340 ﬁde
1357 5273 1409 5325 et
1436 5286 1533 5342 per
1559 5270 1721 5342 ﬁdem
1756 5288 1986 5346 prwpu-

410 5461 560 5540 (169)
590 5461 748 5540 inter
775 5464 1118 5520 arbitramur
1147 5469 1205 5521 et
1223 5465 1545 5537 justiﬁcari,
1576 5466 1636 5521 in
1667 5465 1839 5540 Vulg.
1897 5466 2009 5524 le-‘

336 5533 694 5608 είωερηεηιτ

408 5604 561 5747 (170)
592 5603 765 5686 νοις.
798 5605 925 5662 loco
956 5609 1108 5664 enim
1136 5608 1313 5664 habet
1337 5625 1483 5680 ergo.

411 5676 534 5747 (171
591 5679 799 5732 Nescio
830 5679 1123 5747 quomodo
1150 5680 1395 5736 verbum
1426 5681 1483 5735 is

411 5676 561 5751 (171)
591 5676 799 5732 Nescio
830 5679 1123 5751 quomodo
1150 5676 1584 5751 verbum'istud
1641 5680 1921 5736 exciderit
1951 5698 1986 5736 a

336 5747 561 5813 calamo
591 5747 1134 5821 umanuehsis,cum
1163 5750 1359 5827 potius
1377 5751 1984 5829 accusaremur,dicere

2101 4740 2351 4811 operibus
2366 4741 2719 4811 justiﬁcatus
2746 4743 3011 4809 est,habet
3039 4742 3284 4815 gloriam
3310 4746 3412 4803 sed
3452 4764 3563 4804 non
3593 4752 3753 4820 apud

2097 4831 2285 4884 Deum.
2318 4829 2646 4901 Tamquam
2679 4829 2917 4887 diceret:
2949 4832 3005 4887 Si
3036 4833 3332 4891 Abraham
3362 4852 3431 4892 ex
3460 4838 3744 4908 operibus

2089 4918 2454 4990 justificatus
2484 4922 2595 4981 est,
2625 4918 2804 4974 habet
2825 4921 3060 4991 quidem
3091 4922 3338 4995 gloriam
3369 4926 3525 4997 apud
3557 4925 3756 4982 homi-

2097 5022 2219 5073 nes,
2251 5006 2352 5061 sed
2384 5022 2499 5060 non
2530 5007 2686 5075 apud
2722 5011 2925 5078 Deum,
2951 5009 3091 5080 quia
3116 5026 3232 5066 non
3273 5010 3451 5066 habet
3473 5027 3600 5067 eam
3622 5012 3753 5085 glo-

2098 5094 2246 5150 riam
2279 5110 2396 5164 qua
2426 5093 3119 5169 gloriﬁcaturDeus,quia
3148 5116 3265 5155 non
3299 5100 3395 5155 Dei
3428 5100 3754 5172 gratia,sed

2097 5182 2222 5238 suis
2252 5182 2477 5238 meritis
2510 5186 2598 5237 est
2647 5183 3031 5254 justificatus.
3067 5186 3262 5244 Potest
3337 5188 3496 5244 enim
3528 5188 3753 5262 aliquis

2097 5272 2250 5329 bona
2275 5287 2451 5343 opera
2479 5271 2605 5330 sine
2635 5272 2771 5341 ﬁde,
2802 5273 2891 5329 vel
2922 5292 3026 5347 per
3056 5276 3233 5333 fidem
3266 5278 3394 5334 sine
3411 5277 3588 5335 bonis
3610 5296 3752 5352 ope-

2093 5467 2333 5523 deberet
2363 5470 2583 5523 auctor.

2168 5539 2316 5611 (172)
2346 5538 2451 5593 Hic
2479 5538 2685 5611 incipit
2714 5554 2840 5612 cap.
2877 5539 2951 5597 IV
2978 5542 3106 5616 Ep.,
3144 5546 3475 5602 secundum
3505 5544 3753 5604 divisio-

2095 5627 2227 5666 nem
2255 5608 2427 5681 Vulg.
2519 5678 2532 5681 Α

2163 5681 2313 5757 (173)
2346 5678 2410 5738 Ιῐι
2438 5678 2597 5754 vulg.
2629 5696 2777 5753 ergo.
