3946 6374
192 444 287 507 165
752 441 1169 503 EXPOSITIO
1215 443 1290 502 IN
1340 442 1768 504 EPlS'l‘OLAS
1813 440 2078 503 PAULI.
2109 477 2186 485 —
2228 443 2305 502 IN
2352 444 2601 503 EPIST.
2649 445 2752 503 AD
2800 444 2989 505 ROM.
3468 442 3582 506 166

193 579 338 635 ribus
364 575 522 649 apud
554 573 825 631 homines
861 574 1046 631 videri
1096 575 1306 641 bonus,
1342 575 1439 630 sed
1500 591 1613 630 non
1662 575 1817 645 apud
1848 574 1905 641 Α
1934 575 2131 629 omnia
2152 574 2278 629 fieri
2307 575 2367 630 in
2392 574 2761 649 baptismate.
2785 575 2901 631 Nec
2933 574 3054 632 ulla
3073 576 3374 633 beatitudo
3399 578 3586 648 major

195 668 372 724 Deum.
406 663 577 732 Quia,
611 663 766 720 sicut
794 664 950 719 bona
978 679 1155 735 opera
1198 664 1327 719 sine
1375 664 1508 729 fide,
1543 664 1625 719 ita
1675 664 1822 719 fides
1930 680 2059 719 esse
2088 668 2299 736 potest,
2323 681 2499 737 quam
2531 664 2658 720 sine
2690 663 2807 719 ullo
2840 664 3222 736 paenitudinis
3253 664 3470 733 labore,
3495 683 3585 722 re-

195 756 245 811 in
272 768 541 828 processu
570 752 855 825 temporis
887 751 1031 807 nihil
1084 752 1253 824 valet,
1285 752 1399 807 nisi
1445 753 1601 807 bona
1646 769 1824 824 opera
1933 752 2276 808 missionem
2298 753 2564 809 omnium
2584 754 2865 826 consequi
2899 756 3293 826 peccatorum.
3319 756 3429 810 Sed
3454 770 3587 811 ecce

195 848 513 916 sequantur.
539 843 629 912 Et,
662 846 728 897 ut
757 858 928 898 suam
960 841 1356 897 narrationem
1384 841 1627 897 Genesis
1657 842 1822 897 tcsti-
1931 842 2134 897 Judan
2158 842 2538 915 quaestionem
2566 842 2859 915 pr0ponit,
2884 843 3282 915 subjungens:
3315 844 3587 900 beatitudo

194 933 367 990 monio
395 930 827 1004 comprobaret,
860 931 1072 1001 adjecit
1103 948 1116 986 :
1169 931 1319 1002 Quid
1355 933 1505 986 enim
1537 932 1827 1002 Scriptura
1933 947 2062 1003 ergo
2091 933 2208 988 haec
2240 934 2301 987 in
2329 933 2750 988 circumcisione
2779 932 2925 1003 (174)
2972 943 3179 999 manet,
3211 950 3283 987 an
3327 934 3497 988 etiam
3528 935 3588 988 in

191 1023 349 1080 dicit?
374 1025 498 1077 Hoc
547 1024 636 1076 est
668 1037 682 1074 :
732 1021 889 1076 unde
917 1020 1218 1092 Scriptura
1248 1019 1391 1075 dicit
1429 1020 1823 1090 justificatum
1930 1022 2209 1093 prwputio
2229 1025 2253 1074 .9
2280 1021 2402 1084 Quo
2434 1026 2707 1076 manente
2738 1036 3047 1092 suspenso,
3072 1020 3312 1077 intulit:
3344 1022 3591 1077 Dicimus

192 1108 519 1167 Abraham?
551 1107 860 1181 Operibus,
894 1125 965 1163 an
1000 1108 1159 1163 fide?
1196 1106 1333 1164 Fide
1366 1108 1566 1180 utique
1600 1124 1614 1163 :
1664 1123 1824 1177 nam,
1936 1112 2104 1177 enim,
2139 1112 2273 1181 quia
2318 1113 2570 1182 reputata
2607 1118 2685 1165 est
2714 1109 2950 1166 Abrahae
2996 1109 3129 1179 ﬁdes
3169 1110 3246 1166 ad
3280 1111 3585 1181 justitiam.

190 1200 405 1256 credidit
435 1197 715 1253 Abraham
746 1197 872 1267 Deo,
901 1199 952 1251 et
980 1203 1293 1267 reputatum
1323 1199 1398 1251 est
1435 1197 1492 1251 ei
1534 1195 1609 1251 ad
1649 1196 1828 1266 justi-
1938 1198 2113 1263 Quasi
2144 1199 2362 1254 diceret
2388 1215 2399 1254 :
2438 1197 2576 1254 certi
2598 1198 2745 1269 (175)
2769 1214 2978 1253 sumus
3008 1198 3079 1253 de
3126 1197 3585 1270 justificatione:

188 1291 314 1344 tiam
339 1287 485 1359 (Gal.
519 1302 605 1357 ιιι,
634 1285 712 1357 6).
746 1283 856 1341 Ubi
887 1285 1236 1356 notandum,
1269 1284 1410 1356 quia
1437 1300 1553 1341 non
1586 1283 1685 1356 ait,
1719 1284 1829 1339 cir-
1939 1288 2040 1343 sed
2072 1288 2143 1342 de
2171 1291 2435 1359 tempore
2463 1287 2802 1358 quaerimus.
2839 1290 2905 1341 Et
2934 1286 3044 1341 hoc
3074 1291 3181 1357 est,
3205 1288 3361 1359 quod
3394 1288 3591 1360 sequi-

192 1376 481 1434 cumcisus
502 1379 627 1443 est;
651 1373 1196 1445 sed,credidit,quia
1211 1372 1325 1429 fide
1338 1372 1703 1445 justificatus
1719 1376 1824 1429 est.
1941 1382 2039 1432 tur
2069 1392 2082 1431 :
2138 1375 2410 1444 Quomodo
2438 1391 2563 1445 ergo
2592 1383 2850 1445 reputate
2890 1381 2967 1429 est
2991 1378 3018 1427 .9
3066 1377 3123 1429 in
3152 1377 3593 1448 circumcisione,

192 1468 251 1522 Ei
278 1469 477 1535 autem,
506 1464 609 1537 qui
634 1471 911 1536 operatur,
936 1478 1138 1518 merces
1168 1478 1276 1518 non
1307 1464 1618 1535 imputatur
1645 1478 1832 1519 sccun-
1942 1465 2088 1537 (176)
2119 1481 2243 1520 cum
2271 1467 2423 1532 esset,
2457 1481 2527 1519 an
2560 1465 2622 1519 in
2647 1465 2920 1535 praeputio
2940 1466 2965 1517 .9
2994 1464 3059 1519 Et
3086 1464 3288 1519 Judan
3321 1470 3596 1521 manente
3670 1504 3676 1509 ο

191 1556 312 1611 dum
337 1558 603 1627 gratiam,
632 1552 726 1609 sed
753 1552 1054 1609 secundum
1081 1553 1342 1608 debitum.
1365 1552 1435 1607 Et
1463 1555 1553 1608 est
1583 1568 1829 1609 sensus:
1943 1570 2232 1626 suspenso
2272 1571 2379 1610 nec
2424 1553 2675 1609 audente
2704 1553 3075 1624 respondere,
3111 1568 3182 1608 ne
3231 1552 3356 1609 suis
3405 1555 3599 1610 verbis

190 1643 249 1699 Ei
277 1644 372 1717 qui
402 1645 702 1716 operatur,
732 1641 791 1697 id
824 1644 932 1708 est,
965 1642 1066 1714 qui
1097 1642 1169 1697 de
1198 1640 1474 1714 operibus
1504 1641 1835 1713 praesumit,
1944 1647 2268 1716 caperetur,
2300 1643 2427 1715 ipse
2459 1642 2572 1698 sibi
2604 1641 2927 1713 respondit,
2958 1641 3161 1697 dicens
3195 1657 3208 1696 :
3240 1642 3361 1699 Non
3392 1644 3449 1698 in
3480 1645 3597 1699 cir-

191 1748 400 1789 merces
432 1748 551 1790 non
582 1732 915 1803 imputatur
944 1731 1270 1787 secundum
1302 1729 1574 1803 gratiam,
1608 1730 1710 1786 sed
1743 1745 1834 1786 se-
1942 1734 2302 1799 cumcisione,
2342 1731 2434 1787 sed
2480 1733 2542 1786 in
2587 1732 2882 1802 prwputio.
2917 1734 2981 1784 In
3033 1731 3251 1802 quibus
3296 1731 3510 1801 verbis,
3546 1732 3599 1787 si

1945 1821 2256 1894 diligenter
2271 1819 3389 1892 animadvertamus,videturApostolus
3407 1821 3600 1877 dicere

1946 1928 2013 1968 eo
2044 1917 2307 1983 tempore
2339 1910 2709 1966 nominatum
2741 1907 3061 1975 Abraham,
3094 1925 3230 1980 quo,
3265 1927 3382 1966 non
3423 1910 3600 1967 Abra-

191 1822 443 1877 cundum
495 1820 782 1886 debitum,
815 1819 957 1891 quia
1003 1819 1129 1876 suis
1177 1819 1401 1876 meritis
1445 1819 1833 1891 justificatur.

185 1909 326 1967 Nam
357 1925 521 1967 more
543 1909 805 1965 humano
829 1907 1144 1981 Apostolus
1173 1908 1469 1980 loquitur;
1503 1908 1646 1964 dum
1676 1909 1835 1964 enim

1870 1952 1918 2017 B

188 1997 395 2070 aliquis
425 1998 596 2056 alteri
627 1996 853 2069 tribuit,
878 1997 1033 2053 unde
1062 1997 1532 2054 vicissitudinem
1565 1996 1835 2070 accipiat,

186 2102 402 2144 merces
432 2089 487 2145 ei
531 2104 648 2144 non
678 2086 1008 2159 imputatur
1038 2087 1365 2142 secundum
1397 2087 1670 2159 gratiam,
1701 2087 1839 2158 quia

180 2176 321 2232 nihil
352 2177 541 2250 gratis
571 2176 802 2232 tribuit.
836 2180 900 2230 In
930 2175 1047 2231 Deo
1087 2192 1222 2232 vero
1262 2192 1380 2231 non
1428 2176 1510 2232 ita
1558 2180 1667 2247 est,
1699 2176 1840 2248 quia

180 2262 321 2318 nihil
353 2265 430 2319 ab
462 2264 701 2320 homine
733 2263 980 2335 accepit,
1004 2279 1107 2335 pro
1140 2280 1255 2335 quo
1287 2263 1338 2319 ei
1368 2263 1836 2320 vicissitudinem

178 2352 401 2408 reddat.
430 2353 597 2409 Unde
626 2353 698 2408 ad
728 2352 838 2408 Job
870 2351 1156 2423 loquitur,
1178 2353 1417 2408 dicens:
1452 2354 1559 2421 Qui
1586 2357 1716 2408 ante
1745 2348 1836 2408 de-

176 2440 257 2496 dit
285 2442 454 2513 mihi,
488 2444 548 2497 ut
575 2458 671 2512 ego
698 2442 927 2498 reddam
957 2443 1008 2497 ei
1026 2440 1056 2495 Ρ
1086 2440 1222 2512 (Iob.
1256 2458 1370 2511 xu,
1404 2442 1483 2514 2.)
1514 2442 1662 2497 Hinc
1698 2441 1838 2498 alibi

177 2528 681 2603 idemApostolus:
697 2532 893 2587 Gratia
906 2530 1053 2588 salvi
1064 2533 1199 2602 [acti
1214 2532 1345 2587 eetis
1357 2547 1462 2604 per
1475 2531 1715 2603 ﬁdem,et
1728 2549 1840 2589 non

174 2633 249 2674 ea:
277 2619 434 2675 vobis
448 2636 469 2682 ;
488 2621 588 2676 Dei
603 2619 806 2677 donum
834 2623 934 2686 est,
954 2637 1025 2676 ne
1048 2622 1170 2692 quis
1187 2622 1458 2692 glorietur
1479 2621 1637 2693 (Eph.
1664 2639 1727 2687 ιι,
1759 2622 1836 2693 8).

116 2750 130 2769 ,
178 2705 345 2764 Unde
368 2712 431 2766 et
450 2709 726 2766 continuo
747 2710 1054 2766 subditur:
1080 2711 1146 2765 Ei
1166 2726 1288 2766 vero
1309 2712 1409 2781 qui
1432 2727 1540 2767 non
1559 2716 1837 2783 operatur,

174 2796 427 2853 credenti
441 2802 627 2854 autem
648 2799 705 2855 in
722 2815 849 2855 eum
869 2801 967 2871 qui
980 2800 1250 2871 justiﬁcat
1271 2800 1531 2872 impium,
1547 2809 1843 2872 reputatur

174 2886 307 2955 ﬁdes
328 2887 459 2959 ejus
475 2887 547 2944 ad
557 2888 857 2959 justitiam.
874 2888 936 2943 Ei
960 2888 1061 2961 qui
1082 2906 1199 2945 non
1222 2893 1515 2961 operatur,
1533 2890 1591 2945 id
1616 2896 1724 2959 est,
1739 2890 1842 2973 qui

174 2975 246 3031 de
267 2976 556 3048 operibus
578 2993 695 3034 non
727 2978 1052 3050 praesumit,
1075 2994 1181 3034 nec
1214 2977 1339 3034 suis
1361 2979 1587 3035 meritis
1618 2996 1680 3036 se
1708 2997 1840 3053 gra-

176 3064 324 3121 tiam
359 3071 750 3123 consecutum
773 3066 975 3135 credit,
998 3071 1306 3139 reputatur
1328 3068 1470 3123 fides
1503 3069 1631 3138 ejus
1653 3069 1724 3123 ad
1750 3070 1845 3138 ju-

174 3154 437 3224 stitiam,
465 3142 621 3211 sicut
643 3160 700 3211 et
718 3155 983 3210 Abrahae.
999 3156 1134 3222 Sed,
1150 3172 1222 3211 ne
1244 3155 1352 3211 hoc
1376 3156 1672 3211 videretur
1691 3162 1844 3229 Apo-

174 3243 368 3300 stolus
391 3244 683 3311 sensisse,
705 3244 861 3315 quod
887 3244 1165 3299 omnibus
1186 3244 1330 3298 fides
1352 3244 1423 3299 ad
1440 3244 1732 3315 justitiam
1758 3263 1848 3301 re-

1948 1999 2108 2063 ham,
2142 2000 2244 2057 sed
2275 1998 2491 2054 Abram
2521 1998 2843 2054 vocabatur
2873 2014 2886 2051 :
2941 1998 3094 2068 quod
3126 1996 3257 2053 ideo
3292 2000 3428 2069 egit,
3463 1999 3603 2073 quia

1949 2094 2187 2145 noverat
2206 2088 2404 2144 omnia
2425 2105 2457 2142 a
2480 2091 2592 2141 Deo
2614 2086 3045 2158 prmdestinata,
3066 2085 3179 2141 fixa
3199 2090 3257 2142 et
3277 2087 3606 2145 immobilia

1949 2193 2313 2251 permanere.
2347 2177 2436 2243 Et,
2469 2180 2753 2246 tanquam
2787 2174 3005 2230 diceret
3050 2174 3264 2247 aliquis
3309 2177 3550 2233 Judaeus
3584 2194 3599 2233 :

1948 2284 2053 2324 cur
2098 2265 2392 2321 Abraham
2441 2263 2949 2319 circumcisionem
3000 2263 3239 2336 accepit,
3275 2265 3324 2319 si
3375 2265 3600 2323 nullam

1947 2356 2367 2412 beatitudinem
2403 2357 2751 2409 consecutus
2782 2351 2916 2408 est?
2969 2351 3126 2409 Illico
3179 2354 3487 2411 subdidit:
3538 2356 3603 2412 Et

1946 2447 2167 2517 signum
2214 2444 2427 2512 accepit
2472 2443 2935 2509 circumcisionis,
2975 2443 3323 2513 signaculum
3363 2445 3601 2515 justitiae

1946 2535 2094 2606 ﬁdei,
2126 2549 2250 2605 quae
2280 2539 2358 2588 est
2386 2533 2445 2588 in
2472 2533 2773 2604 praeputio;
2799 2531 2872 2585 Ac
2912 2530 2959 2586 si
3003 2531 3222 2587 diceret
3255 2548 3268 2588 :
3320 2532 3446 2588 Non
3496 2551 3600 2606 pro

1950 2623 2333 2689 beatitudine,
2351 2625 2452 2677 aut
2465 2620 2891 2692 justificatione
2918 2619 3426 2676 circumcisionem
3449 2638 3610 2677 acce-

1950 2713 2055 2785 pit,
2088 2713 2189 2768 sed
2221 2728 2325 2783 pro
2356 2711 2546 2783 signo.
2580 2707 2687 2764 Ubi
2722 2693 3072 2775 notandum,
3103 2709 3241 2780 quia
3272 2710 3388 2764 duo
3420 2709 3603 2766 dicit:

1951 2802 2186 2874 signum
2211 2804 2269 2855 et
2288 2797 2757 2871 signaculum,et
2780 2796 3051 2853 fortassis
3075 2813 3257 2853 unum
3282 2804 3457 2867 sunt;
3481 2800 3607 2865 sed,

1952 2890 2002 2947 si
2056 2889 2366 2962 diligenter
2412 2888 2734 2956 attendam,
2783 2902 2999 2959 magna
3045 2882 3477 2943 est'distantia.
3512 2888 3603 2944 Si-

1953 2997 2135 3053 gnum
2167 2979 2326 3034 enim
2357 2982 2447 3035 est
2479 2977 2636 3049 quod
2680 2975 2863 3045 aliud,
2896 2993 3075 3048 quam
3125 2981 3234 3047 est,
3266 2976 3561 3050 significat
3592 2995 3605 3034 :

1956 3067 2455 3140 quemadmodum
2486 3065 2768 3120 Dominus
2798 3065 3017 3120 Judaeis
3057 3065 3228 3137 signa
3274 3066 3609 3137 petentibus

1956 3156 2100 3211 dicit
2130 3172 2142 3211 :
2178 3156 2460 3211 Generatio
2491 3155 2605 3209 ἧκε
2633 3154 2885 3210 adultera
2914 3162 3033 3222 est;
3061 3155 3284 3223 signum
3312 3157 3535 3227 quaerit,
3559 3160 3612 3212 et

1957 3247 2181 3316 signum
2210 3260 2319 3299 non
2350 3242 2576 3298 dabitur
2612 3244 2686 3313 ei,
2715 3244 2829 3299 nisi
2866 3245 3086 3314 signum
3129 3244 3285 3302 Jonee
3334 3244 3612 3317 praphctae

167 3336 519 3404 putaretur,
554 3330 841 3404 praemisit
872 3348 885 3386 :
918 3331 1161 3387 credenti
1190 3332 1251 3385 in
1278 3347 1424 3396 eum,
1456 3335 1554 3403 qui
1584 3335 1848 3404 justi/icui
1879 3320 1921 3385 C
1959 3333 2164 3403 (Matth.
2216 3349 2315 3401 xu,
2366 3332 2479 3401 39).
2536 3330 2642 3386 Ubi
2692 3332 2953 3387 ostendit
3005 3348 3151 3404 pene
3207 3334 3425 3403 omnia,
3482 3351 3609 3406 quae

166 3423 443 3493 impium.
482 3420 591 3476 Ubi
622 3419 973 3489 notandum,
998 3418 1135 3490 quia
1165 3436 1281 3475 non
1313 3420 1392 3475 ait
1419 3436 1431 3474 :
1466 3422 1722 3477 credenti
1754 3423 1805 3478 ei
1831 3438 1845 3478 :

168 3512 282 3568 Deo
319 3524 600 3582 namque
630 3508 865 3564 credere
892 3512 981 3563 est
1011 3508 1321 3580 promissis
1354 3508 1514 3566 illius
1545 3510 1720 3566 fidem
1753 3528 1849 3567 ac-

166 3599 616 3657 commodare:
672 3597 733 3652 in
782 3596 965 3653 Deum
1012 3613 1148 3654 vero
1195 3598 1429 3654 credere
1476 3603 1566 3656 est
1613 3617 1848 3657 omnem

167 3704 337 3762 apem
392 3688 463 3744 in
498 3686 628 3760 ipso
659 3678 960 3743 collocare.
1002 3687 1091 3753 Et,
1126 3691 1191 3743 ut
1230 3704 1398 3743 suam
1452 3688 1847 3746 narrationem

166 3777 518 3835 Psalmistce
548 3775 887 3832 testimonio
918 3777 1311 3845 confirmaret,
1345 3777 1618 3848 adjunxit
1649 3796 1663 3835 :
1698 3779 1850 3836 Sicut

167 3871 221 3922 et
254 3865 442 3923 David
474 3865 616 3920 dicit
637 3863 1032 3921 beatitudinem
1060 3865 1324 3935 hominis,
1347 3868 1440 3922 cui
1462 3871 1608 3923 Deus
1635 3877 1851 3942 accepto

106 4024 111 4027 _
171 3958 278 4023 fert
297 3957 603 4030 justitiam
628 3956 753 4010 sine
780 3955 1054 4027 operibus,
1087 3954 1146 4009 id
1194 3960 1302 4024 est,
1335 3957 1427 4012 cui
1473 3957 1627 4014 Deus
1669 3959 1852 4032 gratis

174 4049 232 4101 et
261 4049 493 4118 sponte
524 4043 734 4099 tribuit
760 4043 1240 4114 iustificationem
1268 4060 1280 4100 :
1312 4046 1488 4116 Beati,
1512 4062 1745 4118 quorum
1775 4064 1855 4104 re-

169 4137 357 4191 missae
388 4141 535 4191 sunt
562 4134 902 4205 iniquitates,
933 4136 985 4188 et
1024 4148 1258 4203 quorum
1289 4137 1429 4190 tecta
1454 4140 1582 4191 sunt
1604 4142 1851 4208 peccata.

176 4224 381 4280 Beatus
437 4225 556 4290 vir,
607 4223 699 4277 cui
752 4238 864 4278 non
910 4223 1203 4294 imputavit
1247 4225 1512 4279 Dominus
1568 4235 1855 4297 peccatum

170 4314 357 4383 (Psal.
393 4328 565 4379 xxxx,
603 4311 654 4379 1,
687 4310 765 4382 2).
799 4309 908 4365 Ubi
940 4311 1289 4379 notandum,
1314 4312 1455 4383 quia
1482 4313 1594 4368 tria
1624 4314 1855 4370 videtur

174 4401 511 4458 Psalmista
543 4399 735 4455 dicere
760 4416 773 4455 :
806 4400 1086 4455 remissas
1115 4398 1480 4472 iniquitates,
1503 4408 1741 4473 peccata
1766 4409 1852 4460 te-

174 4496 290 4556 cta.
313 4495 375 4548 et
404 4507 540 4547 non
574 4489 935 4561 imputatum
967 4492 1294 4560 peccatum.
1316 4488 1479 4545 Unde
1501 4490 1739 4561 quidam
1774 4491 1857 4548 di-

173 4586 320 4637 cunt
347 4578 714 4653 iniquitates
747 4577 968 4633 remitti
1000 4595 1102 4649 per
1131 4578 1559 4650 pmnitentiam,
1593 4596 1710 4636 non
1741 4581 1855 4637 im-

1959 3423 2113 3478 circa
2141 3425 2351 3477 Jonam
2391 3424 2557 3492 gesta
2605 3425 2765 3490 sunt,
2799 3421 2870 3475 ad
2922 3436 2985 3476 se
3034 3422 3342 3492 pertinere.
3377 3423 3523 3477 Hinc
3554 3428 3614 3479 et

1960 3512 2196 3568 Simeon
2227 3510 2299 3566 de
2329 3508 2577 3565 Domino
2616 3507 2801 3565 dicit:
2856 3513 2993 3565 Ecce
3034 3511 3246 3581 positus
3291 3519 3370 3566 est
3417 3510 3507 3566 hic
3550 3514 3613 3568 in

1958 3602 2185 3658 ruinam
2230 3607 2281 3655 et
2334 3600 2393 3653 in
2440 3600 2660 3669 signum
2706 3597 2858 3671 (Luc.
2891 3615 2954 3664 ιι,
2985 3598 3096 3670 34).
3132 3597 3311 3655 Filius
3353 3617 3610 3675 namque

1959 3689 2060 3746 Dei
2094 3691 2246 3744 recte
2276 3686 2513 3759 signum
2545 3686 2740 3741 dictus
2769 3689 2858 3741 est
2885 3704 2898 3755 ;
2934 3685 3072 3758 quia
3103 3686 3261 3743 aliud
3281 3687 3610 3759 videbatur,

1958 3779 2018 3834 id
2051 3783 2158 3841 est,
2187 3777 2384 3848 homo,
2407 3780 2464 3832 et
2493 3775 2651 3831 aliud
2685 3775 3049 3847 credebatur,
3072 3776 3129 3831 id
3161 3780 3252 3832 est
3280 3781 3451 3835 Deus.
3474 3781 3612 3836 Car-

1962 3867 2115 3924 nalis
2162 3866 2360 3939 itaque
2407 3865 2772 3921 circumcisio
2814 3869 2971 3921 recte
3021 3865 3257 3939 signum
3310 3868 3466 3924 dicta
3502 3874 3618 3937 est,

1963 3955 2103 4029 quia
2128 3953 2453 4028 spiritalem
2479 3954 2845 4025 significabat
2866 3953 3377 4011 circumcisiOnem
3402 3973 3528 4028 quae
3554 3958 3622 4014 fit

1964 4061 2068 4119 per
2089 4044 2337 4118 gratiam
2370 4048 2428 4098 et
2457 4042 2632 4097 fidem
2657 4040 2895 4097 Christi.
2922 4042 3121 4114 Ipsum
3147 4043 3242 4115 qui
3253 4046 3622 4117 ppe'regene-

1965 4134 2209 4191 rationis
2240 4135 2557 4200 auctorem,
2582 4131 2897 4186 Dominum
2933 4130 3200 4187 videlicet
3227 4133 3430 4190 Jesum
3451 4134 3620 4190 Chri-

1964 4230 2121 4279 stum
2156 4221 2546 4295 significabat,
2580 4236 2685 4293 per
2712 4221 2882 4290 cujus
2922 4221 3173 4293 gratiam
3215 4223 3392 4278 corda
3440 4240 3623 4280 mun-

1963 4312 2520 4384 dantur,expiantur
2540 4309 2928 4366 conscientize.
2944 4309 3325 4381 Signaculum
3350 4326 3483 4365 vero
3506 4315 3623 4381 est,

1966 4403 2120 4475 quod
2152 4400 2323 4457 alicui
2357 4398 2652 4455 servanda:
2700 4398 2781 4452 rei
2831 4412 2936 4468 pro
2966 4401 3227 4469 tempore
3260 4398 3517 4470 ponitur,
3552 4404 3621 4455 ut

1965 4508 2080 4548 non
2115 4492 2188 4545 ab
2220 4488 2334 4544 alio
2365 4487 2625 4543 solvatur
2662 4500 2837 4557 quam
2879 4485 2954 4539 ab
2999 4502 3065 4541 eo
3115 4485 3216 4558 qui
3265 4486 3482 4559 posuit.
3518 4487 3623 4545 Illa

1965 4596 2103 4652 ergo
2137 4575 2507 4633 circumcisio
2539 4579 2695 4630 recte
2728 4572 3099 4647 signaculum
3133 4576 3291 4632 dicta
3341 4581 3451 4646 est,
3487 4578 3626 4650 quia

173 4670 375 4742 putari
398 4670 465 4725 in
494 4666 807 4740 martyrio.
835 4667 947 4723 Sed
972 4667 1318 4734 notandum,
1343 4667 1482 4739 quia
1501 4685 1613 4724 non
1649 4671 1768 4728 ait:
1797 4672 1859 4729 in
1890 4687 1937 4753 Ι)
1968 4685 2072 4742 pro
2106 4664 2411 4753 signaculo
2462 4664 2601 4719 data
2648 4668 2737 4719 est
2764 4663 3006 4731 Judazis,
3040 4668 3104 4720 ut
3150 4682 3268 4721 non
3315 4666 3389 4722 ab
3442 4666 3624 4724 altera

175 4760 399 4831 quibus
431 4775 567 4816 non
599 4756 985 4813 inveniuntur
1014 4760 1269 4829 peccata,
1305 4758 1429 4827 sed,
1457 4773 1691 4830 quorum
1721 4763 1863 4817 tecta
1892 4752 1899 4753 ⁷
1969 4758 2292 4815 solveretur
2319 4752 2408 4810 vel
2438 4753 2767 4809 auferretur
2795 4770 2971 4826 quam
3017 4755 3089 4810 ab
3136 4772 3203 4811 eo
3253 4756 3352 4827 qui
3403 4756 3620 4828 posuit.

171 4858 319 4906 sunt.
346 4849 533 4907 Unde
561 4847 771 4903 beatus
794 4846 1108 4919 Gregorius
1133 4863 1146 4901 :
1180 4846 1297 4902 Nos
1327 4847 1431 4916 rei,
1455 4863 1635 4919 quam
1667 4853 1859 4922 tegere

173 4940 486 5006 volumus,
514 4935 747 5008 aliquid
772 4935 1335 5009 superimponimus,
1357 4953 1428 4993 ne
1448 4937 1744 5011 videatur;
1775 4938 1860 4995 sic

170 5030 225 5083 et
265 5028 549 5101 peccatis
579 5025 823 5092 nostris,
857 5041 975 5081 non
1027 5024 1218 5081 solum
1271 5026 1721 5097 confessionem,
1756 5027 1856 5083 sed

171 5117 349 5174 etiam
382 5118 559 5173 bona
590 5129 769 5186 opera
799 5116 1286 5185 superponentes,
1311 5114 1585 5186 tegimus,
1612 5118 1678 5169 ut
1702 5113 1858 5170 Deus

174 5221 287 5262 non
320 5205 800 5271 animadvertat,
831 5202 890 5257 id
920 5206 1030 5270 est,
1062 5202 1285 5273 puniat.
1319 5201 1479 5259 Unde
1510 5203 1660 5259 idem
1696 5203 1858 5260 Psal-

178 5295 350 5352 mista
379 5311 394 5353 :
448 5296 658 5351 Averte
686 5293 891 5363 faciem
921 5295 1078 5347 tuam
1106 5308 1140 5346 a
1167 5294 1403 5362 peccatis
1433 5293 1571 5347 meis
1599 5293 1771 5364 (Psal.
1804 5310 1855 5363 ι,

178 5384 282 5457 11).
314 5385 441 5442 Nos
473 5384 672 5457 igitur
699 5381 1109 5453 incunctanter
1139 5380 1375 5436 credere
1403 5380 1688 5438 debemus
1735 5379 1858 5438 hteo

244 5638 398 5712 (174)
429 5637 619 5711 Vulg.
670 5636 736 5692 In
783 5632 1202 5690 circumcisione
1255 5635 1476 5687 tantum
1530 5639 1736 5703 manet,
1784 5650 1860 5690 an

174 5714 401 5863 milia)
430 5783 659 5859 Autog.
680 5778 809 5840 loco
838 5778 979 5838 certi
1004 5790 1195 5836 sumus
1222 5772 1401 5835 habet
1425 5775 1783 5836 certissimus.

1967 4845 2132 4901 Unde
2160 4842 2315 4898 idem
2348 4841 2661 4913 Apostolus
2694 4841 2838 4897 dicit
2871 4858 2883 4899 :
2935 4843 3003 4897 At
3032 4843 3131 4898 ubi
3157 4845 3305 4898 venit
3332 4843 3624 4914 plenitudo

1967 4934 2247 5006 temporis,
2270 4933 2424 4988 misit
2448 4937 2592 4987 Deus
2618 4932 2821 4987 Filium
2839 4948 3005 4986 suum
3031 4934 3238 4999 factum
3266 4947 3337 4987 ex
3366 4931 3621 5004 muliere,
3701 4959 3709 4966 -

1965 5028 2177 5097 factum
2224 5022 2321 5077 sub
2369 5022 2502 5092 lege,
2535 5023 2595 5076 ut
2632 5036 2725 5077 eos
2752 5022 2850 5092 qui
2876 5020 2975 5075 sub
3007 5022 3118 5091 lege
3146 5029 3302 5076 erant
3331 5019 3631 5077 redimeret

1967 5113 2110 5187 (Gal.
2137 5129 2214 5180 Iv,
2238 5112 2290 5183 4)
2317 5129 2330 5165 :
2366 5110 2505 5183 quia
2533 5127 2647 5165 non
2680 5109 2845 5182 prius
2877 5109 2974 5165 fiet
2997 5125 3176 5181 quam
3206 5109 3352 5166 illud
3380 5110 3626 5183 implea-

1965 5209 2064 5260 tur
2092 5202 2247 5273 quod
2281 5200 2418 5256 alibi
2465 5200 2548 5255 ait
2580 5216 2593 5255 :
2648 5204 2829 5256 Donec
2856 5199 3140 5271 plenitudo
3168 5201 3415 5269 gentium
3448 5201 3627 5256 intro-

1965 5296 2090 5364 iret,
2122 5299 2176 5348 et
2222 5294 2302 5347 sic
2350 5293 2529 5347 omnis
2573 5292 2750 5347 Israel
2791 5291 2983 5347 salvus
3022 5291 3175 5361 ﬁeret
3203 5291 3380 5361 (Rom.
3414 5308 3478 5359 ιι,
3510 5291 3625 5363 25).

1966 5383 2140 5440 Recte
2172 5378 2546 5453 signaculum
2578 5378 2813 5435 dicitur.
2845 5379 2963 5436 Cur
3012 5384 3207 5436 autem
3251 5378 3625 5452 signaculum

1965 5702 2003 5761 δ
2038 5629 2187 5759 (1ῖ6)
2215 5626 2408 5685 Verba
2445 5643 2571 5685 cum
2611 5636 2748 5686 esset
2792 5628 2853 5686 in
2882 5624 3054 5701 Vulg.
3085 5624 3335 5685 lectione
3365 5641 3483 5684 non
3514 5624 3617 5685 ha-

2008 5718 2079 5761 en
2112 5716 2202 5759 ur.

2008 5716 2202 5761 entur.
