3946 6398
404 437 520 497 16⁵1

1423 435 1760 497 ATTONIS
1805 435 2391 497 VERGELLENSIS
2436 435 2794 497 EPILCOPI

3698 441 3805 501 168

408 569 878 625 circumcisionis
911 568 1202 640 acceperit
1240 567 1519 641 aperitur,
1552 584 1686 622 cum
1736 566 2011 622 subditur
2044 583 2057 622 :
2089 568 2144 633 Α
2174 569 2362 638 quavit
2390 569 2538 623 enim
2566 583 2797 636 regnum
2824 567 3081 622 caelorum
3129 566 3335 641 (Matth.
3368 584 3451 638 ιιι,
3481 568 3540 639 2)
3567 586 3581 625 :
3615 571 3712 626 sed
3760 572 3806 628 si

409 660 473 715 Ut
501 658 573 713 sit
598 663 759 729 pater
786 659 1033 713 omnium
1055 658 1398 713 credentium
1428 664 1646 727 prapter
1665 657 1813 727 (177)
1839 671 2060 727 praepu-

2169 656 2302 727 quis
2324 655 2453 723 hoc,
2484 655 2567 711 vel
2604 655 2743 710 illud
2772 656 2993 725 fecerit,
3020 660 3205 711 morte
3231 657 3537 714 moriatur.
3567 659 3653 727 Et,
3677 660 3807 731 quia

402 748 564 815 tium,
598 750 661 801 ut
706 751 991 817 reputetur
1033 749 1082 800 et
1122 747 1237 801 illis
1266 745 1337 800 ad
1373 745 1692 816 justitiam;
1720 748 1770 799 et
1800 746 1871 799 sit
1895 749 2060 816 pater
2168 748 2435 816 poterant
2462 743 2646 799 Judaei
2678 744 2869 800 dicere
2901 761 2915 799 :
2959 745 3229 817 nunquid
3261 746 3430 801 nobis
3460 750 3690 803 tantum
3723 747 3808 804 lex

402 836 865 891 circumcisionis.
899 838 1038 907 Apte
1070 834 1307 905 quidem
1354 834 1495 888 dicit
1540 837 1789 890 omnium
1835 833 2055 891 creden-

404 925 569 993 tium,
602 923 744 995 quia
774 924 1156 996 praputiatus
1183 922 1499 990 Abraham,
1532 924 1821 979 credendo
1865 923 2055 979 factus

402 1017 494 1069 est
517 1016 681 1084 pater
703 1011 1605 1084 praaputiatorum,circumcisus
1639 1016 1833 1068 autem
1863 1012 2055 1067 factus

403 1105 494 1157 est
521 1104 687 1172 pater
713 1101 1070 1156 Judaeorum.
1105 1099 1321 1155 Omnes
1351 1101 1506 1156 enim
1538 1100 1641 1172 qui
1680 1100 1740 1155 in
1772 1100 2055 1172 praiputio

390 1184 648 1245 credunt
677 1192 986 1244 transeunt
1024 1189 1097 1243 ad
1130 1188 1477 1261 dignitatem
1510 1189 1754 1245 seminis
1784 1188 2052 1256 Abrahae,

398 1281 457 1333 et
484 1281 794 1350 reputatur
813 1277 898 1333 eis
922 1278 1070 1333 ﬁdes
1090 1277 1161 1332 ad
1190 1278 1508 1348 justitiam,
1534 1278 1687 1334 sicut
1716 1282 1773 1333 et
1793 1277 2053 1333 Abrahae.

398 1366 470 1421 Et
502 1365 613 1422 hoc
636 1370 725 1421 est
754 1365 909 1438 quod
934 1364 1168 1431 dicitur,
1198 1370 1262 1420 ut
1290 1369 1597 1436 reputatur
1614 1369 1671 1421 et
1699 1366 1784 1421 eis
1813 1365 1957 1420 ﬁdes
1980 1366 2051 1421 ad

391 1454 713 1525 justitiam.
744 1454 878 1523 Sed,
912 1453 963 1508 si
1013 1453 1355 1525 diligentius
1398 1455 1792 1522 attendamus,
1825 1454 2056 1509 videtur

400 1542 717 1615 Apostolus
748 1541 842 1597 his
870 1541 1066 1597 verbis
1097 1543 1404 1599 ostendere
1434 1559 1619 1598 unum
1651 1559 1779 1598 esse
1824 1560 2051 1615 praepu-

405 1630 557 1686 tium
591 1634 647 1686 et
675 1630 1179 1701 circumisionem,
1209 1631 1488 1703 quoniam
1518 1632 1853 1704 quicunque
1882 1631 2057 1687 vcsti-

396 1719 497 1792 gia
526 1719 660 1775 ﬁdei
693 1718 937 1776 Abrahae
970 1719 1281 1775 imitantur
1309 1719 1438 1790 ejus
1469 1720 1575 1775 ﬁlii
1605 1719 1966 1788 efﬁciuntur,
1999 1723 2056 1776 et

400 1808 597 1876 corde,
631 1824 747 1864 non
796 1824 1057 1879 corpore,
1090 1807 1618 1879 circumciduntur,
1649 1812 1706 1865 et
1752 1812 2055 1881 reputatur

396 1897 750 1970 prmputium
783 1912 986 1953 eorum
1016 1895 1077 1951 in
1108 1896 1638 1953 circumcisionem.
1672 1903 1753 1953 Ac
1802 1914 1905 1969 per
1941 1896 2049 1952 hoc

393 1983 685 2040 Abraham
716 1989 882 2056 pater
909 1988 1000 2039 est
1029 1983 1522 2055 circumcisionis,
1554 1986 1611 2040 id
1643 1991 1751 2053 est,
1785 1985 2050 2040 omnium

393 2072 781 2129 credentium.
814 2072 977 2129 Unde
1008 2073 1284 2129 continuo
1315 2074 1591 2129 subditur
1618 2091 1631 2130 :
1667 2075 1783 2129 Non
1814 2074 1923 2141 his,
1956 2076 2055 2148 qui

396 2178 468 2217 ea:
497 2162 915 2218 circumcisione
941 2171 1070 2217 sunt
1098 2165 1335 2232 tantum,
1365 2162 1457 2217 sed
1502 2162 1590 2218 his
1631 2165 1729 2235 qui
1772 2166 2054 2218 sectantur

392 2252 628 2322 vestigia
654 2250 806 2321 ﬁdei,
829 2250 970 2322 quod
999 2250 1145 2322 (178)
1174 2254 1255 2306 est
1283 2252 1342 2305 in
1369 2253 1643 2323 praeputio
1670 2252 1849 2323 patris
1878 2252 2053 2309 nostri

393 2339 651 2395 Abrahae.
683 2339 1070 2404 Qumrendum
1120 2345 1317 2395 tamen
1366 2343 1473 2406 est,
1508 2357 1689 2412 quare
1734 2340 2049 2413 Apostolus

396 2426 749 2500 praaputium
801 2425 1056 2498 praetulit
1102 2427 1557 2484 circumcisioni.
1607 2428 1859 2495 Scilicet,
1912 2430 2051 2501 quia

397 2514 753 2587 praevidebat
783 2513 949 2585 prius
977 2518 1035 2568 et
1066 2512 1263 2585 plures
1293 2516 1617 2571 credituros
1660 2533 1729 2571 ex
1775 2517 2050 2587 gentibus

397 2619 577 2675 quam
609 2619 678 2658 ex
701 2601 940 2657 Judzeis.
965 2600 1129 2657 Unde
1152 2603 1635 2675 Psalmigrapbus
1659 2621 1672 2658 :
1707 2603 1905 2659 Notum
1922 2606 2051 2675 fecit

396 2693 666 2749 Dominus
710 2691 978 2748 Salutare
1032 2707 1197 2745 suum
1247 2700 1374 2746 ante
1418 2700 1761 2763 conspectum
1805 2694 2052 2763 gentium

398 2781 566 2849 (Psal.
598 2796 770 2847 xcvn,
800 2780 876 2851 2).
913 2778 981 2833 Et
1011 2778 1184 2851 paulo
1214 2784 1348 2851 post
1378 2796 1393 2834 :
1444 2782 1644 2836 Memor
1687 2782 1795 2852 fuit
1830 2783 2051 2837 miseri-

397 2869 598 2925 cordiae
625 2883 738 2923 sua:
763 2867 931 2923 Jacob
961 2867 1143 2937 (Ibid.,
1174 2868 1251 2938 3).
1289 2866 1433 2922 Hinc
1471 2872 1529 2922 et
1572 2868 1809 2924 Simeon
1856 2869 2001 2924 dicit
2033 2886 2047 2924 :

400 2963 608 3013 Lumen
656 2956 725 3011 ad
772 2956 1163 3012 reuelationem
1209 2957 1481 3028 gentium,
1513 2962 1566 3012 et
1609 2957 1847 3029 gloriam
1874 2959 2050 3029 plebis

398 3049 514 3103 tuae
542 3046 715 3101 Israel
763 3048 917 3115 (Luc.
950 3062 1013 3111 II,
1046 3044 1158 3117 32).

468 3135 618 3191 Nam
640 3135 867 3189 dudum
892 3133 1204 3206 Apostolus
1228 3133 1389 3206 loqui
1411 3135 1585 3206 coepit
1608 3135 1680 3190 de
1701 3134 1826 3208 lege
1847 3136 2049 3192 adver-

397 3240 501 3280 sus
522 3240 621 3279 eos
642 3222 741 3294 qui
764 3222 1213 3294 promissionem
1233 3221 1479 3278 Abrahae
1502 3224 1714 3279 tactam
1740 3240 1842 3296 per
1861 3224 2046 3297 legem

399 3312 685 3385 putabant
714 3310 1039 3383 impletam.
1075 3313 1164 3379 Et,
1213 3302 1399 3384 coepta
1428 3312 1749 3369 intentione
1779 3329 2045 3385 perseve-
2073 3299 2117 3366 C

394 3417 552 3470 rans,
587 3400 715 3456 ait:
769 3400 887 3456 Non
934 3402 1086 3456 enim
1128 3416 1229 3472 per
1277 3403 1448 3472 legem
1498 3404 1787 3473 promissio
1817 3402 2045 3459 Abrahx

394 3494 492 3545 aut
518 3489 723 3546 semini
749 3490 888 3562 ejus,
917 3492 976 3545 ut
1005 3489 1181 3547 haeres
1210 3493 1349 3546 esset
1376 3490 1590 3559 mundi,
1622 3491 1714 3545 sed
1739 3507 1841 3562 per
1880 3492 2041 3561 iusti-

390 3581 529 3635 tiam
558 3579 705 3650 ﬁdei,
739 3595 805 3634 ac
830 3578 881 3635 si
914 3578 1167 3634 diceret:
1202 3596 1317 3633 non
1348 3582 1438 3634 est
1466 3578 1566 3641 ita,
1601 3583 1665 3635 ut
1695 3595 1797 3633 vos
1828 3578 2042 3643 dicitis.

392 3668 530 3741 quia
557 3666 670 3735 lex,
703 3684 832 3739 qua:
864 3671 995 3737 post
1025 3666 1213 3721 multa
1244 3683 1534 3721 annorum
1567 3665 1860 3722 curricula
1907 3668 2045 3722 data

393 3759 503 3822 est,
538 3771 655 3810 non
688 3754 880 3827 potuit
908 3752 1153 3826 implere
1183 3753 1633 3825 promissionem
1667 3754 1776 3809 sub
1814 3754 2043 3826 jureju-

393 3843 579 3898 rando
610 3842 858 3898 Abrabte
893 3842 1125 3909 factam,
1153 3843 1291 3914 quia
1320 3842 1631 3914 promissio
1661 3841 1782 3911 illa,
1808 3860 1912 3898 nec
1944 3861 2047 3916 per

390 3930 578 4002 legem
612 3930 765 3986 facta
792 3933 881 3986 est
912 3947 1016 3986 nec
1045 3948 1150 4003 per
1188 3931 1375 4003 legem
1408 3930 1666 4002 impleta.
1702 3931 1863 3988 Unde
1895 3934 2041 4005 ipse,

388 4018 639 4091 loquens
672 4020 745 4075 ad
778 4019 1033 4086 Galatas,
1066 4020 1149 4075 ait
1178 4018 1329 4075 inter
1359 4024 1565 4075 caztera
1592 4037 1605 4074 :
1640 4022 2040 4092 Quadragintos

390 4111 444 4164 et
475 4108 708 4176 triginta
737 4124 909 4163 annos
935 4109 1082 4180 facta
1111 4112 1188 4164 est
1219 4109 1328 4175 lex,
1350 4124 1459 4164 non
1504 4110 1640 4180 [acit
1692 4111 1919 4165 irritum
1956 4110 2037 4166 ad

389 4197 771 4253 evacuandam
800 4195 949 4268 (179)
980 4198 1405 4268 promissionem
1434 4195 1578 4269 (Gal.
1610 4215 1696 4265 ιιι,
1731 4198 1838 4269 17).

463 4286 537 4341 Ut
567 4275 763 4341 autem
786 4285 1121 4340 ostenderet
1153 4302 1255 4356 per
1285 4301 1461 4358 quem
1491 4284 1735 4358 impleta
1764 4285 1861 4356 sit,
1886 4287 2044 4356 adje-

390 4374 469 4430 cit
496 4391 510 4430 :
544 4373 652 4431 Sed
678 4391 775 4446 per
792 4374 1073 4446 justitiam
1102 4374 1253 4445 ﬁdei,
1286 4374 1344 4429 id
1376 4366 1499 4442 est,
1522 4374 1660 4445 quia
1691 4375 1805 4429 ﬁde
1829 4376 2046 4447 justiﬁ-

389 4469 556 4521 catus
585 4468 675 4520 est
702 4464 1021 4531 Abraham,
1064 4463 1219 4519 sicut
1262 4468 1321 4519 et
1348 4468 1569 4536 gentes.
1604 4462 1883 4535 Sequitur
1914 4481 1928 4520 ε
1983 4465 2047 4519 Si

389 4556 540 4609 enim
583 4554 681 4626 qui
726 4570 797 4609 ea:
841 4553 974 4624 tege,
1008 4552 1250 4610 haredes
1280 4561 1429 4619 sunt,
1460 4553 1758 4608 exinanita
1785 4556 1861 4608 est
1888 4552 2040 4623 ﬁdes,

2165 832 2313 889 iram
2346 833 2667 905 operatur?
2699 833 2832 889 Ideo
2864 832 3128 892 subdidit
3160 850 3174 888 :
3220 834 3323 890 Ubi
3347 849 3459 890 non
3488 839 3569 890 est
3598 836 3704 901 lex,
3734 838 3809 891 ibi

2164 937 2263 977 nec
2289 924 2699 994 praevaricatio.
2731 923 2841 977 Sed
2873 922 3136 993 nunquid
3167 923 3323 995 apud
3362 923 3609 996 gentiles
3655 924 3807 980 nulla

2164 1013 2256 1065 est
2283 1010 2701 1082 praevaricatio,
2729 1010 2827 1081 qui
2860 1009 3044 1081 legem
3068 1011 3252 1082 Moysi
3283 1027 3397 1066 non
3424 1013 3807 1084 acceperunt?

2165 1098 2306 1164 Quis
2336 1099 2447 1154 hoc
2476 1099 2669 1155 dicere
2698 1100 2928 1170 audeat,
2961 1115 3097 1155 cum
3129 1099 3283 1155 idem
3313 1100 3629 1172 Apostolus
3674 1101 3807 1158 alibi

2166 1187 2368 1243 dicat:
2427 1189 2744 1260 Quicunque
2790 1190 2913 1244 sine
2958 1189 3073 1259 lege
3112 1194 3490 1260 peccaverunt,
3533 1192 3657 1246 sine
3700 1192 3807 1262 lege

2158 1276 2472 1346 peribunt?
2519 1276 2820 1339 Quomodo
2871 1293 3009 1349 ergo
3057 1276 3506 1349 intelligendum
3546 1283 3682 1336 est?
3726 1280 3807 1336 Ita

2166 1381 2234 1420 ac
2264 1364 2343 1420 sit
2371 1365 2591 1421 diceret
2619 1364 2752 1421 aliis
2780 1365 2938 1422 verbi
2973 1365 3140 1422 :snbi
3173 1382 3291 1422 non
3319 1371 3409 1422 est
3437 1371 3804 1440 praeceptum,

2163 1453 2357 1509 minor
2378 1457 2466 1509 est
2486 1454 2895 1525 transgressio.
2912 1454 3076 1509 Unde
3095 1458 3229 1526 apte
3252 1455 3605 1511 subauditur
3626 1461 3804 1524 tanta;

2164 1544 2233 1596 ut
2260 1541 2338 1597 sit
2375 1542 2516 1597 ordo
2545 1542 2853 1597 verborum
2886 1559 2902 1599 :
2935 1542 3045 1598 Ubi
3070 1560 3186 1599 non
3215 1548 3305 1598 est
3349 1542 3462 1612 lex,
3492 1560 3601 1602 nec
3646 1549 3806 1601 tanta

2163 1629 2579 1701 praevaricatio.
2647 1635 2716 1685 Et
2778 1634 2965 1702 apte:
3028 1632 3307 1702 quoniam
3374 1648 3492 1703 quo
3558 1634 3806 1706 quisque

2164 1732 2383 1790 gnarus
2432 1722 2650 1790 peccat,
2703 1736 2768 1774 eo
2814 1719 3074 1791 amplius
3101 1721 3251 1791 (180)
3298 1721 3596 1792 punietur.
3629 1722 3806 1790 Unde,

2164 1807 2371 1863 beatus
2402 1811 2771 1879 Augustinus
2802 1808 2981 1864 dicit:
3016 1808 3222 1866 Omnis
3249 1808 3437 1882 legem
3470 1810 3809 1883 preteriens

2163 1894 2405 1967 iniquus
2435 1900 2560 1951 est:
2594 1912 2711 1951 non
2737 1899 2935 1953 tamen
2957 1897 3150 1953 omnis
3180 1897 3422 1969 iniquus
3451 1897 3643 1971 legem
3665 1915 3806 1971 prn-

2163 1984 2317 2040 terit.
2349 1984 2439 2039 Illi
2487 2001 2645 2057 ergo,
2687 1984 2787 2057 qui
2838 2002 2950 2042 non
2984 1990 3224 2058 accepta
3253 1987 3378 2059 lege
3406 1992 3671 2061 peccant,
3701 1988 3806 2045 ini-

2163 2073 2265 2146 qui
2298 2073 2412 2129 dici
2443 2078 2729 2146 possunt;
2763 2078 3230 2147 transgressores
3260 2092 3377 2132 non
3408 2082 3681 2149 possunt.
3703 2078 3806 2135 Sed

2163 2163 2582 2218 attendendum
2617 2166 2706 2218 est
2736 2164 2808 2218 de
2836 2180 2954 2236 qua
2984 2163 3110 2235 lege
3140 2163 3237 2220 hic
3267 2162 3544 2236 loquatur
3571 2168 3807 2238 Aposto-

2161 2253 2277 2307 lus.
2309 2251 2589 2324 Nunquid
2619 2254 2691 2307 de
2721 2250 2847 2323 lege
2877 2253 3098 2324 scripta
3119 2238 3175 2306 ?'
3194 2256 3394 2309 Potest
3444 2254 3683 2326 quidem
3730 2254 3805 2310 ita

2159 2339 2436 2413 intelligi;
2460 2341 2560 2397 sed
2584 2340 3025 2397 convenientius
3041 2342 3113 2397 de
3132 2341 3256 2414 lege
3273 2346 3516 2401 natura.
3531 2343 3804 2400 Homines

2157 2429 2337 2495 cnim,
2368 2446 2503 2485 cum
2543 2429 2737 2486 adhuc
2785 2431 2846 2485 in
2886 2447 3065 2502 parva
3091 2434 3257 2487 aetate
3285 2431 3639 2502 consistunt,
3669 2430 3803 2504 quid

2160 2519 2453 2590 agendum
2480 2518 2692 2589 quidve
2722 2535 2838 2575 non
2871 2518 2968 2589 sit,
2991 2519 3235 2578 minime
3261 2525 3629 2592 agnoscunt:
3660 2520 3807 2577 ideo.

2160 2622 2295 2677 que,
2330 2606 2602 2677 quamvis
2650 2606 2728 2661 sit
2776 2606 2976 2678 aliqua
3025 2624 3205 2678 parva
3256 2609 3427 2681 (181),
3476 2613 3677 2667 tamen
3722 2611 3805 2665 est

2158 2693 2351 2765 culpa.
2376 2693 2523 2749 Cum
2547 2699 2744 2749 autem
2771 2695 3115 2766 perveniunt
3135 2696 3207 2751 ad
3235 2697 3607 2754 rationabilis
3629 2696 3804 2754 aetatis
3825 2741 3840 2764 ,

2158 2798 2364 2850 annos,
2397 2786 2617 2853 quanto
2644 2782 2896 2853 amplius
2948 2783 3091 2855 quid
3143 2799 3313 2855 agere
3355 2786 3611 2842 debeant
3639 2785 3803 2842 intel-

2157 2869 2371 2942 ligunt,
2431 2874 2593 2926 tanto
2651 2870 2926 2940 atrocius,
2977 2870 3027 2926 si
3074 2871 3223 2943 (182)
3270 2871 3649 2947 deliquerint,
3703 2890 3803 2947 pu-

2160 2959 2412 3015 nientur.
2448 2959 2612 3015 Unde
2642 2958 2959 3016 Psalmista
2990 2977 3004 3015 :
3052 2961 3519 3019 Praevaricatores
3550 2965 3805 3037 reputavi

2157 3064 2344 3105 omnes
2386 3057 2693 3121 peccatores
2737 3052 2899 3105 term
2947 3050 3119 3121 (Psat.
3148 3066 3342 3121 CXVIII,
3376 3052 3501 3122 119)
3542 3071 3555 3109 :
3608 3070 3802 3111 omnes

2159 3154 2413 3211 namque
2424 3142 2755 3210 peccatores
2774 3138 3243 3210 prevaricatores
3259 3138 3685 3211 legisMosaice
3695 3159 3800 3199 non

2159 3226 2415 3295 fuerunt,
2472 3226 2612 3300 quia
2668 3244 2783 3283 non
2838 3244 3043 3284 omnes
3097 3244 3226 3285 eam
3284 3236 3661 3301 acceperunt,
3708 3232 3799 3289 sed

2156 3314 2304 3387 legis
2349 3319 2591 3371 naturae.
3656 3360 3659 3361 ν

2223 3404 2343 3460 Ideo
2371 3421 2443 3459 ea:
2473 3405 2597 3475 ﬁde,
2632 3404 3004 3471 subauditur,
3038 3404 3281 3477 impleta
3331 3410 3421 3463 est
3465 3406 3798 3479 promissio,

2150 3496 2209 3549 ut
2238 3493 2535 3549 secundum
2556 3495 2795 3562 gratiam
2812 3496 2975 3564 firma
2994 3496 3070 3549 sit
3093 3497 3387 3566 promissio
3411 3499 3566 3553 omni
3585 3496 3798 3564 semini,

2153 3581 2212 3636 id
2243 3587 2350 3649 est,
2382 3586 2502 3638 tam
2532 3582 2734 3638 Judazo
2766 3599 2944 3654 quam
2976 3587 3034 3638 et
3075 3583 3303 3656 gentili.
3338 3586 3406 3640 Et
3455 3587 3800 3652 notandum,

2154 3672 2294 3740 quia
2319 3686 2437 3726 non
2468 3670 2550 3724 ait
2580 3672 2907 3726 secundum
2943 3672 3240 3739 meritum,
3273 3677 3377 3729 aut
3411 3673 3563 3745 legis
3610 3677 3801 3731 obser-

2152 3756 2433 3826 vantiam,
2468 3759 2571 3814 sed
2604 3759 2930 3815 secundum
2962 3762 3234 3831 gratiam.
3269 3762 3415 3826 Quia
3448 3762 3577 3819 sola
3622 3762 3805 3836 gratia

2158 3846 2253 3903 Dei
2295 3847 2631 3917 justiﬁcataz
2687 3853 2827 3903 sunt
2872 3854 3095 3920 gentes.
3138 3854 3261 3907 Non
3310 3853 3387 3922 ei,
3436 3854 3538 3923 qui
3581 3869 3654 3909 ex
3699 3853 3806 3922 lege

2152 3944 2228 3991 est
2257 3936 2456 4004 solum,
2487 3935 2546 3991 id
2594 3940 2704 4004 est,
2736 3938 2835 4009 qui
2867 3955 2936 3994 ex
2966 3939 3157 3997 Veteri
3190 3942 3570 3997 Testamento
3601 3940 3805 3997 transit

2154 4025 2224 4080 ad
2255 4025 2505 4097 gratiam
2536 4026 2676 4081 Novi
2712 4042 2727 4082 :
2778 4026 2879 4083 Sed
2907 4032 2958 4083 et
2988 4031 3059 4100 ei,
3092 4032 3190 4100 qui
3215 4046 3285 4085 ex
3312 4028 3420 4101 ﬁde
3445 4034 3526 4085 est
3556 4027 3801 4095 Abrahae,

2151 4113 2210 4168 id
2242 4118 2349 4181 est,
2384 4114 2487 4184 qui
2517 4113 2777 4170 imitator
2804 4120 2894 4171 est
2922 4116 3055 4173 ﬁdei
3086 4118 3352 4186 Abrahae,
3384 4120 3480 4190 qui
3529 4123 3611 4176 est
3657 4126 3805 4191 pater

2152 4202 2404 4258 omnium
2452 4207 2723 4276 nostrum,
2773 4204 2832 4259 id
2878 4209 2989 4273 est,
3037 4210 3160 4261 tam
3217 4206 3581 4273 Judszorum,
3626 4222 3798 4281 quam

2153 4289 2484 4364 gentilium.
2518 4292 2608 4357 Et,
2642 4296 2706 4347 ut
2752 4292 2863 4349 hoc
2893 4292 3135 4350 Genesis
3168 4294 3501 4351 testimonio
3532 4309 3799 4368 compro-

2153 4380 2336 4451 baret,
2361 4379 2611 4451 adjecit:
2646 4381 2796 4438 Sicut
2822 4384 3091 4454 scriptum
3118 4388 3197 4439 est
3215 4401 3236 4438 :
3269 4387 3402 4456 quia
3426 4388 3645 4456 patrem
3661 4384 3797 4440 mut-

2153 4476 2336 4524 tarum
2364 4469 2609 4540 gentium
2636 4473 2801 4542 posui
2826 4475 2877 4528 te
2904 4476 3031 4528 ante
3060 4473 3249 4528 Deum.
3283 4472 3446 4537 Quod
3479 4472 3625 4530 dicit
3654 4470 3797 4529 mul-

2153 4561 2368 4627 tarum,
2395 4575 2509 4615 non
2542 4561 2961 4630 quarumdam,
2988 4562 3093 4618 sed
3116 4561 3384 4618 omnium
3409 4562 3697 4619 debemus
3724 4561 3799 4616 in-

391 4641 594 4731 abolita
624 4645 702 4697 est
730 4643 1037 4731 promissio.
1063 4642 1132 4696 Et
1160 4646 1249 4731 est
1278 4658 1526 4731 sensus:
1560 4642 1609 4697 si
1640 4658 1741 4697 vos
1763 4641 1872 4698 soli
1901 4642 2044 4698 estis
2071 4666 2120 4731 D
2153 4646 2433 4719 telligere.
2463 4651 2641 4704 Juxta
2672 4649 2827 4721 quod
2854 4648 2915 4704 in
2947 4650 3150 4706 eodem
3181 4650 3331 4708 libro
3361 4651 3648 4723 scriptum
3679 4653 3795 4707 est:

388 4730 673 4795 haeredes,
707 4729 807 4801 qui
857 4744 925 4783 ex
970 4728 1097 4799 lege
1142 4727 1648 4786 circumcisionem
1690 4732 2039 4803 accepistis;

391 4834 527 4892 ergo
560 4819 706 4875 ﬁdes
737 4817 955 4874 Christi
988 4817 1297 4873 annullata
1335 4822 1443 4874 est.
1477 4819 1587 4874 Sed
1632 4837 1748 4875 non
1802 4821 1886 4875 ita
1931 4824 2040 4876 est.

388 4908 552 4965 Unde
582 4925 717 4964 mox
746 4923 988 4963 causam
1020 4905 1232 4973 reddit,
1269 4906 1638 4978 subjungens
1673 4924 1686 4962 :
1735 4909 1847 4964 Lex
1893 4911 2044 4965 enim

386 4999 537 5053 iram
575 5004 858 5069 operatur.
891 4999 1072 5062 Iram,
1105 4997 1171 5050 ut
1216 5010 1370 5066 saepe
1417 4994 1693 5054 diximus.
1723 4995 2041 5053 vindictam

386 5088 575 5141 vocat.
610 5087 719 5141 Lex
747 5100 880 5156 ergo
910 5084 1060 5141 iram
1092 5088 1388 5156 operatur,
1421 5082 1562 5154 quia
1601 5100 1718 5138 non
1768 5085 2045 5154 praedicat

388 5173 821 5246 pmnitentiam,
846 5173 1046 5229 dicens
1075 5190 1089 5228 :
1122 5173 1513 5229 Pcrnztentiam
1536 5173 1684 5241 agite
1701 5192 1722 5242 ,-
1754 5175 2047 5244 appropin-

459 5383 616 5457 <177)
641 5383 817 5457 Υιηεσ
847 5400 973 5457 per-

459 5400 616 5456 (ιιι)
654 5400 817 5457 vuig.

457 5456 611 5530 (178)
640 5455 811 5530 Yulg.
869 5472 971 5510 oco
1002 5456 1141 5530 quod
1170 5457 1344 5514 habet
1373 5474 1537 5530 quae;
1568 5456 1692 5512 aliae
1732 5456 1907 5513 etiam
1956 5459 2043 5514 le-

390 5527 616 5601 ctiones
646 5525 784 5601 loco
805 5542 931 5596 qua:
958 5525 1458 5601 est,qrhabent_quse
1485 5530 1612 5601 fuit.

462 5599 609 5682 (179)
635 5600 894 5682 _Cap..1_u,
925 5614 979 5680 ις,
1005 5599 1100 5682 17,
1132 5599 1193 5653 in
1223 5599 1395 5682 Vplg.
1544 5618 1560 5682 :_
1600 5616 1726 5672 quae
1752 5608 1871 5682 post
1901 5618 2043 5682 qua-

388 5669 707 5744 pringentos
735 5673 789 5724 et
818 5669 1050 5744 triginta
1070 5669 1405 5744 annosfacta
1433 5679 1512 5726 est
1541 5669 1651 5742 lea},
1672 5669 1785 5729 non
1817 5669 2045 5731 irritum

385 5739 533 5825 facit
564 5739 637 5799 ad
676 5739 1051 5799 evacuandam
1074 5739 1508 5815 promissionem.

2154 4737 2218 4790 In
2245 4737 2453 4792 semine
2483 4745 2574 4792 tuo
2605 4736 2990 4793 benedicentur
3016 4754 3201 4796 omnes
3230 4748 3412 4812 gentes
3442 4748 3610 4797 terrae
3651 4739 3795 4811 (Gen.

2150 4842 2290 4896 xxn,
2326 4826 2431 4897 18).
2467 4826 2630 4891 Quod
2685 4831 2880 4883 autem
2928 4828 3205 4885 subditur
3240 4845 3253 4884 :
3307 4832 3435 4889 ante
3487 4830 3682 4900 Deum,
3711 4828 3800 4884 cui

2152 4914 2454 4985 credidisti,
2488 4915 2637 4987 (183)
2688 4915 2747 4971 in
2778 4915 2929 4972 libro
2960 4917 3201 4974 Genesis
3231 4935 3347 4975 non
3382 4918 3669 4986 habetur;
3701 4915 3793 4977 sed

2152 5002 2489 5075 Apostolus,
2513 5005 2877 5076 exponendo,
2901 5007 2971 5061 de
2999 5023 3104 5063 suo
3126 5007 3362 5079 adjecit,
3383 5007 3586 5064 volens
3610 5010 3795 5064 osten-

2153 5092 2290 5147 dere
2310 5092 2606 5147 Abraham
2630 5092 2745 5148 ﬁde
2757 5093 3173 5165 justiﬁcatum.
3192 5097 3262 5152 Et
3281 5101 3373 5153 est
3391 5113 3603 5154 sensus
3626 5114 3641 5153 :
3670 5097 3794 5152 ante

2155 5185 2359 5246 Deum,
2410 5181 2503 5236 cui
2553 5180 2875 5250 credidisti,
2927 5184 3185 5255 positum
3241 5190 3331 5243 est
3386 5189 3453 5242 ut
3503 5185 3588 5242 sis
3641 5188 3795 5257 pater

2225 5389 2372 5461 (180)
2404 5390 2468 5446 In
2501 5392 2701 5463 autog.
2731 5393 3053 5463 puniretur.

2224 5464 2374 5528 (181)
2402 5464 2614 5533 Autog.
2646 5480 2839 5533 prava.

2219 5533 2369 5615 (182)
2401 5529 2611 5615 Autog.
2646 5529 3104 5606 'dereliquerint;
3158 5537 3406 5595 fortasse
3463 5542 3642 5605 recte,
3699 5529 3790 5587 86d

2153 5609 2360 5676 minus
2399 5609 2551 5676 apte.

2223 5674 2371 5749 (183)
2404 5674 2469 5730 In
2500 5678 2697 5748 autog.
2728 5675 3059 5737 credidistis.
