3946 6412
155 376 251 434 169

727 370 1144 431 EXPOSITIU
1190 372 1266 431 ΙΝ
1317 371 1744 433 EPISTOLAS
1794 374 2050 434 PAULI.
2086 408 2161 420 --
2194 378 2269 437 ΙΝ
2318 378 2566 441 EPIST.
2613 384 2719 441 AD
2767 384 2957 444 ltOM.

3432 390 3549 449 170

156 504 441 559 multarum
483 502 774 574 gentium.
804 503 912 570 Qui
937 499 1192 572 viviﬁcut
1220 506 1484 558 mortuos.
1520 504 1781 558 Mortuos
1809 506 1863 571 Α
1891 506 2032 561 sicut
2056 509 2249 563 stellas
2294 511 2417 565 (γυιί
2463 515 2515 566 et
2560 514 2705 568 sicut
2742 528 2979 569 arenam
3007 531 3132 587 quem
3159 525 3239 573 est
3267 521 3324 573 in
3368 520 3551 578 littore

153 595 241 650 hoc
288 592 425 658 loco,
475 608 590 646 non
642 607 903 662 corpore,
958 591 1059 646 sed
1109 592 1308 646 anima
1355 593 1639 648 debemus
1690 593 1779 647 in—

151 681 396 753 telligere,
424 681 600 750 juxta
628 678 775 734 illud
812 697 825 735 :
859 680 1062 734 Anima
1111 696 1237 751 quae
1279 684 1582 752 peccaverit
1608 684 1782 737 morte

148 772 402 826 morietur.
458 768 626 824 Sicut
672 768 830 823 enim
876 784 1092 839 corpus
1140 773 1438 824 mortuum
1482 774 1590 838 est,
1624 770 1781 841 quod

148 860 298 916 habet
324 859 549 924 oculos,
581 862 637 914 et
663 862 899 914 czeteros
939 873 1153 913 sensus
1200 856 1326 912 sine
1374 857 1499 914 suis
1549 859 1780 925 officiis,

146 948 257 1004 ideo
283 952 516 1003 mortua
549 950 638 1003 est
667 946 889 1012 anima,
933 963 1063 1017 quas
1118 946 1211 1000 his
1261 946 1537 1003 omnibus
1591 948 1780 1003 sensi-

148 1038 241 1091 bus
268 1052 392 1092 cum
425 1035 556 1091 suis
587 1035 797 1090 ofﬁciis
828 1039 1006 1104 caret,
1054 1035 1111 1090 id
1167 1041 1256 1090 est
1299 1053 1427 1107 quae
1457 1053 1573 1092 non
1606 1036 1783 1093 habet

146 1123 336 1192 oculos,
366 1123 589 1197 quibus
620 1123 805 1196 possit
832 1123 1031 1178 videre
1066 1128 1449 1193 Deum,aures
1481 1125 1779 1193 audiendi,

146 1215 336 1286 quibus
365 1214 556 1286 possit
582 1213 787 1268 audire
816 1217 1107 1284 praecepta
1153 1212 1276 1280 Dei,
1328 1229 1520 1283 nares,
1554 1218 1618 1269 ut
1648 1231 1781 1286 pro-

143 1304 275 1358 ferat
295 1303 457 1359 bonas
488 1301 785 1374 opinionis
815 1301 1079 1366 odorem,
1103 1302 1276 1372 juxta
1303 1301 1449 1357 illud
1469 1302 1728 1374 Apostoli
1763 1320 1777 1358 :

144 1392 329 1448 Christi
359 1392 533 1448 bonus
560 1390 696 1445 odor
722 1406 915 1445 sumus
969 1391 1076 1445 Deo
1128 1390 1207 1461 (II
1249 1390 1371 1447 Cor.
1425 1392 1643 1462 11,15);
1692 1408 1780 1461 os,

144 1483 198 1533 ut
224 1479 398 1535 valeat
431 1479 803 1551 degustando
853 1494 1030 1549 quam
1080 1477 1276 1533 suavis
1326 1480 1405 1533 sit
1453 1479 1778 1547 Dominus;

141 1585 350 1634 manus,
385 1573 450 1624 ut
469 1570 645 1640 juxta
674 1583 872 1622 vocem
905 1567 1150 1623 Joannis
1181 1568 1367 1639 possit
1408 1572 1657 1624 tractare
1710 1569 1781 1623 de

139 1657 294 1712 verbo
327 1657 486 1725 vitae;
537 1656 735 1728 pedes,
785 1655 1003 1727 quibus
1056 1655 1134 1711 sit
1183 1657 1427 1712 verbum
1459 1656 1559 1712 Dei
1591 1657 1778 1713 lucer-

137 1762 234 1811 nae,
264 1745 478 1817 quibus
512 1743 775 1801 ambulet
802 1745 862 1799 in
891 1744 1019 1815 lege
1051 1744 1305 1801 Domini.
1342 1746 1456 1801 Hos
1486 1745 1635 1803 tales
1666 1746 1778 1802 Do-

138 1835 315 1891 minus
343 1835 599 1891 viviﬁcat
624 1833 988 1904 inspirando,
1023 1838 1089 1888 ut
1121 1834 1337 1889 mortui
1367 1834 1527 1890 vitiis
1582 1835 1752 1891 vivan

132 1925 452 1991 virtutibus,
485 1928 544 1979 et
590 1922 881 1978 credendo
930 1922 989 1976 in
1034 1938 1172 1977 eum
1218 1926 1523 1978 transeant
1569 1924 1640 1978 ad
1689 1923 1778 1979 di-

133 2011 398 2081 gnitatem
430 2010 679 2069 seminis
706 2010 974 2078 Abrahae,
1007 2015 1065 2066 et
1108 2015 1413 2082 reputetur
1462 2011 1581 2067 illis
1626 2007 1779 2068 lides

132 2101 193 2154 ad
218 2100 538 2171 justitiam.

192 2206 469 2280 Sequitur
514 2209 629 2263 :Et
673 2210 826 2263 vocat
871 2222 936 2262 ea
981 2221 1110 2279 quae
1154 2224 1268 2262 non
1309 2216 1459 2275 sunt,
1516 2216 1781 2280 tanquam

129 2312 189 2352 ea
214 2314 331 2369 quae
360 2305 509 2353 sunt.
544 2296 663 2353 Soli
695 2296 814 2352 Deo
845 2296 1150 2368 proprium
1202 2302 1292 2353 est
1341 2313 1490 2366 esse,
1523 2297 1616 2351 cui
1659 2314 1777 2352 non

129 2391 210 2441 est
258 2385 450 2448 aliter,
500 2389 603 2440 aut
648 2384 1020 2440 dissimiliter
1067 2401 1216 2441 esse.
1270 2386 1384 2440 Sed
1439 2385 1548 2440 hoc
1595 2390 1685 2441 est
1726 2385 1778 2441 ei

126 2490 246 2531 esse
275 2476 437 2547 quod
488 2478 622 2531 est:
655 2479 930 2529 creaturae
982 2490 1116 2529 vero
1170 2490 1287 2529 non
1339 2479 1425 2529 est
1475 2474 1776 2546 proprium

125 2580 265 2630 esse,
333 2563 476 2635 quia
523 2568 711 2634 potest
762 2568 819 2618 et
867 2562 1054 2629 aliter,
1104 2567 1162 2618 et
1205 2561 1580 2618 dissimiliter
1628 2580 1775 2618 esse.

123 2653 276 2717 Quod
304 2651 461 2708 idem
484 2651 796 2722 Apostolus
819 2651 1316 2719 manifestat,cum
1342 2651 1609 2721 Ephesiis
1628 2652 1645 2723 (
1655 2652 1777 2723 184)

120 2739 382 2813 loquens,
418 2741 500 2797 ait
530 2740 681 2797 inter
710 2745 918 2797 cetera
950 2758 964 2796 :
999 2742 1171 2796 Filius
1204 2743 1299 2796 Dei
1328 2742 1590 2797 Dominus
1624 2743 1779 2797 Iesus

122 2829 379 2900 Christus,
413 2833 513 2903 qui
536 2847 638 2902 per
663 2846 765 2886 nos
798 2832 859 2885 in
888 2832 1039 2886 vobis
1064 2832 1404 2902 praedicatus
1450 2838 1528 2886 est
1567 2847 1665 2900 per
1692 2846 1779 2886 me

119 2922 161 2973 et
188 2918 481 2975 Silvanum
526 2928 580 2975 et
626 2919 982 2987 Timotheum,
1038 2935 1150 2974 non
1201 2922 1312 2990 fuit
1362 2924 1480 2988 Est,
1528 2923 1580 2974 et
1626 2919 1774 2989 Non,

118 3008 331 3065 sed.Est
364 3011 429 3064 in
455 3010 556 3064 illo
580 3010 714 3080 fuit.
744 3009 887 3064 Hinc
921 3008 1205 3064 Dominus
1235 3009 1307 3064 ad
1336 3009 1571 3080 Moysen
1604 3007 1772 3063 dicit:

120 3097 227 3165 Ego
270 3112 400 3151 sum
447 3097 548 3168 qui
592 3113 735 3161 sum,
779 3098 831 3150 et
876 3096 1025 3151 dices
1072 3095 1209 3165 ﬁliis
1256 3095 1425 3149 Israel
1472 3113 1491 3150 :
1538 3096 1650 3164 Qui
1695 3100 1778 3149 est

119 3184 261 3240 misit
304 3199 399 3240 me
450 3184 519 3239 ad
564 3200 655 3240 vos
703 3184 902 3255 (Exod.
936 3200 1021 3253 ιιι,
1064 3183 1174 3253 14).
1209 3183 1552 3253 Quicunque
1598 3182 1780 3253 igitur

122 3271 228 3329 Deo
256 3289 367 3347 per
398 3273 579 3329 ﬁdem
611 3272 889 3343 conjungi
924 3274 1242 3338 merentur,
1274 3274 1332 3325 et
1375 3269 1485 3340 ipsi
1537 3270 1774 3341 quidem

119 3366 243 3416 sunt
274 3361 792 3434 quemadmodum
824 3358 907 3412 illi
942 3358 1013 3412 de
1045 3357 1260 3427 quibus
1292 3356 1576 3412 Dominus
1614 3356 1778 3412 testi-

120 3451 380 3506 monium
417 3447 705 3518 perhibet,
729 3446 933 3501 dicens
966 3461 979 3499 :
1016 3445 1124 3513 Ego
1152 3461 1274 3499 sum
1306 3446 1444 3499 Deus
1470 3445 1778 3509 Abraham,

118 3546 162 3593 et
183 3544 331 3596 Deus
366 3539 559 3605 Isaac,
615 3538 664 3591 et
714 3536 853 3590 Deus
900 3534 1091 3590 Jacob.
1144 3533 1325 3589 Vocat
1367 3550 1503 3605 ergo
1547 3549 1615 3588 ea
1654 3548 1782 3603 qum

119 3644 221 3684 non
266 3630 421 3685 sunt
474 3629 541 3680 ut
584 3624 724 3693 sint,
777 3628 1061 3695 tanquam
1110 3639 1178 3677 ea
1223 3639 1351 3693 quae
1397 3626 1537 3678 sunt
1582 3639 1595 3675 :
1645 3620 1787 3693 quia

117 3732 222 3786 eos,
255 3716 363 3789 qui
416 3712 533 3769 sibi
588 3729 694 3785 per
742 3713 916 3768 ﬁdem
969 3711 1266 3782 conjuncti
1295 3727 1409 3766 non
1441 3714 1601 3779 sunt,
1635 3727 1782 3782 prai-

121 3803 475 3860 destinando
505 3809 561 3857 et
590 3800 937 3873 inspirando
962 3803 1152 3867 vocat,
1177 3799 1318 3855 utin
1351 3816 1487 3855 eum
1518 3800 1781 3864 credant,

119 3895 169 3946 et
195 3893 314 3949 sint
343 3898 641 3963 tanquam
695 3889 778 3945 illi
812 3890 913 3962 qui
936 3890 1065 3960 jam
1099 3888 1210 3944 sibi
1260 3905 1364 3961 per
1394 3889 1565 3944 [idem
1590 3887 1784 3957 juncti

128 3988 274 4038 sunt.

191 4090 297 4157 Qui
340 4095 539 4146 contra
595 4101 744 4158 spem
800 4085 1048 4156 (scilicet
1104 4083 1377 4140 humanae
1430 4085 1675 4155 naturae)
1731 4086 1788 4138 in

127 4193 210 4248 spe
238 4179 387 4250 (185;
421 4175 680 4246 credidit,
707 4175 915 4230 divinae
947 4174 1147 4247 gratia:
1171 4192 1185 4243 ;
1219 4177 1422 4229 contra
1443 4189 1609 4246 spem
1631 4172 1790 4228 enim

130 4266 183 4320 in
210 4283 311 4339 spe
350 4265 631 4335 credidit,
680 4264 820 4335 quia
873 4262 1214 4318 firmissime
1257 4262 1448 4317 tenuit
1495 4264 1579 4332 ut,
1633 4260 1790 4333 quod

130 4370 288 4411 sacra
334 4354 689 4412 adolescens
727 4358 785 4408 et
820 4351 1143 4423 juvencula
1170 4351 1399 4423 explere
1431 4367 1546 4405 non
1581 4349 1793 4422 potuit,

125 4443 237 4512 jam
271 4461 428 4500 anus
463 4442 672 4513 adjuta
700 4441 898 4496 divina
931 4439 1124 4511 gratia
1166 4444 1364 4509 posset
1404 4437 1655 4510 explere,
1687 4438 1798 4493 hoc

1890 599 2085 650 maris.
2119 598 2279 659 Quod
2314 598 2681 670 hyperbolice
2712 602 2935 657 dictum
2967 608 3085 671 est;
3126 623 3263 661 nam
3295 625 3327 662 a
3359 609 3548 680 primo

1891 683 2129 739 homine
2164 703 2351 757 usque
2377 688 2447 742 ad
2483 687 2759 743 ultimum
2793 707 2906 746 non
2939 696 3109 747 erunt
3138 698 3225 749 tot
3255 694 3545 766 homines,

1893 775 1956 825 ut
1985 771 2172 827 stellis
2203 774 2331 828 cmli
2362 780 2464 830 aut
2494 792 2683 832 arente
2726 779 2908 835 maris
2939 780 3166 852 possint
3196 785 3547 856 comparari,

1893 862 2212 930 praesertim
2260 878 2393 918 cum
2448 880 2556 919 nec
2604 869 2692 921 tot
2742 867 2960 924 fuerint
2998 873 3063 924 ut
3107 873 3333 928 caeteris
3361 873 3546 942 genti-

1891 949 2003 1004 bus
2033 967 2277 1006 numero
2303 957 2543 1022 possent
2572 955 2810 1026 aequari.
2845 957 2979 1026 Sed,
3013 960 3154 1028 quia
3200 959 3548 1017 innumera-

1889 1036 2037 1093 biles
2068 1040 2305 1095 fuerunt
2333 1040 2603 1097 homines
2637 1048 2699 1097 ut
2729 1043 2911 1101 stellae
2940 1045 3064 1100 οωΙί
3110 1051 3167 1103 ct
3212 1065 3389 1105 arena
3421 1066 3548 1106 ma-

1890 1126 1993 1191 ris,
2025 1126 2243 1183 idcirco
2274 1129 2359 1184 eis
2389 1132 2708 1202 comparati
2758 1138 2917 1188 sunt.
2969 1133 3086 1190 Deo
3121 1140 3335 1205 tamen,
3368 1153 3545 1209 quem

1890 1231 1996 1270 nec
2024 1215 2326 1273 herbarem
2361 1232 2469 1273 nec
2497 1234 2686 1274 arenae
2719 1236 2999 1277 numerus
3029 1222 3188 1291 latet,
3212 1225 3415 1298 utique
3435 1243 3544 1283 nu-

1892 1303 2204 1360 merabiles
2236 1305 2492 1361 fuerunt.

1960 1430 2025 1484 Et
2054 1445 2163 1483 non
2206 1429 2519 1500 inﬁrmatus
2563 1439 2642 1488 est
2695 1433 2755 1487 in
2811 1433 2937 1503 ﬁde,
2991 1435 3279 1504 videlicet,
3335 1443 3400 1493 ut
3436 1444 3545 1495 Za-

1890 1517 2145 1585 charias,
2202 1520 2301 1589 qui
2351 1519 2662 1591 promissis
2711 1521 2991 1593 angelicis
3041 1524 3275 1580 credere
3316 1526 3548 1582 dubita-

1890 1606 1972 1660 vit
2003 1622 2015 1659 :
2054 1611 2165 1664 Nec
2191 1607 2556 1663 consideravit
2601 1625 2795 1681 corpus
2839 1628 3004 1666 suum
3043 1621 3371 1686 emortuum,
3419 1630 3549 1672 cum

1886 1695 2003 1765 fere
2055 1699 2282 1751 centum
2328 1702 2468 1752 esset
2510 1714 2813 1769 annorum,
2866 1708 2921 1755 et
2968 1705 3274 1757 emortuam
3327 1704 3550 1759 vulvam

1889 1782 2073 1846 Suras;
2104 1783 2163 1838 id
2195 1788 2303 1849 est,
2346 1791 2413 1839 ut
2461 1784 2646 1841 filium
2699 1804 3003 1857 procreare
3052 1806 3166 1845 non
3217 1796 3434 1862 posset.
3485 1794 3550 1848 In

1758 1839 1780 1890 δ
1808 1873 1857 1938 Β
1890 1839 2316 1943 repromissione
2361 1876 2535 1929 etiam
2557 1839 3183 1947 v(

1895 1961 2008 2016 Hoc
2039 1960 2164 2016 loco
2198 1963 2523 2017 notandum
2574 1963 2712 2035 quia
2761 1981 2875 2020 non
2921 1966 3004 2021 ait
3049 1965 3108 2020 in
3161 1968 3550 2037 promissione

1890 2049 2062 2121 (187),
2096 2050 2198 2104 sed
2247 2052 2307 2105 in
2360 2052 2834 2124 repromissione.
2891 2054 3082 2109 Primo
3124 2056 3281 2111 enim
3313 2056 3545 2113 haesita-

1887 2138 1991 2201 vit,
2033 2155 2166 2193 cum
2227 2139 2376 2193 dixit
2423 2155 2435 2193 :
2496 2140 2753 2206 Domine,
2802 2141 2937 2211 quid
2991 2142 3148 2199 dabis
3194 2144 3377 2200 mihi?
3426 2162 3549 2203 ecce

1889 2226 2037 2280 enim
2066 2226 2218 2295 ﬁlius
2243 2228 2625 2297 procuratoris
2652 2228 2844 2283 domus
2890 2244 3031 2287 meae
3069 2231 3380 2288 Damascus
3425 2235 3544 2302 iste,

1888 2314 1977 2368 hic
2024 2317 2131 2369 erit
2179 2314 2358 2371 haeres
2396 2330 2550 2370 meus
2598 2316 2751 2385 (Gen.
2801 2333 2895 2384 xv,
2942 2318 3019 2389 3).
3070 2322 3387 2391 Postquam
3412 2338 3546 2378 vero

1888 2403 1939 2456 ei
1974 2402 2255 2458 Dominus
2304 2402 2447 2457 dixit
2501 2420 2513 2458 :
2562 2405 2681 2458 Non
2732 2406 2843 2459 erit
2885 2407 2994 2461 iste
3041 2407 3217 2464 hmres
3262 2414 3411 2478 tuus,
3457 2410 3549 2467 sed

1886 2492 2038 2561 ﬁlius
2066 2497 2197 2546 tuus
2222 2493 2318 2561 qui
2346 2492 2658 2561 egredietur
2686 2493 2753 2547 de
2781 2496 2935 2549 utero
2978 2502 3088 2557 tuo.
3124 2496 3212 2551 hic
3239 2499 3345 2552 erit
3372 2497 3551 2555 haeres

1885 2583 2036 2647 tuus,
2074 2598 2185 2634 non
2222 2579 2527 2648 haesitavit,
2561 2582 2662 2636 sed
2696 2581 3037 2639 firmissime
3066 2586 3258 2640 tenuit
3287 2590 3370 2657 ut,
3391 2588 3548 2658 quod

1887 2670 1938 2726 ei
1969 2674 2181 2726 natura
2210 2670 2598 2739 subtraxerat,
2635 2669 2829 2725 divino
2877 2672 3159 2729 beneﬁcio
3209 2680 3409 2746 posset
3448 2692 3546 2731 ex-

1886 2758 2052 2831 pleri.
2103 2758 2169 2812 Et
2217 2757 2327 2813 hoc
2376 2762 2467 2812 est
2515 2758 2671 2829 quod
2718 2759 3031 2830 sequitur:
3074 2760 3176 2816 Sed
3206 2765 3548 2833 confortatus

1886 2858 1964 2904 est
2004 2846 2109 2917 ﬁde
2157 2846 2294 2902 dans
2339 2848 2578 2918 gloriam
2634 2849 2762 2918 Deo,
2825 2848 3143 2919 plenissime
3188 2852 3362 2907 sciens
3418 2856 3550 2923 quia

1885 2952 2221 3009 quacunque
2264 2936 2526 3007 promisit
2572 2944 2761 3006 potens
2809 2942 2890 2992 est
2940 2942 2993 2992 et
3035 2940 3234 3010 facere.
3286 2938 3395 2995 Ubi
3446 2958 3548 2997 no-

1884 3025 2132 3080 tandum
2166 3024 2305 3095 quia
2335 3040 2450 3079 non
2483 3024 2564 3079 ait
2596 3040 2608 3078 :
2643 3041 3009 3095 quaecunque
3039 3027 3547 3100 prescivit,potens

1886 3111 2245 3185 promittere,
2291 3117 2394 3166 aut
2443 3129 2809 3183 quaecunque
2858 3113 3148 3185 promisit,
3200 3120 3406 3187 potens
3457 3121 3548 3173 est

1890 3200 2179 3272 praescire,
2230 3200 2354 3269 sed,
2403 3215 2531 3269 quae
2580 3201 2873 3271 promisit,
2934 3207 3141 3273 potens
3192 3212 3282 3260 est
3334 3205 3543 3277 facere,

1888 3294 1954 3344 ut
1983 3287 2315 3344 ostenderet
2347 3287 2485 3359 quia
2528 3288 2650 3359 ipse
2697 3288 2835 3344 facit
2864 3306 3236 3360 perseverare
3281 3291 3343 3348 in
3392 3294 3544 3351 bono

1889 3377 1990 3448 qui
2039 3376 2177 3430 facit
2223 3391 2353 3431 esse
2400 3376 2605 3430 bonos.
2656 3377 2745 3440 Et,
2796 3378 2937 3448 quia
2984 3379 3324 3436 ﬁrmissime
3360 3382 3546 3438 credit

1891 3465 1950 3518 in
1979 3480 2066 3529 eo,
2098 3465 2415 3532 reputatum
2466 3467 2549 3517 est
2594 3464 2689 3519 illi
2737 3464 2808 3519 ad
2846 3466 3168 3535 justitiam;
3200 3468 3257 3522 id
3290 3474 3401 3536 est,
3436 3452 3550 3525 fide

1882 3550 2248 3623 justiﬁcatus
2294 3556 2403 3606 est.
2461 3552 2578 3606 Non
2631 3560 2711 3607 est
2767 3561 2951 3608 autem
3010 3556 3281 3626 scriptum
3325 3566 3553 3628 propter

1896 3644 2075 3711 ipsum
2121 3647 2353 3706 tantum,
2410 3641 2541 3710 quia
2583 3644 2895 3712 reputalum
2921 3650 3000 3698 est
3025 3644 3133 3698 illi.
3167 3642 3413 3699 Pulchre
3445 3644 3555 3701 hoc

1893 3728 2060 3795 dicit,
2092 3728 2231 3800 quia
2264 3727 2452 3783 multa
2484 3728 2723 3784 fuerunt
2754 3747 3042 3786 annorum
3067 3732 3362 3788 curricula
3391 3734 3463 3789 ab
3487 3749 3555 3790 eo

1894 3824 2177 3888 tempore,
2238 3834 2355 3889 quo
2404 3817 2653 3873 Abrahae
2702 3817 2822 3873 haec
2872 3819 3188 3890 promissio
3246 3821 3400 3878 facta
3447 3826 3557 3891 est,

1898 3922 2087 3978 usque
2137 3907 2209 3960 ad
2256 3905 2315 3961 id
2350 3922 2467 3978 quo
2516 3906 2735 3979 scripta
2782 3912 2873 3963 est
2923 3907 3044 3978 lex;
3088 3908 3337 3981 ideoque
3385 3911 3560 3968 Abra-

1898 3995 2037 4050 ham
2094 3992 2205 4049 hoc
2261 3993 2453 4066 legere
2511 4009 2626 4049 non
2689 3994 2895 4064 potuit.
2957 3996 3045 4063 Et,
3109 4001 3175 4051 ut
3230 3999 3564 4056 ostenderet

1901 4087 2137 4155 propter
2187 4098 2338 4153 quos
2394 4080 2758 4153 scripta'sit,
2809 4083 3025 4155 adjecit
3056 4102 3069 4141 :
3104 4083 3207 4140 Sed
3236 4086 3385 4158 (188)
3433 4103 3563 4158 pro-

1901 4180 2025 4243 pter
2073 4187 2193 4239 nos,
2242 4170 2443 4243 quibus
2499 4170 2851 4241 reputabitur
2903 4172 3243 4229 credentibus
3302 4175 3360 4229 in
3417 4191 3565 4242 eum,

1906 4278 2021 4330 quo
2055 4260 2210 4316 dicto
2241 4264 2447 4315 omnes
2478 4260 2782 4316 credentes
2832 4261 3300 4335 comprehendit,
3333 4268 3570 4337 propter

1906 4366 2055 4421 quos
2104 4349 2392 4419 scriptum
2442 4353 2551 4419 est,
2602 4352 2668 4403 ut
2714 4348 2960 4420 legendo
3010 4352 3272 4418 credant,
3308 4356 3366 4406 et
3396 4368 3569 4423 repu-

1907 4442 2066 4493 tetur
2094 4436 2178 4493 eis
2210 4438 2356 4492 ﬁdes
2384 4436 2456 4490 ad
2481 4434 2797 4505 justitiam.
2830 4436 2896 4490 In
2945 4452 3012 4491 eo
3057 4453 3191 4493 vero
3221 4438 3378 4507 quod
3425 4438 3566 4494 sub-

131 4537 210 4587 est
238 4539 305 4589 ut
336 4533 538 4589 tilium
570 4534 799 4601 pareret
829 4529 887 4583 in
925 4545 1041 4600 quo
1074 4527 1560 4583 benedicerentur
1594 4541 1800 4582 omnes
1843 4599 1867 4601 _
1912 4525 2093 4591 ditur,
2127 4524 2224 4595 qui
2250 4523 2533 4578 suscitavit
2578 4523 2876 4577 Dominum
2915 4527 3163 4578 nostrum
3189 4524 3373 4580 Jesum
3406 4526 3573 4581 Chri-

134 4626 346 4690 gentes.
386 4621 461 4676 Et
515 4599 625 4674 hoc
676 4623 768 4674 est
817 4599 974 4689 quod
1011 4614 1282 4686 sequitur
1314 4630 1327 4669 :
1363 4614 1427 4670 Ut
1455 4613 1607 4683 fieret
1641 4620 1809 4684 pater
1836 4599 1883 4665 D
1915 4618 2060 4669 stum
2091 4629 2124 4666 a
2152 4612 2408 4677 mortuis,
2438 4624 2750 4680 personam
2788 4610 2972 4666 Patris
3002 4609 3127 4666 vult
3156 4611 3422 4686 intelligi.
3461 4613 3575 4671 Nec

136 4710 434 4766 multarum
484 4709 735 4779 gentium
763 4704 1069 4763 secundum
1113 4703 1255 4774 quod
1304 4703 1516 4757 dictum
1562 4706 1643 4757 est
1683 4703 1736 4756 ei
1786 4718 1805 4756 :

138 4796 218 4852 Sic
252 4802 361 4856 erit
408 4813 603 4854 semen
632 4800 790 4851 tuum
849 4794 1001 4866 (Gen.
1052 4810 1145 4863 xv,
1192 4794 1271 4860 5).
1324 4790 1430 4846 Ubi
1484 4789 1807 4845 notandum

140 4888 267 4958 quia
297 4887 728 4961 compendiose
760 4883 1084 4957 Apostolus
1116 4880 1314 4952 posuit
1344 4880 1499 4952 quod
1550 4878 1610 4934 in
1658 4877 1809 4933 libro

141 4977 374 5033 Genesis
427 4974 727 5032 latissime
774 4972 1060 5043 scriptum
1093 4975 1199 5025 est.
1238 4969 1361 5024 Illic
1392 4968 1550 5024 enim
1598 4967 1811 5038 legitur

145 5066 271 5134 quia
302 5064 514 5121 eduxit
544 5063 832 5119 Dominus
866 5060 1163 5115 Abraham
1197 5059 1372 5125 foras,
1399 5056 1597 5112 dicens
1647 5072 1660 5110 :
1709 5056 1808 5108 Su-

145 5157 279 5223 spice
327 5157 554 5219 ccelum,
587 5156 637 5207 et
676 5167 911 5206 numera
958 5149 1176 5215 stellas,
1215 5149 1265 5201 si
1307 5155 1461 5218 potes
1510 5164 1527 5199 :
1579 5147 1659 5201 sic
1705 5145 1813 5199 erit

149 5256 318 5300 semen
350 5253 533 5301 tuam.
568 5240 946 5314 Multiplicans
989 5236 1376 5309 multiplicabo
1420 5250 1609 5292 semen
1658 5241 1813 5290 tuum

218 5478 362 5547 (184)
392 5476 591 5533 Verba
621 5474 749 5547 haec
775 5490 889 5547 non
924 5472 984 5528 in
1016 5470 1186 5543 epist.
1227 5448 1313 5547 ad
1364 5465 1666 5547 Ephesios,
1713 5467 1816 5527 sed

157 5541 482 5604 in‘secund.
517 5548 591 5602 ad
624 5544 978 5614 Corinthios,
1002 5541 1117 5613 cf],
1152 5542 1360 5597 versic.
1398 5543 1483 5608 19,
1516 5541 1813 5614 leguntur.

228 5620 371 5691 (185)
406 5618 585 5691 Vulg.
614 5635 783 5689 spem.

228 5683 373 5764 (188)
404 5683 582 5763 Vulg.
616 5683 772 5745 inter
800 5689 988 5752 etiam,
1020 5691 1079 5743 et
1106 5701 1216 5740 non
1248 5683 1423 5741 habet
1453 5684 1566 5741 Dei.

492 5818 757 5881 ΡΑτειοῑ..
803 5813 1122 5885 CXXXIV.

1918 4707 2115 4757 tamen
2148 4698 2311 4754 solus
2354 4698 2525 4753 Pater
2572 4713 2708 4753 eum
2757 4699 3085 4765 suscitavit,
3135 4701 3237 4756 sed
3289 4706 3345 4757 et
3392 4702 3574 4760 Filius

1918 4794 1976 4845 et
2024 4787 2278 4858 Spiritus
2327 4791 2590 4857 sanctus,
2643 4788 2784 4860 quia
2823 4789 2883 4843 in
2936 4806 3057 4845 una
3100 4806 3349 4862 persona
3397 4791 3577 4848 totius

1918 4877 2226 4933 Trinitatis
2274 4875 2340 4929 fit
2386 4876 2623 4930 mentio.
2675 4875 2960 4932 Similiter
2987 4877 3047 4931 in
3081 4893 3147 4932 eo
3180 4878 3334 4949 quod
3374 4878 3571 4949 sequi-

1918 4972 2016 5022 tur
2047 4983 2059 5021 :
2097 4966 2203 5033 Qui
2230 4964 2468 5020 traditus
2514 4969 2594 5020 est
2637 4972 2863 5035 propter
2884 4965 3112 5037 [delicta
3155 4969 3364 5035 nostra,
3398 4970 3450 5021 et
3475 4982 3568 5023 re-

1920 5056 2165 5111 surrexit
2185 5058 2410 5125 propter
2431 5054 2876 5124 iustiﬁcationem
2901 5062 3163 5121 nostram,
3187 5072 3220 5108 a
3250 5058 3418 5111 Patre
3434 5071 3570 5111 eum

1924 5145 2207 5200 traditum
2241 5142 2819 5199 dicit.Verumtamen
2852 5146 2909 5196 et
2940 5142 3121 5199 Filius
3153 5160 3215 5198 se
3244 5144 3438 5214 ipsum
3460 5149 3574 5200 tra-

1923 5234 2090 5290 didit.
2146 5232 2310 5288 Unde
2355 5231 2511 5287 idem
2558 5231 2875 5303 Apostolus
2908 5247 2921 5287 :
2955 5231 3200 5287 Tradidit
3227 5233 3575 5305 semetipsum

1997 5470 2147 5545 (187)
2177 5468 2418 5545 Autogr.
2453 5462 2630 5545 habet
2658 5465 3234 5545 repromissione,_sed
3268 5464 3582 5545 emendan-

1926 5536 2064 5599 du‘m
2098 5536 2288 5596 visum
2321 5536 2427 5594 est.
2466 5536 2796 5611 Notandum
2818 5544 3011 5595 tamen
3046 5539 3270 5611 aliquot
3296 5536 3586 5611 exempla-

1929 5616 2016 5671 ria
2042 5611 2505 5681 Biblicahabere
2537 5610 2650 5676 hic,
2681 5613 3066 5681 promissione.

2001 5686 2150 5759 (188)
2183 5680 2353 5755 Vulg.
2384 5680 2475 5737 sed
2501 5685 2552 5737 et
2580 5680 2817 5757 propter.

3230 5810 3268 5869 6
