3946 6458
333 404 440 461 171
1348 392 1685 454 ATTONIS
1733 389 2190 451 VERCELLEN
2204 388 2321 449 SIS
2367 388 2720 448 EPISCOPI
3643 382 3785 441 172

320 548 425 603 pro
454 531 607 587 nobis
634 527 983 597 oblationem,
1016 524 1399 580 nihilominus
1448 528 1505 578 et
1552 522 1812 592 Spiritus
1845 537 1975 575 san-
2005 522 2061 587 Α
2093 517 2468 589 delieet,quia
2490 533 2590 588 per
2618 516 2770 571 leves
2791 520 2848 571 et
2874 518 3316 570 momentaneas
3339 511 3787 568 tribulationes

324 602 476 685 etus,
512 616 649 689 quia
680 614 1090 688 inseparabilis
1136 618 1225 668 est
1272 613 1451 667 totius
1499 609 1803 666 Trinitatis
1832 624 1967 679 ope-
2083 606 2501 677 intelliguntse
2522 604 2819 677 pervenire
2836 607 2906 659 ad
2930 603 3144 676 gaudia
3163 602 3289 658 sine
3315 603 3429 657 ﬁne
3446 618 3783 656 mansura.

327 707 496 763 ratio.
542 706 607 761 In
656 721 722 761 eo
772 704 952 777 igitur
997 703 1154 773 quod
1202 719 1262 757 se
1309 704 1514 771 sponte
1568 698 1831 766 tradidit,
1863 698 1970 750 mi-
2090 695 2253 750 Unde
2282 696 2540 750 Jacobus
2571 695 2946 750 dieit:0mne
2974 692 3241 763 gaudium
3272 693 3614 761 existimate,
3643 694 3781 750 fra-

332 796 609 861 sericors;
640 793 701 849 in
731 810 798 849 eo
844 808 977 848 vero
1027 791 1181 862 quod
1234 789 1467 860 propria
1516 788 1729 842 virtute
1782 801 1974 840 surre-

331 883 435 951 xit,
470 881 842 953 omnipotens
873 881 1327 935 demonstratur.
1360 878 1423 931 In
1458 892 1571 947 quo
1615 877 1764 930 facto
1809 873 1979 928 nobis

336 969 572 1041 reliquit
629 968 961 1040 exemplum
1019 966 1304 1021 moriendi
1353 965 1531 1029 vitiis,
1566 968 1623 1019 et
1676 979 1982 1031 resurgen-

337 1060 397 1114 di
451 1058 787 1124 virtutibus,
844 1056 964 1111 sive
1022 1059 1088 1109 ut
1151 1055 1212 1108 in
1290 1054 1584 1125 baptismo
1642 1049 1987 1107 eommoria.

342 1164 477 1205 mur
531 1149 588 1201 et
644 1143 1110 1216 consepeliamur
1165 1142 1236 1209 ei,
1299 1146 1355 1197 et
1415 1141 1474 1196 in
1534 1142 1791 1195 novitate
1855 1138 1984 1191 vitae

341 1251 741 1309 resurgamus.
765 1233 927 1289 Unde
946 1231 1100 1287 idem
1132 1230 1481 1301 Apostolus:
1508 1228 1827 1300 Consepulti
1842 1228 1989 1281 enim

340 1341 533 1380 sumus
558 1339 683 1378 cum
714 1322 814 1376 illo
835 1336 933 1391 per
965 1320 1291 1389 baptismum
1327 1320 1388 1372 in
1416 1327 1668 1383 mortem,
1718 1320 1800 1384 ut,
1850 1318 1992 1369 sicut

341 1412 590 1468 Christus
616 1409 922 1466 resurrexit
949 1425 984 1462 a
1012 1408 1242 1461 mortuis
1270 1422 1367 1477 per
1398 1407 1634 1474 gloriam
1675 1405 1881 1469 Patris,
1911 1405 1992 1456 ita

338 1509 391 1557 et
418 1516 515 1555 nos
543 1501 603 1553 in
632 1499 869 1553 novitate
896 1498 1027 1551 vita:
1050 1495 1394 1549 ambulemus
1421 1495 1593 1563 (Rom.
1643 1510 1715 1558 VI,
1770 1494 1844 1561 4).
1893 1491 1990 1545 Se-

345 1587 595 1660 quitur:
632 1586 777 1656 (189)
816 1584 967 1653 (190)
1016 1583 1168 1653 (CAP.
1222 1583 1312 1653 Υ.)
1363 1582 1659 1650 Justiﬁcati
1712 1582 1883 1652 igitur
1927 1595 1995 1633 ex

344 1676 453 1746 ﬁde
476 1690 668 1748 pacem
698 1673 1013 1727 habeamus.
1047 1671 1191 1735 Quia
1236 1671 1421 1726 Judaei
1473 1669 1877 1742 gloriabantur
1926 1667 1997 1721 de

346 1764 445 1819 Dei
479 1763 596 1819 sive
628 1761 771 1831 legis
802 1760 1034 1827 notitia;
1070 1758 1317 1830 gentiles
1349 1763 1543 1813 autem
1564 1759 1632 1813 de
1664 1774 1811 1811 nova
1832 1760 1888 1810 et
1911 1772 1995 1807 re-

351 1853 504 1907 centi
532 1850 860 1915 vocatione;
895 1853 1130 1919 propter
1154 1848 1305 1919 quod
1332 1851 1387 1901 et
1410 1846 1731 1917 plurimum
1766 1846 1918 1899 inter
1939 1860 2001 1897 se

352 1940 704 1996 dissidentes
735 1940 917 1992 erant.
944 1934 1278 2007 Apostolus,
1304 1939 1368 1988 ut
1400 1934 1733 1988 ostenderet
1756 1950 1854 1987 eos
1877 1947 1999 1985 om-

352 2045 457 2084 nes
488 2042 617 2083 esse
647 2029 997 2099 peccatores,
1030 2024 1303 2093 superius
1330 2024 1409 2076 ait
1438 2040 1449 2076 :
1478 2023 1672 2076 Omnes
1703 2023 1853 2076 enim
1878 2036 2000 2091 pec-

353 2123 612 2172 caverunt
640 2120 692 2168 et
716 2118 872 2181 egent
898 2114 1077 2181 gloria
1110 2114 1231 2167 Dei.
1265 2110 1529 2166 Ostendit
1558 2110 1711 2165 enim
1738 2126 1834 2163 eos
1880 2125 2001 2163 om-

352 2221 456 2261 nes
489 2202 814 2259 declinasse
845 2207 902 2256 et
932 2200 1170 2255 inutiles
1204 2201 1405 2265 factos,
1467 2217 1571 2253 nec
1617 2215 1744 2253 esse
1790 2198 1886 2267 qui
1922 2197 2002 2251 la-

354 2297 507 2350 ceret
538 2294 973 2359 bonum,usque
1004 2289 1074 2343 ad
1108 2288 1447 2343 unum.llac
1479 2287 1654 2357 igitur
1686 2286 2004 2339 intentione

353 2382 702 2448 ﬁnita,nunc
733 2379 1007 2433 admonet
1038 2394 1137 2432 eos
1167 2377 1305 2447 quid
1328 2393 1499 2447 agere
1529 2374 2003 2441 dcbeant,borta-

356 2475 569 2541 turque
615 2483 815 2523 secum
867 2481 1069 2537 pacem
1118 2464 1354 2531 habere,
1404 2465 1604 2519 dicens
1652 2489 1665 2518 :
1712 2462 2009 2530 Iusti/irati

359 2560 535 2629 igitur
580 2571 649 2611 ea:
694 2555 802 2625 ﬁde
846 2570 1035 2624 pacem
1078 2553 1391 2616 habeamus,
1428 2568 1493 2606 ac
1520 2553 1568 2605 si
1601 2552 1837 2615 diceret,
1870 2549 2009 2622 quia

360 2643 564 2701 nullus
594 2641 838 2712 meritis,
872 2646 974 2696 aut
1000 2640 1147 2712 legis
1177 2639 1546 2695 observantia
1594 2639 1872 2702 salvetur,
1907 2638 2008 2692 sed

360 2748 567 2790 omnes
596 2729 698 2787 Dei
731 2729 919 2803 gratia
949 2728 1153 2784 salvati
1185 2745 1394 2783 sumus
1425 2733 1481 2782 et
1522 2728 1634 2782 ﬁde
1676 2726 2006 2797 justiﬁcati,

361 2838 479 2877 non
513 2821 639 2891 jam
667 2818 1020 2875 dissidentes
1052 2833 1177 2872 esse
1209 2817 1510 2885 debemus,
1546 2816 1645 2871 sed
1677 2830 1876 2886 pacem
1905 2814 2008 2867 ha-

361 2906 877 2978 beamus.Et,quia
905 2909 994 2961 est
1023 2922 1133 2975 pax
1162 2904 1475 2974 malorum,
1508 2904 1637 2958 ideo
1669 2902 1881 2972 adjecit
1906 2920 1918 2957 :
1943 2901 2012 2956 ad

367 3003 564 3063 Deum,
614 2996 721 3051 boe
769 2999 879 3062 est,
931 2995 1255 3048 secundum
1312 2995 1513 3048 Deum.
1577 2992 1737 3047 Unde
1777 2991 1903 3062 ipse
1951 2990 2012 3044 in

364 3085 669 3157 Evangelio
701 3083 843 3139 dicit
875 3098 888 3139 :
919 3087 1062 3149 Non,
1095 3083 1314 3154 qualem
1361 3081 1598 3135 mundus
1647 3081 1766 3150 dat,
1807 3095 1899 3151 ego
1947 3077 2013 3133 do

360 3175 509 3231 vobis
540 3174 713 3245 (Joan.
748 3189 861 3239 xw,
892 3171 1004 3241 27).
1038 3172 1143 3226 Per
1192 3172 1482 3226 Dominum
1525 3174 1779 3223 nostrum
1827 3170 2014 3224 Iesum

2084 788 2212 847 tres,
2244 800 2373 838 cum
2405 786 2464 837 in
2495 792 2581 837 ten
2594 785 2829 837 lationes
2868 783 3053 836 varias
3097 780 3404 835 incideritis
3434 780 3551 850 (Jac
3587 796 3649 847 .1,
3686 780 3779 847 2).

2092 873 2158 927 Et
2189 875 2327 927 item
2365 891 2377 927 :
2414 875 2614 927 Beatus
2662 874 2749 925 vir
2795 872 2896 943 qui
2941 872 3134 940 suffert
3182 871 3539 924 tentationem
3572 867 3781 939 (1ὺίίί.,

2096 964 2209 1029 12),
2241 967 2297 1015 et
2329 960 2575 1031 reliqua.
2609 960 2949 1015 Glorientur
2979 964 3037 1013 et
3065 957 3252 1013 sancti
3286 957 3346 1011 in
3378 955 3780 1011 interioribus

2093 1048 2744 1119 tribulationibus,quia
2773 1048 3066 1102 luxuriam
3100 1047 3415 1113 refrenant,
3451 1045 3783 1100 moderan-

2094 1142 2192 1191 tur
2212 1137 2411 1206 gulam
2436 1143 2494 1191 et
2512 1137 2842 1207 reprimunt
2863 1136 3054 1190 carnis
3088 1134 3539 1189 illecebras.Cur
3560 1140 3779 1189 autem

2098 1227 2287 1281 sancti
2319 1226 2644 1297 glorientur
2674 1226 2733 1280 in
2766 1224 3271 1290 tribulationibus,
3307 1222 3588 1293 aperitur,
3624 1239 3777 1277 cum

2101 1314 2376 1369 subditur
2396 1330 2408 1369 :
2429 1313 2664 1368 Scientes
2681 1313 2822 1384 quod
2843 1314 3133 1368 tribulatio
3156 1313 3482 1385 patientiam
3496 1320 3784 1383 operatur

2101 1402 2288 1473 (Ibid,
2339 1403 2415 1472 3).
2467 1402 2750 1457 Patientia
2780 1419 2813 1456 a
2841 1402 3096 1472 patiendo
3146 1401 3313 1456 dicta
3358 1404 3467 1468 est,
3527 1398 3645 1466 vel,
3708 1404 3781 1454 ut

2104 1491 2344 1563 quidam
2376 1490 2600 1556 volunt,
2634 1507 2668 1545 a
2698 1490 2977 1561 pavendo;
3008 1496 3262 1562 utraque
3292 1492 3489 1544 autem
3524 1488 3643 1544 sibi
3677 1505 3781 1543 ar-

2106 1579 2255 1634 ridet
2286 1578 2657 1650 etymologia.
2692 1578 2890 1634 Sancti
2921 1579 3102 1645 enim,
3134 1593 3269 1633 cum
3302 1579 3632 1649 patiuntur,
3668 1592 3777 1647 pa-

2104 1673 2242 1723 vent
2267 1668 2534 1738 quidem;
2570 1669 2669 1722 sed
2694 1667 2980 1738 patienter
3000 1667 3561 1722 tolerant.Patientia
3584 1673 3780 1720 autem

2106 1757 2501 1828 probationem.
2522 1756 2793 1811 Probatio
2823 1759 2913 1810 est
2941 1756 3229 1827 perfectus
3260 1759 3316 1810 et
3345 1754 3583 1810 nobiliis
3608 1771 3779 1809 men-

2110 1846 2187 1900 tis
2218 1848 2425 1901 status.
2465 1846 2622 1901 Unde
2672 1845 2890 1916 probus
2921 1848 3075 1899 recte
3105 1844 3325 1899 dicitur
3352 1842 3454 1916 qui
3508 1847 3777 1916 coeptam

2110 1935 2280 1989 bonis
2312 1934 2502 2004 operis
2552 1933 2840 1988 actionem
2891 1934 3067 2004 probe
3116 1934 3383 2005 perducit
3414 1932 3484 1988 ad
3519 1932 3776 1988 calcem.

2112 2022 2369 2077 Probatio
2417 2038 2539 2077 vero
2580 2038 2748 2092 spem.
2794 2025 2935 2092 Spes
2985 2026 3071 2076 est
3119 2020 3477 2076 desiderium
3535 2020 3779 2075 futuro-

2113 2128 2244 2165 rum
2278 2111 2586 2165 bonorum.
2626 2111 2786 2165 Unde
2815 2116 2871 2164 et
2901 2126 3035 2181 spes
3067 2109 3302 2175 dicitur,
3327 2108 3498 2180 quasi
3532 2115 3778 2180 estpes;

2115 2200 2266 2254 sicut
2296 2200 2447 2253 enim
2482 2199 2693 2270 aliquis
2716 2200 2786 2253 ad
2811 2203 3032 2253 certum
3057 2198 3251 2253 locum
3278 2198 3531 2269 pedibus
3552 2197 3773 2263 tendit,

2113 2288 2195 2343 ita
2225 2292 2280 2342 et
2310 2288 2495 2341 sancti
2520 2288 2642 2357 spei
2667 2287 2875 2341 virtute
2898 2287 2969 2341 ad
2992 2287 3207 2357 gaudia
3235 2288 3594 2357 sempiterna
3616 2286 3781 2341 festi-

2115 2380 2275 2431 nant.
2311 2376 2473 2431 Unde
2506 2376 2796 2430 contrario
2830 2376 2888 2428 in
2923 2375 3095 2429 malis
3128 2376 3345 2429 dicitur
3387 2374 3727 2447 desperatio
3761 2392 3775 2441 ;

2116 2465 2215 2534 qui
2247 2464 2403 2519 enim
2436 2465 2727 2534 desperat,
2762 2463 2937 2518 eundi
2970 2464 3328 2518 voluntatem
3360 2480 3477 2519 non
3527 2463 3713 2519 habet
3760 2480 3775 2518 :

2117 2554 2246 2623 Spes
2296 2561 2477 2607 autem
2530 2569 2640 2607 non
2685 2552 2995 2623 confundit,
3046 2552 3186 2623 quia
3233 2568 3349 2606 non
3401 2551 3596 2619 timet;
3659 2567 3777 2605 non

2118 2640 2275 2696 enim
2307 2641 2578 2696 timorem
2630 2640 2859 2708 incutit,
2911 2640 3010 2695 sed
3063 2640 3258 2712 potius
3306 2639 3554 2711 repellit.
3614 2638 3782 2695 Unde

2118 2733 2374 2785 Joannes
2426 2747 2439 2784 :
2499 2731 2744 2799 Perfecta
2790 2730 3035 2784 charitas
3088 2736 3241 2800 foras
3294 2729 3466 2784 mittit
3520 2730 3785 2784 timorem

2122 2818 2397 2887 (Joan.1v,
2425 2816 2533 2886 18).
2568 2816 2681 2871 Cur
2712 2821 2906 2871 autem
2957 2834 3073 2871 non
3117 2817 3456 2881 confundat,
3490 2817 3781 2889 aperitur,

2121 2920 2255 2959 cum
2284 2904 2588 2970 subditur;
2622 2907 2754 2975 quia
2781 2906 3025 2960 Charitas
3055 2907 3159 2961 Dei
3186 2905 3391 2977 diﬁusa
3420 2914 3498 2960 est
3540 2908 3602 2960 in
3651 2920 3778 2961 cor-

2121 2993 2280 3047 dibus
2308 2992 2822 3049 nostris.Dill‘usam
2850 2992 3195 3049 charitatem
3225 2994 3355 3049 ideo
3385 2994 3621 3061 dieit,ut
3644 2996 3780 3066 ejus

2122 3080 2492 3137 latitudinem
2516 3080 3031 3138 insinuaret.Unde
3052 3082 3386 3138 Psalmista:
3408 3084 3601 3138 Latum
3617 3100 3783 3138 utan-

2122 3170 2312 3224 dat-um
2344 3174 2499 3224 tuum
2531 3172 2703 3225 nimis
2735 3170 3236 3241 (Psal.cxvm,96).
3268 3170 3491 3227 Ditfusa
3522 3188 3791 3243 namque

366 3244 662 3332 Christum,
690 3277 790 3331 per
821 3275 978 3330 quem
1006 3263 1057 3314 et
1084 3275 1357 3314 accessum
1388 3258 1644 3313 habemus
1676 3259 1823 3328 (191)
1865 3256 2011 3327 ﬁdei.
2046 3244 2089 3310 C
2128 3262 2217 3313 est
2245 3258 2525 3324 Charitas,
2550 3260 2689 3329 quia
2719 3276 2835 3314 non
2867 3258 3059 3314 solum
3090 3260 3297 3327 Deum,
3323 3261 3423 3316 sed
3455 3261 3630 3316 etiam
3656 3277 3791 3331 pro-

364 3348 615 3406 Pulchre
645 3348 785 3404 dicit
814 3350 1140 3415 accessum,
1169 3346 1471 3418 quoniam,
1495 3347 1646 3401 sicut
1676 3343 1890 3415 aliquis
1925 3360 2023 3414 per

375 3436 593 3493 ostium
625 3436 804 3491 intrat
834 3435 891 3490 in
925 3436 1165 3489 domum
1196 3434 1283 3490 vel
1310 3435 1369 3489 in
1398 3433 1814 3501 ecelesiam,ita
1838 3437 1893 3487 et
1924 3448 2025 3503 per

380 3526 699 3595 Christum,
731 3522 1097 3596 unigenitum
1122 3524 1219 3578 Dei
1253 3523 1715 3588 Filium,aditum
1736 3522 2027 3578 habemus

378 3614 646 3671 veniendi
678 3614 748 3669 ad
781 3616 1031 3667 Patrem.
1067 3612 1227 3667 Unde
1254 3612 1377 3680 ipse
1407 3611 1466 3666 in
1498 3609 1804 3681 Evangelio
1837 3610 1977 3664 dicit
2010 3626 2023 3663 :

380 3706 549 3760 Nemo
594 3704 743 3758 venit
773 3703 844 3756 ad
870 3702 1112 3769 Patrem,
1164 3700 1274 3754 nisi
1316 3715 1414 3769 per
1460 3715 1547 3753 me
1592 3700 1920 3769 (Joan.x1v,
1950 3697 2027 3768 6).

385 3793 455 3848 Et
500 3791 639 3846 item
675 3807 689 3845 :
722 3792 833 3858 Ego
878 3804 1001 3843 sum
1042 3789 1245 3842 ostium
1291 3788 1467 3858 (Joan.
1500 3804 1555 3856 x,
1586 3788 1663 3856 9),
1691 3792 1747 3841 et
1786 3786 2029 3857 reliqua.

386 3881 510 3945 Quo
542 3882 738 3934 autem
766 3877 1090 3931 habeamus
1120 3892 1421 3931 accessum
1452 3875 1867 3945 aperitur,cum
1891 3877 2029 3931 sub-

387 3968 547 4024 ditur
580 3984 591 4022 :
626 3968 687 4021 In
716 3967 962 4034 gratiam
991 3964 1439 4019 istam.Gratiam
1469 3968 1634 4019 vocat
1657 3964 2031 4036 adoptionem

385 4055 661 4124 ﬁliorum,
697 4071 815 4126 qua
844 4053 1065 4123 ﬁdeles,
1096 4052 1306 4108 laxatis
1338 4054 1606 4123 peccatis,
1639 4054 1893 4124 adoptivi
1924 4052 2031 4107 ﬁlii

382 4144 483 4200 Dei
514 4144 865 4199 efﬁciuntur.
899 4145 960 4198 In
989 4160 1096 4215 qua
1124 4146 1331 4197 stamus
1378 4143 1539 4209 dicit,
1594 4147 1657 4196 ut
1702 4142 2033 4196 ostenderet

381 4231 520 4304 quia
564 4231 725 4301 prius
773 4231 831 4285 in
882 4246 1038 4285 caeno
1089 4234 1460 4302 peccatorum
1493 4231 1894 4300 jacueramus.
1930 4228 2030 4283 Ille

378 4319 534 4377 enim
565 4319 625 4375 in
656 4334 788 4375 arce
835 4317 968 4373 ﬁdei
1017 4323 1073 4374 et
1124 4322 1409 4373 Virtutum
1460 4319 1672 4384 stabat,
1724 4318 1823 4388 qui
1874 4317 2028 4372 diee-

376 4410 478 4464 bat
508 4424 522 4463 :
564 4409 706 4464 Vivit
738 4409 1031 4476 Dominus,
1064 4408 1125 4462 in
1154 4406 1309 4467 cuius
1338 4410 1621 4476 conspectu
1648 4414 1725 4461 sto
1766 4406 1859 4477 (IV
1901 4406 2025 4476 Reg.

377 4515 433 4565 v,
468 4498 577 4564 16).
1404 4496 1407 4499 ⁷

2131 3345 2355 3401 ximum
2387 3346 2627 3419 diligere
2648 3348 2961 3418 jubemur;
2994 3364 3100 3403 nec
3123 3350 3295 3404 modo
3314 3349 3535 3405 amicos
3555 3349 3615 3405 in
3646 3355 3787 3420 Deo,

2134 3436 2233 3491 sed
2266 3436 2441 3491 etiam
2474 3437 2746 3491 inimicos
2777 3442 3012 3509 propter
3041 3442 3245 3495 Deum.
3276 3439 3487 3506 Sed,ne
3517 3438 3653 3510 quis
3675 3455 3788 3511 pu-

2133 3528 2283 3580 taret
2314 3524 2441 3580 suis
2473 3525 2697 3579 meritis
2730 3530 2831 3580 aut
2862 3524 3007 3596 legis
3036 3526 3404 3582 observantia
3424 3526 3701 3583 diffusam
3725 3528 3788 3582 in

2139 3630 2200 3667 se
2236 3614 2329 3667 Uei
2361 3612 2727 3677 charitatem,
2762 3614 2973 3683 adjecit
3007 3632 3019 3670 :
3051 3631 3150 3686 per
3189 3617 3466 3686 Spiritum
3509 3620 3786 3672 sanctum.

2140 3701 2498 3770 Rursum,ne
2520 3703 2794 3757 eumdem
2818 3703 3100 3774 Spiritum
3121 3709 3391 3760 sanctum
3422 3722 3457 3761 a
3485 3722 3550 3761 se
3569 3705 3791 3762 habere

2140 3794 2465 3861 putaretur,
2498 3791 2805 3860 subjunxit
2838 3810 2851 3847 :
2884 3794 2980 3863 qui
2998 3793 3159 3848 datus
3187 3802 3266 3849 est
3290 3794 3465 3850 nobis.
3491 3793 3589 3850 Ille
3614 3811 3785 3850 nam-

2141 3894 2253 3949 que
2277 3878 2558 3949 Spiritum
2590 3884 2857 3934 sanctum
2882 3880 3223 3937 hominibus
3245 3883 3530 3954 dedit,qui
3551 3884 3793 3956 captivi-

2140 3969 2319 4020 tatem
2354 3972 2612 4021 nostram
2647 3985 2755 4023 sua
2784 3969 2994 4023 virtute
3025 3970 3417 4042 captivavit,et
3446 3971 3608 4026 dedit
3631 3972 3788 4028 dona

2139 4054 2501 4110 hominibus.
2536 4055 2738 4126 Igitur,
2759 4061 2823 4110 ut
2852 4058 3098 4113 nimiam
3130 4059 3245 4114 vim
3275 4058 3604 4116 dilectionis
3628 4064 3788 4116 eten-

2140 4143 2322 4213 deret,
2370 4145 2583 4213 adjecit
2614 4162 2627 4199 :
2662 4145 2811 4217 (192)
2856 4148 2918 4202 Ut
2967 4147 3101 4218 quid
3143 4150 3297 4203 enim
3342 4148 3613 4216 Christus,
3660 4166 3787 4205 cum

2140 4231 2317 4286 adhuc
2347 4231 2563 4299 inﬁrmi
2590 4248 2847 4300 essemus,
2879 4236 3181 4291 secundum
3211 4245 3439 4308 tempus,
3463 4253 3563 4309 pro
3593 4239 3786 4309 impiis

2137 4323 2385 4373 mortuus
2442 4322 2554 4374 est?
2603 4320 3106 4395 (subintelligitur,
3167 4325 3281 4380 nisi
3341 4330 3405 4381 ut
3457 4327 3785 4384 ostenderet

2139 4413 2424 4479 quantum
2448 4408 2715 4483 diligeret
2731 4428 2918 4483 genus
2937 4413 3263 4469 humanum
3280 4414 3327 4484 ?)
3352 4414 3605 4470 Nimiam
3627 4431 3784 4471 nam-

2138 4513 2249 4568 que
2272 4497 2701 4567 charitatem,et
2730 4501 3304 4558 abundantissimam
3336 4502 3614 4574 pietatem
3636 4507 3783 4560 Deus

448 4586 511 4639 Et
538 4585 847 4655 gloriamur
868 4587 923 4638 in
943 4600 1032 4655 spe
1051 4585 1240 4653 gloriw
1270 4582 1521 4654 ﬁliorum
1547 4583 2025 4639 Dei.Notandum.
2058 4608 2105 4673 Β
2136 4584 2303 4641 Pater
2332 4602 2470 4658 erga
2500 4604 2685 4659 genus
2716 4589 3045 4644 humanum
3077 4590 3354 4661 ostendit,
3389 4606 3525 4647 eum
3573 4608 3674 4663 pro
3715 4607 3781 4648 eo

376 4672 515 4743 quia
543 4689 658 4727 non
691 4672 790 4741 ait,
827 4672 883 4725 in
916 4670 1118 4742 gloria,
1144 4673 1267 4739 sed,
1300 4670 1358 4725 in
1393 4688 1495 4743 spe
1527 4671 1744 4742 gloriae.
1766 4670 2025 4727 Gloriam
2058 4670 2093 4673 ⁷
2136 4673 2346 4729 Filium
2380 4692 2554 4730 suum
2586 4676 2910 4743 tradidit,et
2941 4676 3066 4748 ipse
3097 4677 3439 4744 Filius,cum
3460 4694 3565 4749 pro
3589 4678 3782 4750 impiis

375 4758 591 4831 quippe
620 4759 875 4813 ﬁliorum
905 4758 1006 4812 Dei
1038 4775 1195 4811 nunc
1227 4759 1468 4829 quidem
1501 4760 1808 4826 habemus,
1831 4761 1932 4816 sed
1968 4760 2024 4817 in

372 4864 678 4919 spe,quam
712 4852 905 4902 tamen
939 4846 1289 4916 quandoque
1322 4846 1667 4903 habebimus
1692 4849 1748 4902 in
1776 4849 2025 4904 re.Unde

370 4937 524 4992 idem
555 4936 865 5007 Apostolus
900 4934 1039 4990 alibi
1074 4949 1087 4989 :
1122 4936 1228 4988 Per
1256 4934 1419 5002 ﬁdem
1443 4938 1815 5004 ambulamus,
1840 4943 2025 4993 etnon

368 5041 472 5094 per
520 5028 749 5096 speciem
782 5026 854 5096 (II
880 5028 1002 5079 Cor.
1036 5040 1090 5093 v,
1121 5023 1198 5093 7).
1235 5022 1303 5075 Et
1332 5021 1586 5076 Joannes
1627 5041 1638 5077 :
1676 5024 2019 5097 Charissimi,

367 5128 516 5167 nunc
544 5114 651 5183 ﬁlii
674 5116 775 5168 Dei
801 5130 1006 5182 sumus,
1049 5115 1099 5167 et
1139 5109 1383 5164 nondum
1432 5113 1690 5180 apparuit
1733 5113 1863 5183 quid
1908 5118 2019 5171 eri-

368 5215 489 5253 mus
518 5200 566 5271 (Ι
589 5202 744 5256 Joan.
777 5218 861 5268 in,
892 5202 968 5273 2).

437 5288 557 5342 Non
580 5291 756 5343 solum
813 5297 992 5344 autem
1036 5286 1541 5357 (subintelligitur,
1592 5287 1916 5357 gloriamur
1958 5290 2017 5345 in

366 5389 467 5440 spe
482 5371 676 5444 gloriae
698 5374 949 5428 ﬁliorum
973 5373 1193 5441 Dei)sed
1214 5382 1264 5427 et
1283 5374 1591 5442 gloriamur
1613 5377 1671 5428 in
1692 5376 2017 5433 tribulatio-

362 5461 549 5515 nibus.
572 5463 686 5515 Cur
713 5460 899 5517 sancti
931 5461 989 5515 in
1020 5460 1498 5519 tribulationibus
1524 5464 1891 5536 gloriantur?
1915 5466 2015 5520 Vi-

433 5599 778 5673 (189)3’u1s-
810 5617 935 5672 cap-
968 5599 1038 5653 V-

432 5670 581 5751 (190)
614 5670 677 5730 In
710 5670 935 5744 autog'r.
972 5686 1155 5745 marg.
1180 5687 1230 5728 ο.
1267 5671 1335 5728 XI

2138 4762 2284 4815 mori
2315 4762 2516 4817 voluit.
2549 4768 2692 4819 Cum
2726 4765 2881 4819 enim
2915 4766 3116 4820 subdit
3146 4765 3455 4837 Apostolus
3490 4784 3503 4823 :
3544 4768 3644 4822 Vix
3686 4783 3780 4840 pro

2126 4852 2275 4922 justo
2308 4854 2427 4921 quis
2457 4854 2724 4913 moritur;
2772 4869 2903 4908 nam
2931 4870 3032 4922 pro
3066 4854 3199 4910 bono
3226 4856 3464 4923 forsitan
3513 4856 3633 4925 quis
3677 4872 3779 4911 au-

2133 4941 2256 4994 deat
2305 4942 2482 5001 mori;
2532 4946 2590 4995 et
2637 4941 2907 4996 Christus
2960 4959 3063 5013 pro
3115 4942 3313 5014 impiis
3365 4948 3637 4999 mortuus
3672 4949 3781 5016 est,

2132 5029 2537 5084 incredibilem
2567 5035 2623 5083 et
2652 5031 2978 5085 inauditam
3012 5031 3357 5087 charitatem
3388 5033 3776 5090 ostendit.Sed

2131 5116 2434 5170 sciendum
2471 5116 2612 5187 quia
2635 5118 2790 5186 quod
2821 5118 2963 5174 dicit
2982 5120 3213 5189 justum
3245 5124 3301 5174 et
3325 5120 3689 5187 bonum,non
3709 5123 3779 5179 ad

2131 5204 2391 5274 aliquam
2424 5220 2733 5275 personam
2766 5207 3136 5262 referendum
3185 5213 3294 5273 est,
3340 5207 3496 5265 sicut
3544 5210 3775 5281 quidam

2127 5292 2379 5346 hmretici
2409 5291 2742 5361 voluerunt,
2796 5295 2895 5365 qui
2950 5296 3172 5351 bonum
3222 5295 3434 5351 Filium
3468 5299 3771 5369 etjustum

2129 5382 2350 5435 Patrem
2384 5380 2814 5448 intellexerunt,
2843 5384 2967 5451 sed,
3002 5389 3065 5438 ut
3095 5385 3235 5439 dicit
3263 5385 3473 5441 beatus
3505 5385 3772 5461 Hierony-

2129 5485 2279 5538 mus,
2314 5469 2384 5523 ad
2417 5467 2677 5539 aliquam
2711 5487 2831 5525 rem
2855 5474 3083 5541 justam
3117 5472 3206 5529 vel
3242 5475 3476 5530 bonam.
3522 5474 3772 5537 Fuerunt

2194 5608 2341 5753 E135)

2194 5608 2341 5753 (191)
2371 5608 2541 5679 Vulg.
2566 5626 2667 5681 per
2692 5611 2879 5683 ﬁdem.

2192 5679 2317 5759 (192
2371 5680 2433 5737 In
2464 5684 2661 5755 autog.
2696 5699 2879 5757 marg.

2371 5680 2433 5737 In
2464 5680 2661 5755 autOg.
2692 5680 2883 5757 marg.
2921 5702 2934 5744 :
2970 5701 3019 5744 ο.
3048 5685 3167 5748 XII.
