3946 6408
228 428 338 487 173

831 426 1248 487 EXPOSITIO
1294 428 1371 486 ΙΝ
1421 427 1847 490 EPISTULAS
1896 431 2150 491 PAULI.
2189 466 2265 477 --
2298 435 2373 494 ΙΝ
2420 436 2671 498 EPIST.
2716 441 2819 500 AD
2867 442 3058 502 ROM.

3532 448 3648 506 174

226 557 376 648 enim
404 555 947 648 nonnulli,quiper
967 557 1200 629 justum
1231 558 1644 615 intellexerunt
1663 560 1885 616 Veteris
1916 564 1968 629 Α
1999 563 2264 627 dilectos,
2315 582 2447 621 cum
2500 568 2788 641 Propheta
2834 571 2991 627 dicat
3022 590 3035 629 :
3070 574 3248 629 Odisti
3294 591 3499 642 omnes,
3548 579 3647 648 qui

221 646 585 703 Testamenei
636 646 967 717 justitiam;
1018 664 1121 719 per
1168 648 1385 703 bonum
1438 666 1568 704 vero
1628 651 1877 721 gratiam
1989 660 2285 721 operantur
2329 659 2680 727 iniquitatem
2710 660 2886 731 (Psal.
2918 678 2972 730 v,
3003 663 3107 731 7):
3144 664 3190 717 si
3232 664 3389 718 enim
3439 646 3640 734 pecca-

220 735 447 808 Novi,ut
477 737 561 792 sit
580 752 793 792 sensus
828 754 841 792 :
874 736 970 791 vix
996 738 1279 807 projusto
1303 738 1437 809 quis
1464 739 1879 810 moritur,quia
1986 745 2139 797 tores
2163 746 2798 819 eramus,iniquitatem
2817 752 3227 821 operabamur;
3250 754 3639 823 quomodoer-

216 842 485 896 perrarus
517 824 796 880 inventus
825 830 914 881 est
942 825 1045 897 qui
1078 842 1182 897 pro
1215 826 1443 897 iustitia
1478 827 1707 883 Veteris
1761 829 1875 883 Te-

214 914 484 971 stamenti
520 915 671 969 mori
701 914 988 980 voluerit;
1023 931 1127 986 pro
1179 915 1328 970 bono
1382 922 1577 971 autem
1630 916 1872 972 forsitan

211 1002 337 1075 quis
367 1003 586 1059 audeat
618 1003 765 1058 mori
800 1001 1120 1072 dicit,quia
1150 1002 1380 1058 facilius
1413 1003 1659 1059 inveniri
1682 1004 1872 1076 potuit

210 1093 302 1163 qui
333 1108 437 1164 pro
470 1091 665 1164 gratia
690 1089 988 1164 Evangelii
1022 1108 1083 1145 se
1113 1093 1288 1147 morti
1313 1092 1869 1164 tradiderit.(193)Et

209 1181 529 1237 notandum
553 1180 858 1252 quia,cum
889 1179 982 1234 vix
1011 1179 1227 1251 aliquis
1253 1182 1535 1252 projusto
1559 1182 1864 1253 moriatur,

206 1286 303 1342 pro
327 1271 484 1326 bono
508 1273 708 1324 autem
744 1267 879 1341 quis
910 1268 1124 1324 audeat
1156 1269 1326 1339 mori,
1359 1269 1646 1326 Dominus
1667 1274 1863 1326 autem

206 1375 312 1415 non
344 1358 543 1415 solum
577 1373 682 1431 pro
710 1357 933 1430 impiis,
967 1358 1067 1413 sed
1097 1358 1272 1414 etiam
1298 1374 1558 1430 congruo
1600 1363 1862 1431 tempore

209 1448 352 1503 mori
378 1447 592 1504 voluit.
637 1448 704 1502 Et
732 1447 843 1503 hoc
890 1451 977 1503 est
1008 1448 1175 1519 quod'
1208 1446 1522 1518 Apostolus
1551 1448 1697 1503 dicit
1728 1465 1741 1504 :
1774 1464 1858 1503 se—

200 1538 432 1594 cundum
463 1546 700 1608 tempus,
749 1536 809 1592 id
853 1540 963 1600 est,
1020 1537 1345 1592 secundum
1398 1537 1681 1608 temporis
1728 1553 1861 1592 con-

199 1627 551 1700 gruentiam.
585 1626 750 1681 Unde
777 1625 902 1698 ipse
935 1627 1215 1697 pro'pheta
1248 1624 1389 1679 dicit
1421 1643 1433 1680 :
1465 1626 1719 1696 Tempore
1765 1643 1855 1682 ac-

196 1725 339 1788 cepto
384 1716 662 1772 exaudiui
709 1723 778 1783 te,
833 1719 886 1770 et
934 1717 994 1769 in
1036 1715 1126 1770 die
1172 1715 1365 1769 salutis
1414 1714 1605 1785 adjuvi
1644 1720 1697 1769 te
1725 1718 1851 1785 (Isa.

192 1820 337 1876 xux,
366 1806 444 1873 8).
482 1805 647 1872 Quod
687 1819 986 1876 exponens
1032 1802 1348 1875 Apostolus
1379 1804 1460 1857 ait
1489 1819 1503 1858 :
1537 1805 1679 1858 Ecce
1707 1821 1857 1859 nunc

189 1899 391 1967 tempus
420 1894 788 1967 acceptabile;
818 1909 935 1949 ecce
964 1909 1113 1948 nunc
1140 1893 1257 1949 dies
1288 1893 1492 1948 salutis
1522 1893 1596 1964 (ll
1625 1894 1745 1949 Cor.
1768 1910 1843 1964 v1,

188 1985 343 2055 2).Eo
364 1999 629 2055 namque
650 1987 911 2054 tempore
934 1980 1081 2037 mori
1103 1981 1283 2037 voluit
1305 1997 1420 2054 quo
1443 1997 1649 2037 omnes
1672 1982 1853 2037 decli-

189 2071 677 2139 naverunt,simul
696 2070 935 2127 inutiles
950 2071 1084 2126 facti
1104 2088 1169 2126 su
1183 2074 1375 2140 nt,nec
1388 2074 1509 2126 erat
1522 2071 1620 2143 qui
1639 2072 1853 2127 faceret

186 2161 399 2217 bonum
428 2175 621 2233 usque
641 2159 711 2215 ad
735 2176 943 2215 unum.
975 2159 1231 2231 Denique
1255 2159 1563 2214 sciendum
1589 2158 1732 2231 quia
1754 2160 1849 2214 di-

185 2251 361 2307 cendo
374 2248 827 2323 Apostolus,pro
845 2249 998 2305 bono
1020 2249 1264 2305 forsitan
1283 2247 1416 2320 quis
1438 2250 1653 2303 audeat
1676 2248 1845 2319 mori,

188 2341 459 2409 quamvis
486 2340 775 2412 pudenter
803 2354 972 2394 suam
1003 2336 1187 2394 voluit
1234 2336 1479 2409 intelligi
1514 2353 1846 2408 personam,

185 2428 442 2485 ostendit
468 2445 531 2485 se
552 2443 875 2499 omnesque
898 2426 1101 2483 ﬁdeles
1122 2430 1356 2499 paratos
1389 2442 1519 2482 esse
1560 2425 1707 2481 mori
1743 2441 1848 2498 pro

182 2516 438 2573 Christo.

253 2606 538 2679 Sequitur
596 2624 609 2662 :
662 2606 1013 2664 Commendat
1061 2609 1249 2660 autem
1295 2621 1453 2659 suam
1510 2605 1847 2660 charitatem

178 2694 316 2751 Deus
374 2697 437 2751 in
491 2697 667 2751 nobis.
726 2700 902 2751 Suam
963 2694 1315 2750 charitatem
1362 2694 1516 2749 Deus
1566 2694 1624 2748 in
1675 2692 1844 2749 nobis

181 2784 575 2853 commendat,
610 2784 746 2856 quia
779 2784 1039 2839 indebite
1069 2782 1239 2839 nobis
1280 2782 1689 2839 remissionem
1738 2781 1843 2836 tri-

175 2872 293 2928 buit
328 2878 729 2946 peccatorum,
762 2876 819 2928 et
849 2872 988 2945 quia
1020 2871 1232 2928 Filium
1265 2887 1440 2927 suum
1489 2888 1594 2943 pro
1642 2870 1843 2942 impiis

182 2960 374 3017 tradit.
409 2962 559 3018 Cum
589 2962 747 3017 enim
780 2960 897 3028 ille,
931 2960 1033 3032 qui
1085 2977 1201 3015 non
1247 2960 1518 3026 debebat,
1573 2959 1839 3015 debitum

180 3050 382 3106 mortis
412 3049 647 3106 diabolo
698 3049 886 3116 solvit,
939 3054 1004 3104 ut
1052 3065 1182 3115 nos,
1234 3047 1336 3119 qui
1386 3048 1594 3103 debitae
1636 3047 1843 3103 mortis

178 3139 377 3196 merito
413 3140 784 3208 tenebamur,
819 3141 1069 3204 erueret,
1102 3153 1272 3191 suam
1325 3136 1531 3207 utique
1583 3135 1841 3191 charita-

178 3232 286 3283 tem
318 3228 379 3284 in
415 3228 591 3284 nobis
624 3226 1075 3283 commendavit.
1125 3224 1290 3279 Unde
1337 3239 1439 3295 per
1487 3223 1839 3295 PrOphetam

1984 846 2057 903 go
2083 832 2551 905 diligebamur,si
2575 841 2727 894 Deus
2751 844 3059 911 operantes
3079 840 3451 912 iniquitatem
3476 843 3638 898 odit?

1981 921 2089 975 Sed
2126 921 2287 977 nulla
2317 929 2406 978 est
2435 927 2836 994 contrarietas,
2861 928 2911 983 si
2931 927 3241 999 diligenter
3267 929 3632 987 animadver-

1980 1011 2363 1067 tamus.Deus
2393 1013 2548 1069 enim
2580 1017 2832 1071 amando
2864 1017 3007 1085 odit,
3026 1021 3083 1072 et
3110 1017 3359 1073 odiendo
3380 1021 3630 1076 amat.In

1978 1115 2328 1172 unaquaque
2344 1118 2599 1174 namque
2630 1120 2882 1175 persona
2901 1105 3076 1161 habet
3096 1106 3249 1162 Deus
3270 1108 3425 1179 quod
3449 1112 3628 1177 amet,

1977 1193 2035 1242 et
2065 1190 2221 1259 quod
2256 1190 2386 1246 odio
2418 1190 2659 1260 habeat;
2693 1198 2854 1249 amat
2882 1195 3039 1250 enim
3087 1195 3241 1265 quod
3288 1195 3413 1267 ipse
3451 1196 3626 1262 fecit;

1975 1276 2099 1331 odit
2129 1294 2279 1349 quis,
2313 1279 2544 1336 diabolo
2576 1288 2946 1354 suggerente,
2979 1282 3104 1355 ipse
3137 1283 3311 1339 homo
3352 1284 3489 1340 fecit
3520 1301 3534 1341 :
3567 1285 3629 1341 in

1974 1366 2225 1437 singulis
2257 1367 2413 1422 enim
2447 1370 2854 1439 peccatoribus
2884 1375 3043 1425 amat
3064 1371 3438 1429 miseratione
3456 1373 3630 1430 bene—

1971 1453 2258 1525 ﬁcium,et
2285 1456 2662 1513 damnatione
2682 1457 3284 1527 judicium.Praaterea
3304 1463 3627 1518 notandum

1971 1543 2112 1614 quia
2141 1543 2224 1599 sic
2254 1544 2528 1600 videntur
2556 1546 2681 1602 haec
2704 1546 2881 1602 verba
2910 1562 3211 1617 sonare,ac
3232 1548 3281 1602 si
3317 1554 3496 1606 Deum
3516 1553 3625 1606 Pa-

1967 1633 2116 1686 trem
2150 1632 2503 1688 haberemus
2534 1633 2771 1705 iratum,
2821 1638 2877 1690 et
2928 1635 3138 1690 Filium
3179 1642 3476 1707 pacatum.
3511 1639 3625 1694 Sed

1968 1736 2084 1774 non
2107 1721 2187 1775 ita
2201 1721 2514 1792 Apostolus
2538 1722 2843 1795 sentit,qui
2866 1722 3007 1779 alibi
3027 1724 3169 1779 dicit
3191 1743 3205 1780 :
3227 1728 3458 1796 Propria
3476 1728 3624 1783 Filio

1963 1825 2075 1865 non
2119 1813 2385 1881 pepercit,
2435 1811 2528 1866 sed
2570 1827 2670 1883 pro
2716 1812 2873 1868 nobis
2928 1814 3182 1869 omnibus
3210 1814 3451 1870 tradidit
3496 1832 3624 1871 eum

1963 1898 2137 1969 (Rom.
2172 1916 2294 1969 VIII,
2320 1900 2432 1971 32).
2466 1900 2591 1954 Non
2621 1916 2757 1972 ergo
2790 1906 2940 1957 Deus
2988 1905 3157 1957 Pater
3200 1902 3492 1959 nolentem
3522 1904 3619 1960 Fi-

1964 1987 2111 2043 lium
2142 1988 2411 2054 tradidit,
2460 2005 2566 2044 nec
2610 1988 2735 2061 ipse
2780 1989 2985 2054 Filius,
3038 1989 3271 2046 nolente
3320 1991 3509 2059 Patre,
3554 2008 3620 2049 se

1960 2076 2224 2145 tradidit,
2259 2078 2361 2132 sed
2393 2078 2636 2133 tradidit
2665 2094 2800 2133 eum
2832 2082 3021 2145 Pater,
3055 2083 3111 2134 et
3144 2077 3350 2149 Filius,
3382 2084 3440 2135 et
3486 2097 3617 2137 am-

1960 2165 2170 2220 borum
2194 2165 2448 2236 Spiritus
2480 2169 2740 2221 sanctus.

2036 2252 2183 2307 illud
2216 2258 2411 2308 autem
2444 2254 2767 2308 notandum
2796 2254 2936 2324 quia
2963 2255 3196 2310 eosdem
3228 2255 3372 2311 dicit
3413 2272 3616 2328 pecca-

1958 2344 2135 2410 tores,
2169 2358 2318 2412 quos
2338 2340 2609 2396 inimicos
2632 2341 3367 2413 Dei,etipsosjustiﬁcatos
3388 2343 3448 2399 in
3477 2361 3612 2400 san-

1958 2429 2136 2501 guine
2166 2429 2405 2496 Christi,
2437 2445 2585 2500 quos
2630 2430 3036 2485 reconciliatos
3066 2447 3170 2501 per
3189 2435 3440 2487 mortem
3482 2433 3613 2488 Filii

1958 2520 2107 2590 ejus,
2160 2524 2218 2574 et
2266 2535 2366 2574 eos
2414 2518 2669 2574 salvatos
2700 2519 2772 2573 ab
2805 2517 2894 2573 ira
2925 2534 3029 2589 per
3056 2518 3276 2590 ipsum,
3307 2536 3457 2591 quos
3493 2520 3611 2576 sal-

1954 2608 2178 2663 vandos
2206 2607 2264 2662 in
2286 2608 2404 2663 vita
2424 2606 2708 2680 ipsius.Et
2730 2607 3032 2663 sciendum
3063 2608 3205 2679 quia
3232 2608 3350 2664 duo
3380 2609 3610 2681 praami-

1954 2695 2274 2768 sit,impios
2309 2700 2365 2751 et
2394 2696 2749 2764 infirmos,et
2769 2696 3000 2751 duobus
3021 2695 3362 2753 nominibus
3383 2714 3490 2754 nos
3509 2715 3609 2754 vo-

1953 2785 2126 2853 cavit,
2160 2776 2412 2857 quorum
2444 2784 2692 2841 alterum
2724 2783 3132 2853 mitissimum,
3164 2784 3412 2842 alterum
3460 2791 3611 2843 atro-

1952 2874 2259 2929 cissimum
2308 2878 2419 2930 est.
2472 2874 2615 2930 Leve
2647 2873 2805 2930 enim
2838 2873 3121 2945 quiddam
3151 2878 3242 2929 est
3271 2874 3607 2944 infirmitas,

1952 2965 2051 3019 sed
2083 2962 2446 3019 inﬁrmitatis
2479 2979 2667 3033 genus
2698 2966 2806 3031 est,
2831 2962 2988 3031 quod
3019 2960 3344 3033 impietatis
3372 2962 3610 3020 nomine

1953 3052 2316 3124 designatur,
2350 3051 2628 3123 quoniam
2671 3050 2784 3105 nisi
2832 3053 2989 3105 esset
3020 3065 3276 3119 necesse,
3311 3050 3609 3107 medicum

1952 3155 2067 3195 non
2116 3140 2378 3195 haberet.
2415 3140 2503 3205 Et,
2555 3138 2695 3210 quia
2747 3138 2864 3192 duo
2910 3137 3212 3209 prtemisit,
3245 3137 3463 3195 idcirco
3491 3140 3609 3196 duo

1952 3228 2227 3295 reddidit,
2259 3228 2315 3282 id
2350 3230 2440 3283 est
2468 3230 2800 3298 peccatores
2822 3230 2879 3282 et
2908 3225 3179 3283 inimicos
3209 3227 3338 3295 Dei;
3371 3229 3609 3285 eosdem

176 3316 310 3372 dicit
343 3336 357 3373 :
392 3318 627 3388 Injuste,
663 3330 781 3386 qum
812 3330 923 3370 non
952 3316 1286 3383 rapui,tunc
1312 3312 1839 3383 exsolvebam(Psal.
1873 3299 1916 3365 C
1954 3318 2111 3373 enim
2159 3320 2326 3371 vocat
2373 3314 2610 3386 impios,
2659 3330 2809 3386 quos
2857 3314 3128 3370 inimicos
3158 3314 3283 3384 Dei,
3313 3320 3372 3371 et
3410 3332 3610 3373 revera

179 3422 362 3475 mm,
392 3407 477 3473 5).
512 3406 815 3473 Quoniam,
846 3404 915 3470 si,
959 3417 1085 3456 cum
1131 3399 1313 3455 adhuc
1356 3403 1659 3471 peccatores
1704 3415 1839 3454 esse-

177 3512 312 3562 mus,
349 3492 613 3551 Christus
658 3507 758 3561 pro
804 3490 965 3544 nobis
1012 3492 1262 3544 mortuus
1310 3498 1408 3553 est,
1462 3487 1641 3542 multo
1670 3489 1846 3557 igitur

178 3585 349 3654 magis
372 3580 680 3655 justi/icati
702 3595 850 3634 nunc
879 3580 935 3633 in
966 3579 1239 3648 sanguine
1263 3579 1435 3648 ipsius
1463 3578 1608 3631 salvi
1635 3577 1840 3631 erimus

178 3674 238 3727 ab
281 3675 375 3728 ira
425 3686 537 3744 per
567 3672 767 3741 ipsum.
811 3667 1175 3723 Justificatos
1207 3666 1346 3721 dicit
1394 3684 1427 3720 a
1466 3671 1837 3736 peccatorum

180 3762 419 3818 nexibus
464 3760 767 3814 liberatos.
819 3758 888 3813 Et
938 3756 1180 3829 pulchre
1228 3755 1390 3821 dicit,
1443 3755 1500 3808 in
1551 3754 1839 3825 sanguine

182 3850 390 3921 ipsius;
426 3847 717 3921 quoniam
746 3846 874 3903 sine
906 3848 1034 3917 ejus
1066 3845 1353 3918 sanguine
1386 3843 1548 3899 nulla
1580 3843 1702 3898 ﬁeri
1736 3859 1837 3914 po-

184 3937 684 4011 testjustiticatio.
741 3936 888 3991 Hinc
936 3940 1025 3990 est
1073 3934 1227 4006 quod
1280 3934 1337 3988 in
1387 3933 1578 3988 Veteri
1633 3933 1835 3987 Testa-

185 4034 365 4085 mento
396 4026 568 4083 nulla
597 4024 846 4098 expiatio
893 4023 1067 4079 (lebat
1114 4023 1241 4077 sine
1290 4020 1596 4093 sanguinis
1640 4036 1837 4091 asper-

184 4116 350 4173 sione.
382 4117 469 4173 Ab
502 4115 592 4171 ira
620 4119 818 4170 autem
849 4112 992 4168 dicit
1022 4129 1057 4168 a
1084 4112 1343 4167 vindicta
1390 4115 1618 4166 aeternae
1669 4110 1835 4165 dam-

184 4205 445 4262 nationis.

249 4293 307 4350 Si
333 4295 509 4363 enim,
542 4309 672 4349 cum
700 4292 919 4348 inimici
939 4289 1433 4346 essemus.lnimici
1459 4304 1697 4344 eramus
1721 4288 1838 4344 Deo

188 4387 409 4456 propter
436 4380 726 4454 originale
756 4383 1057 4453 peccatum
1080 4421 1092 4444 ,
1127 4377 1271 4433 illud
1302 4377 1518 4449 quippe
1536 4393 1836 4449 separave-

190 4475 270 4525 rat
294 4488 398 4528 nos
423 4488 458 4527 a
490 4475 631 4525 Deo.
655 4468 757 4524 Sed
787 4467 1137 4523 reconciliati
1155 4481 1341 4520 sumus
1364 4466 1469 4520 Deo
1488 4482 1589 4536 per
1611 4469 1839 4519 mortem

191 4559 309 4615 Filii
322 4559 730 4633 ejus.Dicendo
751 4553 1444 4621 reconciliatos,ostendit
1465 4554 1606 4625 quia
1626 4553 1838 4626 captivi

1951 3402 2172 3459 talibus
2204 3402 2457 3474 peccatis
2479 3402 2660 3457 dediti
2681 3419 2917 3458 eramus
2942 3408 3007 3457 ut
3028 3403 3251 3459 inimici
3279 3404 3375 3460 Dei
3397 3405 3607 3462 merito

1951 3491 2299 3546 diceremur.
2329 3489 2432 3545 Sed
2477 3488 2833 3545 reconciliati
2862 3492 2965 3545 Deo
2993 3492 3139 3546 salvi
3166 3493 3373 3547 erimus
3402 3495 3464 3547 in
3493 3496 3607 3549 vita

1948 3578 2401 3651 ipsius.Pulcbre
2432 3578 2593 3644 dicit,
2618 3578 2676 3633 in
2703 3578 2819 3634 vita
2841 3578 3051 3650 ipsius,
3084 3580 3384 3650 quoniam,
3418 3582 3467 3637 si
3500 3598 3603 3651 pro

1947 3668 2148 3740 impiis
2180 3672 2236 3723 et
2260 3666 2514 3723 inimicis
2549 3672 2816 3722 mortuus
2845 3671 2955 3736 est,
2988 3667 3175 3723 multo
3208 3668 3397 3741 magis
3418 3670 3600 3726 vitam

1948 3758 2073 3813 suis
2103 3756 2265 3812 dabit
2292 3756 2643 3811 amicis.Non
2662 3758 2844 3810 solum
2869 3759 3059 3811 autem
3089 3756 3597 3830 (subintelligitur,

1947 3846 2089 3902 salvi
2121 3845 2387 3916 erimus),
2410 3844 2501 3899 sed
2521 3848 2571 3899 et
2594 3846 2902 3916 gloriamur
2919 3845 2981 3899 in
3004 3846 3126 3900 Deo.
3160 3845 3406 3901 Pulchre
3436 3848 3602 3916 dicit,

1947 3935 2006 3989 in
2062 3936 2196 4002 Deo,
2252 3934 2392 4005 quia
2440 3933 2727 4005 scriptum
2759 3936 2848 3989 est
2881 3950 2893 3988 :
2925 3934 3032 4002 Qui
3059 3935 3349 4005 gloriatur,
3396 3937 3459 3990 in
3504 3937 3605 3992 Do-

1946 4025 2099 4078 mino
2131 4022 2407 4095 glorietur
2437 4023 2509 4092 (ll
2538 4023 2658 4077 Cor.
2685 4039 2742 4088 χ,
2778 4022 2886 4092 17).
2922 4023 2989 4075 Et
3018 4022 3156 4093 quia
3194 4038 3366 4078 nemo
3415 4028 3606 4094 potest

1946 4112 2183 4183 gloriari
2211 4111 2268 4165 in
2304 4109 2562 4177 Deo,nisi
2594 4127 2696 4182 per
2726 4109 3041 4166 Dominum
3060 4112 3264 4165 Jesum
3283 4109 3602 4178 Christum,

1948 4201 2164 4270 adiecit
2194 4217 2207 4255 :
2242 4202 2348 4255 Per
2377 4201 2668 4255 Dominum
2688 4203 2944 4255 nostrum
2970 4200 3155 4255 Iesum
3179 4198 3475 4271 Christum,
3503 4216 3608 4271 per

1947 4306 2108 4361 quem
2138 4306 2289 4344 nunc
2316 4289 2829 4344 reconciliationem
2872 4290 3198 4359 accepimus.
3248 4288 3606 4345 Reconcilia-

1947 4378 2168 4434 tionem
2199 4377 2342 4433 dicit
2365 4376 2869 4446 justiﬁcationem,
2902 4391 3031 4446 qua:
3062 4376 3216 4430 facta
3244 4380 3335 4429 est
3377 4376 3438 4430 in
3469 4392 3606 4431 san-

1948 4466 2126 4539 guine
2144 4466 2502 4537 ipsius.Nam
2518 4464 2821 4519 sciendum
2841 4462 2978 4533 quia
2990 4461 3243 4532 quadam
3265 4462 3362 4518 Dei
3379 4463 3610 4533 justitia

1948 4554 2232 4611 traditum
2265 4556 2355 4607 est
2391 4550 2623 4606 diabolo
2652 4566 2839 4622 genus
2865 4550 3231 4619 humanum;
3262 4567 3378 4606 non
3410 4556 3609 4608 tamen

194 4647 457 4706 adiabolo
486 4647 859 4705 tenebamur.
892 4644 1003 4699 Sed
1028 4660 1142 4699 non
1166 4644 1247 4697 ita
1274 4641 1720 4713 intelligendum
1752 4645 1842 4697 est
1873 4663 1920 4727 D
1950 4643 2078 4715 ipse
2108 4639 2482 4708 tradidit,sed
2506 4638 2656 4694 tradi
2685 4636 2970 4727 permisit.
2995 4638 3128 4693 Mox
3156 4638 3315 4695 enim
3338 4644 3404 4696 ut
3425 4641 3611 4697 Adam

194 4742 268 4805 ut,
298 4739 447 4794 sicut
477 4736 756 4794 homines
786 4734 951 4808 prius
991 4734 1143 4789 inter
1164 4748 1227 4789 se
1252 4731 1542 4786 dissident
1562 4736 1619 4785 et
1641 4735 1844 4802 postea

196 4827 671 4883 reconciliantur:
694 4824 776 4879 ita
799 4829 855 4879 et
878 4840 984 4879 nos
1000 4821 1163 4896 prius
1183 4819 1538 4875 dissidentes
1564 4818 1846 4873 fuerimus

199 4929 227 4966 a
250 4918 432 4982 Deo,et
454 4922 665 4989 postea
687 4912 1074 4978 reconciliati;
1101 4908 1400 4980 quoniam,
1420 4913 1477 4963 et
1499 4908 1847 4979 priusquam

200 5004 719 5069 reconciliaremur,
742 5000 1137 5073 diligebamur
1158 5016 1190 5053 a
1212 4997 1479 5052 Domino.
1510 4994 1673 5050 Unde
1696 4993 1850 5048 idem

201 5092 681 5162 Apostolus:Sicut
702 5091 864 5161 elegit
888 5106 982 5145 nos
1005 5092 1064 5143 in
1088 5090 1202 5159 ipso
1223 5090 1352 5141 ante
1372 5084 1570 5140 mundi
1588 5085 1853 5139 constitu-

206 5180 389 5238 tionem
419 5184 638 5256 (Ephes.
674 5198 714 5250 ι,
749 5180 837 5252 4);
872 5184 929 5235 et
955 5177 1092 5234 alibi
1131 5194 1144 5232 :
1181 5178 1287 5245 Qui
1316 5176 1510 5231 dilexit
1530 5182 1702 5241 nos,et
1722 5174 1857 5227 lavit

210 5284 291 5324 nos
345 5290 376 5326 a
425 5272 666 5343 peccatis
722 5271 925 5326 nostris
975 5268 1153 5340 (Apoc.
1205 5282 1243 5336 ι,
1292 5267 1380 5335 5);
1430 5269 1487 5319 et
1531 5263 1790 5319 Joannes
1842 5285 1855 5324 ;

212 5359 503 5428 Diligamus
552 5366 756 5430 Deum,
811 5359 1074 5431 quoniam
1138 5356 1253 5426 ipse
1308 5356 1468 5424 prior
1514 5352 1709 5409 dilexit
1764 5368 1862 5408 nos

217 5444 259 5513 (Ι
279 5448 422 5505 toan.
454 5468 530 5519 ιν,
570 5451 683 5520 19).
718 5448 830 5504 Sed
856 5448 1079 5502 orietur
1108 5443 1375 5517 quaestio,
1409 5442 1705 5514 quomodo
1757 5457 1863 5497 nos

218 5532 353 5592 dicat
396 5539 713 5612 Apostolus
761 5541 896 5593 ante
946 5532 1480 5591 reconciliationem
1537 5530 1751 5587 electos
1809 5534 1866 5586 et

1956 4729 2237 4802 peccavit,
2270 4728 2576 4783 deserente
2606 4743 2669 4783 se
2698 4726 2989 4793 Creatore,
3024 4731 3228 4783 auctor
3255 4728 3478 4800 peccati
3508 4729 3613 4786 ho-

1958 4819 2180 4874 minem
2199 4816 2550 4871 invasit.Scd
2573 4833 2687 4872 non
2712 4832 2847 4871 eum
2878 4820 3029 4872 Deus
3049 4816 3315 4873 funditus
3331 4818 3614 4888 deseruit,

1960 4908 2101 4979 quia
2133 4921 2367 4976 semper
2397 4906 2522 4961 suis
2556 4905 2855 4961 beneficiis
2888 4905 3342 4960 sustentavit.Et
3363 4906 3501 4976 quia
3522 4908 3618 4977 ju-

1962 4996 2123 5051 stitia
2143 4995 2400 5067 quadam
2428 4995 2679 5050 traditus
2702 4993 3057 5064 est,dignum
3083 4997 3207 5048 erat
3230 4996 3296 5047 ut
3315 4993 3616 5051 diabolum

1966 5102 2079 5140 non
2110 5085 2343 5152 virtute,
2378 5084 2479 5139 sed
2504 5084 2741 5154 justitia
2771 5081 3286 5145 vinceretur.Quod
3316 5099 3350 5137 a
3371 5082 3617 5140 Domino

1967 5173 2350 5244 Redemptore
2382 5176 2581 5227 nostro
2596 5170 2813 5224 factum
2846 5167 3134 5224 est.Venit
3155 5169 3311 5225 enim
3336 5170 3395 5226 in
3417 5170 3621 5227 simili-

1966 5261 2169 5317 tudine
2199 5260 2393 5316 carnis
2416 5255 2888 5331 peccati,nullum
2912 5257 3152 5313 omnino
3177 5257 3403 5315 habens
3424 5276 3622 5332 pecca-

1968 5350 2287 5407 tum.Unde
2310 5347 2579 5404 diabolus
2611 5362 2825 5418 purum
2857 5345 3156 5401 hominem
3182 5347 3621 5416 credens,inno-

1973 5444 2203 5495 centem
2235 5435 2467 5493 occidit.
2500 5435 2646 5500 Quia
2683 5452 2819 5506 ergo
2864 5434 3235 5490 innocentem
3278 5436 3510 5502 occidit,
3543 5436 3625 5491 di-

1973 5543 2157 5602 gnum
2180 5530 2399 5592 erat,ut
2414 5525 2715 5582 credentes
2736 5523 2796 5579 in
2818 5522 3115 5579 Christum
3138 5523 3457 5592 amitteret,
3474 5539 3626 5595 quos

282 5678 414 5748 (193)
446 5680 783 5738 Notandum
819 5677 977 5735 hunc
1008 5680 1229 5748 textum
1285 5691 1297 5730 :
1341 5689 1444 5746 pro
1496 5673 1631 5730 bono
1678 5676 1861 5731 autem
1900 5673 2024 5748 quis
2054 5668 2259 5729 audeat
2286 5671 2468 5728 mori?
2496 5667 2595 5743 qui
2642 5664 3090 5742 interrogativus
3129 5671 3219 5724 est
3252 5666 3311 5723 in
3359 5664 3623 5740 Vulgata,

222 5744 306 5806 hic
335 5744 577 5825 positive
608 5751 897 5824 scriptum
930 5754 988 5806 et
1018 5744 1352 5823 expositum
1378 5760 1525 5802 esse.
