3946 6412
222 467 328 531 ΙΠ

810 468 1236 534 EXPOSITIO
1277 469 1356 533 ΙΝ
1403 468 1825 534 EPISTOLAS
1869 468 2129 532 PAULI.
2162 501 2241 514 -
2272 469 2347 530 ΙΝ
2393 466 2647 529 EPIST.
2693 465 2799 528 AD
2846 463 3041 526 ROM.

3524 455 3642 520 1'18

221 623 252 663 a
277 606 457 661 morte
484 604 803 662 liberatum
833 604 1004 676 (196),
1035 604 1383 677 subjunxit:
1417 607 1597 661 Etiam
1627 605 1773 677 (197)
1805 605 1866 659 in
1896 611 1949 673 Α
1978 603 2309 675 Apostolus,
2346 619 2461 659 non
2493 600 2731 667 diceret,
2764 601 2954 669 gratia
3000 613 3071 652 ex
3098 594 3288 651 multis
3316 593 3532 650 delictis
3573 595 3636 649 in

220 697 289 753 eis
313 697 409 766 qui
433 711 549 751 non
577 702 939 766 peccaverunt
982 697 1043 749 in
1070 695 1493 750 similitudinem
1521 697 1863 765 praevarica-

219 786 369 841 tionis
388 783 544 850 Adae,
568 783 626 838 id
652 787 764 848 est,
790 782 891 854 qui
924 799 1040 838 non
1073 783 1311 856 propria
1339 785 1639 839 voluntate
1670 800 1866 855 pecca-

217 878 430 938 verunt,
462 876 530 928 ut
561 872 771 938 Adam,
805 871 907 926 sed
941 871 1135 928 carnis
1164 872 1528 944 infirmitate,
1561 873 1716 929 sicut
1762 891 1861 945 pa-

214 961 492 1031 triarchae,
516 965 575 1017 et
600 960 900 1033 prophetas
928 965 983 1016 et
1004 960 1245 1032 quidam
1268 961 1534 1034 gentiles,
1558 962 1619 1017 in
1645 961 1863 1033 quibus

215 1052 345 1106 adeo
361 1051 551 1123 viguit
572 1049 877 1122 ingenium
904 1050 1226 1121 sapientiae,
1247 1055 1311 1106 ut
1332 1050 1601 1123 originali
1626 1057 1862 1122 peccato

213 1138 364 1195 nulla
391 1138 860 1212 superadderent
884 1138 1232 1194 criminalia.
1258 1141 1367 1208 Qui
1393 1144 1472 1195 est
1500 1141 1688 1212 forma
1714 1143 1863 1210 futu-

209 1231 282 1285 ris
311 1230 475 1301 (198).
510 1229 789 1294 Quasdam
822 1227 1179 1300 exemplaria
1207 1231 1390 1299 futuri
1418 1229 1654 1300 habent,
1688 1234 1755 1285 ut
1787 1232 1857 1286 ad

208 1317 493 1374 Christum
526 1318 830 1374 referatur.
862 1317 1051 1372 Adam
1082 1318 1239 1372 enim
1273 1318 1462 1373 forma
1503 1318 1609 1373 fuit
1654 1318 1857 1385 futuri,

210 1408 503 1479 quoniam,
535 1407 690 1462 sicut
720 1421 824 1478 per
851 1404 1022 1461 illum
1055 1422 1215 1461 mors
1246 1406 1505 1475 intravit,
1541 1408 1622 1462 ita
1660 1413 1716 1462 et
1757 1425 1860 1478 per

207 1493 494 1550 Christum
515 1495 635 1549 vita
656 1493 858 1561 rediit;
892 1494 1049 1549 unde
1076 1494 1252 1566 paulo
1274 1495 1518 1551 inferius
1542 1496 1857 1567 Apostolus

207 1583 341 1641 dicit
370 1601 383 1638 :
417 1584 573 1640 Sicut
598 1599 702 1655 per
732 1584 1163 1639 iuobedientiam
1191 1587 1361 1640 unius
1389 1586 1629 1640 hominis
1656 1602 1858 1656 pecca-

206 1680 338 1729 tores
363 1674 649 1730 constituti
676 1680 808 1727 sunt
828 1674 1094 1745 plurimi,
1126 1673 1206 1728 ita
1252 1682 1304 1729 et
1349 1691 1450 1745 per
1478 1676 1644 1729 unius
1673 1675 1854 1730 obedi-

206 1763 397 1818 tionem
434 1762 583 1833 justi
630 1764 1036 1817 constituentur
1083 1762 1265 1817 multi.
1309 1761 1367 1817 Si
1400 1767 1594 1819 autem
1627 1762 1859 1834 legatur

201 1849 430 1925 futuris,
453 1849 903 1922 intelligendum
922 1854 1013 1906 est
1032 1850 1495 1921 posteris.Adam
1514 1868 1650 1923 ergo
1670 1853 1857 1908 forma

1966 696 2422 767 justiﬁcationem
2444 709 2465 753 ;
2515 690 2616 747 sed
2661 705 2731 745 ea:
2767 704 2897 743 uno.
2932 685 3248 741 Sciendum
3280 683 3458 739 etiam
3490 683 3635 753 quia

1973 783 2163 839 solent
2216 781 2512 853 Pelagiani
2563 779 2755 834 dicere
2802 774 3123 831 ﬁdelibus:
3176 772 3340 827 Unde
3392 771 3634 827 trahunt

1973 871 2241 927 homines
2265 869 2549 942 originale
2570 871 2895 940 peccatum,
2921 882 2955 919 ο,
2986 862 3230 935 nuptiis,
3256 878 3329 916 an
3360 877 3394 915 a
3423 876 3632 931 paren-

1971 961 2151 1029 tibus,
2187 964 2287 1014 aut
2316 976 2350 1014 a
2378 958 2674 1013 voluntate
2694 956 2721 1010 ‘I
2750 960 2815 1009 In
2846 952 3064 1025 quibus
3095 949 3241 1006 nihil
3271 948 3354 1005 eis
3386 964 3628 1019 respon-

1972 1049 2254 1105 dendum.
2288 1048 2438 1103 Audi
2470 1044 2814 1119 Apostolum
2847 1043 3139 1097 dicentem
3172 1056 3185 1093 :
3236 1038 3517 1095 Judicium
3557 1052 3627 1092 ea:

1970 1155 2082 1194 uno
2132 1140 2194 1193 in
2240 1139 2771 1194 condemnationem.
2805 1132 2915 1187 Sed
2967 1130 3108 1201 quid
3149 1132 3240 1184 est
3278 1127 3432 1198 quod
3464 1124 3627 1196 dicit,

1963 1228 2258 1298 judicium
2282 1243 2351 1282 ex
2372 1242 2488 1280 uno
2521 1225 2579 1278 in
2605 1220 3153 1278 condemnationem
3174 1216 3202 1272 ?
3232 1214 3510 1286 Nunquid
3536 1215 3631 1285 ju-

1968 1316 2187 1371 dicium
2223 1332 2291 1371 ex
2320 1331 2437 1369 uno
2470 1313 2577 1367 soli
2612 1312 2667 1365 in
2700 1307 2970 1380 originali
3001 1309 3258 1378 peccato,
3290 1308 3347 1359 et
3390 1319 3506 1358 nou
3558 1319 3630 1359 ex

1969 1404 2212 1476 reliquis
2241 1402 2405 1457 ducit
2434 1402 2493 1454 in
2524 1397 3077 1455 condemnationem
3098 1396 3126 1447 ?
3158 1394 3218 1448 Si
3250 1391 3407 1447 enim
3435 1391 3629 1463 gratia

1968 1495 2066 1550 Dei
2102 1511 2217 1549 non
2250 1492 2442 1548 solum
2475 1487 2761 1561 originale
2793 1489 3121 1558 peccatum,
3151 1483 3252 1538 sed
3284 1481 3461 1536 etiam
3490 1497 3624 1552 pro-

1966 1584 2105 1657 priae
2130 1581 2444 1638 voluntatis
2475 1582 2711 1651 peccata
2733 1575 2974 1641 relaxat,
2995 1573 3079 1629 sic
3099 1576 3157 1628 et
3174 1569 3623 1642 judicium,non

1966 1689 2035 1728 ex
2065 1671 2333 1744 originali
2364 1673 2616 1735 tantum,
2649 1665 2752 1721 sed
2782 1662 2958 1719 etiam
2990 1678 3058 1716 ex
3103 1657 3328 1715 cazteris
3356 1674 3483 1727 quae
3515 1673 3622 1712 su-

1966 1761 2391 1832 peradduntur,
2425 1757 2588 1813 ducit
2614 1755 2673 1809 in
2705 1748 3276 1809 condemnationem.
3300 1744 3451 1811 Quid
3483 1760 3621 1817 ergo

1965 1851 2090 1905 vult
2121 1849 2426 1905 ostendere
2475 1846 2568 1901 his
2616 1843 2808 1900 verbis
2829 1841 2857 1896 ‘I
2888 1839 3134 1904 Scilicet,
3166 1841 3289 1892 tam
3335 1850 3620 1906 maguum

203 1922 311 1995 fuit
337 1939 576 2006 futuris,
603 1940 744 2011 quia
774 1938 1107 2013 exemplum
1139 1940 1249 1995 fuit
1278 1941 1499 2013 peccati
1530 1922 1859 1997 etidamna-
1887 1972 1935 2038 Β
1968 1939 2149 1995 fuisse
2169 1938 2315 1993 illud
2339 1934 2619 2035 originale
2650 1932 3062 2038 pit‘accatum-ijit‘.1
3079 1924 3376 2038 sufficeret
3405 1922 3466 1977 in
3490 1937 3623 2023 cou-

201 2027 371 2084 tionis
401 2028 574 2101 (199).
607 2027 720 2084 Sed
760 2045 874 2084 non
914 2030 1057 2084 sicut
1099 2029 1378 2097 delictum,
1413 2032 1500 2085 ita
1537 2034 1591 2085 et
1627 2030 1851 2086 donum.

200 2116 326 2174 Haec
366 2118 545 2174 verba
590 2116 794 2173 clausa
838 2118 1152 2179 videntur:
1185 2123 1377 2191 potest
1406 2123 1603 2175 tamen
1635 2120 1852 2175 subau-

201 2205 343 2263 diri:
377 2222 495 2263 non
526 2205 683 2262 sicut
700 2205 982 2262 delictum
1006 2224 1113 2263 nos
1139 2224 1306 2262 corru
1317 2207 1422 2280 pit,
1450 2207 1531 2263 ita
1555 2212 1611 2264 et
1632 2209 1853 2264 donum

199 2294 294 2351 Dei
317 2311 425 2352 nos
452 2295 760 2367 reparavit.
786 2295 1006 2351 Horum
1039 2299 1235 2351 autem
1266 2296 1579 2352 verborum
1612 2314 1852 2353 sensum

199 2383 503 2455 sequentia
524 2383 925 2452 manifestant,
951 2401 1086 2440 cum
1110 2385 1420 2441 subditur:
1454 2385 1517 2440 Si
1535 2388 1683 2441 enim
1705 2386 1853 2457 (200)

197 2474 257 2527 in
287 2475 457 2529 unius
480 2473 672 2531 delicto
696 2474 863 2529 multi
886 2476 1094 2531 mortui
1112 2480 1262 2543 sunt,
1283 2476 1458 2531 multo
1478 2478 1655 2548 magis
1672 2480 1854 2547 gratia

195 2562 315 2630 Dei,
338 2566 392 2617 et
420 2561 624 2619 donum
652 2565 711 2618 in
742 2565 932 2634 gratia
959 2565 1129 2619 unius
1159 2563 1399 2620 hominis
1417 2566 1545 2621 Jesu
1566 2567 1772 2623 Christi
1792 2568 1852 2621 in

195 2651 385 2722 plures
415 2651 730 2708 abundavit.
755 2655 833 2707 Ac
864 2653 912 2708 si
945 2653 1203 2709 diceret:
1237 2652 1381 2709 illud
1415 2653 1696 2726 originale
1728 2673 1852 2728 pec-

197 2745 393 2795 catum
425 2741 569 2797 adeo
599 2758 880 2815 magnum
914 2742 1045 2808 fuit,
1078 2745 1142 2796 ut
1178 2759 1383 2799 omnes
1414 2744 1653 2816 perdere
1684 2744 1849 2799 sufﬁ-

191 2833 375 2895 ceret;
402 2830 626 2886 donum
652 2847 787 2887 vero
808 2830 906 2887 Dei
939 2848 1057 2887 non
1083 2830 1274 2887 solum
1297 2833 1369 2888 ab
1399 2831 1519 2901 illo,
1545 2833 1645 2888 sed
1673 2833 1848 2889 etiam

186 2934 218 2973 a
263 2918 495 2974 cunctis
544 2918 818 2987 absolvit,
859 2924 917 2975 et
964 2920 1164 2976 donat.
1200 2921 1307 2976 Sed
1363 2922 1504 2993 quid
1554 2927 1644 2977 est
1693 2922 1849 2994 quod

184 3005 365 3062 dicit:
398 3006 590 3063 multo
622 3008 812 3080 magis
842 3008 1030 3079 gratia
1053 3008 1153 3064 Dei
1185 3008 1242 3063 in
1278 3009 1475 3081 plures
1503 3011 1847 3079 abundavit,

184 3110 311 3150 cum
346 3094 551 3167 plures
582 3097 907 3168 perdantur
954 3114 1133 3168 quam
1190 3097 1535 3153 salventur?
1582 3098 1664 3154 Ne
1710 3116 1848 3171 ergo

185 3185 544 3241 contrarium
574 3184 861 3253 videatur,
896 3186 1053 3257 quod
1098 3185 1261 3252 dicit,
1294 3186 1469 3241 multo
1498 3189 1693 3258 magis,
1731 3204 1848 3241 non

182 3272 247 3328 ad
282 3290 573 3346 personas
605 3274 978 3328 referendum
1010 3277 1120 3339 est,
1152 3274 1209 3328 id
1241 3278 1350 3341 est,
1385 3272 1607 3345 plures,
1639 3276 1740 3330 sed
1773 3276 1843 3331 ad

1965 2027 2423 2092 demnationem,
2447 2024 2558 2080 etsi
2588 2021 2752 2077 nulla
2773 2037 2839 2075 su
2850 2016 3330 2091 peradderentur,
3353 2010 3624 2083 quamvis

1964 2118 2196 2191 gravior
2225 2116 2302 2172 sit
2331 2129 2533 2170 eorum
2565 2127 2761 2183 pcena,
2792 2108 2893 2179 qui
2925 2103 3162 2177 propria
3189 2100 3616 2191 superaddunt,

1965 2187 2023 2263 et
2052 2210 2213 2261 tanto
2244 2203 2494 2276 gravior,
2530 2204 2748 2272 quanto
2779 2195 3015 2268 gravius
3048 2191 3302 2264 quisque
3343 2187 3621 2260 peccavit.

1961 2296 2048 2350 Ab
2097 2309 2215 2349 uno
2270 2308 2429 2363 ergo,
2464 2290 2522 2344 id
2574 2292 2664 2344 est
2707 2289 2779 2341 ab
2819 2284 3006 2339 Adam
3041 2296 3156 2336 non
3190 2276 3390 2334 omnia
3420 2279 3626 2331 nostra

1963 2382 2337 2456 peccata,sed
2366 2378 2557 2435 solum
2581 2371 2864 2448 originale
2888 2369 3218 2434 trahimus;
3248 2366 3320 2422 ab
3348 2380 3465 2456 uno
3485 2378 3619 2421 vero

1962 2453 2192 2529 Christo
2224 2488 2338 2526 non
2370 2472 2602 2523 tantum
2636 2460 2961 2535 originalis,
2994 2457 3093 2514 sed
3139 2460 3196 2511 et
3226 2453 3494 2510 omnium
3525 2468 3620 2507 re-

1962 2561 2306 2617 missionem
2328 2554 2748 2627 conscquimur
2768 2553 3161 2623 peccatorum.
3187 2544 3451 2614 (Imperat
3469 2542 3622 2613 Apo-

1961 2651 2149 2708 stolus
2179 2650 2367 2704 facere
2397 2642 2787 2701 differentiam
2818 2633 3120 2710 originalis
3153 2630 3372 2705 peccati
3403 2634 3460 2685 et
3490 2645 3622 2701 gra-

1960 2740 2056 2795 tiis
2099 2738 2219 2808 Dei,
2252 2743 2311 2792 et
2357 2739 2548 2805 empta
2586 2728 2912 2786 intentione
2944 2737 3339 2797 perseverans,
3373 2717 3455 2773 ait
3487 2734 3500 2773 :
3556 2718 3621 2773 Si

1959 2832 2109 2886 enim
2138 2828 2285 2897 (202)
2330 2827 2392 2880 in
2419 2824 2589 2879 unius
2615 2820 2811 2876 delicto
2840 2830 2988 2870 mors
3019 2811 3270 2883 regnavit
3294 2823 3395 2897 per
3421 2822 3618 2873 unum,

1957 2921 2135 2975 multo
2185 2917 2363 2987 magis
2409 2911 2809 2969 abundantiam
2859 2904 3081 2975 gratiae,
3112 2903 3163 2956 et
3209 2896 3540 2987 donationis,
3571 2900 3625 2950 et

1950 3008 2185 3081 justitite
2206 2985 2533 3075 accipientes
2554 3003 2615 3056 in
2635 3000 2769 3063 vita,
2790 2993 3099 3083 regnabant
3114 3005 3217 3083 per
3236 3001 3411 3083 unum
3430 2985 3620 3083 {esum

1963 3070 2262 3153 Christum.
2282 3070 2467 3148 Unius
2493 3088 2799 3148 delictum,
2818 3082 3123 3153 peccatum
3145 3074 3288 3131 dicit
3316 3070 3620 3144 originale,

1962 3184 2119 3257 quod
2145 3182 2332 3237 Adam
2362 3180 2422 3233 in
2455 3174 2727 3249 paradiso
2751 3165 3072 3226 commisit.
3097 3164 3208 3220 Sed
3239 3160 3532 3257 qupmodo
3561 3158 3623 3257 in

1966 3248 2143 3329 unius
2192 3269 2405 3325 delicto
2457 3248 2615 3321 mors
2646 3257 2909 3333 regnavit
2952 3272 3055 3329 per
3105 3250 3339 3308 unum?
3368 3248 3622 3315 Scilicet,

179 3334 425 3418 verbum
484 3361 808 3431 abundavit.
843 3360 1030 3422 Multo
1081 3334 1272 3433 magis
1325 3334 1483 3417 enim
1531 3334 1856 3418 abundavit
1884 3334 1927 3400 δ
1966 3361 2108 3433 quia
2128 3372 2335 3414 omnes
2364 3351 2597 3408 vinculo
2629 3349 2837 3405 mortis
2867 3348 3036 3402 erant
3062 3340 3226 3414 ligati
3256 3339 3316 3394 in
3345 3337 3445 3433 illp
3476 3335 3624 3433 solo,

184 3450 373 3522 gratia
425 3448 555 3513 Dei,
590 3450 731 3519 quia
782 3464 899 3503 non
948 3447 1138 3502 solum
1194 3447 1497 3521 originale,
1533 3451 1633 3505 sed
1677 3452 1852 3506 etiam

184 3536 436 3610 proprias
486 3536 808 3591 voluntatis
860 3536 1124 3592 admissa
1174 3536 1412 3592 relaxat.
1460 3538 1635 3594 Sive:
1685 3540 1856 3594 multo

179 3628 350 3699 magis
382 3626 450 3680 in
476 3625 667 3696 plures
698 3624 859 3691 dicit,
898 3625 1040 3697 quia
1071 3625 1232 3690 mali,
1268 3627 1375 3681 etsi
1411 3627 1583 3682 multi
1615 3628 1850 3683 videan-

184 3717 294 3782 tur,
327 3713 510 3788 pauci
560 3720 720 3780 sunt,
756 3714 895 3786 quia
943 3714 1091 3769 nihil
1142 3719 1299 3770 sunt.
1354 3716 1496 3771 Boni
1546 3734 1701 3786 vero,
1747 3718 1854 3772 etsi

189 3804 356 3876 pauci
378 3803 717 3870 videantur,
746 3802 915 3858 multi
950 3807 1147 3858 tamen
1178 3808 1338 3868 sunt,
1362 3806 1502 3876 quia
1532 3823 1747 3877 magna
1767 3812 1857 3862 est

192 3890 247 3946 in
276 3891 360 3948 eis
391 3890 589 3963 gratia
619 3890 742 3946 Dei.
774 3892 840 3945 Et
869 3907 981 3948 non
1009 3895 1152 3948 sicut
1184 3909 1285 3964 per
1321 3910 1499 3948 unum
1528 3895 1677 3966 (201)
1726 3910 1857 3964 pec-

188 3989 420 4051 cantem,
449 3982 536 4035 ita
574 3983 627 4035 et
669 3980 895 4035 donum.
927 3981 997 4035 Et
1028 3980 1149 4036 haec
1179 3982 1418 4053 quidem
1449 3985 1629 4039 verba
1658 3984 1857 4039 clausa

189 4069 498 4136 videntur;
529 4074 723 4140 potest
751 4075 951 4125 tamen
983 4070 1292 4125 subaudiri
1323 4087 1338 4126 :
1395 4088 1507 4127 non
1558 4073 1711 4126 sicut
1756 4088 1858 4143 per

193 4172 371 4214 unum
406 4161 749 4230 peccantem
782 4158 995 4229 perditi
1026 4174 1259 4231 sumus,
1293 4159 1374 4215 ita
1413 4166 1470 4216 et
1499 4162 1722 4216 donum
1755 4161 1855 4217 Dei

194 4260 294 4301 nos
354 4246 619 4303 redimit.
654 4248 915 4312 Quorum
964 4262 1206 4303 sensum
1249 4249 1568 4320 Apostolus
1598 4251 1853 4321 exponit,

193 4335 561 4408 subjungens
595 4353 609 4390 :
658 4352 791 4390 nam
825 4336 1109 4408 judicium
1141 4338 1362 4407 quidem
1391 4355 1460 4394 ex
1502 4356 1612 4395 uno
1639 4342 1700 4394 in
1728 4355 1854 4395 con-

191 4421 617 4480 demnationem.
642 4424 805 4487 Quod
834 4424 979 4479 dicit
1005 4441 1076 4480 ex
1106 4441 1238 4492 uno,
1263 4427 1739 4483 subaudiendum
1767 4433 1859 4483 est

196 4510 395 4569 delicto
420 4539 435 4581 ;
469 4513 632 4585 quod
664 4513 790 4585 ipse
819 4514 1077 4584 exponit,
1103 4514 1510 4586 subjungens:
1545 4518 1732 4571 Gratia
1760 4532 1833 4571 au

199 4607 299 4656 tem
342 4617 413 4658 ex
464 4602 661 4657 multis
716 4602 934 4657 delictis
993 4603 1054 4658 in
1104 4602 1580 4673 justiﬁcationem.
1632 4606 1856 4669 Quibus

1967 3426 2199 3504 etiamsi
2250 3442 2431 3506 nullo,
2489 3438 2724 3512 propria
2766 3434 3089 3496 voluntate,
3140 3426 3623 3500 superadderent.

1969 3534 2194 3591 Fideles
2217 3532 2396 3604 igitur
2417 3525 2840 3585 abundantiam
2863 3520 3061 3593 gratia:
3082 3520 3139 3604 et
3166 3512 3500 3604 donationis
3521 3529 3624 3568 ac-

1968 3622 2214 3693 cipiunt,
2239 3599 2379 3690 quia
2411 3633 2523 3671 non
2558 3613 2703 3669 illud
2737 3605 3021 3681 originale
3053 3603 3269 3667 solum,
3294 3599 3395 3693 sed
3424 3603 3482 3654 et
3506 3614 3617 3693 cie-

1967 3687 2093 3767 tera
2114 3727 2242 3782 qum
2258 3687 2819 3778 superaddiderunt,
2843 3697 2927 3752 eis
2954 3698 3190 3766 peccata
3211 3687 3622 3782 remittuntur.

1966 3775 2276 3870 Accipiunt
2304 3775 2362 3852 et
2392 3791 2814 3851 abundantiam
2843 3784 3109 3857 justitiie,
3144 3779 3285 3852 quia
3315 3782 3477 3834 tanta
3506 3775 3627 3831 illis

1958 3889 2199 3962 justitia
2228 3904 2262 3942 a
2282 3886 2398 3940 Deo
2422 3881 2787 3949 retribuitur,
2804 3871 3357 3947 quajustiticentur,
3382 3870 3626 3962 uta-cum.

1967 3953 2152 4033 Adam
2182 3976 2241 4029 in
2269 3972 2540 4046 paradiso
2568 3966 2801 4023 diabolo
2826 3964 2896 4018 ad
2923 3963 3224 4032 peccatum
3249 3953 3628 4046 persuadenti

1968 4043 2351 4129 consenserit,
2385 4060 2493 4126 illi,
2530 4074 2645 4113 non
2677 4054 2869 4110 solum
2904 4046 3196 4115 suadenti,
3231 4043 3331 4098 sed
3380 4057 3486 4097 nec
3533 4057 3630 4096 co-

1966 4154 2127 4228 genti
2158 4154 2392 4219 cedant,
2424 4154 2526 4205 aut
2568 4141 2955 4201 consentiant.
2986 4136 3094 4193 Sed
3149 4132 3290 4228 quid
3338 4134 3427 4186 est
3473 4129 3628 4228 quod

1969 4221 2129 4314 dicit,
2161 4242 2332 4297 multo
2380 4238 2568 4307 magis
2617 4231 2949 4303 regnabant,
2980 4242 3116 4281 cum
3172 4221 3393 4316 plures
3422 4221 3630 4316 mortis

1967 4308 2216 4405 regnum
2248 4329 2445 4386 trahat
2474 4328 2544 4382 ad
2578 4338 2835 4397 pmnam,
2868 4332 3049 4389 quam
3091 4311 3281 4405 gratia
3325 4308 3398 4405 ad
3427 4308 3628 4405 'vitam

1967 4394 2295 4478 aeternam?
2339 4418 2464 4472 Non
2514 4394 2651 4484 ergo
2702 4409 2776 4464 ad
2826 4417 3107 4476 personas
3155 4397 3246 4452 vel
3287 4394 3628 4484 pluritatem

1969 4510 2341 4565 referendum
2388 4508 2502 4566 est,
2545 4479 2645 4555 sed
2695 4497 2767 4550 ad
2819 4490 3206 4562 augmentum
3254 4480 3455 4554 gratiae
3502 4479 3628 4536 Dei.

1969 4597 2153 4653 Multo
2186 4608 2376 4664 magis
2406 4590 2567 4645 enim
2599 4582 2951 4655 regnabunt,
2983 4574 3125 4647 quia
3172 4571 3508 4664 qui-cunque
3554 4568 3630 4624 ab

201 4690 387 4746 verbis
444 4690 706 4747 destruit
762 4707 1020 4746 errorem
1083 4661 1550 4763 ﬁelagianorum.
1596 4661 1862 4747 ostendit
1891 4704 1937 4766 Β
1970 4686 2159 4740 Adam
2194 4683 2261 4737 ad
2287 4661 2609 4741 éhristum,
2637 4675 2695 4728 id
2729 4675 2838 4736 est,
2861 4686 2895 4724 a
2920 4662 3199 4766 morte-ad
3228 4661 3408 4766 vitam
3438 4663 3632 4766 trans-

205 4777 350 4834 euim
378 4780 520 4851 quis.
546 4795 665 4834 non
698 4780 1009 4848 imitando,
1036 4781 1138 4836 sed
1164 4782 1457 4835 nascendo
1483 4781 1724 4836 trahunt
1755 4782 1859 4836 ho-

206 4866 384 4923 mines
406 4867 698 4939 originale
723 4873 1051 4938 peccatum.
1076 4869 1186 4924 Sed
1210 4869 1351 4924 dicit
1371 4869 1676 4942 Pelagius:
1704 4870 1859 4941 quod

208 4952 341 5011 dicit
385 4972 456 5012 ea:
501 4972 639 5023 uno,
672 4957 745 5013 ad
792 4958 983 5013 Adam
1024 4958 1393 5013 referendum
1426 4964 1557 5024 est;
1591 4958 1860 5014 homines

208 5041 354 5100 enim
379 5061 447 5101 ex
470 5046 665 5100 Adam
689 5050 939 5101 sumunt
961 5046 1293 5118 exemplum
1318 5047 1618 5118 peccandi,
1640 5053 1697 5102 et
1725 5063 1859 5102 eum

210 5128 484 5191 imitando
516 5133 596 5190 ad
628 5132 817 5189 multa
847 5133 1212 5206 perveniunt.
1245 5137 1337 5204 At,
1369 5136 1418 5191 si
1468 5136 1577 5192 hoc
1619 5135 1864 5192 sentiret

277 5361 416 5437 (196)
446 5365 663 5421 Partic.
710 5382 857 5437 cum,
892 5383 1019 5437 quae
1054 5382 1383 5437 perperam,
1418 5383 1509 5422 me
1549 5366 1769 5437 judice,
1802 5364 1858 5420 in

219 5436 405 5518 autog:
440 5441 582 5493 ante
628 5436 874 5493 verbum
908 5436 1238 5507 ’subjunx’it,
1263 5439 1441 5510 jacet,
1476 5436 1861 5495 omittendam

223 5518 428 5561 censui.

286 5575 428 5713 (197)
455 5576 630 5650 Vulg.
665 5580 724 5633 in
756 5594 864 5635 eos.

314 5649 429 5713 198)
460 5649 634 5713 Vulg.
666 5652 864 5713 futuri.

314 5649 429 5721 198)
460 5649 634 5721 Vulg.
666 5652 869 5721 futuri.

292 5720 432 5854 (ἔω)
465 5721 527 5776 In
561 5720 790 5806 afutOgr.
827 5738 1011 5795 marg.
1044 5740 1092 5776 c.
1128 5721 1273 5776 XIV.

346 5792 436 5854 00)
467 5792 680 5849 Partic.
716 5811 775 5851 in
816 5793 985 5854 Vulg.
1020 5810 1136 5850 non
1166 5793 1273 5850 hah

313 5791 436 5863 200)
467 5792 680 5849 Partic.
707 5791 775 5851 in
816 5791 985 5866 Vulgi
1020 5810 1136 5850 non
1166 5793 1361 5850 habet.

1970 4780 2132 4841 eunt,
2158 4787 2294 4827 cum
2328 4769 2457 4841 ipso
2492 4766 2618 4821 sine
2649 4766 2763 4817 line
2796 4758 3127 4827 regnabant
3154 4752 3213 4807 in
3243 4750 3425 4805 vitam
3456 4752 3625 4841 aster-

1971 4840 2132 4919 nam.
2157 4861 2304 4926 Sive,
2327 4840 2501 4913 multo
2530 4854 2707 4921 magis
2740 4849 2881 4905 dicit
2907 4866 2920 4915 ;
2954 4845 3095 4916 quia
3115 4856 3265 4914 quos
3288 4853 3457 4926 mors
3480 4840 3629 4926 tem-

1971 4950 2251 5026 poraliter
2288 4922 2562 5020 perdidit,
2586 4944 2694 4998 hos
2716 4939 2815 4994 Dei
2848 4935 3039 5009 gratia
3067 4925 3417 5026 aeternaliter
3444 4922 3627 4979 viviti-

1971 5019 2142 5097 cavit.
2173 5019 2321 5110 (203)
2350 5037 2532 5110 Igitur
2560 5033 2700 5088 sicut
2728 5043 2825 5100 per
2853 5026 3018 5080 unius
3051 5019 3323 5076 delictum
3347 5019 3414 5110 in
3444 5027 3631 5110 omnes

1972 5101 2219 5187 homines
2248 5101 2316 5184 in,
2338 5101 2868 5183 condemnationem,
2899 5115 2979 5168 sic
3024 5118 3078 5164 et
3119 5123 3221 5179 per
3259 5102 3429 5159 unius
3457 5101 3627 5174 justi-

2046 5364 2193 5435 (201)
2227 5360 2311 5415 Ita
2343 5352 2638 5413 nonnullas
2669 5348 2996 5407 editiones:
3027 5338 3205 5410 Vulg.
3240 5337 3497 5393 attamen
3529 5331 3606 5386 ha

1972 5434 2070 5490 bet
2109 5434 2407 5505 peccatum.

2046 5485 2439 5571 (2trl‘é)VPartic.
2473 5498 2533 5571 in
2575 5493 2746 5564 Vulg.
2782 5505 2897 5571 non
2922 5485 3153 5571 habet.
3176 5551 3294 5571 nu
3322 5545 3369 5571 ’ζ

2229 5547 2588 5639 in"}ii£i~gihe
2619 5547 2841 5633 autog,
2878 5559 2972 5647 hi'c
3000 5547 3619 5647 inveniturlﬁi‘g'rliatpnrp

1975 5620 2577 5716 υΫΤἽρῦἔι
2635 5620 2878 5716 Γονῑιὶἐρο
2931 5624 3209 5716 llominica
3246 5620 3469 5716 quin}:
3501 5620 3625 5716 left

1976 5691 2785 5784 pentcrdstem‘1egi'solebant
2810 5704 2901 5784 liae
2951 5701 3011 5784 iu
3060 5697 3207 5750 hanc
3246 5691 3472 5762 partem
3501 5691 3623 5753 θΡῙ·

1979 5771 2139 5847 stolas
2169 5771 2236 5846 D.
2272 5771 2644 5851 Pauliunotae,
2676 5794 2776 5835 seu
2810 5771 3083 5832 bomilizs.
