3942 6410
282 455 401 519 ιτθ

1311 452 1642 517 AT'l‘ONlS
1685 446 2267 512 VERCELLENSIS
2311 447 2668 512 EPISCOPI

3581 443 3705 507 180

283 591 428 645 tiam
446 590 504 645 in
524 603 709 646 omnes
729 588 980 645 homines
1009 590 1065 644 in
1089 589 1540 661 justiﬁcationem
1560 588 1714 642 vitae.
1736 586 1801 639 In
1833 583 1927 638 his
1955 584 2009 649 Α
2038 598 2137 653 per
2158 582 2607 647 inobedientiam,
2626 585 2682 638 et
2703 578 3189 652 reliqua.Quibus
3210 592 3278 635 ve
3323 576 3415 637 bis
3438 578 3695 649 gratiam

280 679 500 745 verbis,
547 678 598 734 si
647 678 1036 735 imitationem
1086 678 1480 741 attendamus,
1522 679 1587 730 ut
1632 671 1927 743 Pelagiani
2038 687 2155 741 qua
2175 670 2379 726 salvati
2405 687 2633 739 sumus,
2658 686 2791 725 cum
2816 685 3031 740 magna
3050 668 3356 724 devotione
3375 668 3689 724 ostendere

284 772 577 835 aserunt,
598 766 775 823 unius
795 766 1073 823 delictum
1096 765 1316 821 nullius
1338 763 1580 820 alterius
1600 763 1731 832 erit,
1750 775 1929 832 quam
2035 759 2239 816 voluit.

281 855 524 913 diaboli.
541 856 671 922 Sed,
697 856 837 927 quia
857 859 989 925 apte
1008 853 1322 925 Apostolus
1344 853 1415 908 de
1436 853 1623 907 Adam
1646 850 1929 921 loquitur,

2112 850 2223 904 Sed
2256 850 2398 921 quid
2429 852 2518 905 est
2548 850 2702 922 quod
2729 850 2801 904 de
2831 846 3237 919 peccatoribus
3268 846 3542 918 loquens,
3565 847 3650 903 ait
3678 864 3694 901 :

286 944 454 1001 nulla
481 943 577 999 hic
607 943 860 999 imitatio
890 942 1266 1014 intelligenda
1294 946 1421 1008 est;
1457 941 1559 996 sed
1591 938 1930 1011 propagatio
2039 940 2318 995 constituti
2362 942 2491 994 sunt
2522 956 2541 993 :
2588 938 2658 993 de
2697 937 2877 1008 justis
2920 953 3053 991 vero
3089 952 3102 990 :
3151 938 3598 992 constituentur?
3628 936 3695 993 Si

286 1033 532 1105 peccati.
562 1032 656 1087 Ait
698 1048 834 1104 ergo
867 1048 880 1087 :
932 1033 1067 1086 sicut
1093 1048 1194 1102 per
1221 1032 1390 1086 unius
1420 1030 1677 1085 delictum
1706 1028 1933 1098 (subin-

2042 1027 2199 1082 enim
2229 1028 2488 1082 nondum
2504 1026 2652 1097 justi
2675 1026 2977 1082 constituti
3000 1029 3157 1089 sunt,
3174 1026 3314 1097 quid
3336 1025 3406 1080 de
3421 1025 3697 1080 Patribus

288 1120 594 1193 telligitur,
629 1137 788 1176 mors
819 1120 1100 1192 regnavit)
1132 1122 1191 1174 in
1221 1119 1753 1187 condemnationem,
1776 1117 1857 1172 ita
1885 1118 1935 1171 et
2040 1113 3453 1172 Veteris'l‘estamentidicendumest?SienimDeo
3468 1113 3711 1184 placue-

282 1225 388 1283 ρον
402 1210 563 1265 unius
567 1210 849 1279 justitiam
860 1207 1363 1280 (subintelligitur,
1378 1207 1565 1279 gratia
1583 1205 1863 1277 regnavit)
1877 1207 1938 1259 in

281 1298 737 1371 jmtiﬁcationem
762 1300 910 1353 vita.
938 1298 1244 1352 Justitiam
1275 1296 1452 1351 unius
1476 1289 1752 1359 hominis,
1770 1293 1941 1364 justi-

290 1386 434 1442 tiam
464 1386 604 1442 dicit
622 1387 766 1441 Jesu
788 1386 1024 1454 Christi,
1049 1402 1166 1456 qua
1187 1384 1474 1455 justificat
1505 1384 1738 1453 impios,
1763 1399 1939 1454 quam

293 1474 441 1531 nulli
469 1474 821 1529 imitandam
848 1473 1175 1544 proposuit,
1197 1474 1298 1528 sed
1333 1473 1458 1545 ipse
1485 1471 1646 1528 solus
1670 1472 1819 1527 hanc
1840 1489 1941 1542 po-

292 1566 430 1634 test,
463 1563 565 1634 qui
614 1567 703 1618 est
746 1564 895 1617 inter
942 1570 1181 1617 mortuos
1212 1561 1354 1617 liber
1384 1562 1555 1632 (Psat.
1588 1578 1829 1627 Lxxxvu,
1863 1560 1941 1630 6).

294 1653 455 1708 Hanc
471 1651 940 1716 nonPetrus,non
950 1650 1164 1706 Paulus
1183 1650 1417 1718 habuit;
1439 1650 1578 1721 quia
1595 1650 1842 1720 impium
1853 1650 1946 1718 ju-

295 1740 547 1796 stiﬁcare
569 1753 684 1794 non
708 1737 992 1810 potuit.Si
1011 1754 1149 1809 ergo
1173 1738 1299 1794 sola
1319 1737 1571 1793 imitatio
1594 1737 1731 1792 facit
1752 1751 1949 1807 pecca-

293 1831 450 1884 tores
498 1843 601 1898 per
628 1827 838 1893 Adam,
871 1843 976 1882 cur
1005 1843 1121 1881 non
1153 1826 1278 1881 sola
1309 1826 1557 1880 imitatio
1589 1825 1726 1879 facit
1748 1825 1945 1894 justos

293 1932 399 1988 per
419 1915 714 1971 Christum
731 1915 760 1970 7
787 1915 923 1984 Sed,
947 1914 1120 1969 absit.
1144 1915 1412 1970 Christus
1432 1914 1591 1969 enim
1618 1913 1831 1969 idcirco
1859 1928 1945 1968 re-

294 2009 387 2061 cte
415 2020 570 2059 unus
591 2002 841 2071 dicitur;
878 2002 1017 2075 quia
1040 2020 1154 2059 non
1180 2004 1305 2059 sola
1329 2003 1459 2074 ejus
1489 2001 1950 2072 imitatiojustos

294 2093 468 2159 facit;
499 2091 601 2148 sed
634 2091 825 2164 gratia
847 2108 1196 2163 regenerans
1224 2108 1328 2163 per
1344 2090 1626 2163 Spiritum
1651 2095 1944 2146 sanctum.

296 2180 579 2237 Similiter
606 2184 663 2235 et
680 2181 865 2236 Adam
892 2197 1044 2236 unus
1066 2181 1283 2237 dicitur
1308 2198 1320 2248 ;
1354 2181 1495 2251 quia
1524 2197 1640 2235 non
1665 2180 1788 2236 sola
1817 2180 1948 2250 ejus

295 2268 545 2325 imitatio
570 2275 898 2341 peccatores
923 2270 1082 2335 facit,
1106 2271 1207 2325 sed
1240 2274 1297 2325 et
1326 2286 1495 2341 poena
1518 2268 1738 2341 peccati
1769 2284 1944 2339 gene-

293 2374 434 2414 rans
463 2374 566 2430 per
594 2363 865 2414 mortem.
900 2359 1151 2428 Ideoque
1184 2364 1335 2414 recte
1368 2358 1486 2414 illic
1516 2359 1635 2415 ait:
1668 2360 1730 2414 In
1759 2374 1945 2413 omnes

293 2446 541 2502 homines
570 2448 633 2501 in
656 2446 1202 2507 condemnationem;
1232 2447 1324 2499 hic
1352 2451 1546 2501 autem
1580 2448 1639 2500 in
1669 2462 1852 2501 omnes
1883 2447 1945 2500 in

293 2534 756 2605 iustiﬁcationem,
792 2549 982 2603 neque
1010 2533 1166 2587 enim
1198 2549 1424 2601 omnes,
1461 2533 1556 2603 qui
1592 2538 1944 2604 generantur

290 2637 392 2693 per
404 2622 614 2692 Adam,
630 2621 806 2676 iidem
827 2621 939 2692 ipsi
957 2625 1376 2692 regenerantur
1393 2637 1494 2691 per
1506 2621 1941 2677 Christum.Sed

289 2708 527 2780 idcirco,
552 2713 610 2767 et
639 2709 758 2765 illic
787 2724 973 2764 omnes
1003 2708 1166 2774 dicit,
1190 2709 1348 2779 quia,
1381 2708 1534 2765 sicut
1562 2707 1784 2764 nullius
1816 2726 1942 2764 car-

289 2797 443 2854 nalis
462 2798 760 2870 generatio
781 2802 891 2864 est,
917 2798 1034 2852 nisi
1066 2814 1168 2867 per
1189 2798 1392 2863 Adam,
1419 2797 1501 2853 ita
1529 2796 1752 2852 nullius
1774 2797 1943 2869 spiri-

287 2886 446 2954 talis,
461 2886 577 2941 nisi
603 2884 1038 2959 perChristum.
1055 2885 1272 2940 Omnes
1292 2884 1490 2956 itaque
1512 2886 1571 2940 in
1594 2886 1944 2942 condemna-

289 2973 509 3031 tionem
536 2974 681 3029 dicit
699 2990 819 3038 eos,
845 2974 945 3045 qui
969 2978 1294 3029 nascuntur
1320 2989 1423 3044 per
1440 2975 1624 3028 Adam
1648 2974 1942 3045 pertinen-

292 3066 383 3119 tes
402 3062 472 3117 ad
495 3061 789 3118 carnalem
815 3062 1286 3134 generationem;
1315 3078 1518 3117 omnes
1545 3068 1740 3117 autem
1772 3063 1830 3117 in
1848 3064 1942 3133 ju-

288 3150 723 3216 stiﬁcationem,
747 3166 871 3215 eos,
894 3151 995 3222 qui
1016 3154 1342 3206 nascuntur
1361 3166 1465 3222 per
1487 3150 1783 3207 Christum
1806 3167 1939 3224 per-

289 3238 546 3294 tinentes
577 3239 646 3293 ad
690 3239 1016 3309 spiritalem
1046 3239 1501 3310 generationem.
1534 3240 1604 3295 Et
1634 3247 1772 3295 nota
1801 3240 1942 3311 quia

2047 1210 2208 1271 runt,
2233 1206 2382 1275 justi
2429 1205 2629 1275 utique
2670 1204 2924 1270 fuerunt,
2957 1203 3160 1258 eadem
3192 1203 3409 1275 quippe
3443 1203 3552 1274 ipsi
3588 1204 3709 1259 fide

2051 1294 2253 1348 salvati
2277 1298 2416 1348 sunt
2438 1310 2554 1365 qua
2582 1297 2640 1348 et
2668 1310 2795 1348 nos.
2819 1293 2988 1359 Nam,
3012 1292 3171 1362 quod
3198 1309 3304 1347 nos
3327 1292 3455 1362 jam
3482 1292 3707 1347 factum
3764 1294 3773 1297 ⁷

2051 1381 2365 1450 credimus,
2396 1381 2479 1436 illi
2528 1383 2842 1436 credebant
2871 1381 3157 1436 futurum.
3192 1381 3355 1436 Unde
3384 1380 3709 1452 Apostolus

2053 1471 2187 1526 alibi
2215 1488 2229 1525 ε
2255 1472 2518 1525 Habentes
2545 1471 2794 1525 eumdem
2813 1472 3075 1542 spiritum
3092 1470 3226 1541 ﬁdei
3243 1472 3315 1539 (II
3335 1469 3459 1527 Cor.
3493 1487 3568 1535 IV,
3593 1470 3706 1540 13).

2054 1560 2216 1625 Quod
2247 1559 2609 1614 enucleatius
2639 1559 2896 1614 ostendit
2926 1559 3133 1615 beatus
3164 1560 3369 1615 Petrus
3397 1560 3712 1631 apostolus

2056 1647 2257 1703 dicens
2284 1664 2297 1702 :
2332 1648 2441 1702 Sed
2468 1665 2569 1718 per
2595 1649 2836 1718 gratiam
2856 1648 2952 1702 Dei
2978 1648 3252 1703 credimus
3270 1648 3498 1714 salvari,
3522 1664 3714 1719 quem-

2056 1736 2363 1792 admodum
2382 1740 2434 1791 et
2463 1737 2571 1807 ipsi
2600 1737 2738 1806 (Aet.
2770 1753 2862 1800 xv,
2890 1737 2996 1807 12).
3025 1736 3085 1792 Si
3114 1752 3251 1807 ergo
3273 1736 3423 1807 justi
3444 1736 3709 1804 fuerunt,

2059 1840 2239 1896 quare
2260 1824 2571 1895 Apostolus
2600 1825 2775 1880 verbo
2797 1824 2977 1879 futuri
3004 1825 3286 1896 temporis
3314 1841 3461 1881 usus
3489 1829 3598 1892 est,
3625 1825 3715 1881 di-

2059 1927 2218 1978 cens,
2247 1914 2688 1971 constituentur?
2717 1912 2966 1983 Scilicet,
3009 1913 3149 1984 quia
3197 1913 3462 1985 praevidit
3508 1913 3713 1985 plures

2060 2001 2383 2058 credituros
2406 2003 2465 2056 in
2488 2002 2644 2057 Novo
2664 2003 3037 2057 Testamento
3057 2018 3235 2073 quam
3258 2003 3317 2058 in
3330 2002 3543 2073 Veteri,
3563 2003 3709 2070 sive,

2057 2090 2216 2161 quia,
2238 2090 2376 2146 licet
2407 2091 2483 2146 sit
2505 2091 2564 2145 in
2598 2091 2865 2163 praesenti
2886 2089 3005 2146 vita
3025 2091 3362 2147 constitutio
3380 2092 3711 2162 justorum,

2058 2179 2366 2250 perfectior
2395 2184 2591 2234 tamen
2623 2178 2733 2234 erit
2761 2180 2822 2234 in
2867 2180 3083 2235 latura.
3118 2179 3358 2251 Propter
3388 2181 3711 2252 perfectam

2056 2285 2193 2340 ergo
2212 2270 2509 2339 justorum
2533 2267 3009 2324 constitutionem
3032 2268 3212 2323 futuri
3232 2268 3531 2341 temporis,
3560 2284 3711 2326 usus

2054 2362 2144 2413 est
2174 2357 2346 2411 verbo
2378 2356 2585 2427 [futuri
2618 2356 2923 2427 temporis)
2956 2357 3124 2427 (205).

2127 2446 2213 2515 Et,
2248 2462 2318 2500 ne
2346 2444 2535 2500 Judaei
2562 2462 2666 2516 pro
2699 2444 2823 2515 lege
2855 2444 3268 2516 gloriarentur,
3301 2444 3513 2514 adjecit
3544 2462 3558 2500 :
3592 2446 3710 2501 Lex

2051 2539 2238 2588 autem
2262 2534 2615 2599 subintravit,
2637 2541 2699 2588 ut
2724 2534 3032 2589 abundaret
3056 2534 3333 2590 delictum.
3360 2533 3708 2591 Subintrare

2051 2626 2139 2676 est
2153 2622 2395 2676 alterius
2414 2621 2537 2677 loco
2556 2621 3013 2687 succedere,sive
3026 2622 3268 2677 alterius
3283 2622 3475 2678 locum
3496 2639 3711 2693 praeoc-

2051 2725 2286 2781 cupare.
2311 2709 2672 2765 Subiutravit
2692 2725 2828 2779 ergo
2856 2708 2948 2763 lex
2977 2710 3213 2780 scripta,
3238 2710 3378 2781 quia
3406 2709 3531 2767 loco
3556 2711 3707 2784 legis

2051 2802 2272 2852 natura
2286 2797 2567 2853 successit
2582 2815 2595 2865 ;
2610 2796 3350 2869 ostenditenimApostolus
3368 2799 3495 2854 suis
3508 2801 3709 2858 verbis

2051 2884 2419 2941 annullatam
2461 2887 2587 2956 jam
2617 2901 2745 2941 esse
2776 2885 2965 2956 legem
2996 2892 3239 2958 naturae,
3274 2887 3375 2942 sed
3408 2887 3545 2943 data
3576 2889 3708 2962 lege

2052 2974 2272 3046 scripta
2293 2974 2539 3045 coepisse
2560 2974 2771 3046 vigere.
2787 2973 3074 3029 Delictum
3097 2991 3251 3041 vero,
3275 2992 3390 3030 non
3418 2976 3711 3048 originale

2050 3062 2212 3133 dicit,
2238 3064 2339 3117 sed
2363 3064 2517 3133 quod
2542 3062 2808 3119 homines
2829 3068 2963 3134 post
2983 3062 3263 3135 originale
3284 3066 3709 3137 superaddide-

2051 3156 2208 3206 runt.
2226 3152 2525 3217 Quomodo
2542 3168 2699 3224 ergo,
2715 3152 3088 3208 subintrante
3109 3151 3255 3224 lege,
3270 3154 3593 3210 abundavit
3609 3155 3711 3212 de-

2049 3238 2251 3295 lictum
2271 3240 2299 3295 ‘I
2329 3240 2495 3309 Quia,
2518 3240 2654 3294 data
2685 3239 2811 3310 lege
2842 3240 3082 3311 scripta,
3104 3239 3255 3295 facta
3285 3244 3374 3295 est
3393 3240 3710 3312 originalis

291 3343 443 3398 quos
465 3326 562 3383 hic
587 3343 774 3382 omnes
796 3327 957 3394 dicit,
981 3328 1215 3383 eosdem
1243 3327 1416 3399 paulo
1442 3328 1689 3384 inferius
1718 3330 1935 3386 multos.
1968 3311 2011 3379 C
2049 3329 2270 3400 peccati
2319 3329 2597 3399 cognitio,
2631 3332 2687 3382 et
2732 3332 3108 3399 augmentata
3140 3345 3309 3399 poena
3338 3311 3553 3386 delicti.
3588 3334 3711 3388 Lex

292 3415 410 3473 Nec
443 3416 657 3471 mirum
693 3433 705 3472 :
741 3433 875 3471 nam
911 3416 1076 3472 multi
1109 3416 1224 3471 dici
1256 3421 1505 3487 possunt
1536 3417 1596 3473 in
1627 3417 1824 3489 aliqua
1855 3435 1936 3489 re,

289 3503 463 3561 etiam
490 3521 625 3560 cum
648 3504 817 3577 pauci
840 3505 976 3560 sint.
992 3505 1163 3561 Verbi
1185 3505 1392 3577 gratia,
1415 3505 1465 3561 si
1488 3506 1788 3563 dicamus:
1819 3525 1939 3563 una

288 3598 377 3649 est
396 3594 678 3649 obstetrix
698 3594 758 3648 in
784 3593 1038 3662 civitate,
1062 3612 1187 3665 quae
1217 3611 1419 3650 omnes
1441 3595 1672 3666 excipit,
1701 3600 1757 3649 et
1783 3613 1938 3653 unus

286 3680 617 3737 litterarum
638 3682 942 3753 magister,
965 3682 1067 3753 qui
1088 3699 1291 3736 omnes
1314 3682 1502 3736 docet.
1528 3686 1655 3737 Non
1676 3683 1832 3738 enim
1857 3684 1939 3739 in-

286 3768 547 3840 telligere
564 3785 884 3840 possumus
898 3769 1054 3840 quod
1074 3786 1279 3825 omnes
1295 3769 1654 3826 habitatores
1664 3772 1935 3841 civitatis,

285 3856 375 3913 vel
398 3856 500 3912 illa
520 3857 791 3929 excipiat,
814 3857 901 3912 vel
930 3858 1039 3913 iste
1060 3858 1278 3914 doceat.
1306 3859 1416 3914 Sed
1446 3860 1574 3914 ideo
1606 3859 1707 3916 illa
1735 3877 1938 3918 omnes

287 3945 506 4000 dicitur
524 3945 809 4017 excipere,
833 3945 974 4016 quia
994 3945 1195 4002 nullus
1218 3951 1425 4018 praeter
1443 3948 1572 4017 ejus
1597 3965 1808 4005 manus
1832 3967 1933 4006 na-

286 4033 510 4103 scitur;
543 4038 601 4089 et
627 4034 739 4088 iste
760 4049 967 4089 omnes
995 4035 1224 4102 docere,
1248 4035 1387 4106 quia
1418 4040 1624 4106 praeter
1649 4038 1780 4107 ejus
1812 4054 1935 4094 ma-

287 4122 596 4194 gisterium
620 4138 793 4177 nemo
814 4122 1008 4177 discit.
1032 4123 1216 4178 Habet
1235 4124 1433 4193 itaque
1455 4124 1673 4181 multos
1694 4125 1795 4181 illa
1816 4143 1938 4182 car-

285 4210 438 4266 nalis
459 4210 780 4281 generatio,
801 4209 979 4265 habet
999 4216 1056 4266 et
1076 4210 1357 4282 spiritalis
1379 4236 1394 4277 ;
1417 4212 1518 4268 sed
1540 4212 1741 4284 plures
1763 4214 1939 4271 habet

285 4296 538 4354 carnalis
585 4314 764 4369 quam
807 4298 1110 4369 spiritalis.
1145 4302 1383 4367 Verum,
1418 4300 1572 4355 sicut
1616 4299 1717 4356 illa
1764 4301 1937 4358 habet

283 4402 488 4443 omnes
515 4386 803 4455 homines,
830 4386 915 4442 ita
946 4392 1003 4442 et
1033 4387 1153 4443 haec
1186 4404 1391 4444 omnes
1413 4389 1615 4457 justos
1643 4389 1932 4461 homines,

283 4479 343 4531 et
370 4475 525 4531 sicut
554 4481 761 4548 praeter
787 4475 953 4530 illam
982 4475 1181 4532 nullus
1212 4478 1388 4533 homo
1410 4479 1581 4549 (204).
1608 4478 1772 4536 Unde
1802 4498 1936 4538 mox

285 4564 596 4619 subditur:
633 4565 782 4620 Sicut
811 4566 963 4619 enim
985 4582 1084 4635 per
1110 4566 1543 4621 inobedientzam
1566 4571 1734 4623 unius
1764 4570 1935 4625 homi-

2049 3433 2183 3489 ergo
2215 3416 2587 3482 subintravit,
2613 3421 2676 3471 ut
2706 3416 3034 3471 abundaret
3064 3415 3367 3483 delictum,
3395 3417 3453 3472 id
3484 3422 3575 3473 est
3601 3436 3704 3476 co-

2045 3506 2228 3577 gnitio
2259 3510 2315 3560 et
2345 3522 2513 3578 paena
2543 3505 2762 3573 delicti,
2792 3510 3025 3576 propter
3054 3505 3166 3560 hoc
3193 3506 3350 3562 enim
3380 3506 3577 3563 solum
3606 3507 3706 3565 lex

2046 3595 2267 3665 scripta
2287 3594 2425 3648 data
2447 3599 2554 3661 est,
2581 3598 2643 3649 ut
2669 3592 2970 3663 originalis
2993 3594 3212 3665 peccati
3233 3595 3487 3666 cognitio
3508 3596 3701 3654 ﬁeret.

2122 3684 2221 3739 Ubi
2248 3690 2431 3737 autem
2460 3682 2759 3735 abundavit
2783 3685 3066 3751 peccatum
3096 3683 3242 3753 (206)
3274 3682 3356 3753 (id
3386 3690 3475 3739 cst
3502 3686 3706 3757 cogni-

2046 3770 2126 3826 tio
2175 3776 2233 3825 et
2282 3788 2452 3841 poena
2501 3769 2744 3841 peccati)
2791 3770 3253 3840 superabundavit
3294 3774 3495 3841 gratia.
3529 3773 3702 3839 Quia,

2048 3875 2197 3930 quos
2225 3858 2316 3915 lex
2350 3863 2812 3930 transgressores
2840 3862 3073 3914 tantum
3100 3860 3445 3917 ostendebat
3473 3866 3529 3917 et
3558 3878 3703 3918 con-

2047 3947 2381 4016 demnabat,
2397 3947 2505 4003 hos
2522 3947 2716 4002 divina
2737 3947 2925 4018 gratia
2936 3948 2959 4018 j
2970 3947 3281 4003 ustificavit
3295 3954 3354 4004 et
3367 3946 3703 4019 vivificavit,

2047 4036 2295 4108 ideoque
2320 4036 2537 4091 dicitur
2560 4037 3094 4107 superabundasse.
3110 4037 3223 4094 Lex
3245 4037 3399 4093 enim
3429 4037 3701 4095 minaba-

2044 4128 2161 4194 tur,
2194 4126 2293 4181 sed
2327 4142 2440 4181 non
2474 4124 2874 4196 opitulabatur
2896 4144 2909 4195 ;
2935 4126 3201 4195 jubebat,
3235 4128 3336 4183 sed
3369 4145 3487 4183 non
3517 4145 3702 4185 sana-

2047 4214 2182 4281 bat;
2214 4214 2562 4269 ostendebat
2581 4213 2947 4284 languorem,
2971 4216 3072 4270 sed
3102 4232 3216 4272 non
3238 4216 3561 4273 auferebat.
3591 4222 3704 4274 Lex

2044 4318 2181 4375 ergo
2208 4304 2344 4357 data
2364 4306 2471 4368 est,
2497 4306 2561 4356 ut
2580 4303 2769 4374 gratia
2792 4308 3149 4373 quaereretur
3172 4322 3185 4372 ;
3218 4305 3408 4376 gratia
3426 4305 3566 4362 data
3585 4311 3701 4374 est,

2045 4395 2110 4445 ut
2138 4391 2230 4445 lex
2262 4390 2624 4461 impleretur.

2119 4481 2198 4550 Ut,
2221 4480 2365 4535 sicut
2386 4482 2642 4548 regnavit
2668 4488 2955 4550 peccatum
2975 4482 3033 4535 in
3057 4483 3303 4537 mortem.
3328 4480 3476 4537 Illud
3500 4482 3701 4539 scien-

2044 4570 2185 4623 dum
2209 4570 2347 4639 quia
2372 4572 2511 4623 sunt
2532 4569 2801 4639 quazdam
2826 4572 3061 4640 peccata
3082 4574 3287 4639 praeter
3303 4570 3511 4626 Adam.
3530 4570 3702 4628 Unde

284 4652 375 4742 nis
401 4654 710 4742 peccatores
739 4653 1027 4742 constituti
1054 4657 1181 4707 sunt
1210 4655 1396 4720 multi,
1430 4656 1510 4709 ita
1538 4658 1594 4709 et
1632 4672 1736 4725 per
1763 4659 1935 4712 unius
1970 4678 2016 4742 D
2048 4656 2360 4727 Apostolus
2392 4656 2502 4712 hoc
2534 4657 2659 4712 loco
2692 4674 2806 4711 non
2837 4655 3079 4724 addidit,
3114 4674 3217 4728 per
3245 4674 3429 4714 unum
3461 4663 3566 4716 aut
3594 4676 3703 4730 per

286 4739 656 4795 obcditionem
677 4739 823 4807 justi
850 4740 1251 4795 constituentur
1277 4742 1465 4795 multi.
1496 4742 1710 4799 Multos
1741 4750 1939 4801 autem
1971 4739 2000 4742 θ
2051 4744 2345 4801 hominem
2372 4746 2611 4817 quia,ut
2632 4746 2852 4800 dictum
2875 4750 2964 4800 est
2984 4746 3159 4817 paulo
3181 4748 3473 4818 superius,
3488 4764 3605 4803 non
3624 4750 3700 4805 de

287 4843 404 4882 non
424 4825 681 4898 exceptis
698 4825 1055 4897 quibusdam
1073 4825 1236 4893 dicit,
1250 4830 1350 4882 sed
1368 4831 1943 4890 omnes.0bedientia

288 4920 398 4983 est,
424 4920 547 4971 tam
569 4916 630 4970 in
650 4914 996 4971 hominibus
1018 4930 1196 4986 quam
1217 4914 1279 4969 in
1304 4918 1461 4971 omni
1490 4918 1756 4974 rationali
1777 4938 1939 4977 crea-

286 5007 442 5070 tura,
465 5004 642 5060 totius
657 5004 903 5074 justitiaa
926 5003 1086 5076 origo
1109 5008 1284 5074 atque
1305 5004 1598 5075 perfectio.
1616 5005 1776 5063 Unde
1792 5011 1940 5081 Apo-

288 5092 496 5161 stolus,
518 5092 720 5147 volens
743 5093 1050 5149 ostendere
1073 5093 1323 5149 duorum
1348 5092 1655 5148 hominum
1677 5095 1938 5153 differen-

285 5179 450 5246 tiam,
466 5180 524 5233 id
547 5180 847 5250 est,primi
868 5182 1025 5251 Adae,
1042 5181 1142 5253 qui
1169 5185 1258 5237 est
1276 5186 1453 5253 caput
1476 5186 1684 5238 nostris
1707 5186 1933 5254 mortis,

285 5271 344 5322 et
372 5267 638 5334 secundi,
674 5268 775 5337 qui
805 5272 895 5322 est
924 5274 1098 5339 caput
1129 5275 1340 5327 nostrae
1372 5269 1605 5336 salutis,
1637 5272 1719 5326 ait
1751 5288 1763 5326 :
1795 5275 1936 5328 sicut

355 5460 504 5530 (204)
535 5460 661 5515 Haec
695 5462 892 5531 verba,
916 5461 1001 5517 vel
1032 5462 1246 5519 similia
1266 5464 1585 5521 desiderari
1618 5465 1927 5523 videntur:

283 5534 365 5586 ita
394 5536 600 5600 praeter
628 5533 792 5585 istam
822 5533 1011 5588 nullus
1037 5536 1208 5599 iustus
1237 5535 1413 5602 homo,
1448 5541 1512 5592 ut
1540 5554 1750 5593 sensus
1782 5540 1931 5595 vide-

284 5602 419 5680 licet
437 5603 860 5680 ,pertectionem
894 5605 1175 5680 acquirat.

359 5676 505 5745 (205)
538 5673 724 5729 Verba
740 5676 921 5750 futuri
1046 5673 1320 5750 teinporis,
1341 5677 1568 5750 aliquas
1590 5683 1721 5750 post
1742 5679 1928 5737 lineas

284 5743 583 5817 leguntur,
615 5751 671 5801 et
714 5746 883 5817 signo
913 5743 1339 5818 expunctionis,
1376 5743 1759 5821 id'est,'linea
1787 5753 1927 5810 sub-

2049 4833 2318 4905 originali
2346 4834 2635 4904 loquitur;
2660 4835 2922 4905 regnavit
2949 4834 3108 4889 enim
3128 4842 3431 4905 peccatum
3455 4837 3515 4891 in
3539 4854 3695 4894 mor—

2047 4927 2187 4992 tem,
2221 4923 2361 4994 quia
2391 4922 2535 4978 illud
2568 4927 2893 4994 peccatum,
2929 4923 3083 4994 quod
3124 4922 3392 4980 homines
3421 4925 3697 4997 originali
3741 4985 3748 4991 _

2048 5011 2600 5083 superaddiderunt,
2636 5012 2798 5065 auxit
2845 5016 3112 5077 mortem.
3163 5012 3298 5080 Sed,
3339 5013 3478 5084 quia
3530 5014 3700 5073 nulla

2048 5105 2240 5170 potest
2265 5116 2391 5154 esse
2407 5099 2775 5169 justiticatio,
2797 5098 2909 5154 nisi
2930 5116 3033 5171 per
3047 5099 3378 5169 Christum;
3404 5101 3533 5158 ideo
3557 5119 3698 5161 cum

2047 5188 2290 5243 dixisset
2323 5205 2335 5241 :
2386 5190 2471 5242 Ita
2500 5192 2552 5242 et
2580 5189 2763 5257 gratia
2793 5192 2975 5258 regnet
3006 5205 3107 5257 per
3125 5191 3408 5260 justitiam
3434 5193 3495 5245 in
3524 5194 3702 5248 vitam

2042 5280 2326 5342 aeternam,
2350 5275 2562 5347 adjecit
2586 5292 2598 5331 :
2630 5292 2736 5347 per
2761 5281 2955 5333 Jesum
2977 5277 3257 5333 Christum
3278 5280 3569 5335 Dominum
3595 5298 3704 5337 no-

2042 5470 2237 5544 ducta,
2264 5487 2564 5542 perperam
2590 5472 2807 5544 scripta
2830 5472 3010 5528 fuisse
3040 5473 3325 5529 innuitur.
3351 5475 3467 5531 Nos
3492 5480 3695 5535 autem

2041 5543 2285 5611 propriae
2320 5544 2438 5596 sedi
2474 5543 2835 5599 restituenda
2863 5545 3221 5600 censuimus.
3372 5580 3379 5585 ι

2113 5613 2257 5682 (206)
2291 5614 2461 5685 Vulg.
2494 5614 2768 5669 delictum.
2807 5615 3108 5673 Nonnullae
3152 5626 3348 5672 autem
3397 5618 3690 5676 editiones

2040 5698 2174 5739 cum
2207 5688 2402 5756 autog.
2435 5686 2828 5741 consentiunt.
