3942 6404
162 484 265 552 185

738 491 1159 557 EXPOSITIO
1203 494 1281 558 IN
1328 494 1755 559 EPISTOLAS
1798 495 2061 560 PAULI.
2096 530 2174 543 -—
2203 499 2281 559 IN
2327 496 2581 562 EPIST.
2626 498 2732 559 AD
2776 495 2968 560 ROM.

3453 484 3570 552 186

164 624 418 682 admonet
443 624 764 698 Apostolus
792 629 877 693 ut,
912 642 1047 683 cum
1080 626 1329 700 alicujus
1362 629 1442 685 rei
1475 629 1718 703 species,
1738 628 1795 685 id
1829 645 1874 704 Α
1913 646 2026 685 non
2058 636 2148 686 est
2178 630 2267 687 lex
2315 648 2443 703 quas
2475 648 2582 687 nos
2629 633 2846 686 terreat
2875 632 2934 685 et
2978 630 3287 700 peccatum
3334 623 3573 697 puniat’

165 717 261 781 est,
292 713 576 783 mulieris,
610 715 758 785 auri,
792 715 881 770 vel
931 716 1157 787 argenti
1207 722 1263 772 et
1310 724 1672 784 caeterarum,
1705 723 1809 775 aut

165 802 365 858 inimici
417 804 724 875 persuasio
780 804 951 859 nobis
1002 805 1303 877 irrepserit
1354 809 1808 879 pestiferamque

165 891 554 964 cogitationem
576 892 863 965 genuerit,
887 893 1091 949 statim
1115 895 1519 952 existimemus
1542 913 1649 952 nos
1673 913 1808 968 pec-

164 981 294 1037 catis
324 986 627 1048 mortuos;
662 981 746 1036 sic
796 982 976 1050 enim,
1011 984 1235 1039 favente
1288 985 1422 1051 Deo,
1454 1002 1806 1040 venenosam

163 1069 561 1141 cogitationem
593 1086 870 1142 superare
899 1072 1257 1143 poterimus:
1285 1073 1407 1129 ﬁeri
1443 1073 1659 1146 quippe
1681 1073 1809 1129 nul-

160 1157 373 1214 latenus
404 1163 599 1231 potest
628 1162 693 1213 ut
728 1163 837 1214 Deo
869 1165 927 1214 et
978 1166 1213 1233 peccato
1245 1163 1531 1218 vivamus.
1564 1162 1639 1218 Ut
1669 1178 1806 1235 ergo

157 1246 262 1302 Deo
285 1247 473 1303 vivere
495 1247 817 1319 possimus,
852 1254 1081 1321 oportet
1110 1251 1360 1322 peccatis
1386 1252 1807 1307 moriamur.Et

157 1334 256 1390 hoc
284 1340 370 1391 est
422 1337 582 1407 quod
633 1337 797 1403 dicit,
832 1338 1073 1393 viventes
1116 1347 1299 1395 autem
1329 1341 1434 1395 Deo
1482 1342 1541 1395 in
1590 1340 1807 1396 Christo

155 1424 287 1479 Iesu.
319 1426 382 1479 In
415 1424 630 1480 Christo
675 1425 819 1491 Iesu,
855 1425 911 1481 id
967 1430 1055 1482 est
1087 1443 1191 1498 per
1240 1429 1542 1484 Christum
1575 1429 1801 1497 Jesum,

158 1512 307 1583 quia,
338 1513 494 1569 sicut
526 1514 650 1585 ipse
680 1514 826 1569 dicit
850 1531 862 1570 :
891 1515 1057 1571 Nemo
1086 1518 1240 1571 novit
1267 1518 1415 1589 (217)
1439 1519 1665 1573 Patrem
1689 1519 1809 1573 nisi

154 1616 369 1672 pcrme.
422 1603 574 1671 (218)
619 1605 743 1657 Νοη
791 1620 922 1674 ergo
969 1615 1159 1673 regnet
1198 1614 1480 1677 peccatum
1528 1609 1591 1663 in
1632 1617 1807 1663 vestro

156 1691 372 1746 mortali
397 1706 642 1763 corpore.
675 1690 1012 1748 Notandum
1066 1695 1203 1766 quia
1238 1712 1353 1750 non
1405 1696 1507 1762 ait,
1561 1713 1675 1752 non
1708 1697 1804 1767 sit,

157 1778 250 1834 sed
282 1795 396 1835 non
429 1783 652 1852 regnet.
685 1781 959 1845 Quamdiu
1009 1781 1166 1837 enim
1196 1782 1255 1839 in
1288 1783 1397 1839 hac
1426 1785 1547 1840 vita
1577 1801 1807 1855 sumus,

155 1866 274 1924 sine
304 1873 542 1940 peccato
571 1884 702 1925 esse
734 1886 849 1925 non
882 1886 1222 1942 possumus.
1248 1874 1321 1927 At
1342 1874 1399 1928 in
1431 1873 1548 1929 illis
1580 1873 1804 1930 solum-

155 1957 322 2012 modo
352 1964 580 2029 regnat,
613 1957 738 2031 qui,
757 1959 899 2013 dum
927 1960 1370 2031 concupiscunt,
1393 1963 1808 2035 concupiscen-

151 2044 243 2101 tiis
302 2047 567 2119 praebent
610 2062 962 2115 assensum;
998 2050 1155 2104 unde
1207 2066 1341 2105 mox
1389 2052 1707 2107 subditur:
1742 2063 1804 2109 ut

150 2134 409 2191 obediatis
455 2139 922 2207 concupiscentiis
968 2138 1105 2209 ejus.
1168 2138 1410 2196 Mortale
1456 2157 1691 2214 corpus,
1744 2150 1809 2198 ut

151 2222 504 2295 quibusdam
556 2225 767 2296 placet,
816 2225 1155 2297 Apostolus,
1206 2244 1321 2283 non
1372 2233 1609 2301 propter
1655 2230 1806 2286 hanc

153 2326 523 2368 communem
566 2317 816 2369 mortem
871 2313 1210 2386 appellavit,
1243 2316 1345 2371 sed
1377 2322 1613 2388 propter
1642 2323 1805 2374 aeter-

154 2414 288 2455 nam
320 2401 761 2458 damnationem
787 2419 801 2470 ;
835 2403 936 2458 sed
969 2403 1040 2458 de
1070 2403 1179 2459 hac
1209 2408 1267 2459 et
1295 2405 1367 2460 de
1394 2404 1495 2461 illa
1525 2404 1672 2460 nihil
1704 2407 1807 2461 ob-

155 2490 269 2544 stat
298 2488 572 2563 intelligi.

224 2576 434 2650 Igitur,
467 2586 531 2633 ut
576 2579 905 2635 ostenderet
946 2580 1089 2651 quid
1120 2586 1276 2635 esset
1324 2597 1569 2653 regnare
1601 2599 1805 2655 pecca-

152 2670 301 2733 tum,
336 2667 565 2723 addidit
592 2684 605 2724 :
634 2668 739 2724 Sed
768 2685 943 2741 neque
991 2670 1304 2725 exhibeatis
1359 2671 1605 2727 membra
1629 2681 1807 2728 vestra

150 2771 306 2810 arma
368 2758 683 2827 iniquitatis
727 2766 964 2828 peccato.
1015 2758 1332 2814 Sciendum
1385 2760 1528 2831 quia
1571 2760 1806 2833 singula

148 2858 253 2898 sua
300 2843 525 2900 habent
570 2845 803 2910 ofﬁcia;
841 2846 1177 2919 quicunque
1225 2863 1362 2920 ergo
1409 2848 1504 2904 his
1535 2864 1804 2920 perverse

147 2932 349 2999 utitur,
384 2934 654 2989 membra
683 2951 792 2991 sua
835 2936 1070 2991 exhibet
1115 2952 1281 2991 arma
1309 2936 1639 3008 iniquitatis
1672 2954 1803 3010 pec-

147 3025 291 3088 cato,
323 3021 469 3093 quia
506 3023 651 3078 vires
684 3024 900 3094 praebet
948 3023 1205 3092 diabolo,
1236 3041 1353 3096 quo
1394 3025 1625 3081 facilius
1653 3026 1805 3081 occi-

145 3109 334 3166 datur.

208 3199 307 3255 Sed
332 3200 588 3257 exhibete
616 3217 709 3258 vos
741 3203 848 3258 Deo
896 3201 1293 3273 (subauditur,
1328 3202 1509 3273 vivos)
1540 3212 1805 3275 tanquam

140 3303 205 3344 ex
229 3291 467 3346 mortuis
498 3292 765 3355 viventes,
815 3290 871 3345 id
903 3294 1013 3357 est,
1045 3294 1331 3361 tanquam
1365 3308 1399 3345 a
1431 3293 1680 3361 mortuis
1711 3310 1801 3349 re-

141 3383 472 3451 surgentes.
532 3378 605 3433 Et
678 3382 769 3432 est
823 3394 1036 3432 sensus
1094 3394 1107 3431 :

143 3467 352 3522 mortui
387 3464 561 3531 estis,
593 3464 751 3520 ultra
779 3463 839 3519 in
879 3464 966 3519 eis
994 3464 1140 3520 velle
1180 3466 1371 3523 vivere
1403 3485 1517 3523 non
1550 3469 1796 3541 debetis,

141 3551 321 3611 instar
383 3568 615 3620 eorum,
649 3552 750 3624 qui
799 3554 1181 3609 resurrecturi
1230 3560 1389 3626 sunt,
1423 3556 1641 3629 quibus
1693 3575 1799 3614 nec

140 3658 301 3714 posse
332 3643 450 3699 erit
480 3657 739 3714 peccare.

140 3731 198 3786 Et
223 3732 478 3790 membra
524 3740 698 3788 vestra
728 3748 893 3787 arma
934 3733 1172 3803 justitiae
1202 3734 1327 3790 Deo.
1361 3735 1466 3800 Qui
1503 3736 1794 3792 membro-

140 3835 263 3876 rum
293 3836 547 3877 suorum
577 3820 787 3877 ofﬁciis
827 3821 1094 3876 ordinate
1148 3825 1358 3892 utitur,
1393 3824 1659 3881 membra
1689 3843 1797 3882 sua

140 3924 292 3966 arma
314 3908 567 3981 justitiae
599 3909 715 3965 Deo
765 3909 1024 3967 exhibet.
1056 3910 1224 3967 Verbi
1257 3913 1467 3984 gratia,
1502 3914 1550 3969 si
1583 3915 1653 3969 ad
1686 3915 1796 3972 hoc

138 4005 442 4055 versantur
489 3998 641 4054 oculi
695 3999 881 4054 nostri
929 3998 988 4053 in
1022 4000 1216 4073 capite
1267 4007 1330 4055 ut
1376 4003 1797 4074 concupiscant

138 4087 481 4159 rapiantque
512 4086 727 4153 aliena,
750 4103 915 4144 arma
939 4094 1081 4145 sunt
1109 4089 1343 4146 diabolo
1367 4107 1381 4158 ;
1414 4108 1444 4146 e
1475 4092 1790 4162 contrario,

140 4173 184 4229 si
213 4176 282 4231 ad
314 4176 425 4232 hoc
455 4180 773 4232 versantur
804 4182 868 4232 ut
899 4194 1015 4233 non
1067 4183 1517 4251 concupescant,
1552 4197 1657 4237 nec
1702 4199 1793 4237 ra-

140 4261 296 4333 piant
350 4263 568 4330 aliena,
614 4264 718 4320 sed
762 4281 873 4321 sua
928 4265 1068 4321 aliis
1117 4267 1495 4337 distribuant,
1529 4271 1795 4327 membra

140 4356 330 4408 nostra
357 4352 627 4424 gladium
675 4353 1021 4409 exhibemus
1063 4354 1201 4421 Deo,
1234 4373 1350 4428 quo
1400 4363 1458 4413 et
1488 4365 1792 4430 peccatum

140 4439 454 4508 occidatur,
472 4446 533 4497 et
554 4442 1098 4513 nosjustilicemur.
1123 4445 1286 4509 Quod
1310 4452 1549 4518 agentes
1569 4449 1792 4519 peccati

139 4526 460 4585 dominium
492 4529 768 4587 vitamus.
793 4529 958 4587 Unde
988 4547 1123 4587 mox
1153 4533 1430 4589 subditur
1457 4552 1469 4590 :
1503 4537 1795 4593 Peccatum

139 4619 279 4671 enim
306 4621 460 4675 vobis
490 4634 601 4673 non
623 4619 1044 4689 dominabitur;
1075 4636 1185 4675 non
1202 4624 1355 4676 enim
1381 4624 1481 4677 sub
1512 4624 1626 4695 tege
1645 4625 1790 4692 estis,

1835 2003 1882 2069 B

1913 718 2093 774 libere
2109 727 2166 775 et
2187 737 2388 776 secure
2416 736 2652 793 peccare
2676 718 2998 792 poterimus
3022 735 3036 772 :
3062 716 3309 788 ideoque
3330 717 3575 786 Aposto-

1916 806 2030 879 lus,
2064 810 2450 881 quaestionem
2506 809 2617 865 sibi
2667 824 3020 881 proponens,
3054 806 3137 861 ait
3170 821 3181 861 :
3218 803 3360 873 Quid
3408 803 3573 871 ergo?

1914 898 2290 969 (subauditur
2327 898 2615 970 dicemus)
2660 897 3026 966 percabimus,
3058 897 3204 968 quia
3248 910 3360 949 non
3387 907 3577 948 sumus

1916 988 2018 1042 sub
2046 987 2184 1055 lege,
2214 987 2307 1044 sed
2347 990 2443 1042 sub
2487 989 2717 1057 gratia?
2742 989 2820 1041 Ac
2868 986 2917 1040 si
2973 985 3189 1041 diceret
3222 999 3235 1038 :
3269 982 3396 1037 Non
3445 980 3574 1035 ideo

1916 1076 2118 1147 gratias
2153 1076 2401 1148 subjecti
2454 1076 2619 1144 estis,
2674 1080 2737 1130 ut
2783 1074 2965 1129 libere
3014 1072 3270 1146 peccetis
3322 1087 3335 1125 :
3387 1069 3575 1143 gratia

1916 1164 2095 1232 enim,
2120 1182 2247 1236 quas
2277 1181 2379 1220 vos
2410 1164 2694 1231 liberavit,
2720 1180 2837 1235 qua
2867 1163 3089 1218 ratione
3111 1178 3212 1216 vos
3245 1159 3397 1216 sinet
3427 1158 3572 1212 libe-

1917 1270 1977 1307 re
2012 1254 2294 1324 peccare?
2323 1254 2390 1307 Et
2428 1253 2536 1307 hoc
2583 1256 2672 1307 est
2718 1252 2871 1324 quod
2922 1251 3195 1322 sequitur
3227 1264 3242 1303 :
3276 1249 3444 1303 Absit.
3481 1247 3570 1311 Et,

1916 1342 2197 1413 quoniam
2230 1342 2427 1396 minus
2477 1342 2671 1397 adhuc
2702 1340 3165 1412 intelligenlibus
3197 1337 3571 1409 loquebatur,

1919 1429 2131 1500 adjecit
2163 1446 2175 1485 :
2210 1430 2441 1486 Nescitis
2472 1431 2732 1500 quoniam
2762 1428 2854 1483 cui
2876 1427 3147 1481 exhibetis
3176 1443 3268 1482 vos
3295 1441 3478 1480 servos
3504 1422 3575 1478 ad

1915 1518 2295 1587 obediendum,
2353 1519 2500 1574 servi
2550 1518 2684 1572 estis
2730 1519 2785 1572 ei
2826 1516 2917 1572 cui
2957 1515 3211 1571 obedistis
3261 1512 3460 1584 (219)?
3511 1512 3578 1565 Et

1916 1612 2007 1664 est
2036 1624 2246 1663 sensus
2270 1625 2284 1663 :
2307 1605 2453 1663 Vere
2483 1606 2645 1663 scitis
2669 1606 2809 1678 quia
2839 1622 2955 1660 non
2988 1604 3254 1669 alterius,
3289 1602 3390 1658 sed
3423 1601 3573 1671 ejus,

1918 1696 2010 1753 cui
2043 1696 2297 1763 servitis,
2330 1695 2479 1751 servi
2509 1695 2693 1751 eritis.
2723 1694 2888 1750 Unde
2912 1692 3195 1748 Dominus
3221 1691 3281 1745 in
3310 1691 3572 1761 Evange-

1917 1785 1994 1841 lio
2027 1802 2040 1840 :
2072 1785 2243 1841 Nemo
2273 1793 2444 1856 potest
2470 1785 2676 1840 duobus
2721 1784 2967 1839 dominis
3012 1782 3220 1836 servire
3248 1779 3458 1851 (Matth.
3491 1794 3572 1843 γι,

1916 1874 2027 1946 24).
2060 1875 2405 1946 Quicunque
2436 1888 2573 1945 ergo
2604 1876 2839 1944 peccato
2872 1869 3135 1927 serviunt
3166 1867 3389 1942 peccati
3420 1865 3570 1921 servi

1916 1962 2291 2031 efficiuntur;
2322 1968 2379 2018 et
2408 1962 2509 2034 qui
2541 1961 2780 2031 iustitiae
2811 1958 3155 2030 obediendo,
3189 1956 3337 2013 servi
3368 1954 3572 2011 obedi-

1916 2051 2094 2107 tionis
2124 2052 2477 2107 efficiuntur.
2506 2051 2669 2107 Unde
2703 2067 2838 2106 mox
2867 2049 3135 2122 sequitur
3167 2066 3180 2103 :
3220 2046 3340 2102 Sive
3363 2045 3576 2117 peccati

1917 2141 1980 2196 in
2028 2144 2260 2196 mortem
2310 2141 2483 2209 (220),
2522 2141 2635 2195 sive
2682 2139 3011 2194 obeditionis
3063 2136 3134 2191 ad
3171 2134 3473 2208 justitiam.
3505 2133 3576 2187 Et

1918 2233 2051 2301 apte
2082 2229 2225 2284 dicit
2256 2245 2268 2282 :
2302 2230 2417 2283 sive
2439 2229 2655 2300 peccati
2683 2229 2744 2282 in
2774 2235 3027 2292 mortem,
3052 2224 3334 2297 quoniam
3367 2235 3572 2294 pecca-

1918 2321 2045 2372 tum
2096 2321 2572 2372 consummatum
2624 2316 2837 2387 mergit
2883 2315 2941 2370 in
2996 2317 3265 2369 mortem.
3327 2309 3575 2365 Pulchre

1918 2406 2095 2461 etiam
2141 2406 2390 2461 subdit:
2438 2406 2563 2461 Sive
2608 2404 2933 2461 obeditionis
2983 2402 3054 2458 ad
3092 2402 3397 2474 justitiam,
3432 2398 3573 2471 quia

1917 2493 2253 2566 quicunque
2284 2493 2501 2549 divinis
2524 2493 2827 2565 prmeeptis
2856 2490 3139 2547 obediunt
3152 2488 3448 2561 justitiam
3481 2501 3572 2541 ac-

1915 2583 2181 2655 quirunt,
2216 2582 2494 2656 quoniam
2520 2581 2836 2653 justificari
2872 2583 3190 2635 merentur.

1987 2672 2311 2744 Sequitur:
2346 2671 2564 2727 Gratias
2610 2680 2795 2726 autem
2848 2670 2972 2737 Deo,
3003 2668 3143 2741 quod
3190 2667 3379 2738 fuistis
3427 2666 3573 2720 servi

1910 2763 2145 2834 peccati,
2177 2762 2433 2817 obedistis
2461 2770 2648 2816 autem
2694 2776 2765 2815 ex
2792 2759 2975 2823 corde,
3007 2763 3116 2813 etc.
3149 2757 3295 2812 Nota
3324 2758 3570 2827 Aposto-

1916 2849 2041 2904 lum
2071 2867 2185 2905 non
2216 2849 2345 2905 ideo
2376 2848 2595 2921 gratias
2626 2863 2797 2920 agere
2829 2847 2984 2919 quod
3016 2846 3166 2901 servi
3200 2842 3418 2917 peccati
3447 2843 3568 2897 fue-

1914 2939 2052 3006 rint,
2086 2939 2185 2995 sed
2237 2938 2377 3011 quia
2407 2945 2609 3010 postea
2653 2936 3002 2992 obedierint.
3036 2936 3115 2989 Ex
3163 2935 3335 2989 corde
3372 2936 3567 2987 autem

1913 3027 2076 3098 dicit,
2105 3032 2341 3100 propter
2371 3028 2624 3082 filiorum
2648 3026 2997 3098 dignitatem
3023 3040 3037 3091 ;
3071 3022 3239 3078 aliter
3265 3021 3419 3076 enim
3455 3037 3573 3075 ser-

1912 3131 2049 3177 vus;
2075 3115 2240 3170 aliter
2262 3115 2692 3180 mercenarius;
2717 3112 3085 3178 aliteriilius;
3109 3127 3312 3166 servus
3332 3110 3567 3175 timore,

1914 3204 2311 3260 mercenarius
2331 3203 2527 3259 studio
2552 3200 3022 3272 mercedis,filius
3043 3216 3175 3255 vero
3199 3198 3324 3254 solo
3346 3208 3563 3255 amere.

1917 3293 1986 3347 Hi
2011 3308 2149 3365 ergo
2182 3308 2251 3348 ex
2280 3292 2453 3347 corde
2470 3290 3133 3362 obedierunt,quoniam
3164 3288 3270 3343 filii
3306 3288 3403 3365 Dei
3429 3287 3567 3342 facti

1171 3380 1269 3448 qui
1329 3380 1511 3435 semel
1564 3387 1799 3452 peccato
1830 3369 1872 3435 C
1912 3387 2069 3438 sunt.
2090 3364 2265 3452 Saepe
2296 3379 2513 3435 etenim
2535 3380 2964 3451 Deus,propter
2990 3378 3285 3433 interioris
3312 3364 3571 3432 boininis

1909 3469 2207 3535 affectum;
2240 3468 2490 3539 suscipit
2534 3484 2752 3523 munus
2800 3467 3105 3522 exterioris
3135 3483 3148 3533 ;
3182 3465 3342 3537 quod
3380 3464 3570 3519 mani-

1908 3556 2158 3613 festatur
2187 3557 2247 3612 in
2269 3556 2416 3612 libro
2439 3556 2705 3627 Genesis,
2728 3556 2829 3610 ubi
2860 3554 3075 3627 legitur
3104 3570 3118 3609 :
3155 3554 3413 3625 Respexit
3434 3553 3573 3608 Deus

1905 3646 2057 3717 Abel,
2089 3649 2141 3702 et
2170 3646 2241 3702 ad
2268 3662 2507 3701 munera
2550 3649 2674 3716 ejus
2704 3644 2859 3716 (Gen.
2895 3660 2971 3710 ιν,
3004 3644 3079 3713 4).
3113 3643 3198 3698 Ad
3231 3641 3371 3698 Abel
3404 3641 3568 3712 dicit,

1905 3735 1964 3791 id
1995 3742 2103 3802 est,
2135 3736 2207 3791 ad
2238 3735 2623 3791 intentionem
2653 3733 2820 3789 Abel.

1977 3826 2063 3879 Ad
2099 3824 2240 3895 quid
2272 3828 2468 3880 autem
2509 3822 2837 3879 obedierint
2862 3821 3143 3893 aperitur,
3176 3837 3310 3876 cum
3360 3820 3563 3875 subdi-

1905 3918 2004 3969 tur
2035 3929 2048 3967 :
2085 3915 2144 3969 In
2174 3914 2301 3969 eam
2340 3915 2581 3985 formam
2628 3912 2914 3977 doctrinae,
2943 3912 3003 3966 in
3050 3926 3160 3982 qua
3190 3910 3339 3981 (221)
3369 3908 3566 3964 traditi

1904 4004 2035 4058 estis
2068 4002 2580 4074 [subintelligitur,
2611 4001 2773 4071 Deo].
2810 4000 3080 4056 Formam
3114 3996 3391 4054 doctrinas
3422 3997 3563 4052 dicit

1905 4091 2239 4163 exemplum
2273 4089 2565 4162 Evangelii
2599 4106 2613 4145 :
2648 4105 2764 4161 quo
2796 4089 2951 4145 dicto
2982 4087 3241 4144 ostendit
3271 4087 3567 4142 Romanos

1894 4180 2069 4251 juxta
2098 4180 2226 4251 ejus
2252 4179 2587 4251 exemplum
2633 4177 2876 4233 Domino
2906 4177 3177 4233 obedisse
3207 4176 3267 4231 in
3302 4191 3420 4248 qua
3447 4175 3568 4230 for-

1904 4285 2001 4324 ma
2036 4270 2147 4325 Deo
2180 4268 2376 4323 traditi
2411 4275 2569 4330 sunt,
2613 4267 2752 4339 quia
2780 4266 2910 4337 ejus
2942 4265 3044 4321 lilii
3078 4266 3287 4321 effecti.

1974 4357 2218 4413 Liberati
2245 4364 2429 4412 autem
2458 4372 2493 4410 a
2537 4360 2775 4427 peccato.
2807 4353 3178 4427 Singularem
3211 4368 3315 4425 pro
3349 4351 3564 4424 plurali

1906 4446 2142 4518 posuit;
2175 4447 2332 4501 unde
2379 4443 2858 4500 subaudiendum
2888 4447 3000 4506 est,
3029 4441 3209 4497 omni.
3244 4440 3403 4495 Servi
3426 4441 3564 4510 [acti

1904 4537 2036 4591 estis
2070 4535 2332 4604 justitiae.
2384 4532 2631 4587 iustitiae
2681 4531 2844 4596 dicit,
2892 4530 2949 4584 id
3000 4534 3110 4594 est,
3143 4526 3372 4585 Domini
3418 4532 3558 4583 Jesu

1904 4623 2119 4679 Christi
2151 4621 2252 4693 qui
2282 4627 2373 4677 est
2414 4619 2650 4690 justitia
2693 4618 2904 4687 Patris,
2939 4617 3326 4689 omniumque
3371 4617 3559 4672 virtu-

140 4705 225 4800 fcd
250 4708 351 4800 sub
377 4709 595 4779 gratia,
627 4707 686 4762 id
733 4715 843 4774 est,
878 4724 994 4763 non
1044 4709 1185 4764 estis
1236 4710 1483 4782 parvuli,
1518 4713 1620 4768 sed
1661 4731 1793 4786 per-
1825 4735 1874 4800 D
1909 4716 2035 4767 tum
2065 4728 2192 4783 quas
2222 4710 2281 4765 in
2312 4711 2441 4800 ipso
2471 4708 2950 4800 interpretantur.

140 4791 285 4849 fecti.
317 4797 437 4852 Sub
457 4796 588 4869 lege
618 4798 879 4868 suntqui
911 4796 1099 4870 legem
1126 4799 1441 4856 carnaliter
1458 4805 1517 4856 et
1548 4802 1798 4875 implent

145 4886 197 4936 et
222 4882 564 4959 intelligunt
590 4902 604 4953 ;
639 4886 750 4941 sub
782 4886 971 4958 gratia
997 4902 1153 4955 vero,
1189 4887 1289 4960 qui
1321 4890 1526 4945 eadem
1556 4891 1791 4962 spirita-

141 4966 266 5027 liter
292 4978 349 5029 et
396 4973 742 5046 intelligunt
791 4978 847 5028 et
894 4974 1160 5047 implent.
1194 4978 1275 5031 Ac
1318 4993 1421 5048 per
1467 4977 1576 5033 hoc
1622 4979 1798 5053 datur

144 5056 379 5135 intelligi
413 5063 561 5137 quia
611 5062 785 5118 multi
843 5068 985 5119 sunt
1032 5063 1091 5118 in
1143 5063 1270 5137 lege
1298 5066 1400 5137 qui
1450 5068 1559 5123 sub
1608 5071 1798 5141 gratia

144 5148 355 5219 vivunt,
385 5157 445 5208 et
485 5151 544 5206 in
565 5151 777 5225 gratia,
800 5151 901 5223 qui
930 5152 1040 5207 sub
1080 5150 1207 5225 lege
1246 5153 1468 5210 vivunt.
1492 5158 1600 5212 Sed
1635 5163 1795 5229 pote-

146 5243 268 5294 rant
285 5240 587 5314 simplices
608 5245 665 5295 et
687 5240 886 5296 minus
904 5239 1304 5313 intelligentes
1325 5244 1397 5298 ad
1417 5244 1539 5301 haec
1560 5262 1802 5319 respon-

148 5324 307 5385 dere:
332 5330 391 5386 Si
422 5346 544 5386 non
574 5345 784 5386 sumus
802 5330 913 5385 sub
945 5328 1091 5403 lege,
1126 5330 1229 5386 sed
1260 5331 1372 5386 sub
1402 5333 1613 5404 gratia,
1656 5335 1797 5407 quia

212 5521 725 5609 (217)“In‘autogr.
758 5525 844 5581 sic
893 5524 1130 5609 legitur,
1156 5542 1326 5609 nemo
1375 5528 1529 5609 novit
1559 5529 1633 5586 ad
1677 5532 1789 5588 Pa-

150 5597 294 5650 trem.
344 5598 613 5676 Fortasse
641 5597 818 5676 nemo
847 5597 1209 5676 veninjuxta
1259 5597 1406 5676 illud
1458 5600 1627 5657 Joan.
1661 5619 1788 5676 cap.

153 5678 255 5741 xxv,
282 5683 336 5741 (ν.
366 5671 401 5721 6
433 5688 445 5726 :
476 5671 641 5725 Nemo
670 5672 820 5725 venit
848 5670 922 5725 ad
944 5671 1174 5725 Patrem
1202 5671 1317 5724 nisi
1339 5686 1439 5741 per
1464 5689 1571 5729 me.

212 5738 353 5814 (5318)
378 5742 447 5814 in
480 5747 680 5814 autog.
714 5757 899 5813 marg.
935 5741 1056 5798 XVI
1085 5766 1100 5809 ;
1131 5758 1260 5814 cap.
1295 5738 1492 5799 autem
1526 5744 1621 5799 XV
1655 5746 1785 5803 nul-

151 5804 244 5864 libi
270 5804 628 5886 designatur;

1982 4801 2295 4855 Humanum
2320 4798 2440 4853 dico
2467 4805 2689 4870 propter
2715 4797 3101 4867 inﬁrmitatem
3127 4798 3313 4851 carnis
3340 4804 3560 4853 vestrae.

1909 4890 2061 4961 (222)
2095 4888 2214 4944 Hoc
2248 4888 2372 4943 loco
2403 4901 2687 4959 magnum
2739 4887 2866 4941 suis
2896 4884 3266 4941 auditoribus
3316 4883 3565 4940 incussit

1907 4979 2213 5052 pudorem.
2239 4977 2386 5043 Quid
2409 4992 2543 5031 vero
2575 4975 2652 5030 sit
2671 4975 2781 5031 hoc
2803 4974 3137 5040 manifesta,
3153 4973 3556 5044 subjungens:

1907 5066 2061 5125 Sicut
2091 5067 2417 5123 exhibuistis
2444 5066 2692 5121 membra
2720 5072 2923 5130 vestra,
2959 5067 3065 5117 etc.
3099 5067 3182 5116 Ac
3212 5061 3260 5117 si
3292 5062 3513 5118 diceret
3545 5078 3560 5119 :

1907 5157 2057 5222 Quid
2087 5156 2431 5226 humanius,
2465 5154 2607 5227 quid
2641 5152 2845 5220 levius,
2869 5166 3046 5223 quam
3081 5155 3166 5218 ut,
3188 5150 3344 5206 sicut
3363 5151 3562 5207 fuistis

1905 5246 2162 5319 prompti
2185 5245 2256 5302 ad
2281 5244 2524 5313 malum,
2548 5243 2629 5298 ita
2647 5242 2776 5297 sitia
2800 5242 2871 5296 ad
2897 5242 3115 5296 bonum
3131 5240 3160 5295 7
3182 5241 3301 5313 Ego
3322 5240 3561 5311 quidem

1905 5335 2092 5392 multo
2114 5339 2342 5407 majora
2361 5351 2396 5390 a
2414 5333 2579 5389 vobis
2600 5331 2828 5403 exigere
2849 5329 3110 5398 debui,et
3127 5347 3230 5387 vos
3243 5330 3563 5402 promptio-

1997 5532 2126 5602 219)
2155 5528 2330 5603 vuig.
2359 5528 2611 5603 obeditis.

1995 5604 2121 5673 220)
2153 5601 2328 5674 Vulg.
2361 5602 2431 5657 ad
2460 5605 2716 5656 mortem.

1995 5678 2121 5745 221)
2150 5673 2320 5745 Vulg.
2358 5677 2417 5729 in
2446 5691 2636 5745 quam.

1972 5739 2119 5817 (222)
2154 5747 2214 5802 In
2249 5739 2466 5818 a'utogf
2484 5746 2787 5817 signatum
2814 5742 3108 5798 invenitur
3135 5743 3289 5797 Dom.
3315 5739 3429 5795 VIII
3441 5740 3561 5809 post

1898 5823 2054 5876 Pent.
