3924 6386
182 394 291 449 965

930 532 1065 588 νηί.

254 626 479 668 JOANNIS
507 631 601 668 XIII
634 633 980 674 PRIVILEGIL’M
1018 639 1116 676 PRO
1141 641 1475 684 MONASTERIO
1508 647 1731 687 DOLENSI

664 706 922 744 DUEGESIS
954 710 1331 751 IIITURIGKNSIS.

819 787 999 847 (Anno
1032 787 1175 854 968.}

363 869 582 923 Dolens:
614 878 938 929 monasterio
972 881 1319 947 privilegium
1369 886 1624 940 concedit.

260 956 439 1027 [Apud
474 961 533 1014 D.
570 963 825 1027 Bououar
877 970 1111 1049 Recuet'l,
1137 978 1270 1027 tom.
1316 974 1402 1039 IX,
1432 993 1555 1051 pag.
1587 979 1732 1051 236.]

250 1066 495 1123 Josssas
529 1072 1042 1143 episcopusjservus
1074 1096 1355 1137 servorum
1388 1086 1504 1151 Dei,
1550 1090 1808 1163 religioso

181 1157 370 1212 abbati
406 1161 740 1221 RAMNULPHO
772 1167 1025 1224 Dolensis
1054 1174 1295 1229 cmuobii
1338 1176 1392 1231 in
1439 1181 1650 1237 honore
1682 1201 1807 1237 san-

179 1255 281 1303 ctae
310 1252 602 1323 genitricis
650 1256 827 1311 Maria:
855 1269 908 1314 et
940 1261 1222 1317 beatorum
1254 1270 1627 1335 apostolorum
1662 1273 1805 1328 Petri

178 1345 234 1391 et
278 1338 436 1394 Pauli
462 1346 781 1411 constructi,
813 1348 1047 1421 ejusque
1077 1356 1494 1412 successoribus
1524 1358 1580 1413 in
1613 1376 1805 1431 perpe-

178 1435 358 1481 tuum.

250 1520 586 1589 Apostolica:
621 1524 983 1581 moderamini
1025 1530 1190 1584 totius
1223 1533 1479 1587 Et‘t‘lesiu'
1501 1554 1629 1591 cura
1651 1554 1802 1593 com-

177 1609 347 1664 missa
387 1619 491 1678 est,
522 1622 576 1667 et
616 1614 821 1670 idcirco
861 1618 1111 1689 quisquis
1164 1622 1348 1676 divina
1388 1626 1803 1695 dispensatione

178 1701 234 1754 iu
266 1713 461 1758 sancta
489 1705 735 1761 Romana
760 1712 892 1763 sede
924 1715 1191 1778 succedit,
1217 1733 1446 1771 necesse
1486 1729 1569 1775 cst
1602 1730 1659 1775 ut
1682 1724 1802 1776 ubi-

177 1805 403 1861 cunque
438 1795 705 1862 possibile
737 1797 920 1863 fuerit,
949 1801 1236 1856 utilitatem
1268 1804 1515 1872 ejusdem
1551 1809 1801 1864 Ecclesize

180 1888 461 1946 procuret.
485 1882 828 1954 QuaprOpter
850 1891 1243 1945 monasterium
1278 1896 1617 1966 praedictum,
1650 1902 1799 1969 quod

182 1968 336 2025 Ebbo
364 1972 470 2041 piae
503 1977 781 2030 memoriae
811 1979 1122 2051 aedificavit,
1154 1984 1226 2038 ita
1254 1993 1312 2039 ut
1342 1990 1799 2056 aprzedecessore

175 2067 368 2114 nostro
418 2077 519 2130 per
563 2065 946 2121 auctoritatem
980 2070 1255 2146 privilegii
1287 2076 1554 2131 sancitum
1588 2088 1692 2146 est,
1726 2081 1796 2134 li-

172 2148 371 2205 berum
399 2153 470 2206 ab
502 2156 655 2208 omni
679 2157 1058 2215 dominatione
1090 2165 1490 2240 cujuscumque
1524 2188 1795 2243 personae,

171 2252 266 2296 aut
324 2244 472 2316 regis
523 2247 781 2303 videlicet
830 2260 925 2306 aut
964 2255 1231 2327 episcopi,
1275 2268 1365 2314 aut
1411 2264 1669 2335 filiorum,
1711 2270 1796 2324 vel

172 2330 433 2401 filiarum,
467 2337 553 2391 vel
586 2340 1021 2412 propinquorum
1054 2346 1228 2416 ipsius
1262 2350 1504 2407 Ebbonis
1532 2330 1667 2411 esset
1697 2360 1798 2413 de-

170 2423 473 2490 cernimus,
502 2437 556 2479 et
580 2443 668 2481 res
693 2444 888 2484 omnes
917 2450 1053 2503 quas
1080 2438 1166 2490 vel
1196 2454 1342 2495 nunc
1368 2442 1573 2499 habere
1600 2447 1795 2502 viden-

171 2524 262 2569 tur
308 2518 591 2583 monachi,
632 2520 719 2573 vel
776 2522 1043 2595 deinceps
1096 2527 1298 2584 ibidem
1340 2534 1552 2590 collata:
1592 2537 1796 2595 fuerint

170 2605 292 2660 sine
352 2608 467 2662 ulla
525 2611 961 2668 contradictione
1041 2619 1385 2686 possideant.
1449 2625 1793 2684 Vodillonem

168 2710 397 2766 quoque
420 2697 605 2751 villam
627 2714 750 2753 cum
790 2702 905 2756 suis
935 2707 1300 2777 appendiciis,
1338 2728 1369 2765 a
1408 2713 1646 2771 Gerardo
1684 2736 1791 2774 no-

167 2785 264 2841 bili
298 2788 422 2843 viro
451 2790 727 2859 collatam,
769 2792 950 2848 eidem
991 2796 1112 2853 loco
1155 2799 1411 2858 similiter
1438 2807 1678 2864 attribuo
1706 2814 1791 2866 vel

166 2882 458 2939 confirmo.
495 2884 765 2957 Capellam
794 2891 959 2945 etiam
990 2896 1165 2949 sancti
1195 2896 1471 2971 Germani,
1501 2903 1789 2959 ecclesiam

170 2991 397 3048 quoque
430 2987 633 3033 sancta:
656 2979 855 3050 Mariae,
889 3000 991 3039 nec
1035 3001 1147 3041 non
1177 2990 1349 3044 sancti
1382 2992 1647 3066 Dionysii,
1676 3015 1792 3053 ma-

165 3070 394 3127 suilium
426 3072 589 3127 etiam
618 3074 674 3128 in
695 3076 901 3133 honore
928 3081 1102 3135 sancti
1122 3081 1437 3154 Salvatoris,
1466 3097 1621 3159 prata
1643 3108 1790 3163 quo-

167 3177 274 3230 que
303 3161 358 3214 in
396 3162 605 3217 honore
628 3166 801 3221 sancti
826 3168 1025 3235 Boniti,
1057 3171 1208 3225 oleas
1229 3173 1471 3246 denique
1501 3179 1555 3231 in
1580 3180 1790 3238 honore

166 3250 340 3305 sancti
376 3250 623 3322 Sulpitii,
668 3255 934 3324 capellam
986 3258 1346 3317 nihilominus
1365 3264 1522 3331 juxta
1552 3275 1789 3324 castrum

163 3342 313 3398 Dolis
345 3361 377 3398 a
409 3345 721 3403 Britonibus
748 3358 1139 3422 constructam,
1174 3365 1297 3426 post
1329 3358 1543 3414 illorum
1577 3362 1789 3419 disces-

163 3448 284 3486 sum
326 3434 704 3492 attribuimus.
751 3439 1027 3510 Capellam
1059 3459 1303 3516 quoque
1344 3447 1526 3504 Sancti
1576 3451 1787 3507 Martini

166 3522 306 3578 infra
338 3526 810 3596 Castrumfortem,
842 3531 1005 3586 etiam
1039 3534 1326 3589 ecclesiam
1357 3537 1412 3590 in
1440 3540 1585 3614 pago
1612 3542 1791 3599 Picta-

162 3615 362 3684 viensi,
415 3620 621 3675 salinas
670 3638 893 3694 quoque
951 3624 1007 3678 in
1063 3641 1203 3700 pago
1257 3629 1517 3697 Alnensi;
1568 3634 1787 3690 alodum

162 3704 329 3759 etiam
359 3705 711 3762 Lavariacum
742 3725 867 3764 cum
898 3711 1082 3767 Monte
1111 3714 1349 3784 Futario,
1377 3734 1502 3773 cum
1530 3723 1790 3778 omnibus

161 3795 329 3850 rebus
381 3813 520 3869 quas
547 3798 637 3853 vel
688 3815 837 3855 nunc
885 3802 1116 3872 habent,
1161 3807 1245 3862 vel
1309 3809 1575 3882 deinceps
1618 3813 1786 3870 iidem

156 3890 417 3945 monachi
456 3891 698 3947 habituri
740 3902 888 3961 sunt,
946 3903 1006 3950 ut
1033 3897 1145 3967 jam
1179 3898 1440 3970 diximus,
1475 3904 1581 3958 sibi
1613 3908 1786 3976 perti-

158 3982 447 4049 nentibus,
478 3983 554 4039 ita
582 3983 690 4038 sibi
721 3985 1027 4052 vindicent,
1060 3997 1120 4044 ut
1151 3990 1359 4047 nullius
1388 3997 1617 4052 omnino
1650 3999 1786 4054 sub-

153 4070 437 4141 iiciantur,
480 4075 585 4130 nisi
608 4075 868 4134 Romanae
900 4079 1042 4147 sedi,
1065 4081 1207 4137 sicut
1238 4083 1295 4137 in
1317 4088 1579 4156 praedicto
1613 4098 1784 4147 testa-

160 4170 346 4219 mento
379 4163 594 4235 praefati
622 4165 867 4223 Ebbonis
911 4170 1243 4227 continetur.
1280 4174 1391 4231 Hoc
1412 4193 1543 4252 ergo
1576 4197 1677 4236 nos
1699 4183 1785 4237 in-

160 4265 403 4327 tuentes,
459 4261 682 4316 easdem
732 4278 842 4330 res,
902 4282 1026 4337 qua:
1074 4267 1330 4342 legaliter
1379 4277 1782 4345 conceduntur,

159 4349 339 4405 eidem
376 4351 632 4407 caanobio
659 4370 760 4425 per
796 4364 1040 4411 nostram
1074 4361 1433 4429 apostolicam
1484 4371 1788 4427 auctorita-

158 4444 265 4494 tem
320 4440 733 4499 conﬁrmamus.
791 4446 1055 4503 Abbatem
1121 4466 1251 4507 vero
1303 4458 1672 4515 communiter
1726 4471 1782 4519 et

156 4532 487 4604 regulariter
557 4535 835 4592 viventem
901 4540 1021 4594 sine
1094 4541 1260 4599 ullius
1316 4550 1776 4621 contradictione,

159 4634 550 4693 quemcunque
581 4623 651 4680 de
699 4626 835 4696 ipsis
858 4629 1063 4684 saniori
1097 4631 1327 4689 consilio
1360 4635 1637 4709 eligerint,
1670 4643 1776 4698 sibi

158 4713 481 4782 praeﬁciam.
508 4717 659 4782 Quod
683 4721 726 4774 si
748 4721 949 4793 aliquis
980 4742 1080 4795 per
1096 4743 1297 4783 munus
1316 4738 1409 4785 aut
1437 4749 1534 4802 per
1553 4735 1776 4795 inanem

155 4804 410 4875 gloriam,
462 4812 966 4882 consentientibus,
1040 4820 1190 4889 quod
1246 4821 1406 4889 absit,
1466 4830 1775 4898 monachis,

157 4890 401 4964 irrepere
425 4900 734 4965 tentaverit,
770 4903 917 4957 hunc
945 4906 1107 4960 talem
1131 4908 1303 4963 veluti
1333 4910 1508 4966 furem
1533 4925 1587 4969 et
1610 4917 1779 4974 latro-

156 4995 275 5035 nem
310 4999 414 5054 per
438 4988 797 5054 apostolicum
847 4994 1197 5049 interdictum
1253 5000 1647 5070 prohibemus;
1681 5009 1778 5062 sed

157 5075 222 5129 ab
265 5077 407 5148 ipsis
454 5083 727 5150 personis,
756 5086 960 5155 quibus
1000 5088 1191 5144 beatus
1220 5091 1554 5152 Benedictus
1594 5100 1649 5153 in
1679 5102 1782 5158 hac

160 5183 214 5222 re
251 5177 583 5240 potestatem
642 5176 855 5243 tribuit,
896 5180 1059 5234 talem
1100 5182 1228 5255 eligi
1260 5188 1634 5257 praecipimus,
1685 5195 1778 5264 qui

166 5260 350 5317 domui
407 5264 502 5319 Dei
534 5266 676 5321 bene
709 5285 948 5339 praeesse
997 5274 1238 5341 studeat,
1280 5286 1353 5343 et,
1401 5279 1548 5337 sicut
1576 5260 1781 5340 dictum

161 5360 262 5419 est,
323 5358 690 5414 communiter
716 5361 882 5429 vivat,
931 5373 984 5419 et
1036 5365 1295 5423 fratribus
1338 5383 1501 5441 prout
1540 5379 1783 5444 potuerit

165 5446 429 5512 prodesse
459 5450 636 5524 magis
660 5468 824 5523 quam
854 5470 1092 5525 praeesse
1117 5461 1353 5516 studeat.
1383 5463 1780 5524 constituimus

165 5540 324 5596 etiam
359 5544 541 5599 eidem
565 5549 817 5604 caznobio
845 5552 1134 5608 ecclesiam
1165 5557 1347 5614 Sancti
1383 5562 1602 5618 Lusoris
1619 5583 1780 5637 quam

167 5629 331 5687 iidem
365 5637 622 5692 monachi
656 5639 783 5695 dato
809 5643 985 5711 pretio
1012 5661 1043 5699 a
1074 5645 1247 5700 nobili
1280 5647 1396 5703 viro
1423 5650 1647 5707 Simone
1686 5671 1786 5724 per

168 5722 520 5800 clurOgi-aphi
567 5736 956 5786 testamentum
1012 5748 1501 5807 comparaverunt,
1550 5749 1609 5798 ut
1647 5744 1783 5800 nihil

169 5806 276 5871 illis
302 5815 547 5883 amplius
594 5818 908 5887 requiratur
947 5823 1054 5876 nisi
1086 5806 1281 5881 decem
1309 5829 1611 5888 solidorum
1644 5848 1783 5889 cen-

1455 413 1789 470 EPISTOLzE
1832 418 1907 473 ET
1945 420 2111 477 Ι)Εοιῖ
2121 424 2236 479 ΕΤΑ

3421 466 3525 519 966

1830 553 1880 617 Α
1910 565 2019 605 sus.
2058 551 2381 627 Quicunque
2411 576 2541 619 vero
2572 571 2834 637 praedicto
2864 589 3201 646 monasterio
3231 592 3284 647 in
3317 612 3522 672 augen-

1911 637 1995 672 Αἶα
2025 641 2183 672 ..ομ-η.
2224 646 2306 672 ..ιιι
2360 651 2480 672 un,
2503 653 2539 672 2,
2709 661 2741 672 ..

1911 637 1997 692 dis
2025 641 2187 696 rebus
2224 646 2309 699 vel
2360 651 2624 725 religione
2655 661 2935 729 adjutores
2980 676 3309 749 exstiterint,
3371 637 3529 745 (ξιινὶ-

1910 737 2053 783 stum
2087 731 2374 792 Dominum
2423 747 2476 795 et
2505 753 2748 803 sanctam
2794 754 2914 821 ejus
2969 731 3309 824 Genitricem,
3356 782 3525 848 atque

1912 817 2101 848 hanc..-
2136 829 2373 848 -_.._.-‘_
2613 838 2621 847 .
2705 841 2715 848 .
2852 846 2860 848 ξ

1912 817 2104 875 beatos
2134 829 2507 895 apostolorum
2542 838 2822 910 principes
2850 846 3054 906 habere
3083 817 3525 921 mereanturad-

1904 907 2136 975 jutores.
2172 912 2219 967 Ε
2256 926 2449 973 contra
2488 934 2672 981 autem
2725 933 3044 1009 quicunque
3102 950 3379 1005 temerarii
3435 957 3520 1010 vel

1911 997 2149 1054 audaces
2180 1011 2571 1068 monasterium
2604 1027 2695 1072 aut
2738 1020 2949 1094 fratres,
2981 1032 3096 1087 sive
3124 1040 3401 1105 quaslibet
3435 1062 3522 1100 res

1910 1087 1979 1140 ad
2007 1104 2103 1152 eos
2133 1095 2477 1161 pertinentes
2507 1102 2708 1162 laedere
2738 1120 2832 1167 aut
2864 1087 3524 1204 usurpare'prtesumpse-

1911 1181 2041 1250 rint,
2076 1186 2201 1304 illos
2230 1209 2328 1262 per
2365 1202 2721 1267 apostolicam
2756 1181 3077 1278 potestatem
3108 1181 3267 1278 nobis
3308 1181 3519 1304 perrip-

1909 1287 2001 1326 sos
2029 1290 2060 1328 a
2098 1276 2210 1333 Deo
2241 1296 2559 1343 concessam
2593 1293 2696 1347 sub
2724 1300 3090 1362 anathemalis
3136 1276 3380 1385 vinculo,
3414 1276 3518 1377 nisi

3198 1365 3380 1385 ,--_--,
3414 1365 3512 1377 ...ω

1909 1365 2263 1439 resipuerint,
2308 1392 2484 1449 usque
2525 1382 2578 1438 in
2628 1387 2775 1443 diem
2806 1391 3001 1458 judicii
3032 1401 3361 1477 obligamus.
3400 1412 3512 1467 0b—

1905 1460 2255 1518 servantibus
2312 1467 2430 1524 haec
2468 1476 2643 1546 gratia
2682 1490 2737 1535 et
2785 1501 2886 1553 pax
2937 1460 3520 1572 Christiumultiplice-

1908 1552 2017 1612 tur,
2040 1557 2145 1605 etc.

1978 1636 2249 1711 Scriptum
2298 1665 2399 1719 per
2456 1670 2677 1713 manum
2739 1663 3012 1725 Theodori
3062 1680 3261 1734 notarii

3315 1695 3517 1743 sancta:

1910 1725 2166 1786 Romanae
2221 1734 2495 1797 Ecclesiw.
2551 1746 2607 1801 in
2662 1765 2852 1809 mense
2893 1757 3161 1834 Januarii,

3214 1769 3519 1831 indictione

1830 1842 1879 1909 Β
1907 1819 2218 1878 undecima.

1898 2012 2120 2055 JOANNIS
2170 2020 2317 2062 ΡΑΡΕ
2367 2012 2462 2066 XIII
2513 2030 2680 2073 BULLA
2719 2039 2788 2077 AD
2820 2042 3168 2088 ADALBERTUM
3210 2054 3516 2099 MAGDEBUII-

2365 2098 2567 2140 GENSEM
2587 2106 3069 2156 ARCHIEPISCOPUMV

2529 2180 2705 2251 (Anno
2737 2188 2840 2243 968
2868 2192 2881 2257 )

1901 2259 2199 2367 Primatttm
2232 2268 2317 2321 illi
2344 2271 2485 2324 inter
2512 2281 2785 2334 universos
2813 2284 3128 2355 Germanice,
3152 2299 3430 2367 praesules,
3466 2309 3514 2356 et

1972 2347 2122 2367 mrlllll
2150 2352 2225 2367 Arn
2261 2356 2373 2367 an.“
2402 2348 2540 2367 -.μὲμη
2570 2363 2610 2367 ,η
2630 2352 2681 2367 ’κ
2721 2353 2754 2367 n
2804 2354 2862 2367 ιι.
2940 2359 2952 2367 -

1969 2336 2227 2401 aequalem
2258 2356 2375 2394 cum
2396 2348 2685 2411 primariis
2715 2336 2907 2409 Galliae
2932 2336 3182 2417 honoret);
3211 2336 3505 2426 constitui:

2363 2449 2574 2522 [Massa
2603 2459 2782 2514 Concil
2820 2462 3053 2537 XIX,5.]

1966 2552 2204 2613 Josnass
2230 2563 2546 2637 episcopus,
2575 2588 2764 2629 servus
2824 2594 3107 2636 servorum
3137 2585 3255 2653 Dei,
3308 2589 3513 2647 dilecto

1898 2642 2061 2699 nobis
2090 2645 2148 2701 in
2195 2648 2407 2709 Christo
2460 2660 2741 2731 confratri,
2791 2668 3136 2740 Aoannsnro,
3179 2642 3255 2729 S.'
3284 2677 3509 2751 Magde-

1898 2733 2193 2807 burgensis
2222 2743 2477 2804 Ecclesiae
2509 2754 2946 2831 archiepiscopo,
2990 2763 3045 2818 in
3088 2767 3316 2826 Domino
3343 2781 3511 2828 teter-

1896 2839 2019 2878 nam
2053 2829 2310 2887 salutem.
2368 2890 2377 2897 _

1967 2918 2020 2972 Si
2053 2935 2117 2974 ea
2137 2922 2255 2980 loca
2279 2944 2401 2999 quae
2418 2932 2485 2985 ad
2515 2934 2744 2991 salutem
2769 2942 3006 2997 maxime
3034 2947 3222 3016 pepuli
3254 2959 3308 3004 et
3336 2954 3516 3025 gentis

1894 3009 1961 3063 ad
1993 3011 2166 3068 Deum
2199 3022 2580 3079 conversionis
2624 3026 2848 3100 fundata
2901 3045 3050 3103 sunt,
3090 3041 3383 3118 privilegio
3414 3064 3515 3103 no-

1894 3108 2020 3156 strae
2068 3109 2410 3165 auctoritatis
2455 3117 2740 3175 munimus
2792 3130 2848 3179 et
2886 3125 3231 3200 decoramus,
3287 3108 3391 3193 hoc
3444 3141 3513 3194 ad

1894 3287 2046 3343 nullo
2076 3292 2241 3348 modo
2265 3295 2606 3354 dubitamus.
2643 3305 2814 3377 Igitur
2837 3312 2966 3382 quia
2996 3316 3185 3372 sedem
3226 3287 3509 3397 Itlagdeb.,

1891 3381 1978 3433 cui
2030 3383 2139 3439 Deo
2168 3398 2394 3445 auctore
2427 3397 2717 3467 praesides,
2762 3415 2951 3460 nostra
2992 3417 3322 3483 tuorumque
3355 3432 3512 3471 com-

1892 3476 2310 3542 provincialium
2385 3488 2709 3545 auctoritate
2793 3496 3322 3572 archiepiscopalem
3391 3524 3513 3565 esse

1894 3561 2257 3634 decrevimus,
2301 3587 2465 3643 quem
2499 3575 2644 3631 inter
2673 3587 2899 3639 caeteras
2934 3587 3207 3646 Ecclesias
3235 3597 3511 3668 ordinem,

1891 3651 2159 3726 vigorem,
2214 3658 2505 3727 primatum
2543 3674 2598 3720 et
2647 3670 2958 3740 asquitatem
3004 3676 3210 3736 habere
3238 3683 3292 3737 in
3329 3651 3517 3756 poste:

1892 3757 2011 3796 rum
2041 3744 2261 3813 debeat,
2296 3753 2612 3820 apostolica)
2646 3758 2796 3813 sedis
2818 3761 3113 3837 privilegio
3148 3772 3348 3826 muniri
3380 3792 3509 3830 san-

1889 3832 2070 3891 ximus
2132 3839 2228 3894 Dei
2268 3841 2438 3913 igitur
2484 3847 2883 3918 omnipotentis
2925 3832 3275 3929 auctoritate,
3337 3871 3392 3919 et
3451 3868 3508 3922 Β.

1888 3920 2055 3992 Petri,
2109 3931 2482 3997 apostolorum
2521 3936 2807 4009 principis,
2855 3950 2907 3997 et
2948 3954 3154 4016 nostra,
3189 3960 3242 4005 te
3262 3920 3509 4028 tuosque

1887 4028 2239 4075 successores
2268 4022 2325 4077 in
2371 4035 2724 4096 perpetuum,
2759 4039 2813 4086 et
2851 4033 3150 4094 Ecclesiam
3180 4048 3326 4098 tuam
3386 4062 3512 4101 om-

1885 4104 2035 4159 nium
2058 4109 2417 4168 ecclesiarum
2431 4117 2978 4193 archiepiscoporum
3010 4136 3066 4183 et
3092 4131 3506 4207 episcoporum,

1887 4199 1980 4269 qui
2015 4199 2071 4253 in
2110 4201 2398 4261 Germania
2425 4219 2571 4279 sunt,
2601 4215 2839 4272 ordinati
2883 4219 2936 4274 in
2969 4223 3241 4294 sedendo,
3274 4228 3330 4283 in
3354 4231 3504 4301 judi-

1886 4288 2085 4361 cando,
2102 4292 2158 4346 in
2173 4293 2576 4369 confirmando,
2612 4303 2666 4358 in
2687 4306 3111 4379 subscribendo,
3138 4314 3194 4369 in
3211 4320 3504 4377 sententiis

1889 4379 2087 4438 dandis
2118 4387 2383 4460 omnique
2424 4395 2798 4454 ecclesiastico
2830 4403 3025 4458 ordine
3065 4407 3367 4483 primatum
3402 4400 3532 4469 ha-I

1889 4468 2020 4525 bere
2049 4475 2303 4533 volumus
2366 4480 2563 4539 Eorum
2595 4503 2726 4543 vero
2757 4490 2852 4560 qui
2894 4504 3024 4548 sunt
3055 4468 3111 4549 in
3135 4496 3326 4568 Gallia,
3371 4502 3505 4559 item

1886 4562 2287 4637 Mogonciens.,
2337 4573 2647 4633 Trevirens.
2679 4590 2734 4636 et
2777 4583 3088 4644 Coloniens.
3144 4590 3402 4650 Ecclesia;
3448 4597 3505 4651 in

1880 4653 2139 4710 omnibus
2171 4674 2356 4728 parem
2390 4663 2653 4721 honorem
2707 4678 2762 4724 et
2792 4672 3030 4730 similem
3059 4678 3306 4751 vigorem
3362 4700 3505 4753 prae-

1879 4748 2020 4803 senti
2052 4752 2344 4828 privilegio
2394 4759 2805 4821 confirmamus.
2848 4768 3135 4838 Caeterum,
3194 4792 3347 4832 more
3397 4779 3507 4836 Ro-

1881 4852 2057 4893 manae
2080 4839 2363 4913 Ecclesiae,
2409 4847 2706 4907 Ecclesiam
2740 4865 2885 4911 tuam
2947 4860 3238 4918 duodecim
3271 4868 3501 4940 presby-

1881 4933 2047 4994 teros,
2088 4939 2143 4985 et
2171 4942 2383 5004 septem
2406 4937 2691 5009 diaconos,
2723 4952 2777 4999 et
2800 4947 2993 5021 viginti
3020 4933 3501 5021 quatuor—subdia-

1881 5030 2052 5070 conos
2102 5023 2430 5092 cardinales,
2473 5031 2568 5099 qui
2615 5034 2880 5089 sandaliis
2934 5049 2988 5093 et
3046 5039 3223 5097 lisinis
3276 5050 3502 5100 utantur

1884 5103 2089 5159 habere
2131 5111 2402 5167 volumus.
2437 5117 2614 5187 Super
2644 5121 2746 5175 hoc
2775 5140 2906 5180 vero
2937 5126 3131 5182 iisdem
3164 5133 3500 5204 presbyteris

1883 5203 1936 5250 et
1989 5197 2285 5256 abbatibus
2337 5206 2586 5261 ecclesiae
2637 5210 2821 5267 Sancti
2864 5215 3096 5273 Joannis
3142 5197 3400 5292 Eaptislte
3441 5226 3495 5280 in

1884 5287 2152 5345 suburbio
2211 5293 2459 5361 ejusdem
2508 5297 2744 5355 civitatis
2803 5316 3131 5364 constructae
3184 5314 3388 5370 tunicxs
3416 5317 3497 5373 uti

1883 5378 2259 5434 concedimus.
2296 5382 2506 5445 Quibus
2531 5390 2778 5459 exceptis
2808 5402 2861 5446 et
2909 5396 3188 5468 episcopis
3223 5417 3394 5473 super
3422 5407 3499 5461 al-

1884 5474 2000 5521 tare
2029 5468 2086 5521 in
2113 5470 2380 5527 honorem
2410 5475 2469 5528 B.
2492 5476 2725 5533 Mauritii
2752 5482 3066 5541 dedicatum
3099 5491 3321 5547 missam
3348 5497 3496 5552 cele-

1885 5556 2045 5612 brare
2076 5558 2277 5631 aliquis
2329 5562 2480 5618 nullo
2510 5566 2676 5622 modo
2726 5581 3042 5644 praesumat,
3093 5580 3244 5649 quod
3287 5597 3400 5639 non
3429 5587 3497 5640 ad

1885 5649 2222 5719 superbiam,
2241 5653 2339 5706 sed
2358 5654 2425 5707 ad
2448 5654 2915 5718 locisanctitatem
2932 5670 3161 5738 Speciali
3186 5678 3500 5733 reverentia

1886 5744 2143 5812 praesenti
2174 5744 2464 5819 privilegio
2504 5751 2805 5821 munimus,
2859 5766 2914 5812 et
2963 5759 3308 5823 decoramus.
3358 5768 3499 5834 Qua-

1836 5880 1840 5885 .
1885 5838 2133 5904 propter,
2164 5833 2332 5891 frater
2372 5835 2700 5911 fraterrime,
2749 5846 3162 5911 Dominicorum
3206 5833 3499 5915 salubriter
