  <div class='ocr_page' id='page_1' title='image "/cluster/home/n/w/nwhite01/storage/ocr_20150623/134-135/uc1.31175013627537/1001.png"; bbox 0 0 3924 6420; ppageno 0'>
   <div class='ocr_carea' id='block_1_1' title="bbox 469 385 572 440">
    <p class='ocr_par' dir='ltr' id='par_1_1' title="bbox 469 385 572 440">
     <span class='ocr_line' id='line_1_1' title="bbox 469 385 572 440; baseline 0 -1"><span class='ocrx_word' id='word_1_1' title='bbox 469 385 572 440; x_wconf 87' lang='lat'>967</span> 
     </span>
    </p>
   </div>
   <div class='ocr_carea' id='block_1_2' title="bbox 1817 371 3773 440">
    <p class='ocr_par' dir='ltr' id='par_1_2' title="bbox 1817 371 3773 440">
     <span class='ocr_line' id='line_1_2' title="bbox 1817 371 3773 440; baseline -0.005 -12"><span class='ocrx_word' id='word_1_2' title='bbox 1817 371 2086 428; x_wconf 84' lang='lat' dir='ltr'>JOANNIS</span> <span class='ocrx_word' id='word_1_3' title='bbox 2127 371 2242 425; x_wconf 84' lang='lat' dir='ltr'>Xlll</span> <span class='ocrx_word' id='word_1_4' title='bbox 2283 371 2470 425; x_wconf 71' lang='lat' dir='ltr'>PAP/E</span> <span class='ocrx_word' id='word_1_5' title='bbox 3694 384 3773 440; x_wconf 68' lang='lat'>963</span> 
     </span>
    </p>
   </div>
   <div class='ocr_carea' id='block_1_3' title="bbox 476 509 3775 587">
    <p class='ocr_par' dir='ltr' id='par_1_3' title="bbox 476 509 3775 587">
     <span class='ocr_line' id='line_1_3' title="bbox 476 509 3775 587; baseline -0.003 -10"><span class='ocrx_word' id='word_1_6' title='bbox 476 522 835 578; x_wconf 81' lang='lat' dir='ltr'>reminissens</span> <span class='ocrx_word' id='word_1_7' title='bbox 886 516 1291 580; x_wconf 80' lang='lat' dir='ltr'>mandatorum,</span> <span class='ocrx_word' id='word_1_8' title='bbox 1343 513 1417 567; x_wconf 81' lang='lat' dir='ltr'>ita</span> <span class='ocrx_word' id='word_1_9' title='bbox 1446 512 1501 565; x_wconf 91' lang='lat' dir='ltr'>in</span> <span class='ocrx_word' id='word_1_10' title='bbox 1557 511 1866 567; x_wconf 63' lang='lat' dir='ltr'>commissae</span> <span class='ocrx_word' id='word_1_11' title='bbox 1915 512 2094 581; x_wconf 85' lang='lat' dir='ltr'>plebis</span> <span class='ocrx_word' id='word_1_12' title='bbox 2122 517 2166 580; x_wconf 77' lang='grc' dir='ltr'><strong>Α</strong></span> <span class='ocrx_word' id='word_1_13' title='bbox 2267 509 2322 563; x_wconf 90' lang='lat' dir='ltr'>Si</span> <span class='ocrx_word' id='word_1_14' title='bbox 2364 525 2587 581; x_wconf 86' lang='lat' dir='ltr'>semper</span> <span class='ocrx_word' id='word_1_15' title='bbox 2640 511 2999 567; x_wconf 87' lang='lat' dir='ltr'>concedenda</span> <span class='ocrx_word' id='word_1_16' title='bbox 3042 521 3171 569; x_wconf 91' lang='lat' dir='ltr'>sunt</span> <span class='ocrx_word' id='word_1_17' title='bbox 3227 530 3349 586; x_wconf 64' lang='lat' dir='ltr'>qum</span> <span class='ocrx_word' id='word_1_18' title='bbox 3382 517 3489 587; x_wconf 91' lang='lat' dir='ltr'>piis</span> <span class='ocrx_word' id='word_1_19' title='bbox 3527 517 3775 575; x_wconf 78' lang='lat' dir='ltr'>desideriis</span> 
     </span>
    </p>
   </div>
   <div class='ocr_carea' id='block_1_4' title="bbox 475 603 2099 686">
    <p class='ocr_par' dir='ltr' id='par_1_4' title="bbox 475 603 2099 686">
     <span class='ocr_line' id='line_1_4' title="bbox 475 603 2099 686; baseline -0.006 -19"><span class='ocrx_word' id='word_1_20' title='bbox 475 613 744 686; x_wconf 89' lang='lat' dir='ltr'>regimine</span> <span class='ocrx_word' id='word_1_21' title='bbox 765 609 1153 678; x_wconf 88' lang='lat' dir='ltr'>lucrandisque</span> <span class='ocrx_word' id='word_1_22' title='bbox 1185 605 1474 659; x_wconf 82' lang='lat' dir='ltr'>animabus</span> <span class='ocrx_word' id='word_1_23' title='bbox 1505 603 1751 677; x_wconf 87' lang='lat' dir='ltr'>invigila,</span> <span class='ocrx_word' id='word_1_24' title='bbox 1785 609 1842 657; x_wconf 87' lang='lat' dir='ltr'>ut</span> <span class='ocrx_word' id='word_1_25' title='bbox 1868 603 2099 659; x_wconf 82' lang='lat' dir='ltr'>Redem-</span> 
     </span>
    </p>
   </div>
   <div class='ocr_carea' id='block_1_5' title="bbox 479 692 2095 773">
    <p class='ocr_par' dir='ltr' id='par_1_5' title="bbox 479 692 2095 773">
     <span class='ocr_line' id='line_1_5' title="bbox 479 692 2095 773; baseline -0.005 -17"><span class='ocrx_word' id='word_1_26' title='bbox 479 701 618 773; x_wconf 92' lang='lat' dir='ltr'>ptori</span> <span class='ocrx_word' id='word_1_27' title='bbox 651 705 840 754; x_wconf 87' lang='lat' dir='ltr'>nostro</span> <span class='ocrx_word' id='word_1_28' title='bbox 869 697 1104 752; x_wconf 86' lang='lat' dir='ltr'>fructum</span> <span class='ocrx_word' id='word_1_29' title='bbox 1132 695 1293 750; x_wconf 82' lang='lat' dir='ltr'>bonae</span> <span class='ocrx_word' id='word_1_30' title='bbox 1309 692 1670 763; x_wconf 79' lang='lat' dir='ltr'>operationis.</span> <span class='ocrx_word' id='word_1_31' title='bbox 1704 692 1757 746; x_wconf 91' lang='lat' dir='ltr'>in</span> <span class='ocrx_word' id='word_1_32' title='bbox 1786 707 1895 764; x_wconf 92' lang='lat' dir='ltr'>quo</span> <span class='ocrx_word' id='word_1_33' title='bbox 1923 692 2095 748; x_wconf 64' lang='lat' dir='ltr'>laetari</span> 
     </span>
    </p>
   </div>
   <div class='ocr_carea' id='block_1_6' title="bbox 476 790 978 864">
    <p class='ocr_par' dir='ltr' id='par_1_6' title="bbox 476 790 978 864">
     <span class='ocr_line' id='line_1_6' title="bbox 476 790 978 864; baseline -0.01 -17"><span class='ocrx_word' id='word_1_34' title='bbox 476 793 674 864; x_wconf 86' lang='lat' dir='ltr'>possis,</span> <span class='ocrx_word' id='word_1_35' title='bbox 701 790 978 845; x_wconf 87' lang='lat' dir='ltr'>exhibeas.</span> 
     </span>
    </p>
   </div>
   <div class='ocr_carea' id='block_1_7' title="bbox 544 875 2093 953">
    <p class='ocr_par' dir='ltr' id='par_1_7' title="bbox 544 875 2093 953">
     <span class='ocr_line' id='line_1_7' title="bbox 544 875 2093 953; baseline -0.001 -16"><span class='ocrx_word' id='word_1_36' title='bbox 544 883 818 953; x_wconf 76' lang='lat' dir='ltr'><strong>Scriptum</strong></span> <span class='ocrx_word' id='word_1_37' title='bbox 867 897 965 952; x_wconf 92' lang='lat' dir='ltr'>per</span> <span class='ocrx_word' id='word_1_38' title='bbox 1010 895 1232 934; x_wconf 87' lang='lat' dir='ltr'>manum</span> <span class='ocrx_word' id='word_1_39' title='bbox 1281 877 1546 948; x_wconf 76' lang='lat' dir='ltr'>Stephani</span> <span class='ocrx_word' id='word_1_40' title='bbox 1577 875 1852 931; x_wconf 90' lang='lat' dir='ltr'>scriniarii</span> <span class='ocrx_word' id='word_1_41' title='bbox 1890 885 2093 935; x_wconf 69' lang='lat' dir='ltr'>sanctae</span> 
     </span>
    </p>
   </div>
   <div class='ocr_carea' id='block_1_8' title="bbox 472 967 1931 1043">
    <p class='ocr_par' dir='ltr' id='par_1_8' title="bbox 472 967 1931 1043">
     <span class='ocr_line' id='line_1_8' title="bbox 472 967 1931 1043; baseline -0.004 -13"><span class='ocrx_word' id='word_1_42' title='bbox 472 975 621 1030; x_wconf 88' lang='lat' dir='ltr'>sedis</span> <span class='ocrx_word' id='word_1_43' title='bbox 649 973 986 1043; x_wconf 63' lang='lat' dir='ltr'>apostolicae,</span> <span class='ocrx_word' id='word_1_44' title='bbox 1017 972 1070 1026; x_wconf 90' lang='lat' dir='ltr'>in</span> <span class='ocrx_word' id='word_1_45' title='bbox 1115 987 1305 1026; x_wconf 88' lang='lat' dir='ltr'>mense</span> <span class='ocrx_word' id='word_1_46' title='bbox 1335 968 1577 1034; x_wconf 88' lang='lat' dir='ltr'>Octobri,</span> <span class='ocrx_word' id='word_1_47' title='bbox 1611 967 1804 1024; x_wconf 86' lang='lat' dir='ltr'>indict.</span> <span class='ocrx_word' id='word_1_48' title='bbox 1837 986 1931 1024; x_wconf 83' lang='lat' dir='ltr'>xu.</span> 
     </span>
    </p>
   </div>
   <div class='ocr_carea' id='block_1_9' title="bbox 758 1187 1803 1227">
    <p class='ocr_par' dir='ltr' id='par_1_9' title="bbox 758 1187 1803 1227">
     <span class='ocr_line' id='line_1_9' title="bbox 758 1187 1803 1227; baseline -0.004 -1"><span class='ocrx_word' id='word_1_49' title='bbox 758 1189 958 1226; x_wconf 79' lang='lat' dir='ltr'>ALTERA</span> <span class='ocrx_word' id='word_1_50' title='bbox 988 1188 1218 1227; x_wconf 67' lang='lat' dir='ltr'>EIUSDEM</span> <span class='ocrx_word' id='word_1_51' title='bbox 1263 1189 1332 1226; x_wconf 77' lang='lat' dir='ltr'>AD</span> <span class='ocrx_word' id='word_1_52' title='bbox 1366 1187 1590 1226; x_wconf 71' lang='lat' dir='ltr'>EUMDEM</span> <span class='ocrx_word' id='word_1_53' title='bbox 1616 1187 1803 1224; x_wconf 80' lang='lat' dir='ltr'>BULLA.</span> 
     </span>
    </p>
   </div>
   <div class='ocr_carea' id='block_1_10' title="bbox 1058 1262 1504 1333">
    <p class='ocr_par' dir='ltr' id='par_1_10' title="bbox 1058 1262 1504 1333">
     <span class='ocr_line' id='line_1_10' title="bbox 1058 1262 1504 1333; baseline -0.002 -17"><span class='ocrx_word' id='word_1_54' title='bbox 1058 1264 1231 1333; x_wconf 84' lang='lat' dir='ltr'>(Anno</span> <span class='ocrx_word' id='word_1_55' title='bbox 1263 1262 1504 1331; x_wconf 88' lang='lat' dir='ltr'>eodem.)</span> 
     </span>
    </p>
   </div>
   <div class='ocr_carea' id='block_1_11' title="bbox 477 1353 2095 1421">
    <p class='ocr_par' dir='ltr' id='par_1_11' title="bbox 477 1353 2095 1421">
     <span class='ocr_line' id='line_1_11' title="bbox 477 1353 2095 1421; baseline -0.001 -13"><span class='ocrx_word' id='word_1_56' title='bbox 477 1354 933 1408; x_wconf 79' lang='lat' dir='ltr'>Conseorationem</span> <span class='ocrx_word' id='word_1_57' title='bbox 957 1355 1325 1421; x_wconf 79' lang='lat' dir='ltr'>episcoporum</span> <span class='ocrx_word' id='word_1_58' title='bbox 1350 1354 1592 1406; x_wconf 85' lang='lat' dir='ltr'>omnium</span> <span class='ocrx_word' id='word_1_59' title='bbox 1620 1355 1762 1406; x_wconf 80' lang='lat' dir='ltr'>inter</span> <span class='ocrx_word' id='word_1_60' title='bbox 1788 1353 2011 1407; x_wconf 75' lang='lat' dir='ltr'>Albium</span> <span class='ocrx_word' id='word_1_61' title='bbox 2045 1356 2095 1406; x_wconf 82' lang='lat' dir='ltr'>et</span> 
     </span>
    </p>
   </div>
   <div class='ocr_carea' id='block_1_12' title="bbox 541 1424 2041 1493">
    <p class='ocr_par' dir='ltr' id='par_1_12' title="bbox 541 1424 2041 1493">
     <span class='ocr_line' id='line_1_12' title="bbox 541 1424 2041 1493; baseline -0.001 -14"><span class='ocrx_word' id='word_1_62' title='bbox 541 1424 749 1491; x_wconf 81' lang='lat' dir='ltr'>Salum,</span> <span class='ocrx_word' id='word_1_63' title='bbox 785 1427 985 1493; x_wconf 83' lang='lat' dir='ltr'>jusque</span> <span class='ocrx_word' id='word_1_64' title='bbox 1015 1425 1160 1492; x_wconf 84' lang='lat' dir='ltr'>palii</span> <span class='ocrx_word' id='word_1_65' title='bbox 1184 1424 1272 1476; x_wconf 73' lang='lat' dir='ltr'>illi</span> <span class='ocrx_word' id='word_1_66' title='bbox 1314 1427 1364 1477; x_wconf 88' lang='lat' dir='ltr'>et</span> <span class='ocrx_word' id='word_1_67' title='bbox 1401 1425 1796 1479; x_wconf 72' lang='lat' dir='ltr'>successoribus</span> <span class='ocrx_word' id='word_1_68' title='bbox 1826 1425 2041 1478; x_wconf 81' lang='lat' dir='ltr'>tribuit.</span> 
     </span>
    </p>
   </div>
   <div class='ocr_carea' id='block_1_13' title="bbox 960 1510 1602 1581">
    <p class='ocr_par' dir='ltr' id='par_1_13' title="bbox 960 1510 1602 1581">
     <span class='ocr_line' id='line_1_13' title="bbox 960 1510 1602 1581; baseline -0.002 -17"><span class='ocrx_word' id='word_1_69' title='bbox 960 1511 1166 1581; x_wconf 72' lang='grc' dir='ltr'>[ΜΑΝδι.</span> <span class='ocrx_word' id='word_1_70' title='bbox 1191 1511 1386 1565; x_wconf 80' lang='lat' dir='ltr'>Concil.</span> <span class='ocrx_word' id='word_1_71' title='bbox 1419 1527 1510 1564; x_wconf 71' lang='lat' dir='ltr'>XIX</span> <span class='ocrx_word' id='word_1_72' title='bbox 1526 1510 1602 1581; x_wconf 85' lang='lat'>5.]</span> 
     </span>
    </p>
   </div>
   <div class='ocr_carea' id='block_1_14' title="bbox 536 1601 2091 1679">
    <p class='ocr_par' dir='ltr' id='par_1_14' title="bbox 536 1601 2091 1679">
     <span class='ocr_line' id='line_1_14' title="bbox 536 1601 2091 1679; baseline 0 -22"><span class='ocrx_word' id='word_1_73' title='bbox 536 1603 778 1658; x_wconf 57' lang='lat' dir='ltr'>Joannes</span> <span class='ocrx_word' id='word_1_74' title='bbox 821 1602 1137 1679; x_wconf 85' lang='lat' dir='ltr'>episcopus,</span> <span class='ocrx_word' id='word_1_75' title='bbox 1173 1617 1366 1656; x_wconf 89' lang='lat' dir='ltr'>servus</span> <span class='ocrx_word' id='word_1_76' title='bbox 1391 1617 1675 1656; x_wconf 90' lang='lat' dir='ltr'>servorum</span> <span class='ocrx_word' id='word_1_77' title='bbox 1716 1601 1835 1669; x_wconf 89' lang='lat' dir='ltr'>Dei,</span> <span class='ocrx_word' id='word_1_78' title='bbox 1878 1602 2091 1657; x_wconf 88' lang='lat' dir='ltr'>charis-</span> 
     </span>
    </p>
   </div>
   <div class='ocr_carea' id='block_1_15' title="bbox 470 1694 2088 1769">
    <p class='ocr_par' dir='ltr' id='par_1_15' title="bbox 470 1694 2088 1769">
     <span class='ocr_line' id='line_1_15' title="bbox 470 1694 2088 1769; baseline 0.001 -20"><span class='ocrx_word' id='word_1_79' title='bbox 470 1697 611 1750; x_wconf 91' lang='lat' dir='ltr'>simo</span> <span class='ocrx_word' id='word_1_80' title='bbox 635 1694 898 1749; x_wconf 86' lang='lat' dir='ltr'>confratri</span> <span class='ocrx_word' id='word_1_81' title='bbox 929 1700 1115 1749; x_wconf 90' lang='lat' dir='ltr'>nostro</span> <span class='ocrx_word' id='word_1_82' title='bbox 1147 1695 1488 1756; x_wconf 78' lang='lat' dir='ltr'>ADALBERTO,</span> <span class='ocrx_word' id='word_1_83' title='bbox 1521 1705 1724 1749; x_wconf 66' lang='lat' dir='ltr'>sanctae</span> <span class='ocrx_word' id='word_1_84' title='bbox 1755 1694 2088 1769; x_wconf 85' lang='lat' dir='ltr'>Magdebur—</span> 
     </span>
    </p>
   </div>
   <div class='ocr_carea' id='block_1_16' title="bbox 467 1755 2164 1860">
    <p class='ocr_par' dir='ltr' id='par_1_16' title="bbox 467 1755 2164 1860">
     <span class='ocr_line' id='line_1_16' title="bbox 467 1755 2164 1860; baseline -0.001 -20"><span class='ocrx_word' id='word_1_85' title='bbox 467 1786 657 1860; x_wconf 90' lang='lat' dir='ltr'>gensis</span> <span class='ocrx_word' id='word_1_86' title='bbox 712 1785 966 1840; x_wconf 60' lang='lat' dir='ltr'>Ecclesiae</span> <span class='ocrx_word' id='word_1_87' title='bbox 1025 1784 1425 1855; x_wconf 66' lang='lat' dir='ltr'>archipraasuli,</span> <span class='ocrx_word' id='word_1_88' title='bbox 1460 1783 1516 1837; x_wconf 92' lang='lat' dir='ltr'>in</span> <span class='ocrx_word' id='word_1_89' title='bbox 1557 1784 1789 1839; x_wconf 91' lang='lat' dir='ltr'>Domino</span> <span class='ocrx_word' id='word_1_90' title='bbox 1828 1792 2090 1840; x_wconf 67' lang='lat' dir='ltr'>aeternam</span> <span class='ocrx_word' id='word_1_91' title='bbox 2117 1755 2164 1823; x_wconf 80' lang='grc' dir='ltr'>Β</span> 
     </span>
    </p>
   </div>
   <div class='ocr_carea' id='block_1_17' title="bbox 470 1875 724 1931">
    <p class='ocr_par' dir='ltr' id='par_1_17' title="bbox 470 1875 724 1931">
     <span class='ocr_line' id='line_1_17' title="bbox 470 1875 724 1931; baseline 0.004 -1"><span class='ocrx_word' id='word_1_92' title='bbox 470 1875 724 1931; x_wconf 82' lang='lat' dir='ltr'>salutem.</span> 
     </span>
    </p>
   </div>
   <div class='ocr_carea' id='block_1_18' title="bbox 541 1966 2090 2040">
    <p class='ocr_par' dir='ltr' id='par_1_18' title="bbox 541 1966 2090 2040">
     <span class='ocr_line' id='line_1_18' title="bbox 541 1966 2090 2040; baseline 0 -16"><span class='ocrx_word' id='word_1_93' title='bbox 541 1971 620 2024; x_wconf 85' lang='lat' dir='ltr'>tta</span> <span class='ocrx_word' id='word_1_94' title='bbox 641 1978 716 2037; x_wconf 90' lang='lat' dir='ltr'>te,</span> <span class='ocrx_word' id='word_1_95' title='bbox 748 1969 914 2024; x_wconf 83' lang='lat' dir='ltr'>frater</span> <span class='ocrx_word' id='word_1_96' title='bbox 943 1969 1268 2024; x_wconf 91' lang='lat' dir='ltr'>charissime</span> <span class='ocrx_word' id='word_1_97' title='bbox 1294 1977 1352 2023; x_wconf 91' lang='lat' dir='ltr'>et</span> <span class='ocrx_word' id='word_1_98' title='bbox 1380 1966 1712 2040; x_wconf 87' lang='lat' dir='ltr'>coepiscope</span> <span class='ocrx_word' id='word_1_99' title='bbox 1745 1977 1954 2038; x_wconf 82' lang='lat' dir='ltr'>noster,</span> <span class='ocrx_word' id='word_1_100' title='bbox 1981 1970 2090 2024; x_wconf 86' lang='lat' dir='ltr'>vita</span> 
     </span>
    </p>
   </div>
   <div class='ocr_carea' id='block_1_19' title="bbox 470 2061 2087 2133">
    <p class='ocr_par' dir='ltr' id='par_1_19' title="bbox 470 2061 2087 2133">
     <span class='ocr_line' id='line_1_19' title="bbox 470 2061 2087 2133; baseline 0 -17"><span class='ocrx_word' id='word_1_101' title='bbox 470 2077 765 2133; x_wconf 90' lang='lat' dir='ltr'>moresque</span> <span class='ocrx_word' id='word_1_102' title='bbox 794 2062 871 2116; x_wconf 89' lang='lat' dir='ltr'>tui</span> <span class='ocrx_word' id='word_1_103' title='bbox 909 2062 1173 2116; x_wconf 81' lang='lat' dir='ltr'>hactenus</span> <span class='ocrx_word' id='word_1_104' title='bbox 1199 2061 1459 2115; x_wconf 88' lang='lat' dir='ltr'>idoneum</span> <span class='ocrx_word' id='word_1_105' title='bbox 1492 2061 1804 2124; x_wconf 83' lang='lat' dir='ltr'>reddidere,</span> <span class='ocrx_word' id='word_1_106' title='bbox 1839 2072 1897 2117; x_wconf 93' lang='lat' dir='ltr'>ut</span> <span class='ocrx_word' id='word_1_107' title='bbox 1919 2063 2087 2117; x_wconf 84' lang='lat' dir='ltr'>multa</span> 
     </span>
    </p>
   </div>
   <div class='ocr_carea' id='block_1_20' title="bbox 469 2152 2092 2223">
    <p class='ocr_par' dir='ltr' id='par_1_20' title="bbox 469 2152 2092 2223">
     <span class='ocr_line' id='line_1_20' title="bbox 469 2152 2092 2223; baseline 0.001 -17"><span class='ocrx_word' id='word_1_108' title='bbox 469 2152 569 2206; x_wconf 89' lang='lat' dir='ltr'>tibi</span> <span class='ocrx_word' id='word_1_109' title='bbox 593 2155 845 2218; x_wconf 86' lang='lat' dir='ltr'>credere,</span> <span class='ocrx_word' id='word_1_110' title='bbox 880 2153 1035 2223; x_wconf 90' lang='lat' dir='ltr'>plura</span> <span class='ocrx_word' id='word_1_111' title='bbox 1061 2153 1224 2207; x_wconf 91' lang='lat' dir='ltr'>etiam</span> <span class='ocrx_word' id='word_1_112' title='bbox 1256 2152 1621 2218; x_wconf 85' lang='lat' dir='ltr'>committere,</span> <span class='ocrx_word' id='word_1_113' title='bbox 1659 2153 1801 2208; x_wconf 86' lang='lat' dir='ltr'>sicut</span> <span class='ocrx_word' id='word_1_114' title='bbox 1823 2153 1969 2208; x_wconf 89' lang='lat' dir='ltr'>bono</span> <span class='ocrx_word' id='word_1_115' title='bbox 2003 2154 2092 2208; x_wconf 89' lang='lat' dir='ltr'>di-</span> 
     </span>
    </p>
   </div>
   <div class='ocr_carea' id='block_1_21' title="bbox 469 2247 2091 2322">
    <p class='ocr_par' dir='ltr' id='par_1_21' title="bbox 469 2247 2091 2322">
     <span class='ocr_line' id='line_1_21' title="bbox 469 2247 2091 2322; baseline 0.002 -22"><span class='ocrx_word' id='word_1_116' title='bbox 469 2248 799 2318; x_wconf 82' lang='lat' dir='ltr'>spensatori,</span> <span class='ocrx_word' id='word_1_117' title='bbox 833 2263 944 2302; x_wconf 91' lang='lat' dir='ltr'>non</span> <span class='ocrx_word' id='word_1_118' title='bbox 969 2247 1302 2302; x_wconf 68' lang='lat' dir='ltr'>haesitemus.</span> <span class='ocrx_word' id='word_1_119' title='bbox 1339 2248 1510 2322; x_wconf 78' lang='lat' dir='ltr'>Igitur</span> <span class='ocrx_word' id='word_1_120' title='bbox 1539 2247 1670 2318; x_wconf 87' lang='lat' dir='ltr'>quia</span> <span class='ocrx_word' id='word_1_121' title='bbox 1707 2248 1775 2302; x_wconf 90' lang='lat' dir='ltr'>ad</span> <span class='ocrx_word' id='word_1_122' title='bbox 1818 2251 2091 2318; x_wconf 82' lang='lat' dir='ltr'>pastorale</span> 
     </span>
    </p>
   </div>
   <div class='ocr_carea' id='block_1_22' title="bbox 464 2342 2085 2414">
    <p class='ocr_par' dir='ltr' id='par_1_22' title="bbox 464 2342 2085 2414">
     <span class='ocr_line' id='line_1_22' title="bbox 464 2342 2085 2414; baseline 0 -15"><span class='ocrx_word' id='word_1_123' title='bbox 464 2345 684 2399; x_wconf 89' lang='lat' dir='ltr'>culmen</span> <span class='ocrx_word' id='word_1_124' title='bbox 717 2342 897 2414; x_wconf 88' lang='lat' dir='ltr'>plebis</span> <span class='ocrx_word' id='word_1_125' title='bbox 931 2352 1056 2410; x_wconf 75' lang='lat' dir='ltr'>tute,</span> <span class='ocrx_word' id='word_1_126' title='bbox 1091 2351 1145 2397; x_wconf 92' lang='lat' dir='ltr'>et</span> <span class='ocrx_word' id='word_1_127' title='bbox 1174 2344 1719 2413; x_wconf 88' lang='lat' dir='ltr'>comprovincialium</span> <span class='ocrx_word' id='word_1_128' title='bbox 1761 2350 2002 2411; x_wconf 91' lang='lat' dir='ltr'>tuorum,</span> <span class='ocrx_word' id='word_1_129' title='bbox 2031 2354 2085 2399; x_wconf 89' lang='lat' dir='ltr'>et</span> 
     </span>
    </p>
   </div>
   <div class='ocr_carea' id='block_1_23' title="bbox 464 2432 2086 2504">
    <p class='ocr_par' dir='ltr' id='par_1_23' title="bbox 464 2432 2086 2504">
     <span class='ocr_line' id='line_1_23' title="bbox 464 2432 2086 2504; baseline 0.002 -20"><span class='ocrx_word' id='word_1_130' title='bbox 464 2439 653 2487; x_wconf 89' lang='lat' dir='ltr'>nostra</span> <span class='ocrx_word' id='word_1_131' title='bbox 707 2440 828 2502; x_wconf 90' lang='lat' dir='ltr'>post</span> <span class='ocrx_word' id='word_1_132' title='bbox 876 2433 1045 2486; x_wconf 90' lang='lat' dir='ltr'>Deum</span> <span class='ocrx_word' id='word_1_133' title='bbox 1080 2439 1132 2486; x_wconf 90' lang='lat' dir='ltr'>te</span> <span class='ocrx_word' id='word_1_134' title='bbox 1183 2432 1478 2486; x_wconf 88' lang='lat' dir='ltr'>auctoritas</span> <span class='ocrx_word' id='word_1_135' title='bbox 1528 2433 1822 2502; x_wconf 82' lang='lat' dir='ltr'>promovit,</span> <span class='ocrx_word' id='word_1_136' title='bbox 1871 2442 1925 2488; x_wconf 89' lang='lat' dir='ltr'>et</span> <span class='ocrx_word' id='word_1_137' title='bbox 1955 2434 2086 2504; x_wconf 86' lang='lat' dir='ltr'>quia</span> 
     </span>
    </p>
   </div>
   <div class='ocr_carea' id='block_1_24' title="bbox 462 2522 2084 2593">
    <p class='ocr_par' dir='ltr' id='par_1_24' title="bbox 462 2522 2084 2593">
     <span class='ocr_line' id='line_1_24' title="bbox 462 2522 2084 2593; baseline 0 -15"><span class='ocrx_word' id='word_1_138' title='bbox 462 2531 610 2578; x_wconf 90' lang='lat' dir='ltr'>tanta</span> <span class='ocrx_word' id='word_1_139' title='bbox 642 2524 954 2578; x_wconf 88' lang='lat' dir='ltr'>Sclavorum</span> <span class='ocrx_word' id='word_1_140' title='bbox 979 2523 1138 2593; x_wconf 91' lang='lat' dir='ltr'>plebs</span> <span class='ocrx_word' id='word_1_141' title='bbox 1163 2523 1303 2578; x_wconf 90' lang='lat' dir='ltr'>ultra</span> <span class='ocrx_word' id='word_1_142' title='bbox 1334 2522 1532 2578; x_wconf 88' lang='lat' dir='ltr'>fluvios</span> <span class='ocrx_word' id='word_1_143' title='bbox 1562 2523 1768 2578; x_wconf 81' lang='lat' dir='ltr'>Albiam</span> <span class='ocrx_word' id='word_1_144' title='bbox 1805 2534 1859 2579; x_wconf 88' lang='lat' dir='ltr'>ct</span> <span class='ocrx_word' id='word_1_145' title='bbox 1881 2525 2084 2592; x_wconf 90' lang='lat' dir='ltr'>Salam,</span> 
     </span>
    </p>
   </div>
   <div class='ocr_carea' id='block_1_25' title="bbox 463 2615 2082 2686">
    <p class='ocr_par' dir='ltr' id='par_1_25' title="bbox 463 2615 2082 2686">
     <span class='ocr_line' id='line_1_25' title="bbox 463 2615 2082 2686; baseline 0.001 -16"><span class='ocrx_word' id='word_1_146' title='bbox 463 2616 677 2671; x_wconf 88' lang='lat' dir='ltr'>scilicet</span> <span class='ocrx_word' id='word_1_147' title='bbox 699 2617 809 2670; x_wconf 89' lang='lat' dir='ltr'>Deo</span> <span class='ocrx_word' id='word_1_148' title='bbox 842 2616 1056 2671; x_wconf 89' lang='lat' dir='ltr'>noviter</span> <span class='ocrx_word' id='word_1_149' title='bbox 1077 2615 1365 2686; x_wconf 87' lang='lat' dir='ltr'>acquisita,</span> <span class='ocrx_word' id='word_1_150' title='bbox 1399 2617 1588 2686; x_wconf 89' lang='lat' dir='ltr'>paucis</span> <span class='ocrx_word' id='word_1_151' title='bbox 1619 2616 1936 2686; x_wconf 89' lang='lat' dir='ltr'>pastoribus</span> <span class='ocrx_word' id='word_1_152' title='bbox 1973 2618 2082 2671; x_wconf 91' lang='lat' dir='ltr'>mi-</span> 
     </span>
    </p>
   </div>
   <div class='ocr_carea' id='block_1_26' title="bbox 467 2707 2089 2778">
    <p class='ocr_par' dir='ltr' id='par_1_26' title="bbox 467 2707 2089 2778">
     <span class='ocr_line' id='line_1_26' title="bbox 467 2707 2089 2778; baseline 0.002 -17"><span class='ocrx_word' id='word_1_153' title='bbox 467 2708 615 2762; x_wconf 92' lang='lat' dir='ltr'>nime</span> <span class='ocrx_word' id='word_1_154' title='bbox 649 2707 789 2763; x_wconf 89' lang='lat' dir='ltr'>tueri</span> <span class='ocrx_word' id='word_1_155' title='bbox 821 2714 1022 2777; x_wconf 87' lang='lat' dir='ltr'>potest,</span> <span class='ocrx_word' id='word_1_156' title='bbox 1064 2708 1298 2777; x_wconf 89' lang='lat' dir='ltr'>qualiter</span> <span class='ocrx_word' id='word_1_157' title='bbox 1342 2707 1622 2778; x_wconf 88' lang='lat' dir='ltr'>episcopis</span> <span class='ocrx_word' id='word_1_158' title='bbox 1651 2717 1756 2762; x_wconf 67' lang='lat' dir='ltr'>tua:</span> <span class='ocrx_word' id='word_1_159' title='bbox 1785 2709 1903 2763; x_wconf 90' lang='lat' dir='ltr'>sedi</span> <span class='ocrx_word' id='word_1_160' title='bbox 1954 2710 2089 2764; x_wconf 91' lang='lat' dir='ltr'>sub-</span> 
     </span>
    </p>
   </div>
   <div class='ocr_carea' id='block_1_27' title="bbox 462 2801 2088 2871">
    <p class='ocr_par' dir='ltr' id='par_1_27' title="bbox 462 2801 2088 2871">
     <span class='ocr_line' id='line_1_27' title="bbox 462 2801 2088 2871; baseline 0.002 -15"><span class='ocrx_word' id='word_1_161' title='bbox 462 2802 626 2870; x_wconf 89' lang='lat' dir='ltr'>jectis</span> <span class='ocrx_word' id='word_1_162' title='bbox 683 2803 972 2871; x_wconf 87' lang='lat' dir='ltr'>parochias</span> <span class='ocrx_word' id='word_1_163' title='bbox 1006 2801 1410 2856; x_wconf 88' lang='lat' dir='ltr'>rationabiliter</span> <span class='ocrx_word' id='word_1_164' title='bbox 1464 2809 1517 2856; x_wconf 89' lang='lat' dir='ltr'>et</span> <span class='ocrx_word' id='word_1_165' title='bbox 1555 2812 1715 2858; x_wconf 89' lang='lat' dir='ltr'>caute</span> <span class='ocrx_word' id='word_1_166' title='bbox 1772 2803 1985 2858; x_wconf 89' lang='lat' dir='ltr'>dividas</span> <span class='ocrx_word' id='word_1_167' title='bbox 2035 2814 2088 2860; x_wconf 88' lang='lat' dir='ltr'>et</span> 
     </span>
    </p>
   </div>
   <div class='ocr_carea' id='block_1_28' title="bbox 473 2887 2089 2958">
    <p class='ocr_par' dir='ltr' id='par_1_28' title="bbox 473 2887 2089 2958">
     <span class='ocr_line' id='line_1_28' title="bbox 473 2887 2089 2958; baseline 0.003 -16"><span class='ocrx_word' id='word_1_168' title='bbox 473 2887 795 2953; x_wconf 89' lang='lat' dir='ltr'>distribuas,</span> <span class='ocrx_word' id='word_1_169' title='bbox 830 2894 936 2942; x_wconf 71' lang='lat' dir='ltr'>tuae.</span> <span class='ocrx_word' id='word_1_170' title='bbox 967 2889 1403 2958; x_wconf 85' lang='lat' dir='ltr'>dispensationis</span> <span class='ocrx_word' id='word_1_171' title='bbox 1429 2896 1483 2943; x_wconf 92' lang='lat' dir='ltr'>et</span> <span class='ocrx_word' id='word_1_172' title='bbox 1508 2890 1861 2945; x_wconf 83' lang='lat' dir='ltr'>discretionis</span> <span class='ocrx_word' id='word_1_173' title='bbox 1881 2894 2089 2947; x_wconf 87' lang='lat' dir='ltr'>exami-</span> 
     </span>
    </p>
   </div>
   <div class='ocr_carea' id='block_1_29' title="bbox 466 2979 2088 3051">
    <p class='ocr_par' dir='ltr' id='par_1_29' title="bbox 466 2979 2088 3051">
     <span class='ocr_line' id='line_1_29' title="bbox 466 2979 2088 3051; baseline 0.003 -18"><span class='ocrx_word' id='word_1_174' title='bbox 466 2979 520 3033; x_wconf 89' lang='lat' dir='ltr'>ni</span> <span class='ocrx_word' id='word_1_175' title='bbox 563 2980 889 3045; x_wconf 87' lang='lat' dir='ltr'>committo;</span> <span class='ocrx_word' id='word_1_176' title='bbox 937 2987 990 3034; x_wconf 92' lang='lat' dir='ltr'>et</span> <span class='ocrx_word' id='word_1_177' title='bbox 1019 2981 1125 3035; x_wconf 88' lang='lat' dir='ltr'>hoc</span> <span class='ocrx_word' id='word_1_178' title='bbox 1154 2980 1493 3034; x_wconf 84' lang='lat' dir='ltr'>serenissimi</span> <span class='ocrx_word' id='word_1_179' title='bbox 1524 2981 1824 3051; x_wconf 90' lang='lat' dir='ltr'>spiritualis</span> <span class='ocrx_word' id='word_1_180' title='bbox 1857 2982 1951 3037; x_wconf 87' lang='lat' dir='ltr'>ﬁlii</span> <span class='ocrx_word' id='word_1_181' title='bbox 1983 3001 2088 3040; x_wconf 82' lang='lat' dir='ltr'>no-</span> 
     </span>
    </p>
   </div>
   <div class='ocr_carea' id='block_1_30' title="bbox 466 3069 2085 3141">
    <p class='ocr_par' dir='ltr' id='par_1_30' title="bbox 466 3069 2085 3141">
     <span class='ocr_line' id='line_1_30' title="bbox 466 3069 2085 3141; baseline 0.001 -15"><span class='ocrx_word' id='word_1_182' title='bbox 466 3072 564 3126; x_wconf 91' lang='lat' dir='ltr'>stri</span> <span class='ocrx_word' id='word_1_183' title='bbox 599 3069 949 3141; x_wconf 90' lang='lat' dir='ltr'>imperatoris</span> <span class='ocrx_word' id='word_1_184' title='bbox 987 3069 1237 3141; x_wconf 80' lang='lat' dir='ltr'>Augusti,</span> <span class='ocrx_word' id='word_1_185' title='bbox 1285 3069 1378 3139; x_wconf 90' lang='lat' dir='ltr'>qui</span> <span class='ocrx_word' id='word_1_186' title='bbox 1413 3069 1660 3138; x_wconf 88' lang='lat' dir='ltr'>ejusdem</span> <span class='ocrx_word' id='word_1_187' title='bbox 1695 3079 1799 3124; x_wconf 70' lang='lat' dir='ltr'>tuae</span> <span class='ocrx_word' id='word_1_188' title='bbox 1832 3072 2085 3127; x_wconf 61' lang='lat' dir='ltr'>Ecclesim</span> 
     </span>
    </p>
   </div>
   <div class='ocr_carea' id='block_1_31' title="bbox 2200 603 3774 676">
    <p class='ocr_par' dir='ltr' id='par_1_31' title="bbox 2200 603 3774 676">
     <span class='ocr_line' id='line_1_31' title="bbox 2200 603 3774 676; baseline 0.008 -23"><span class='ocrx_word' id='word_1_189' title='bbox 2200 607 2532 675; x_wconf 79' lang='lat' dir='ltr'>congruunt,</span> <span class='ocrx_word' id='word_1_190' title='bbox 2562 608 2768 671; x_wconf 88' lang='lat' dir='ltr'>quanto</span> <span class='ocrx_word' id='word_1_191' title='bbox 2823 603 2996 675; x_wconf 85' lang='lat' dir='ltr'>magis</span> <span class='ocrx_word' id='word_1_192' title='bbox 3036 620 3100 658; x_wconf 90' lang='lat' dir='ltr'>ea</span> <span class='ocrx_word' id='word_1_193' title='bbox 3146 621 3267 676; x_wconf 70' lang='lat' dir='ltr'>quae</span> <span class='ocrx_word' id='word_1_194' title='bbox 3310 621 3407 676; x_wconf 91' lang='lat' dir='ltr'>pro</span> <span class='ocrx_word' id='word_1_195' title='bbox 3439 607 3609 662; x_wconf 86' lang='lat' dir='ltr'>divini</span> <span class='ocrx_word' id='word_1_196' title='bbox 3635 611 3774 664; x_wconf 88' lang='lat' dir='ltr'>cultus</span> 
     </span>
    </p>
   </div>
   <div class='ocr_carea' id='block_1_32' title="bbox 2199 696 3773 766">
    <p class='ocr_par' dir='ltr' id='par_1_32' title="bbox 2199 696 3773 766">
     <span class='ocr_line' id='line_1_32' title="bbox 2199 696 3773 766; baseline 0.006 -16"><span class='ocrx_word' id='word_1_197' title='bbox 2199 696 2510 750; x_wconf 86' lang='lat' dir='ltr'>constantia</span> <span class='ocrx_word' id='word_1_198' title='bbox 2541 697 2822 766; x_wconf 79' lang='lat' dir='ltr'>pertinere</span> <span class='ocrx_word' id='word_1_199' title='bbox 2855 706 3177 764; x_wconf 88' lang='lat' dir='ltr'>noscuntur,</span> <span class='ocrx_word' id='word_1_200' title='bbox 3206 701 3527 756; x_wconf 89' lang='lat' dir='ltr'>omnimodo</span> <span class='ocrx_word' id='word_1_201' title='bbox 3556 718 3657 756; x_wconf 90' lang='lat' dir='ltr'>non</span> <span class='ocrx_word' id='word_1_202' title='bbox 3673 715 3773 760; x_wconf 89' lang='lat' dir='ltr'>sunt</span> 
     </span>
    </p>
   </div>
   <div class='ocr_carea' id='block_1_33' title="bbox 2197 790 3771 863">
    <p class='ocr_par' dir='ltr' id='par_1_33' title="bbox 2197 790 3771 863">
     <span class='ocr_line' id='line_1_33' title="bbox 2197 790 3771 863; baseline 0.005 -20"><span class='ocrx_word' id='word_1_203' title='bbox 2197 791 2468 863; x_wconf 86' lang='lat' dir='ltr'>neganda.</span> <span class='ocrx_word' id='word_1_204' title='bbox 2523 791 2584 845; x_wconf 88' lang='lat' dir='ltr'>Et</span> <span class='ocrx_word' id='word_1_205' title='bbox 2611 790 2737 846; x_wconf 89' lang='lat' dir='ltr'>ideo</span> <span class='ocrx_word' id='word_1_206' title='bbox 2785 792 2922 847; x_wconf 87' lang='lat' dir='ltr'>sciat</span> <span class='ocrx_word' id='word_1_207' title='bbox 2951 794 3196 848; x_wconf 91' lang='lat' dir='ltr'>omnium</span> <span class='ocrx_word' id='word_1_208' title='bbox 3245 804 3560 861; x_wconf 78' lang='lat' dir='ltr'>vestrorum</span> <span class='ocrx_word' id='word_1_209' title='bbox 3592 797 3771 852; x_wconf 83' lang='lat' dir='ltr'>bonitas</span> 
     </span>
    </p>
   </div>
   <div class='ocr_carea' id='block_1_34' title="bbox 2196 879 3772 955">
    <p class='ocr_par' dir='ltr' id='par_1_34' title="bbox 2196 879 3772 955">
     <span class='ocr_line' id='line_1_34' title="bbox 2196 879 3772 955; baseline 0.005 -24"><span class='ocrx_word' id='word_1_210' title='bbox 2196 886 2358 950; x_wconf 89' lang='lat' dir='ltr'>atque</span> <span class='ocrx_word' id='word_1_211' title='bbox 2395 879 2669 934; x_wconf 83' lang='lat' dir='ltr'>industria</span> <span class='ocrx_word' id='word_1_212' title='bbox 2709 881 2839 950; x_wconf 87' lang='lat' dir='ltr'>quia</span> <span class='ocrx_word' id='word_1_213' title='bbox 2886 881 2973 935; x_wconf 85' lang='lat' dir='ltr'>vir</span> <span class='ocrx_word' id='word_1_214' title='bbox 3011 883 3181 936; x_wconf 84' lang='lat' dir='ltr'>Deum</span> <span class='ocrx_word' id='word_1_215' title='bbox 3214 883 3416 938; x_wconf 89' lang='lat' dir='ltr'>timens</span> <span class='ocrx_word' id='word_1_216' title='bbox 3472 895 3528 938; x_wconf 90' lang='lat' dir='ltr'>et</span> <span class='ocrx_word' id='word_1_217' title='bbox 3577 885 3772 955; x_wconf 78' lang='lat' dir='ltr'>inclytus</span> 
     </span>
    </p>
   </div>
   <div class='ocr_carea' id='block_1_35' title="bbox 2195 971 3769 1036">
    <p class='ocr_par' dir='ltr' id='par_1_35' title="bbox 2195 971 3769 1036">
     <span class='ocr_line' id='line_1_35' title="bbox 2195 971 3769 1036; baseline 0.004 -13"><span class='ocrx_word' id='word_1_218' title='bbox 2195 985 2403 1036; x_wconf 90' lang='lat' dir='ltr'>comes,</span> <span class='ocrx_word' id='word_1_219' title='bbox 2455 971 2679 1027; x_wconf 89' lang='lat' dir='ltr'>nomine</span> <span class='ocrx_word' id='word_1_220' title='bbox 2712 971 2887 1035; x_wconf 89' lang='lat' dir='ltr'>Oliba,</span> <span class='ocrx_word' id='word_1_221' title='bbox 2935 974 3164 1028; x_wconf 90' lang='lat' dir='ltr'>veniens</span> <span class='ocrx_word' id='word_1_222' title='bbox 3203 984 3414 1030; x_wconf 86' lang='lat' dir='ltr'>oratum</span> <span class='ocrx_word' id='word_1_223' title='bbox 3463 975 3676 1030; x_wconf 86' lang='lat' dir='ltr'>Romam</span> <span class='ocrx_word' id='word_1_224' title='bbox 3721 977 3769 1029; x_wconf 87' lang='lat' dir='ltr'>ad</span> 
     </span>
    </p>
   </div>
   <div class='ocr_carea' id='block_1_36' title="bbox 2197 1059 3772 1132">
    <p class='ocr_par' dir='ltr' id='par_1_36' title="bbox 2197 1059 3772 1132">
     <span class='ocr_line' id='line_1_36' title="bbox 2197 1059 3772 1132; baseline 0.004 -20"><span class='ocrx_word' id='word_1_225' title='bbox 2197 1059 2638 1115; x_wconf 90' lang='lat' dir='ltr'>beatissimornm</span> <span class='ocrx_word' id='word_1_226' title='bbox 2692 1063 3066 1132; x_wconf 87' lang='lat' dir='ltr'>apostolorum</span> <span class='ocrx_word' id='word_1_227' title='bbox 3114 1064 3258 1118; x_wconf 87' lang='lat' dir='ltr'>Petri</span> <span class='ocrx_word' id='word_1_228' title='bbox 3287 1071 3341 1119; x_wconf 89' lang='lat' dir='ltr'>et</span> <span class='ocrx_word' id='word_1_229' title='bbox 3373 1065 3520 1118; x_wconf 89' lang='lat' dir='ltr'>Pauli</span> <span class='ocrx_word' id='word_1_230' title='bbox 3550 1066 3772 1120; x_wconf 86' lang='lat' dir='ltr'>sacratis-</span> 
     </span>
    </p>
   </div>
   <div class='ocr_carea' id='block_1_37' title="bbox 2196 1149 3772 1222">
    <p class='ocr_par' dir='ltr' id='par_1_37' title="bbox 2196 1149 3772 1222">
     <span class='ocr_line' id='line_1_37' title="bbox 2196 1149 3772 1222; baseline 0.003 -21"><span class='ocrx_word' id='word_1_231' title='bbox 2196 1149 2333 1202; x_wconf 85' lang='lat' dir='ltr'>sima</span> <span class='ocrx_word' id='word_1_232' title='bbox 2378 1165 2630 1220; x_wconf 92' lang='lat' dir='ltr'>corpora,</span> <span class='ocrx_word' id='word_1_233' title='bbox 2665 1152 2960 1222; x_wconf 87' lang='lat' dir='ltr'>postulavit</span> <span class='ocrx_word' id='word_1_234' title='bbox 3007 1168 3037 1206; x_wconf 89' lang='lat' dir='ltr'>a</span> <span class='ocrx_word' id='word_1_235' title='bbox 3084 1153 3248 1207; x_wconf 92' lang='lat' dir='ltr'>nobis</span> <span class='ocrx_word' id='word_1_236' title='bbox 3299 1162 3358 1208; x_wconf 92' lang='lat' dir='ltr'>ut</span> <span class='ocrx_word' id='word_1_237' title='bbox 3416 1155 3772 1208; x_wconf 88' lang='lat' dir='ltr'>monasterium</span> 
     </span>
    </p>
   </div>
   <div class='ocr_carea' id='block_1_38' title="bbox 2195 1244 3775 1314">
    <p class='ocr_par' dir='ltr' id='par_1_38' title="bbox 2195 1244 3775 1314">
     <span class='ocr_line' id='line_1_38' title="bbox 2195 1244 3775 1314; baseline 0.003 -17"><span class='ocrx_word' id='word_1_238' title='bbox 2195 1244 2345 1314; x_wconf 92' lang='lat' dir='ltr'>quod</span> <span class='ocrx_word' id='word_1_239' title='bbox 2392 1251 2617 1299; x_wconf 85' lang='lat' dir='ltr'>vocatur</span> <span class='ocrx_word' id='word_1_240' title='bbox 2659 1247 2871 1313; x_wconf 82' lang='lat' dir='ltr'>Arulas,</span> <span class='ocrx_word' id='word_1_241' title='bbox 2927 1254 3301 1302; x_wconf 87' lang='lat' dir='ltr'>constructum</span> <span class='ocrx_word' id='word_1_242' title='bbox 3359 1265 3391 1301; x_wconf 89' lang='lat' dir='ltr'>a</span> <span class='ocrx_word' id='word_1_243' title='bbox 3422 1247 3591 1302; x_wconf 83' lang='lat' dir='ltr'>fratre</span> <span class='ocrx_word' id='word_1_244' title='bbox 3615 1249 3689 1303; x_wconf 89' lang='lat' dir='ltr'>avi</span> <span class='ocrx_word' id='word_1_245' title='bbox 3711 1249 3775 1302; x_wconf 87' lang='lat' dir='ltr'>sui</span> 
     </span>
    </p>
   </div>
   <div class='ocr_carea' id='block_1_39' title="bbox 2196 1335 3775 1414">
    <p class='ocr_par' dir='ltr' id='par_1_39' title="bbox 2196 1335 3775 1414">
     <span class='ocr_line' id='line_1_39' title="bbox 2196 1335 3775 1414; baseline 0.003 -25"><span class='ocrx_word' id='word_1_246' title='bbox 2196 1335 2264 1389; x_wconf 89' lang='lat' dir='ltr'>ad</span> <span class='ocrx_word' id='word_1_247' title='bbox 2307 1336 2574 1391; x_wconf 89' lang='lat' dir='ltr'>honorem</span> <span class='ocrx_word' id='word_1_248' title='bbox 2635 1338 2850 1393; x_wconf 89' lang='lat' dir='ltr'>Domini</span> <span class='ocrx_word' id='word_1_249' title='bbox 2913 1347 2968 1393; x_wconf 84' lang='lat' dir='ltr'>et</span> <span class='ocrx_word' id='word_1_250' title='bbox 3022 1355 3243 1410; x_wconf 91' lang='lat' dir='ltr'>semper</span> <span class='ocrx_word' id='word_1_251' title='bbox 3294 1341 3526 1414; x_wconf 79' lang='lat' dir='ltr'>virginis</span> <span class='ocrx_word' id='word_1_252' title='bbox 3585 1341 3775 1412; x_wconf 78' lang='lat' dir='ltr'>genitri-</span> 
     </span>
    </p>
   </div>
   <div class='ocr_carea' id='block_1_40' title="bbox 2194 1427 3774 1500">
    <p class='ocr_par' dir='ltr' id='par_1_40' title="bbox 2194 1427 3774 1500">
     <span class='ocr_line' id='line_1_40' title="bbox 2194 1427 3774 1500; baseline 0.004 -18"><span class='ocrx_word' id='word_1_253' title='bbox 2194 1427 2273 1482; x_wconf 91' lang='lat' dir='ltr'>cis</span> <span class='ocrx_word' id='word_1_254' title='bbox 2306 1428 2505 1496; x_wconf 83' lang='lat' dir='ltr'>Mariae,</span> <span class='ocrx_word' id='word_1_255' title='bbox 2538 1430 2776 1500; x_wconf 91' lang='lat' dir='ltr'>positum</span> <span class='ocrx_word' id='word_1_256' title='bbox 2807 1432 3078 1487; x_wconf 87' lang='lat' dir='ltr'>territorio</span> <span class='ocrx_word' id='word_1_257' title='bbox 3105 1434 3395 1488; x_wconf 88' lang='lat' dir='ltr'>comitatus</span> <span class='ocrx_word' id='word_1_258' title='bbox 3416 1434 3774 1489; x_wconf 80' lang='lat' dir='ltr'>Rossilionen-</span> 
     </span>
    </p>
   </div>
   <div class='ocr_carea' id='block_1_41' title="bbox 2193 1518 3772 1595">
    <p class='ocr_par' dir='ltr' id='par_1_41' title="bbox 2193 1518 3772 1595">
     <span class='ocr_line' id='line_1_41' title="bbox 2193 1518 3772 1595; baseline 0.003 -23"><span class='ocrx_word' id='word_1_259' title='bbox 2193 1518 2290 1585; x_wconf 88' lang='lat' dir='ltr'>sis,</span> <span class='ocrx_word' id='word_1_260' title='bbox 2322 1519 2376 1572; x_wconf 92' lang='lat' dir='ltr'>in</span> <span class='ocrx_word' id='word_1_261' title='bbox 2420 1519 2541 1576; x_wconf 92' lang='lat' dir='ltr'>loco</span> <span class='ocrx_word' id='word_1_262' title='bbox 2573 1522 2668 1592; x_wconf 91' lang='lat' dir='ltr'>qui</span> <span class='ocrx_word' id='word_1_263' title='bbox 2699 1522 2868 1576; x_wconf 85' lang='lat' dir='ltr'>Vallis</span> <span class='ocrx_word' id='word_1_264' title='bbox 2923 1523 3112 1593; x_wconf 82' lang='lat' dir='ltr'>Asperi</span> <span class='ocrx_word' id='word_1_265' title='bbox 3163 1532 3407 1591; x_wconf 89' lang='lat' dir='ltr'>vocatur,</span> <span class='ocrx_word' id='word_1_266' title='bbox 3434 1525 3592 1593; x_wconf 82' lang='lat' dir='ltr'>juxta</span> <span class='ocrx_word' id='word_1_267' title='bbox 3632 1526 3772 1595; x_wconf 86' lang='lat' dir='ltr'>ripam</span> 
     </span>
    </p>
   </div>
   <div class='ocr_carea' id='block_1_42' title="bbox 2193 1609 3772 1689">
    <p class='ocr_par' dir='ltr' id='par_1_42' title="bbox 2193 1609 3772 1689">
     <span class='ocr_line' id='line_1_42' title="bbox 2193 1609 3772 1689; baseline 0.003 -25"><span class='ocrx_word' id='word_1_268' title='bbox 2193 1609 2440 1666; x_wconf 78' lang='lat' dir='ltr'>ﬂuminis</span> <span class='ocrx_word' id='word_1_269' title='bbox 2464 1612 2641 1680; x_wconf 89' lang='lat' dir='ltr'>Theti,</span> <span class='ocrx_word' id='word_1_270' title='bbox 2665 1615 2811 1685; x_wconf 87' lang='lat' dir='ltr'>quod</span> <span class='ocrx_word' id='word_1_271' title='bbox 2835 1616 3047 1689; x_wconf 87' lang='lat' dir='ltr'>vulgari</span> <span class='ocrx_word' id='word_1_272' title='bbox 3089 1617 3299 1671; x_wconf 88' lang='lat' dir='ltr'>nomini</span> <span class='ocrx_word' id='word_1_273' title='bbox 3323 1619 3485 1672; x_wconf 87' lang='lat' dir='ltr'>etiam</span> <span class='ocrx_word' id='word_1_274' title='bbox 3523 1634 3772 1687; x_wconf 84' lang='lat' dir='ltr'>nuncupa-</span> 
     </span>
    </p>
   </div>
   <div class='ocr_carea' id='block_1_43' title="bbox 2193 1700 3773 1771">
    <p class='ocr_par' dir='ltr' id='par_1_43' title="bbox 2193 1700 3773 1771">
     <span class='ocr_line' id='line_1_43' title="bbox 2193 1700 3773 1771; baseline 0.005 -19"><span class='ocrx_word' id='word_1_275' title='bbox 2193 1705 2300 1766; x_wconf 85' lang='lat' dir='ltr'>tur,</span> <span class='ocrx_word' id='word_1_276' title='bbox 2346 1700 2465 1754; x_wconf 88' lang='lat' dir='ltr'>sub</span> <span class='ocrx_word' id='word_1_277' title='bbox 2517 1709 2782 1771; x_wconf 87' lang='lat' dir='ltr'>perpetua</span> <span class='ocrx_word' id='word_1_278' title='bbox 2838 1703 3183 1760; x_wconf 90' lang='lat' dir='ltr'>immunitate</span> <span class='ocrx_word' id='word_1_279' title='bbox 3229 1716 3544 1762; x_wconf 91' lang='lat' dir='ltr'>sanctorum</span> <span class='ocrx_word' id='word_1_280' title='bbox 3592 1708 3773 1761; x_wconf 82' lang='lat' dir='ltr'>Patrum</span> 
     </span>
    </p>
   </div>
   <div class='ocr_carea' id='block_1_44' title="bbox 2194 1791 3779 1868">
    <p class='ocr_par' dir='ltr' id='par_1_44' title="bbox 2194 1791 3779 1868">
     <span class='ocr_line' id='line_1_44' title="bbox 2194 1791 3779 1868; baseline 0.003 -24"><span class='ocrx_word' id='word_1_281' title='bbox 2194 1807 2315 1845; x_wconf 92' lang='lat' dir='ltr'>cum</span> <span class='ocrx_word' id='word_1_282' title='bbox 2345 1791 2671 1848; x_wconf 89' lang='lat' dir='ltr'>defensione</span> <span class='ocrx_word' id='word_1_283' title='bbox 2702 1804 2905 1850; x_wconf 68' lang='lat' dir='ltr'>sanctae</span> <span class='ocrx_word' id='word_1_284' title='bbox 2937 1805 3138 1851; x_wconf 65' lang='lat' dir='ltr'>nostra:</span> <span class='ocrx_word' id='word_1_285' title='bbox 3169 1798 3320 1852; x_wconf 90' lang='lat' dir='ltr'>sedis</span> <span class='ocrx_word' id='word_1_286' title='bbox 3344 1798 3658 1868; x_wconf 69' lang='lat' dir='ltr'>apostolicae</span> <span class='ocrx_word' id='word_1_287' title='bbox 3685 1813 3779 1850; x_wconf 82' lang='lat' dir='ltr'>ma-</span> 
     </span>
    </p>
   </div>
   <div class='ocr_carea' id='block_1_45' title="bbox 2196 1887 3780 1961">
    <p class='ocr_par' dir='ltr' id='par_1_45' title="bbox 2196 1887 3780 1961">
     <span class='ocr_line' id='line_1_45' title="bbox 2196 1887 3780 1961; baseline 0.003 -21"><span class='ocrx_word' id='word_1_288' title='bbox 2196 1887 2436 1941; x_wconf 85' lang='lat' dir='ltr'>nendum</span> <span class='ocrx_word' id='word_1_289' title='bbox 2467 1888 2916 1954; x_wconf 88' lang='lat' dir='ltr'>decerneremus,</span> <span class='ocrx_word' id='word_1_290' title='bbox 2952 1908 3075 1945; x_wconf 89' lang='lat' dir='ltr'>cum</span> <span class='ocrx_word' id='word_1_291' title='bbox 3106 1892 3364 1947; x_wconf 88' lang='lat' dir='ltr'>omnibus</span> <span class='ocrx_word' id='word_1_292' title='bbox 3398 1893 3568 1946; x_wconf 90' lang='lat' dir='ltr'>rebus</span> <span class='ocrx_word' id='word_1_293' title='bbox 3597 1902 3648 1946; x_wconf 89' lang='lat' dir='ltr'>et</span> <span class='ocrx_word' id='word_1_294' title='bbox 3676 1907 3780 1961; x_wconf 90' lang='lat' dir='ltr'>pos-</span> 
     </span>
    </p>
   </div>
   <div class='ocr_carea' id='block_1_46' title="bbox 2193 1978 3782 2051">
    <p class='ocr_par' dir='ltr' id='par_1_46' title="bbox 2193 1978 3782 2051">
     <span class='ocr_line' id='line_1_46' title="bbox 2193 1978 3782 2051; baseline 0.002 -21"><span class='ocrx_word' id='word_1_295' title='bbox 2193 1978 2540 2032; x_wconf 89' lang='lat' dir='ltr'>sessionibus</span> <span class='ocrx_word' id='word_1_296' title='bbox 2569 1979 2678 2033; x_wconf 92' lang='lat' dir='ltr'>sibi</span> <span class='ocrx_word' id='word_1_297' title='bbox 2712 1980 3137 2050; x_wconf 87' lang='lat' dir='ltr'>pertinentibus.</span> <span class='ocrx_word' id='word_1_298' title='bbox 3174 1982 3327 2037; x_wconf 87' lang='lat' dir='ltr'>Unde</span> <span class='ocrx_word' id='word_1_299' title='bbox 3359 1982 3604 2036; x_wconf 90' lang='lat' dir='ltr'>inclinati</span> <span class='ocrx_word' id='word_1_300' title='bbox 3631 1981 3782 2051; x_wconf 83' lang='lat' dir='ltr'>preci-</span> 
     </span>
    </p>
   </div>
   <div class='ocr_carea' id='block_1_47' title="bbox 2195 2065 3778 2141">
    <p class='ocr_par' dir='ltr' id='par_1_47' title="bbox 2195 2065 3778 2141">
     <span class='ocr_line' id='line_1_47' title="bbox 2195 2065 3778 2141; baseline 0.001 -22"><span class='ocrx_word' id='word_1_301' title='bbox 2195 2065 2296 2120; x_wconf 90' lang='lat' dir='ltr'>bus</span> <span class='ocrx_word' id='word_1_302' title='bbox 2314 2065 2434 2133; x_wconf 86' lang='lat' dir='ltr'>ejus</span> <span class='ocrx_word' id='word_1_303' title='bbox 2464 2067 2810 2133; x_wconf 78' lang='lat' dir='ltr'>humilitatis,</span> <span class='ocrx_word' id='word_1_304' title='bbox 2848 2085 2946 2139; x_wconf 92' lang='lat' dir='ltr'>per</span> <span class='ocrx_word' id='word_1_305' title='bbox 2987 2071 3130 2124; x_wconf 88' lang='lat' dir='ltr'>hanc</span> <span class='ocrx_word' id='word_1_306' title='bbox 3161 2080 3401 2126; x_wconf 90' lang='lat' dir='ltr'>nostram</span> <span class='ocrx_word' id='word_1_307' title='bbox 3449 2071 3778 2141; x_wconf 82' lang='lat' dir='ltr'>apostolicam</span> 
     </span>
    </p>
   </div>
   <div class='ocr_carea' id='block_1_48' title="bbox 2193 2156 3775 2231">
    <p class='ocr_par' dir='ltr' id='par_1_48' title="bbox 2193 2156 3775 2231">
     <span class='ocr_line' id='line_1_48' title="bbox 2193 2156 3775 2231; baseline 0 -20"><span class='ocrx_word' id='word_1_308' title='bbox 2193 2164 2246 2211; x_wconf 89' lang='lat' dir='ltr'>et</span> <span class='ocrx_word' id='word_1_309' title='bbox 2297 2156 2672 2212; x_wconf 82' lang='lat' dir='ltr'>inviolabilem</span> <span class='ocrx_word' id='word_1_310' title='bbox 2720 2160 3149 2229; x_wconf 65' lang='lat' dir='ltr'>praeceptionem</span> <span class='ocrx_word' id='word_1_311' title='bbox 3185 2162 3477 2216; x_wconf 89' lang='lat' dir='ltr'>statuimus</span> <span class='ocrx_word' id='word_1_312' title='bbox 3537 2162 3589 2215; x_wconf 89' lang='lat' dir='ltr'>id</span> <span class='ocrx_word' id='word_1_313' title='bbox 3624 2162 3775 2231; x_wconf 90' lang='lat' dir='ltr'>ipsum</span> 
     </span>
    </p>
   </div>
   <div class='ocr_carea' id='block_1_49' title="bbox 2194 2250 3781 2329">
    <p class='ocr_par' dir='ltr' id='par_1_49' title="bbox 2194 2250 3781 2329">
     <span class='ocr_line' id='line_1_49' title="bbox 2194 2250 3781 2329; baseline 0.002 -26"><span class='ocrx_word' id='word_1_314' title='bbox 2194 2250 2289 2304; x_wconf 89' lang='lat' dir='ltr'>Dei</span> <span class='ocrx_word' id='word_1_315' title='bbox 2321 2250 2612 2306; x_wconf 89' lang='lat' dir='ltr'>Genitricis</span> <span class='ocrx_word' id='word_1_316' title='bbox 2649 2254 3047 2308; x_wconf 87' lang='lat' dir='ltr'>monasterium</span> <span class='ocrx_word' id='word_1_317' title='bbox 3081 2271 3145 2308; x_wconf 83' lang='lat' dir='ltr'>ex</span> <span class='ocrx_word' id='word_1_318' title='bbox 3179 2255 3394 2329; x_wconf 89' lang='lat' dir='ltr'>integro</span> <span class='ocrx_word' id='word_1_319' title='bbox 3437 2272 3540 2326; x_wconf 91' lang='lat' dir='ltr'>pro</span> <span class='ocrx_word' id='word_1_320' title='bbox 3572 2272 3665 2309; x_wconf 90' lang='lat' dir='ltr'>sua</span> <span class='ocrx_word' id='word_1_321' title='bbox 3689 2261 3781 2308; x_wconf 85' lang='lat' dir='ltr'>sta-</span> 
     </span>
    </p>
   </div>
   <div class='ocr_carea' id='block_1_50' title="bbox 2188 2338 3778 2414">
    <p class='ocr_par' dir='ltr' id='par_1_50' title="bbox 2188 2338 3778 2414">
     <span class='ocr_line' id='line_1_50' title="bbox 2188 2338 3778 2414; baseline 0.001 -22"><span class='ocrx_word' id='word_1_322' title='bbox 2188 2338 2396 2394; x_wconf 91' lang='lat' dir='ltr'>bilitate</span> <span class='ocrx_word' id='word_1_323' title='bbox 2423 2341 2814 2410; x_wconf 89' lang='lat' dir='ltr'>perpetualiter</span> <span class='ocrx_word' id='word_1_324' title='bbox 2868 2341 2935 2396; x_wconf 87' lang='lat' dir='ltr'>ad</span> <span class='ocrx_word' id='word_1_325' title='bbox 2979 2342 3248 2397; x_wconf 89' lang='lat' dir='ltr'>ditionem</span> <span class='ocrx_word' id='word_1_326' title='bbox 3294 2351 3462 2414; x_wconf 88' lang='lat' dir='ltr'>atque</span> <span class='ocrx_word' id='word_1_327' title='bbox 3518 2344 3778 2398; x_wconf 87' lang='lat' dir='ltr'>tuitionem</span> 
     </span>
    </p>
   </div>
   <div class='ocr_carea' id='block_1_51' title="bbox 2189 2431 3782 2503">
    <p class='ocr_par' dir='ltr' id='par_1_51' title="bbox 2189 2431 3782 2503">
     <span class='ocr_line' id='line_1_51' title="bbox 2189 2431 3782 2503; baseline 0.001 -20"><span class='ocrx_word' id='word_1_328' title='bbox 2189 2439 2391 2484; x_wconf 68' lang='lat' dir='ltr'>sanctae</span> <span class='ocrx_word' id='word_1_329' title='bbox 2415 2431 2604 2484; x_wconf 90' lang='lat' dir='ltr'>matris</span> <span class='ocrx_word' id='word_1_330' title='bbox 2621 2431 2874 2487; x_wconf 60' lang='lat' dir='ltr'>Ecclesiae</span> <span class='ocrx_word' id='word_1_331' title='bbox 2901 2433 3120 2503; x_wconf 89' lang='lat' dir='ltr'>persisti</span> <span class='ocrx_word' id='word_1_332' title='bbox 3150 2433 3375 2501; x_wconf 90' lang='lat' dir='ltr'>debere,</span> <span class='ocrx_word' id='word_1_333' title='bbox 3419 2436 3782 2490; x_wconf 85' lang='lat' dir='ltr'>contirrnantes</span> 
     </span>
    </p>
   </div>
   <div class='ocr_carea' id='block_1_52' title="bbox 2190 2520 3781 2596">
    <p class='ocr_par' dir='ltr' id='par_1_52' title="bbox 2190 2520 3781 2596">
     <span class='ocr_line' id='line_1_52' title="bbox 2190 2520 3781 2596; baseline 0.002 -23"><span class='ocrx_word' id='word_1_334' title='bbox 2190 2520 2267 2573; x_wconf 91' lang='lat' dir='ltr'>illi</span> <span class='ocrx_word' id='word_1_335' title='bbox 2292 2536 2491 2575; x_wconf 76' lang='lat' dir='ltr'>omnes</span> <span class='ocrx_word' id='word_1_336' title='bbox 2523 2537 2610 2576; x_wconf 91' lang='lat' dir='ltr'>res</span> <span class='ocrx_word' id='word_1_337' title='bbox 2636 2539 2774 2593; x_wconf 85' lang='lat' dir='ltr'>quas</span> <span class='ocrx_word' id='word_1_338' title='bbox 2796 2523 2917 2592; x_wconf 88' lang='lat' dir='ltr'>jure</span> <span class='ocrx_word' id='word_1_339' title='bbox 2939 2532 2993 2578; x_wconf 88' lang='lat' dir='ltr'>et</span> <span class='ocrx_word' id='word_1_340' title='bbox 3024 2525 3423 2580; x_wconf 88' lang='lat' dir='ltr'>rationabiliter</span> <span class='ocrx_word' id='word_1_341' title='bbox 3452 2527 3562 2580; x_wconf 88' lang='lat' dir='ltr'>sibi</span> <span class='ocrx_word' id='word_1_342' title='bbox 3597 2543 3627 2579; x_wconf 89' lang='lat' dir='ltr'>a</span> <span class='ocrx_word' id='word_1_343' title='bbox 3657 2526 3781 2596; x_wconf 90' lang='lat' dir='ltr'>prin-</span> 
     </span>
    </p>
   </div>
   <div class='ocr_carea' id='block_1_53' title="bbox 2190 2611 3784 2689">
    <p class='ocr_par' dir='ltr' id='par_1_53' title="bbox 2190 2611 3784 2689">
     <span class='ocr_line' id='line_1_53' title="bbox 2190 2611 3784 2689; baseline 0.001 -23"><span class='ocrx_word' id='word_1_344' title='bbox 2190 2611 2338 2682; x_wconf 90' lang='lat' dir='ltr'>cipio</span> <span class='ocrx_word' id='word_1_345' title='bbox 2387 2613 2686 2684; x_wconf 87' lang='lat' dir='ltr'>pertinent,</span> <span class='ocrx_word' id='word_1_346' title='bbox 2721 2620 2775 2668; x_wconf 88' lang='lat' dir='ltr'>et</span> <span class='ocrx_word' id='word_1_347' title='bbox 2803 2631 2976 2686; x_wconf 90' lang='lat' dir='ltr'>usque</span> <span class='ocrx_word' id='word_1_348' title='bbox 3008 2615 3062 2669; x_wconf 92' lang='lat' dir='ltr'>in</span> <span class='ocrx_word' id='word_1_349' title='bbox 3116 2616 3280 2670; x_wconf 83' lang='lat' dir='ltr'>tinem</span> <span class='ocrx_word' id='word_1_350' title='bbox 3311 2617 3496 2672; x_wconf 59' lang='lat' dir='ltr'>saeculi</span> <span class='ocrx_word' id='word_1_351' title='bbox 3532 2619 3784 2689; x_wconf 76' lang='lat' dir='ltr'>pertinere</span> 
     </span>
    </p>
   </div>
   <div class='ocr_carea' id='block_1_54' title="bbox 2191 2703 3785 2774">
    <p class='ocr_par' dir='ltr' id='par_1_54' title="bbox 2191 2703 3785 2774">
     <span class='ocr_line' id='line_1_54' title="bbox 2191 2703 3785 2774; baseline 0.002 -18"><span class='ocrx_word' id='word_1_352' title='bbox 2191 2703 2417 2771; x_wconf 90' lang='lat' dir='ltr'>debent,</span> <span class='ocrx_word' id='word_1_353' title='bbox 2451 2706 2506 2758; x_wconf 91' lang='lat' dir='ltr'>in</span> <span class='ocrx_word' id='word_1_354' title='bbox 2537 2705 2712 2771; x_wconf 89' lang='lat' dir='ltr'>cellis,</span> <span class='ocrx_word' id='word_1_355' title='bbox 2745 2707 3016 2770; x_wconf 87' lang='lat' dir='ltr'>ecclesiis,</span> <span class='ocrx_word' id='word_1_356' title='bbox 3065 2709 3429 2774; x_wconf 85' lang='lat' dir='ltr'>ornamentis,</span> <span class='ocrx_word' id='word_1_357' title='bbox 3475 2710 3646 2763; x_wconf 88' lang='lat' dir='ltr'>sacris</span> <span class='ocrx_word' id='word_1_358' title='bbox 3668 2709 3785 2762; x_wconf 84' lang='lat' dir='ltr'>vasis</span> 
     </span>
    </p>
   </div>
   <div class='ocr_carea' id='block_1_55' title="bbox 2188 2795 3789 2869">
    <p class='ocr_par' dir='ltr' id='par_1_55' title="bbox 2188 2795 3789 2869">
     <span class='ocr_line' id='line_1_55' title="bbox 2188 2795 3789 2869; baseline 0.001 -19"><span class='ocrx_word' id='word_1_359' title='bbox 2188 2804 2244 2850; x_wconf 89' lang='lat' dir='ltr'>et</span> <span class='ocrx_word' id='word_1_360' title='bbox 2265 2795 2642 2862; x_wconf 82' lang='lat' dir='ltr'>ustensilibus,</span> <span class='ocrx_word' id='word_1_361' title='bbox 2676 2796 2732 2850; x_wconf 90' lang='lat' dir='ltr'>in</span> <span class='ocrx_word' id='word_1_362' title='bbox 2745 2797 2914 2864; x_wconf 90' lang='lat' dir='ltr'>villis,</span> <span class='ocrx_word' id='word_1_363' title='bbox 2941 2799 3103 2866; x_wconf 89' lang='lat' dir='ltr'>casis,</span> <span class='ocrx_word' id='word_1_364' title='bbox 3122 2800 3316 2866; x_wconf 89' lang='lat' dir='ltr'>servis,</span> <span class='ocrx_word' id='word_1_365' title='bbox 3336 2800 3577 2869; x_wconf 85' lang='lat' dir='ltr'>ancillis,</span> <span class='ocrx_word' id='word_1_366' title='bbox 3605 2800 3789 2854; x_wconf 83' lang='lat' dir='ltr'>libertis</span> 
     </span>
    </p>
   </div>
   <div class='ocr_carea' id='block_1_56' title="bbox 2189 2882 3785 2958">
    <p class='ocr_par' dir='ltr' id='par_1_56' title="bbox 2189 2882 3785 2958">
     <span class='ocr_line' id='line_1_56' title="bbox 2189 2882 3785 2958; baseline 0 -20"><span class='ocrx_word' id='word_1_367' title='bbox 2189 2891 2243 2938; x_wconf 89' lang='lat' dir='ltr'>et</span> <span class='ocrx_word' id='word_1_368' title='bbox 2273 2882 2612 2951; x_wconf 82' lang='lat' dir='ltr'>aﬂranticiis,</span> <span class='ocrx_word' id='word_1_369' title='bbox 2637 2886 2816 2956; x_wconf 90' lang='lat' dir='ltr'>aquis,</span> <span class='ocrx_word' id='word_1_370' title='bbox 2843 2903 2966 2942; x_wconf 91' lang='lat' dir='ltr'>cum</span> <span class='ocrx_word' id='word_1_371' title='bbox 2998 2887 3134 2958; x_wconf 82' lang='lat' dir='ltr'>ipsis</span> <span class='ocrx_word' id='word_1_372' title='bbox 3163 2904 3428 2958; x_wconf 89' lang='lat' dir='ltr'>aquarum</span> <span class='ocrx_word' id='word_1_373' title='bbox 3481 2905 3546 2943; x_wconf 88' lang='lat' dir='ltr'>ex</span> <span class='ocrx_word' id='word_1_374' title='bbox 3581 2897 3785 2958; x_wconf 77' lang='lat' dir='ltr'>utraque</span> 
     </span>
    </p>
   </div>
   <div class='ocr_carea' id='block_1_57' title="bbox 2189 2976 3784 3052">
    <p class='ocr_par' dir='ltr' id='par_1_57' title="bbox 2189 2976 3784 3052">
     <span class='ocr_line' id='line_1_57' title="bbox 2189 2976 3784 3052; baseline 0.001 -24"><span class='ocrx_word' id='word_1_375' title='bbox 2189 2981 2343 3045; x_wconf 90' lang='lat' dir='ltr'>parte</span> <span class='ocrx_word' id='word_1_376' title='bbox 2371 2976 2612 3046; x_wconf 90' lang='lat' dir='ltr'>riparum</span> <span class='ocrx_word' id='word_1_377' title='bbox 2666 2979 2993 3052; x_wconf 89' lang='lat' dir='ltr'>verdigariis</span> <span class='ocrx_word' id='word_1_378' title='bbox 3013 2986 3069 3033; x_wconf 93' lang='lat' dir='ltr'>et</span> <span class='ocrx_word' id='word_1_379' title='bbox 3121 2979 3608 3049; x_wconf 90' lang='lat' dir='ltr'>circumjacentiis,</span> <span class='ocrx_word' id='word_1_380' title='bbox 3649 2980 3784 3034; x_wconf 89' lang='lat' dir='ltr'>terris</span> 
     </span>
    </p>
   </div>
   <div class='ocr_carea' id='block_1_58' title="bbox 2188 3066 3781 3145">
    <p class='ocr_par' dir='ltr' id='par_1_58' title="bbox 2188 3066 3781 3145">
     <span class='ocr_line' id='line_1_58' title="bbox 2188 3066 3781 3145; baseline 0.003 -27"><span class='ocrx_word' id='word_1_381' title='bbox 2188 3072 2242 3120; x_wconf 88' lang='lat' dir='ltr'>et</span> <span class='ocrx_word' id='word_1_382' title='bbox 2270 3066 2564 3135; x_wconf 89' lang='lat' dir='ltr'>aquimolis</span> <span class='ocrx_word' id='word_1_383' title='bbox 2593 3083 2714 3122; x_wconf 90' lang='lat' dir='ltr'>cum</span> <span class='ocrx_word' id='word_1_384' title='bbox 2753 3068 2866 3122; x_wconf 92' lang='lat' dir='ltr'>suis</span> <span class='ocrx_word' id='word_1_385' title='bbox 2913 3069 3237 3140; x_wconf 89' lang='lat' dir='ltr'>caputaquis</span> <span class='ocrx_word' id='word_1_386' title='bbox 3274 3078 3341 3145; x_wconf 89' lang='lat' dir='ltr'>_et</span> <span class='ocrx_word' id='word_1_387' title='bbox 3369 3069 3509 3140; x_wconf 91' lang='lat' dir='ltr'>ipsis</span> <span class='ocrx_word' id='word_1_388' title='bbox 3539 3070 3781 3141; x_wconf 63' lang='lat' dir='ltr'>aquaedu-</span> 
     </span>
    </p>
   </div>
   <div class='ocr_carea' id='block_1_59' title="bbox 465 3153 3782 3256">
    <p class='ocr_par' dir='ltr' id='par_1_59' title="bbox 465 3153 3782 3256">
     <span class='ocr_line' id='line_1_59' title="bbox 465 3153 3782 3256; baseline -0.001 -42"><span class='ocrx_word' id='word_1_389' title='bbox 465 3161 722 3215; x_wconf 87' lang='lat' dir='ltr'>fundator</span> <span class='ocrx_word' id='word_1_390' title='bbox 768 3167 821 3214; x_wconf 91' lang='lat' dir='ltr'>et</span> <span class='ocrx_word' id='word_1_391' title='bbox 861 3165 1051 3213; x_wconf 91' lang='lat' dir='ltr'>auctor</span> <span class='ocrx_word' id='word_1_392' title='bbox 1096 3165 1196 3221; x_wconf 87' lang='lat' dir='ltr'>est,</span> <span class='ocrx_word' id='word_1_393' title='bbox 1249 3173 1399 3222; x_wconf 86' lang='lat' dir='ltr'>cura,</span> <span class='ocrx_word' id='word_1_394' title='bbox 1459 3157 1747 3230; x_wconf 79' lang='lat' dir='ltr'>diligentia</span> <span class='ocrx_word' id='word_1_395' title='bbox 1786 3167 1838 3214; x_wconf 88' lang='lat' dir='ltr'>et</span> <span class='ocrx_word' id='word_1_396' title='bbox 1872 3161 2084 3229; x_wconf 89' lang='lat' dir='ltr'>judicio</span> <span class='ocrx_word' id='word_1_397' title='bbox 2110 3188 2158 3256; x_wconf 64' lang='grc' dir='ltr'>Ο</span> <span class='ocrx_word' id='word_1_398' title='bbox 2185 3153 2366 3208; x_wconf 90' lang='lat' dir='ltr'>ctibus</span> <span class='ocrx_word' id='word_1_399' title='bbox 2385 3171 2449 3209; x_wconf 89' lang='lat' dir='ltr'>ac</span> <span class='ocrx_word' id='word_1_400' title='bbox 2476 3156 2725 3225; x_wconf 88' lang='lat' dir='ltr'>piscariis</span> <span class='ocrx_word' id='word_1_401' title='bbox 2748 3157 3117 3228; x_wconf 91' lang='lat' dir='ltr'>omnibusque</span> <span class='ocrx_word' id='word_1_402' title='bbox 3140 3156 3275 3212; x_wconf 92' lang='lat' dir='ltr'>locis</span> <span class='ocrx_word' id='word_1_403' title='bbox 3304 3159 3468 3214; x_wconf 91' lang='lat' dir='ltr'>cultis</span> <span class='ocrx_word' id='word_1_404' title='bbox 3489 3159 3782 3221; x_wconf 85' lang='lat' dir='ltr'>etincultis,</span> 
     </span>
    </p>
   </div>
   <div class='ocr_carea' id='block_1_60' title="bbox 465 3250 2084 3323">
    <p class='ocr_par' dir='ltr' id='par_1_60' title="bbox 465 3250 2084 3323">
     <span class='ocr_line' id='line_1_60' title="bbox 465 3250 2084 3323; baseline 0.001 -16"><span class='ocrx_word' id='word_1_405' title='bbox 465 3251 604 3318; x_wconf 75' lang='lat' dir='ltr'>fieri,</span> <span class='ocrx_word' id='word_1_406' title='bbox 641 3269 739 3323; x_wconf 92' lang='lat' dir='ltr'>per</span> <span class='ocrx_word' id='word_1_407' title='bbox 796 3251 1086 3322; x_wconf 57' lang='lat' dir='ltr'>prasentis</span> <span class='ocrx_word' id='word_1_408' title='bbox 1136 3250 1410 3323; x_wconf 76' lang='lat' dir='ltr'>privilegii</span> <span class='ocrx_word' id='word_1_409' title='bbox 1470 3251 1756 3306; x_wconf 91' lang='lat' dir='ltr'>munimen</span> <span class='ocrx_word' id='word_1_410' title='bbox 1799 3261 1979 3308; x_wconf 89' lang='lat' dir='ltr'>statuo</span> <span class='ocrx_word' id='word_1_411' title='bbox 2029 3262 2084 3308; x_wconf 91' lang='lat' dir='ltr'>et</span> 
     </span>
    </p>
   </div>
   <div class='ocr_carea' id='block_1_61' title="bbox 463 3344 2085 3417">
    <p class='ocr_par' dir='ltr' id='par_1_61' title="bbox 463 3344 2085 3417">
     <span class='ocr_line' id='line_1_61' title="bbox 463 3344 2085 3417; baseline -0.001 -14"><span class='ocrx_word' id='word_1_412' title='bbox 463 3347 752 3403; x_wconf 86' lang='lat' dir='ltr'>confirmo.</span> <span class='ocrx_word' id='word_1_413' title='bbox 812 3347 865 3399; x_wconf 88' lang='lat' dir='ltr'>Si</span> <span class='ocrx_word' id='word_1_414' title='bbox 900 3361 1032 3417; x_wconf 89' lang='lat' dir='ltr'>ergo</span> <span class='ocrx_word' id='word_1_415' title='bbox 1061 3345 1130 3399; x_wconf 91' lang='lat' dir='ltr'>ab</span> <span class='ocrx_word' id='word_1_416' title='bbox 1183 3344 1486 3415; x_wconf 88' lang='lat' dir='ltr'>apostolica</span> <span class='ocrx_word' id='word_1_417' title='bbox 1530 3345 1684 3408; x_wconf 88' lang='lat' dir='ltr'>sede,</span> <span class='ocrx_word' id='word_1_418' title='bbox 1725 3347 1810 3400; x_wconf 91' lang='lat' dir='ltr'>cui</span> <span class='ocrx_word' id='word_1_419' title='bbox 1845 3347 1954 3402; x_wconf 92' lang='lat' dir='ltr'>Deo</span> <span class='ocrx_word' id='word_1_420' title='bbox 1993 3364 2085 3402; x_wconf 91' lang='lat' dir='ltr'>au-</span> 
     </span>
    </p>
   </div>
   <div class='ocr_carea' id='block_1_62' title="bbox 463 3439 2083 3510">
    <p class='ocr_par' dir='ltr' id='par_1_62' title="bbox 463 3439 2083 3510">
     <span class='ocr_line' id='line_1_62' title="bbox 463 3439 2083 3510; baseline 0 -15"><span class='ocrx_word' id='word_1_421' title='bbox 463 3449 613 3496; x_wconf 91' lang='lat' dir='ltr'>ctore</span> <span class='ocrx_word' id='word_1_422' title='bbox 645 3439 918 3510; x_wconf 62' lang='lat' dir='ltr'>praesideo</span> <span class='ocrx_word' id='word_1_423' title='bbox 952 3439 1209 3494; x_wconf 68' lang='lat' dir='ltr'>Ecclesiae</span> <span class='ocrx_word' id='word_1_424' title='bbox 1244 3447 1348 3493; x_wconf 68' lang='lat' dir='ltr'>tuae</span> <span class='ocrx_word' id='word_1_425' title='bbox 1389 3455 1741 3504; x_wconf 89' lang='lat' dir='ltr'>concessum,</span> <span class='ocrx_word' id='word_1_426' title='bbox 1779 3448 1836 3495; x_wconf 90' lang='lat' dir='ltr'>ut</span> <span class='ocrx_word' id='word_1_427' title='bbox 1863 3442 1931 3495; x_wconf 91' lang='lat' dir='ltr'>ab</span> <span class='ocrx_word' id='word_1_428' title='bbox 1963 3442 2083 3510; x_wconf 87' lang='lat' dir='ltr'>ejus</span> 
     </span>
    </p>
   </div>
   <div class='ocr_carea' id='block_1_63' title="bbox 465 3531 2084 3602">
    <p class='ocr_par' dir='ltr' id='par_1_63' title="bbox 465 3531 2084 3602">
     <span class='ocr_line' id='line_1_63' title="bbox 465 3531 2084 3602; baseline 0.001 -16"><span class='ocrx_word' id='word_1_429' title='bbox 465 3532 774 3586; x_wconf 90' lang='lat' dir='ltr'>rectoribus</span> <span class='ocrx_word' id='word_1_430' title='bbox 805 3531 1074 3601; x_wconf 89' lang='lat' dir='ltr'>episcopi,</span> <span class='ocrx_word' id='word_1_431' title='bbox 1103 3531 1197 3602; x_wconf 90' lang='lat' dir='ltr'>qui</span> <span class='ocrx_word' id='word_1_432' title='bbox 1246 3531 1390 3585; x_wconf 90' lang='lat' dir='ltr'>ultra</span> <span class='ocrx_word' id='word_1_433' title='bbox 1416 3531 1628 3586; x_wconf 82' lang='lat' dir='ltr'>Albiam</span> <span class='ocrx_word' id='word_1_434' title='bbox 1653 3539 1707 3587; x_wconf 82' lang='lat' dir='ltr'>et</span> <span class='ocrx_word' id='word_1_435' title='bbox 1739 3531 1915 3587; x_wconf 88' lang='lat' dir='ltr'>Salam</span> <span class='ocrx_word' id='word_1_436' title='bbox 1947 3549 2084 3588; x_wconf 92' lang='lat' dir='ltr'>con-</span> 
     </span>
    </p>
   </div>
   <div class='ocr_carea' id='block_1_64' title="bbox 463 3619 2085 3693">
    <p class='ocr_par' dir='ltr' id='par_1_64' title="bbox 463 3619 2085 3693">
     <span class='ocr_line' id='line_1_64' title="bbox 463 3619 2085 3693; baseline 0.002 -19"><span class='ocrx_word' id='word_1_437' title='bbox 463 3621 660 3685; x_wconf 89' lang='lat' dir='ltr'>stituti,</span> <span class='ocrx_word' id='word_1_438' title='bbox 693 3630 746 3674; x_wconf 85' lang='lat' dir='ltr'>et</span> <span class='ocrx_word' id='word_1_439' title='bbox 776 3619 1145 3675; x_wconf 87' lang='lat' dir='ltr'>constituendi</span> <span class='ocrx_word' id='word_1_440' title='bbox 1174 3628 1322 3685; x_wconf 91' lang='lat' dir='ltr'>sunt,</span> <span class='ocrx_word' id='word_1_441' title='bbox 1355 3628 1479 3691; x_wconf 90' lang='lat' dir='ltr'>post</span> <span class='ocrx_word' id='word_1_442' title='bbox 1509 3621 1704 3676; x_wconf 87' lang='lat' dir='ltr'>futuris</span> <span class='ocrx_word' id='word_1_443' title='bbox 1737 3623 2085 3693; x_wconf 87' lang='lat' dir='ltr'>temporibus</span> 
     </span>
    </p>
   </div>
   <div class='ocr_carea' id='block_1_65' title="bbox 463 3711 2084 3781">
    <p class='ocr_par' dir='ltr' id='par_1_65' title="bbox 463 3711 2084 3781">
     <span class='ocr_line' id='line_1_65' title="bbox 463 3711 2084 3781; baseline 0.001 -15"><span class='ocrx_word' id='word_1_444' title='bbox 463 3718 877 3775; x_wconf 89' lang='lat' dir='ltr'>consecrentur,</span> <span class='ocrx_word' id='word_1_445' title='bbox 922 3719 976 3765; x_wconf 90' lang='lat' dir='ltr'>et</span> <span class='ocrx_word' id='word_1_446' title='bbox 1002 3711 1109 3781; x_wconf 88' lang='lat' dir='ltr'>ipsi</span> <span class='ocrx_word' id='word_1_447' title='bbox 1158 3711 1406 3781; x_wconf 88' lang='lat' dir='ltr'>ejusdem</span> <span class='ocrx_word' id='word_1_448' title='bbox 1443 3718 1551 3767; x_wconf 83' lang='lat' dir='ltr'>tuae</span> <span class='ocrx_word' id='word_1_449' title='bbox 1583 3713 1796 3768; x_wconf 90' lang='lat' dir='ltr'>scilicet</span> <span class='ocrx_word' id='word_1_450' title='bbox 1827 3713 2084 3768; x_wconf 85' lang='lat' dir='ltr'>Ecclesiae</span> 
     </span>
    </p>
   </div>
   <div class='ocr_carea' id='block_1_66' title="bbox 463 3801 2083 3874">
    <p class='ocr_par' dir='ltr' id='par_1_66' title="bbox 463 3801 2083 3874">
     <span class='ocr_line' id='line_1_66' title="bbox 463 3801 2083 3874; baseline 0.001 -17"><span class='ocrx_word' id='word_1_451' title='bbox 463 3801 936 3872; x_wconf 89' lang='lat' dir='ltr'>archiepiscOpus,</span> <span class='ocrx_word' id='word_1_452' title='bbox 955 3802 1097 3857; x_wconf 90' lang='lat' dir='ltr'>sicut</span> <span class='ocrx_word' id='word_1_453' title='bbox 1111 3818 1208 3872; x_wconf 92' lang='lat' dir='ltr'>pro</span> <span class='ocrx_word' id='word_1_454' title='bbox 1226 3809 1474 3874; x_wconf 91' lang='lat' dir='ltr'>tempore</span> <span class='ocrx_word' id='word_1_455' title='bbox 1488 3803 1714 3870; x_wconf 85' lang='lat' dir='ltr'>fuerint,</span> <span class='ocrx_word' id='word_1_456' title='bbox 1735 3810 2083 3869; x_wconf 86' lang='lat' dir='ltr'>consecrent,</span> 
     </span>
    </p>
   </div>
   <div class='ocr_carea' id='block_1_67' title="bbox 464 3895 2088 3967">
    <p class='ocr_par' dir='ltr' id='par_1_67' title="bbox 464 3895 2088 3967">
     <span class='ocr_line' id='line_1_67' title="bbox 464 3895 2088 3967; baseline 0.001 -17"><span class='ocrx_word' id='word_1_457' title='bbox 464 3896 558 3967; x_wconf 89' lang='lat' dir='ltr'>qui</span> <span class='ocrx_word' id='word_1_458' title='bbox 590 3895 815 3966; x_wconf 76' lang='lat' dir='ltr'>pallium</span> <span class='ocrx_word' id='word_1_459' title='bbox 864 3897 1170 3951; x_wconf 83' lang='lat' dir='ltr'>secundum</span> <span class='ocrx_word' id='word_1_460' title='bbox 1217 3911 1426 3951; x_wconf 92' lang='lat' dir='ltr'>morem</span> <span class='ocrx_word' id='word_1_461' title='bbox 1460 3897 1718 3951; x_wconf 65' lang='lat' dir='ltr'>Romanae</span> <span class='ocrx_word' id='word_1_462' title='bbox 1760 3898 2014 3953; x_wconf 86' lang='lat' dir='ltr'>Ecclesiae</span> <span class='ocrx_word' id='word_1_463' title='bbox 2057 3915 2088 3952; x_wconf 89' lang='lat' dir='ltr'>a</span> 
     </span>
    </p>
   </div>
   <div class='ocr_carea' id='block_1_68' title="bbox 465 3988 2085 4060">
    <p class='ocr_par' dir='ltr' id='par_1_68' title="bbox 465 3988 2085 4060">
     <span class='ocr_line' id='line_1_68' title="bbox 465 3988 2085 4060; baseline 0.001 -18"><span class='ocrx_word' id='word_1_464' title='bbox 465 3995 650 4044; x_wconf 89' lang='lat' dir='ltr'>nostra</span> <span class='ocrx_word' id='word_1_465' title='bbox 706 3989 838 4043; x_wconf 90' lang='lat' dir='ltr'>sede</span> <span class='ocrx_word' id='word_1_466' title='bbox 871 3988 1162 4060; x_wconf 89' lang='lat' dir='ltr'>recipiant.</span> <span class='ocrx_word' id='word_1_467' title='bbox 1215 3988 1392 4054; x_wconf 90' lang='lat' dir='ltr'>Unde,</span> <span class='ocrx_word' id='word_1_468' title='bbox 1434 3989 1600 4044; x_wconf 85' lang='lat' dir='ltr'>frater</span> <span class='ocrx_word' id='word_1_469' title='bbox 1619 3989 1964 4056; x_wconf 90' lang='lat' dir='ltr'>charissime,</span> <span class='ocrx_word' id='word_1_470' title='bbox 2001 3990 2085 4044; x_wconf 90' lang='lat' dir='ltr'>di-</span> 
     </span>
    </p>
   </div>
   <div class='ocr_carea' id='block_1_69' title="bbox 463 4077 2081 4148">
    <p class='ocr_par' dir='ltr' id='par_1_69' title="bbox 463 4077 2081 4148">
     <span class='ocr_line' id='line_1_69' title="bbox 463 4077 2081 4148; baseline 0.002 -18"><span class='ocrx_word' id='word_1_471' title='bbox 463 4077 758 4132; x_wconf 91' lang='lat' dir='ltr'>lectionem</span> <span class='ocrx_word' id='word_1_472' title='bbox 795 4078 880 4148; x_wconf 84' lang='lat' dir='ltr'>[f.,</span> <span class='ocrx_word' id='word_1_473' title='bbox 915 4077 1291 4148; x_wconf 86' lang='lat' dir='ltr'>dilectionem]</span> <span class='ocrx_word' id='word_1_474' title='bbox 1341 4084 1487 4132; x_wconf 87' lang='lat' dir='ltr'>tuam</span> <span class='ocrx_word' id='word_1_475' title='bbox 1521 4079 1795 4134; x_wconf 90' lang='lat' dir='ltr'>admoneo</span> <span class='ocrx_word' id='word_1_476' title='bbox 1819 4086 1873 4134; x_wconf 90' lang='lat' dir='ltr'>et</span> <span class='ocrx_word' id='word_1_477' title='bbox 1916 4079 2081 4135; x_wconf 83' lang='lat' dir='ltr'>obte-</span> 
     </span>
    </p>
   </div>
   <div class='ocr_carea' id='block_1_70' title="bbox 465 4167 2085 4240">
    <p class='ocr_par' dir='ltr' id='par_1_70' title="bbox 465 4167 2085 4240">
     <span class='ocr_line' id='line_1_70' title="bbox 465 4167 2085 4240; baseline 0 -16"><span class='ocrx_word' id='word_1_478' title='bbox 465 4176 600 4236; x_wconf 87' lang='lat' dir='ltr'>stor,</span> <span class='ocrx_word' id='word_1_479' title='bbox 620 4175 678 4223; x_wconf 90' lang='lat' dir='ltr'>ut</span> <span class='ocrx_word' id='word_1_480' title='bbox 703 4169 888 4222; x_wconf 90' lang='lat' dir='ltr'>animo</span> <span class='ocrx_word' id='word_1_481' title='bbox 921 4168 998 4221; x_wconf 90' lang='lat' dir='ltr'>sis</span> <span class='ocrx_word' id='word_1_482' title='bbox 1018 4167 1309 4234; x_wconf 84' lang='lat' dir='ltr'>sollicitus,</span> <span class='ocrx_word' id='word_1_483' title='bbox 1343 4185 1413 4222; x_wconf 89' lang='lat' dir='ltr'>ne</span> <span class='ocrx_word' id='word_1_484' title='bbox 1443 4169 1650 4240; x_wconf 90' lang='lat' dir='ltr'>aliquid</span> <span class='ocrx_word' id='word_1_485' title='bbox 1683 4169 1787 4222; x_wconf 77' lang='lat' dir='ltr'>sibi</span> <span class='ocrx_word' id='word_1_486' title='bbox 1809 4171 2085 4224; x_wconf 92' lang='lat' dir='ltr'>commodi</span> 
     </span>
    </p>
   </div>
   <div class='ocr_carea' id='block_1_71' title="bbox 465 4257 2083 4332">
    <p class='ocr_par' dir='ltr' id='par_1_71' title="bbox 465 4257 2083 4332">
     <span class='ocr_line' id='line_1_71' title="bbox 465 4257 2083 4332; baseline 0 -17"><span class='ocrx_word' id='word_1_487' title='bbox 465 4262 593 4315; x_wconf 89' lang='lat' dir='ltr'>dato</span> <span class='ocrx_word' id='word_1_488' title='bbox 630 4267 722 4313; x_wconf 90' lang='lat' dir='ltr'>aut</span> <span class='ocrx_word' id='word_1_489' title='bbox 751 4258 944 4332; x_wconf 89' lang='lat' dir='ltr'>gratia,</span> <span class='ocrx_word' id='word_1_490' title='bbox 979 4257 1247 4328; x_wconf 64' lang='lat' dir='ltr'>quaelibet</span> <span class='ocrx_word' id='word_1_491' title='bbox 1271 4259 1579 4328; x_wconf 89' lang='lat' dir='ltr'>supplicato</span> <span class='ocrx_word' id='word_1_492' title='bbox 1613 4275 1972 4330; x_wconf 89' lang='lat' dir='ltr'>personarum</span> <span class='ocrx_word' id='word_1_493' title='bbox 2027 4261 2083 4315; x_wconf 91' lang='lat' dir='ltr'>in</span> 
     </span>
    </p>
   </div>
   <div class='ocr_carea' id='block_1_72' title="bbox 463 4346 2086 4413">
    <p class='ocr_par' dir='ltr' id='par_1_72' title="bbox 463 4346 2086 4413">
     <span class='ocr_line' id='line_1_72' title="bbox 463 4346 2086 4413; baseline -0.001 -10"><span class='ocrx_word' id='word_1_494' title='bbox 463 4349 633 4403; x_wconf 86' lang='lat' dir='ltr'>sacris</span> <span class='ocrx_word' id='word_1_495' title='bbox 683 4346 974 4401; x_wconf 89' lang='lat' dir='ltr'>ordinibus</span> <span class='ocrx_word' id='word_1_496' title='bbox 1015 4347 1288 4413; x_wconf 83' lang='lat' dir='ltr'>vindices,</span> <span class='ocrx_word' id='word_1_497' title='bbox 1327 4347 1427 4401; x_wconf 90' lang='lat' dir='ltr'>sed</span> <span class='ocrx_word' id='word_1_498' title='bbox 1475 4349 1542 4401; x_wconf 90' lang='lat' dir='ltr'>ad</span> <span class='ocrx_word' id='word_1_499' title='bbox 1575 4349 1679 4403; x_wconf 88' lang='lat' dir='ltr'>hoc</span> <span class='ocrx_word' id='word_1_500' title='bbox 1717 4349 1960 4403; x_wconf 84' lang='lat' dir='ltr'>officium</span> <span class='ocrx_word' id='word_1_501' title='bbox 1993 4348 2086 4403; x_wconf 91' lang='lat' dir='ltr'>ille</span> 
     </span>
    </p>
   </div>
   <div class='ocr_carea' id='block_1_73' title="bbox 468 4441 2161 4531">
    <p class='ocr_par' dir='ltr' id='par_1_73' title="bbox 468 4441 2161 4531">
     <span class='ocr_line' id='line_1_73' title="bbox 468 4441 2161 4531; baseline 0.002 -36"><span class='ocrx_word' id='word_1_502' title='bbox 468 4442 819 4511; x_wconf 86' lang='lat' dir='ltr'>perducatur,</span> <span class='ocrx_word' id='word_1_503' title='bbox 860 4455 1038 4511; x_wconf 75' lang='lat' dir='ltr'>quem</span> <span class='ocrx_word' id='word_1_504' title='bbox 1092 4455 1307 4494; x_wconf 93' lang='lat' dir='ltr'>morum</span> <span class='ocrx_word' id='word_1_505' title='bbox 1361 4441 1598 4513; x_wconf 83' lang='lat' dir='ltr'>gravitas</span> <span class='ocrx_word' id='word_1_506' title='bbox 1652 4443 2003 4498; x_wconf 90' lang='lat' dir='ltr'>commendet</span> <span class='ocrx_word' id='word_1_507' title='bbox 2033 4453 2161 4531; x_wconf 82' lang='lat' dir='ltr'>etD</span> 
     </span>
    </p>
   </div>
   <div class='ocr_carea' id='block_1_74' title="bbox 465 4529 2082 4600">
    <p class='ocr_par' dir='ltr' id='par_1_74' title="bbox 465 4529 2082 4600">
     <span class='ocr_line' id='line_1_74' title="bbox 465 4529 2082 4600; baseline 0.001 -15"><span class='ocrx_word' id='word_1_508' title='bbox 465 4531 590 4585; x_wconf 72' lang='lat' dir='ltr'>vitae</span> <span class='ocrx_word' id='word_1_509' title='bbox 622 4529 914 4599; x_wconf 56' lang='lat' dir='ltr'>praeteritae</span> <span class='ocrx_word' id='word_1_510' title='bbox 941 4529 1104 4583; x_wconf 90' lang='lat' dir='ltr'>actio.</span> <span class='ocrx_word' id='word_1_511' title='bbox 1150 4529 1379 4583; x_wconf 91' lang='lat' dir='ltr'>Oramus</span> <span class='ocrx_word' id='word_1_512' title='bbox 1427 4536 1609 4582; x_wconf 90' lang='lat' dir='ltr'>autem</span> <span class='ocrx_word' id='word_1_513' title='bbox 1643 4530 2082 4600; x_wconf 87' lang='lat' dir='ltr'>omnipotentem</span> 
     </span>
    </p>
   </div>
   <div class='ocr_carea' id='block_1_75' title="bbox 470 4620 2084 4695">
    <p class='ocr_par' dir='ltr' id='par_1_75' title="bbox 470 4620 2084 4695">
     <span class='ocr_line' id='line_1_75' title="bbox 470 4620 2084 4695; baseline 0.001 -20"><span class='ocrx_word' id='word_1_514' title='bbox 470 4622 640 4676; x_wconf 88' lang='lat' dir='ltr'>Deum</span> <span class='ocrx_word' id='word_1_515' title='bbox 673 4629 731 4677; x_wconf 91' lang='lat' dir='ltr'>ut</span> <span class='ocrx_word' id='word_1_516' title='bbox 761 4638 859 4676; x_wconf 86' lang='lat' dir='ltr'>sua</span> <span class='ocrx_word' id='word_1_517' title='bbox 886 4629 937 4676; x_wconf 90' lang='lat' dir='ltr'>te</span> <span class='ocrx_word' id='word_1_518' title='bbox 979 4620 1286 4675; x_wconf 92' lang='lat' dir='ltr'>munitione</span> <span class='ocrx_word' id='word_1_519' title='bbox 1317 4621 1671 4695; x_wconf 82' lang='lat' dir='ltr'>circumagat,</span> <span class='ocrx_word' id='word_1_520' title='bbox 1712 4629 1765 4675; x_wconf 90' lang='lat' dir='ltr'>et</span> <span class='ocrx_word' id='word_1_521' title='bbox 1791 4623 2084 4678; x_wconf 88' lang='lat' dir='ltr'>sacerdotii</span> 
     </span>
    </p>
   </div>
   <div class='ocr_carea' id='block_1_76' title="bbox 465 4713 1938 4785">
    <p class='ocr_par' dir='ltr' id='par_1_76' title="bbox 465 4713 1938 4785">
     <span class='ocr_line' id='line_1_76' title="bbox 465 4713 1938 4785; baseline -0.001 -15"><span class='ocrx_word' id='word_1_522' title='bbox 465 4721 781 4785; x_wconf 89' lang='lat' dir='ltr'>susceptum</span> <span class='ocrx_word' id='word_1_523' title='bbox 815 4713 1057 4770; x_wconf 77' lang='lat' dir='ltr'>officium</span> <span class='ocrx_word' id='word_1_524' title='bbox 1087 4713 1350 4783; x_wconf 87' lang='lat' dir='ltr'>cperibus</span> <span class='ocrx_word' id='word_1_525' title='bbox 1388 4713 1619 4783; x_wconf 89' lang='lat' dir='ltr'>implere</span> <span class='ocrx_word' id='word_1_526' title='bbox 1650 4715 1938 4770; x_wconf 89' lang='lat' dir='ltr'>concedat.</span> 
     </span>
    </p>
   </div>
   <div class='ocr_carea' id='block_1_77' title="bbox 536 4805 2085 4878">
    <p class='ocr_par' dir='ltr' id='par_1_77' title="bbox 536 4805 2085 4878">
     <span class='ocr_line' id='line_1_77' title="bbox 536 4805 2085 4878; baseline 0 -16"><span class='ocrx_word' id='word_1_527' title='bbox 536 4809 740 4862; x_wconf 87' lang='lat' dir='ltr'>Actum</span> <span class='ocrx_word' id='word_1_528' title='bbox 775 4823 872 4878; x_wconf 83' lang='lat' dir='ltr'>per</span> <span class='ocrx_word' id='word_1_529' title='bbox 897 4822 1095 4861; x_wconf 87' lang='lat' dir='ltr'>manus</span> <span class='ocrx_word' id='word_1_530' title='bbox 1117 4805 1381 4876; x_wconf 88' lang='lat' dir='ltr'>Stephani</span> <span class='ocrx_word' id='word_1_531' title='bbox 1412 4806 1683 4860; x_wconf 91' lang='lat' dir='ltr'>scriniarii</span> <span class='ocrx_word' id='word_1_532' title='bbox 1707 4813 1761 4861; x_wconf 92' lang='lat' dir='ltr'>et</span> <span class='ocrx_word' id='word_1_533' title='bbox 1782 4806 2085 4862; x_wconf 89' lang='lat' dir='ltr'>bibliothe-</span> 
     </span>
    </p>
   </div>
   <div class='ocr_carea' id='block_1_78' title="bbox 462 4893 2081 4965">
    <p class='ocr_par' dir='ltr' id='par_1_78' title="bbox 462 4893 2081 4965">
     <span class='ocr_line' id='line_1_78' title="bbox 462 4893 2081 4965; baseline -0.001 -13"><span class='ocrx_word' id='word_1_534' title='bbox 462 4896 818 4952; x_wconf 86' lang='lat' dir='ltr'>cariisanctae</span> <span class='ocrx_word' id='word_1_535' title='bbox 874 4895 1132 4950; x_wconf 72' lang='lat' dir='ltr'>Romana:</span> <span class='ocrx_word' id='word_1_536' title='bbox 1174 4894 1436 4949; x_wconf 79' lang='lat' dir='ltr'>Ecclesiae</span> <span class='ocrx_word' id='word_1_537' title='bbox 1490 4893 1545 4947; x_wconf 91' lang='lat' dir='ltr'>in</span> <span class='ocrx_word' id='word_1_538' title='bbox 1599 4909 1791 4948; x_wconf 90' lang='lat' dir='ltr'>mense</span> <span class='ocrx_word' id='word_1_539' title='bbox 1843 4894 2081 4965; x_wconf 89' lang='lat' dir='ltr'>Octobri,</span> 
     </span>
    </p>
   </div>
   <div class='ocr_carea' id='block_1_79' title="bbox 461 4982 1446 5041">
    <p class='ocr_par' dir='ltr' id='par_1_79' title="bbox 461 4982 1446 5041">
     <span class='ocr_line' id='line_1_79' title="bbox 461 4982 1446 5041; baseline -0.003 -2"><span class='ocrx_word' id='word_1_540' title='bbox 461 4985 764 5041; x_wconf 89' lang='lat' dir='ltr'>indictione</span> <span class='ocrx_word' id='word_1_541' title='bbox 803 4991 1065 5041; x_wconf 88' lang='lat' dir='ltr'>statutum</span> <span class='ocrx_word' id='word_1_542' title='bbox 1098 4982 1446 5039; x_wconf 89' lang='lat' dir='ltr'>duodecima.</span> 
     </span>
    </p>
   </div>
   <div class='ocr_carea' id='block_1_80' title="bbox 1233 5073 1319 5127">
    <p class='ocr_par' dir='ltr' id='par_1_80' title="bbox 1233 5073 1319 5127">
     <span class='ocr_line' id='line_1_80' title="bbox 1233 5073 1319 5127; baseline 0 -1"><span class='ocrx_word' id='word_1_543' title='bbox 1233 5073 1319 5127; x_wconf 85' lang='lat' dir='ltr'>XI.</span> 
     </span>
    </p>
   </div>
   <div class='ocr_carea' id='block_1_81' title="bbox 569 5164 1976 5220">
    <p class='ocr_par' dir='ltr' id='par_1_81' title="bbox 569 5164 1976 5220">
     <span class='ocr_line' id='line_1_81' title="bbox 569 5164 1976 5220; baseline 0 -1"><span class='ocrx_word' id='word_1_544' title='bbox 569 5179 790 5220; x_wconf 73' lang='lat' dir='ltr'>JOANNIS</span> <span class='ocrx_word' id='word_1_545' title='bbox 821 5179 970 5218; x_wconf 59' lang='grc' dir='ltr'>ΡΛΡΜ</span> <span class='ocrx_word' id='word_1_546' title='bbox 994 5180 1087 5218; x_wconf 75' lang='lat' dir='ltr'>XIII</span> <span class='ocrx_word' id='word_1_547' title='bbox 1118 5179 1460 5218; x_wconf 72' lang='lat' dir='ltr'>PRWILEGIUM</span> <span class='ocrx_word' id='word_1_548' title='bbox 1501 5179 1605 5220; x_wconf 81' lang='lat' dir='ltr'>PRO</span> <span class='ocrx_word' id='word_1_549' title='bbox 1643 5164 1976 5220; x_wconf 57' lang='lat' dir='ltr'>NONASTERIO</span> 
     </span>
    </p>
   </div>
   <div class='ocr_carea' id='block_1_82' title="bbox 1129 5251 1412 5290">
    <p class='ocr_par' dir='ltr' id='par_1_82' title="bbox 1129 5251 1412 5290">
     <span class='ocr_line' id='line_1_82' title="bbox 1129 5251 1412 5290; baseline -0.007 0"><span class='ocrx_word' id='word_1_550' title='bbox 1129 5251 1412 5290; x_wconf 75' lang='lat' dir='ltr'>ARULENSI.</span> 
     </span>
    </p>
   </div>
   <div class='ocr_carea' id='block_1_83' title="bbox 1096 5324 1449 5396">
    <p class='ocr_par' dir='ltr' id='par_1_83' title="bbox 1096 5324 1449 5396">
     <span class='ocr_line' id='line_1_83' title="bbox 1096 5324 1449 5396; baseline -0.003 -17"><span class='ocrx_word' id='word_1_551' title='bbox 1096 5324 1272 5395; x_wconf 83' lang='lat' dir='ltr'>(Anno</span> <span class='ocrx_word' id='word_1_552' title='bbox 1303 5326 1449 5396; x_wconf 88' lang='lat'>968.)</span> 
     </span>
    </p>
   </div>
   <div class='ocr_carea' id='block_1_84' title="bbox 540 5413 1990 5490">
    <p class='ocr_par' dir='ltr' id='par_1_84' title="bbox 540 5413 1990 5490">
     <span class='ocr_line' id='line_1_84' title="bbox 540 5413 1990 5490; baseline 0.002 -22"><span class='ocrx_word' id='word_1_553' title='bbox 540 5413 712 5485; x_wconf 83' lang='lat' dir='ltr'>[Apud</span> <span class='ocrx_word' id='word_1_554' title='bbox 742 5417 801 5472; x_wconf 91' lang='lat' dir='ltr'>D.</span> <span class='ocrx_word' id='word_1_555' title='bbox 838 5418 1110 5484; x_wconf 74' lang='lat' dir='ltr'>Bououar,</span> <span class='ocrx_word' id='word_1_556' title='bbox 1142 5418 1366 5482; x_wconf 80' lang='lat' dir='ltr'>Recueil,</span> <span class='ocrx_word' id='word_1_557' title='bbox 1399 5417 1544 5472; x_wconf 65' lang='lat' dir='ltr'>tom.’</span> <span class='ocrx_word' id='word_1_558' title='bbox 1568 5417 1650 5485; x_wconf 84' lang='lat' dir='ltr'>lX,</span> <span class='ocrx_word' id='word_1_559' title='bbox 1687 5433 1810 5490; x_wconf 87' lang='lat' dir='ltr'>pag.</span> <span class='ocrx_word' id='word_1_560' title='bbox 1837 5417 1990 5488; x_wconf 70' lang='lat'>478.]</span> 
     </span>
    </p>
   </div>
   <div class='ocr_carea' id='block_1_85' title="bbox 537 5523 2080 5596">
    <p class='ocr_par' dir='ltr' id='par_1_85' title="bbox 537 5523 2080 5596">
     <span class='ocr_line' id='line_1_85' title="bbox 537 5523 2080 5596; baseline 0.005 -21"><span class='ocrx_word' id='word_1_561' title='bbox 537 5523 775 5579; x_wconf 60' lang='lat' dir='ltr'>Joannes</span> <span class='ocrx_word' id='word_1_562' title='bbox 811 5527 1126 5596; x_wconf 84' lang='lat' dir='ltr'>episcOpus,</span> <span class='ocrx_word' id='word_1_563' title='bbox 1160 5543 1353 5581; x_wconf 87' lang='lat' dir='ltr'>servus</span> <span class='ocrx_word' id='word_1_564' title='bbox 1391 5544 1673 5584; x_wconf 85' lang='lat' dir='ltr'>servorum</span> <span class='ocrx_word' id='word_1_565' title='bbox 1703 5527 1820 5593; x_wconf 90' lang='lat' dir='ltr'>Dei,</span> <span class='ocrx_word' id='word_1_566' title='bbox 1849 5527 2080 5582; x_wconf 86' lang='lat' dir='ltr'>univer—</span> 
     </span>
    </p>
   </div>
   <div class='ocr_carea' id='block_1_86' title="bbox 464 5607 2080 5687">
    <p class='ocr_par' dir='ltr' id='par_1_86' title="bbox 464 5607 2080 5687">
     <span class='ocr_line' id='line_1_86' title="bbox 464 5607 2080 5687; baseline 0.007 -26"><span class='ocrx_word' id='word_1_567' title='bbox 464 5607 540 5663; x_wconf 80' lang='lat' dir='ltr'>sis</span> <span class='ocrx_word' id='word_1_568' title='bbox 561 5612 753 5666; x_wconf 74' lang='lat' dir='ltr'>Christi</span> <span class='ocrx_word' id='word_1_569' title='bbox 802 5614 1060 5670; x_wconf 85' lang='lat' dir='ltr'>ﬁdelibus</span> <span class='ocrx_word' id='word_1_570' title='bbox 1116 5617 1486 5687; x_wconf 81' lang='lat' dir='ltr'>praesentibus</span> <span class='ocrx_word' id='word_1_571' title='bbox 1511 5626 1567 5674; x_wconf 91' lang='lat' dir='ltr'>et</span> <span class='ocrx_word' id='word_1_572' title='bbox 1595 5618 1813 5686; x_wconf 89' lang='lat' dir='ltr'>futuris,</span> <span class='ocrx_word' id='word_1_573' title='bbox 1846 5619 2080 5675; x_wconf 90' lang='lat' dir='ltr'>salutem</span> 
     </span>
    </p>
   </div>
   <div class='ocr_carea' id='block_1_87' title="bbox 470 5695 1166 5776">
    <p class='ocr_par' dir='ltr' id='par_1_87' title="bbox 470 5695 1166 5776">
     <span class='ocr_line' id='line_1_87' title="bbox 470 5695 1166 5776; baseline 0.016 -27"><span class='ocrx_word' id='word_1_574' title='bbox 470 5695 524 5750; x_wconf 88' lang='lat' dir='ltr'>in</span> <span class='ocrx_word' id='word_1_575' title='bbox 558 5702 790 5758; x_wconf 89' lang='lat' dir='ltr'>Domino</span> <span class='ocrx_word' id='word_1_576' title='bbox 821 5714 1166 5776; x_wconf 87' lang='lat' dir='ltr'>perpetuam.</span> 
     </span>
    </p>
   </div>
   <div class='ocr_carea' id='block_1_88' title="bbox 2187 3247 3782 3316">
    <p class='ocr_par' dir='ltr' id='par_1_88' title="bbox 2187 3247 3782 3316">
     <span class='ocr_line' id='line_1_88' title="bbox 2187 3247 3782 3316; baseline 0.001 -17"><span class='ocrx_word' id='word_1_577' title='bbox 2187 3253 2386 3300; x_wconf 88' lang='lat' dir='ltr'>etcum</span> <span class='ocrx_word' id='word_1_578' title='bbox 2409 3247 2682 3302; x_wconf 89' lang='lat' dir='ltr'>universis</span> <span class='ocrx_word' id='word_1_579' title='bbox 2704 3250 2917 3315; x_wconf 91' lang='lat' dir='ltr'>usibus,</span> <span class='ocrx_word' id='word_1_580' title='bbox 2944 3251 3276 3316; x_wconf 90' lang='lat' dir='ltr'>redditibus,</span> <span class='ocrx_word' id='word_1_581' title='bbox 3310 3268 3408 3305; x_wconf 90' lang='lat' dir='ltr'>seu</span> <span class='ocrx_word' id='word_1_582' title='bbox 3421 3249 3782 3306; x_wconf 86' lang='lat' dir='ltr'>decimationi-</span> 
     </span>
    </p>
   </div>
   <div class='ocr_carea' id='block_1_89' title="bbox 2187 3339 3789 3415">
    <p class='ocr_par' dir='ltr' id='par_1_89' title="bbox 2187 3339 3789 3415">
     <span class='ocr_line' id='line_1_89' title="bbox 2187 3339 3789 3415; baseline 0.001 -23"><span class='ocrx_word' id='word_1_583' title='bbox 2187 3339 2290 3394; x_wconf 93' lang='lat' dir='ltr'>bus</span> <span class='ocrx_word' id='word_1_584' title='bbox 2317 3348 2371 3395; x_wconf 89' lang='lat' dir='ltr'>et</span> <span class='ocrx_word' id='word_1_585' title='bbox 2403 3341 2660 3396; x_wconf 88' lang='lat' dir='ltr'>tributis:</span> <span class='ocrx_word' id='word_1_586' title='bbox 2704 3344 3119 3415; x_wconf 84' lang='lat' dir='ltr'>promulgantes</span> <span class='ocrx_word' id='word_1_587' title='bbox 3146 3345 3307 3399; x_wconf 90' lang='lat' dir='ltr'>etiam</span> <span class='ocrx_word' id='word_1_588' title='bbox 3361 3345 3480 3398; x_wconf 63' lang='lat' dir='ltr'>haec</span> <span class='ocrx_word' id='word_1_589' title='bbox 3511 3344 3710 3404; x_wconf 86' lang='lat' dir='ltr'>omnia,</span> <span class='ocrx_word' id='word_1_590' title='bbox 3748 3347 3789 3394; x_wconf 90' lang='lat' dir='ltr'>et</span> 
     </span>
    </p>
   </div>
   <div class='ocr_carea' id='block_1_90' title="bbox 2185 3434 3790 3506">
    <p class='ocr_par' dir='ltr' id='par_1_90' title="bbox 2185 3434 3790 3506">
     <span class='ocr_line' id='line_1_90' title="bbox 2185 3434 3790 3506; baseline -0.002 -18"><span class='ocrx_word' id='word_1_591' title='bbox 2185 3449 2533 3504; x_wconf 64' lang='lat' dir='ltr'>quaecunque</span> <span class='ocrx_word' id='word_1_592' title='bbox 2585 3434 2839 3506; x_wconf 89' lang='lat' dir='ltr'>legaliter</span> <span class='ocrx_word' id='word_1_593' title='bbox 2865 3435 2972 3490; x_wconf 91' lang='lat' dir='ltr'>dici</span> <span class='ocrx_word' id='word_1_594' title='bbox 3004 3443 3056 3490; x_wconf 90' lang='lat' dir='ltr'>et</span> <span class='ocrx_word' id='word_1_595' title='bbox 3110 3436 3384 3491; x_wconf 90' lang='lat' dir='ltr'>nominari</span> <span class='ocrx_word' id='word_1_596' title='bbox 3435 3443 3682 3506; x_wconf 90' lang='lat' dir='ltr'>possunt,</span> <span class='ocrx_word' id='word_1_597' title='bbox 3712 3449 3790 3504; x_wconf 84' lang='lat' dir='ltr'>per</span> 
     </span>
    </p>
   </div>
   <div class='ocr_carea' id='block_1_91' title="bbox 2187 3526 3792 3585">
    <p class='ocr_par' dir='ltr' id='par_1_91' title="bbox 2187 3526 3792 3585">
     <span class='ocr_line' id='line_1_91' title="bbox 2187 3526 3792 3585; baseline 0.002 -7"><span class='ocrx_word' id='word_1_598' title='bbox 2187 3526 2326 3581; x_wconf 84' lang='lat' dir='ltr'>fines</span> <span class='ocrx_word' id='word_1_599' title='bbox 2355 3533 2409 3580; x_wconf 92' lang='lat' dir='ltr'>et</span> <span class='ocrx_word' id='word_1_600' title='bbox 2437 3527 2701 3583; x_wconf 86' lang='lat' dir='ltr'>terminos</span> <span class='ocrx_word' id='word_1_601' title='bbox 2738 3545 2868 3584; x_wconf 91' lang='lat' dir='ltr'>suos</span> <span class='ocrx_word' id='word_1_602' title='bbox 2902 3529 3230 3584; x_wconf 90' lang='lat' dir='ltr'>inconcussa</span> <span class='ocrx_word' id='word_1_603' title='bbox 3259 3538 3312 3584; x_wconf 90' lang='lat' dir='ltr'>et</span> <span class='ocrx_word' id='word_1_604' title='bbox 3363 3530 3649 3585; x_wconf 87' lang='lat' dir='ltr'>indemnia</span> <span class='ocrx_word' id='word_1_605' title='bbox 3701 3545 3792 3582; x_wconf 87' lang='lat' dir='ltr'>ma-</span> 
     </span>
    </p>
   </div>
   <div class='ocr_carea' id='block_1_92' title="bbox 2187 3619 3784 3692">
    <p class='ocr_par' dir='ltr' id='par_1_92' title="bbox 2187 3619 3784 3692">
     <span class='ocr_line' id='line_1_92' title="bbox 2187 3619 3784 3692; baseline 0.001 -20"><span class='ocrx_word' id='word_1_606' title='bbox 2187 3633 2318 3672; x_wconf 89' lang='lat' dir='ltr'>nere</span> <span class='ocrx_word' id='word_1_607' title='bbox 2350 3619 2417 3673; x_wconf 90' lang='lat' dir='ltr'>ad</span> <span class='ocrx_word' id='word_1_608' title='bbox 2475 3619 2780 3674; x_wconf 90' lang='lat' dir='ltr'>dominium</span> <span class='ocrx_word' id='word_1_609' title='bbox 2829 3621 3002 3692; x_wconf 91' lang='lat' dir='ltr'>ipsius</span> <span class='ocrx_word' id='word_1_610' title='bbox 3033 3621 3169 3676; x_wconf 89' lang='lat' dir='ltr'>sacri</span> <span class='ocrx_word' id='word_1_611' title='bbox 3198 3622 3464 3686; x_wconf 87' lang='lat' dir='ltr'>coenobii,</span> <span class='ocrx_word' id='word_1_612' title='bbox 3515 3631 3570 3677; x_wconf 88' lang='lat' dir='ltr'>et</span> <span class='ocrx_word' id='word_1_613' title='bbox 3599 3621 3784 3677; x_wconf 73' lang='lat' dir='ltr'>utilita~</span> 
     </span>
    </p>
   </div>
   <div class='ocr_carea' id='block_1_93' title="bbox 2189 3708 3783 3784">
    <p class='ocr_par' dir='ltr' id='par_1_93' title="bbox 2189 3708 3783 3784">
     <span class='ocr_line' id='line_1_93' title="bbox 2189 3708 3783 3784; baseline 0 -22"><span class='ocrx_word' id='word_1_614' title='bbox 2189 3714 2296 3762; x_wconf 90' lang='lat' dir='ltr'>tem</span> <span class='ocrx_word' id='word_1_615' title='bbox 2325 3708 2595 3784; x_wconf 80' lang='lat' dir='ltr'>regularis</span> <span class='ocrx_word' id='word_1_616' title='bbox 2625 3709 2840 3763; x_wconf 88' lang='lat' dir='ltr'>abbatis</span> <span class='ocrx_word' id='word_1_617' title='bbox 2879 3726 2977 3764; x_wconf 90' lang='lat' dir='ltr'>seu</span> <span class='ocrx_word' id='word_1_618' title='bbox 3011 3711 3407 3766; x_wconf 87' lang='lat' dir='ltr'>monachorum</span> <span class='ocrx_word' id='word_1_619' title='bbox 3441 3712 3648 3767; x_wconf 89' lang='lat' dir='ltr'>ibidem</span> <span class='ocrx_word' id='word_1_620' title='bbox 3693 3712 3783 3764; x_wconf 86' lang='lat' dir='ltr'>Deo</span> 
     </span>
    </p>
   </div>
   <div class='ocr_carea' id='block_1_94' title="bbox 2187 3799 3785 3874">
    <p class='ocr_par' dir='ltr' id='par_1_94' title="bbox 2187 3799 3785 3874">
     <span class='ocr_line' id='line_1_94' title="bbox 2187 3799 3785 3874; baseline -0.001 -22"><span class='ocrx_word' id='word_1_621' title='bbox 2187 3799 2566 3854; x_wconf 88' lang='lat' dir='ltr'>servientium.</span> <span class='ocrx_word' id='word_1_622' title='bbox 2593 3801 2820 3871; x_wconf 87' lang='lat' dir='ltr'>Quoquo</span> <span class='ocrx_word' id='word_1_623' title='bbox 2849 3808 3096 3872; x_wconf 90' lang='lat' dir='ltr'>tempore</span> <span class='ocrx_word' id='word_1_624' title='bbox 3118 3819 3467 3874; x_wconf 87' lang='lat' dir='ltr'>nequaquam</span> <span class='ocrx_word' id='word_1_625' title='bbox 3497 3803 3714 3858; x_wconf 90' lang='lat' dir='ltr'>licentia</span> <span class='ocrx_word' id='word_1_626' title='bbox 3731 3801 3785 3853; x_wconf 86' lang='lat' dir='ltr'>sit</span> 
     </span>
    </p>
   </div>
   <div class='ocr_carea' id='block_1_95' title="bbox 2188 3889 3787 3961">
    <p class='ocr_par' dir='ltr' id='par_1_95' title="bbox 2188 3889 3787 3961">
     <span class='ocr_line' id='line_1_95' title="bbox 2188 3889 3787 3961; baseline 0.001 -18"><span class='ocrx_word' id='word_1_627' title='bbox 2188 3889 2352 3944; x_wconf 91' lang='lat' dir='ltr'>alicui</span> <span class='ocrx_word' id='word_1_628' title='bbox 2383 3890 2669 3961; x_wconf 90' lang='lat' dir='ltr'>episc0po,</span> <span class='ocrx_word' id='word_1_629' title='bbox 2702 3891 2852 3956; x_wconf 91' lang='lat' dir='ltr'>duci,</span> <span class='ocrx_word' id='word_1_630' title='bbox 2887 3892 3093 3957; x_wconf 91' lang='lat' dir='ltr'>comiti,</span> <span class='ocrx_word' id='word_1_631' title='bbox 3126 3900 3218 3946; x_wconf 90' lang='lat' dir='ltr'>aut</span> <span class='ocrx_word' id='word_1_632' title='bbox 3245 3893 3341 3946; x_wconf 91' lang='lat' dir='ltr'>ulli</span> <span class='ocrx_word' id='word_1_633' title='bbox 3374 3894 3660 3948; x_wconf 85' lang='lat' dir='ltr'>hominum</span> <span class='ocrx_word' id='word_1_634' title='bbox 3693 3907 3787 3945; x_wconf 88' lang='lat' dir='ltr'>ma-</span> 
     </span>
    </p>
   </div>
   <div class='ocr_carea' id='block_1_96' title="bbox 2186 3980 3781 4055">
    <p class='ocr_par' dir='ltr' id='par_1_96' title="bbox 2186 3980 3781 4055">
     <span class='ocr_line' id='line_1_96' title="bbox 2186 3980 3781 4055; baseline 0.001 -25"><span class='ocrx_word' id='word_1_635' title='bbox 2186 3994 2308 4055; x_wconf 75' lang='lat' dir='ltr'>gnae</span> <span class='ocrx_word' id='word_1_636' title='bbox 2340 3994 2631 4050; x_wconf 75' lang='lat' dir='ltr'>parvaeque</span> <span class='ocrx_word' id='word_1_637' title='bbox 2664 3995 2915 4050; x_wconf 74' lang='lat' dir='ltr'>personae</span> <span class='ocrx_word' id='word_1_638' title='bbox 2946 3981 3153 4052; x_wconf 89' lang='lat' dir='ltr'>aliquid</span> <span class='ocrx_word' id='word_1_639' title='bbox 3198 3982 3266 4035; x_wconf 90' lang='lat' dir='ltr'>de</span> <span class='ocrx_word' id='word_1_640' title='bbox 3305 3982 3568 4036; x_wconf 91' lang='lat' dir='ltr'>omnibus</span> <span class='ocrx_word' id='word_1_641' title='bbox 3603 3997 3717 4053; x_wconf 72' lang='lat' dir='ltr'>quae</span> <span class='ocrx_word' id='word_1_642' title='bbox 3744 3980 3781 4032; x_wconf 85' lang='lat' dir='ltr'>ei</span> 
     </span>
    </p>
   </div>
   <div class='ocr_carea' id='block_1_97' title="bbox 2188 4073 3784 4145">
    <p class='ocr_par' dir='ltr' id='par_1_97' title="bbox 2188 4073 3784 4145">
     <span class='ocr_line' id='line_1_97' title="bbox 2188 4073 3784 4145; baseline -0.001 -18"><span class='ocrx_word' id='word_1_643' title='bbox 2188 4073 2466 4142; x_wconf 89' lang='lat' dir='ltr'>pertinent</span> <span class='ocrx_word' id='word_1_644' title='bbox 2492 4080 2549 4128; x_wconf 87' lang='lat' dir='ltr'>et</span> <span class='ocrx_word' id='word_1_645' title='bbox 2577 4075 2632 4128; x_wconf 91' lang='lat' dir='ltr'>in</span> <span class='ocrx_word' id='word_1_646' title='bbox 2689 4081 2850 4129; x_wconf 85' lang='lat' dir='ltr'>antea</span> <span class='ocrx_word' id='word_1_647' title='bbox 2882 4075 3163 4145; x_wconf 88' lang='lat' dir='ltr'>pertinere</span> <span class='ocrx_word' id='word_1_648' title='bbox 3203 4076 3424 4142; x_wconf 90' lang='lat' dir='ltr'>debent,</span> <span class='ocrx_word' id='word_1_649' title='bbox 3463 4077 3678 4143; x_wconf 87' lang='lat' dir='ltr'>tollere,</span> <span class='ocrx_word' id='word_1_650' title='bbox 3709 4083 3784 4128; x_wconf 84' lang='lat' dir='ltr'>aut</span> 
     </span>
    </p>
   </div>
   <div class='ocr_carea' id='block_1_98' title="bbox 2187 4165 3784 4239">
    <p class='ocr_par' dir='ltr' id='par_1_98' title="bbox 2187 4165 3784 4239">
     <span class='ocr_line' id='line_1_98' title="bbox 2187 4165 3784 4239; baseline -0.003 -19"><span class='ocrx_word' id='word_1_651' title='bbox 2187 4165 2460 4220; x_wconf 76' lang='lat' dir='ltr'>violenter</span> <span class='ocrx_word' id='word_1_652' title='bbox 2487 4165 2796 4236; x_wconf 89' lang='lat' dir='ltr'>possidere,</span> <span class='ocrx_word' id='word_1_653' title='bbox 2848 4166 2964 4222; x_wconf 89' lang='lat' dir='ltr'>sive</span> <span class='ocrx_word' id='word_1_654' title='bbox 2996 4167 3049 4221; x_wconf 91' lang='lat' dir='ltr'>in</span> <span class='ocrx_word' id='word_1_655' title='bbox 3105 4183 3379 4239; x_wconf 89' lang='lat' dir='ltr'>quoquam</span> <span class='ocrx_word' id='word_1_656' title='bbox 3414 4168 3718 4223; x_wconf 89' lang='lat' dir='ltr'>molestiam</span> <span class='ocrx_word' id='word_1_657' title='bbox 3744 4171 3784 4218; x_wconf 85' lang='lat' dir='ltr'>et</span> 
     </span>
    </p>
   </div>
   <div class='ocr_carea' id='block_1_99' title="bbox 2189 4257 3786 4323">
    <p class='ocr_par' dir='ltr' id='par_1_99' title="bbox 2189 4257 3786 4323">
     <span class='ocr_line' id='line_1_99' title="bbox 2189 4257 3786 4323; baseline 0.001 -14"><span class='ocrx_word' id='word_1_658' title='bbox 2189 4257 2635 4312; x_wconf 88' lang='lat' dir='ltr'>contrarietatem</span> <span class='ocrx_word' id='word_1_659' title='bbox 2668 4257 2849 4313; x_wconf 85' lang='lat' dir='ltr'>facere</span> <span class='ocrx_word' id='word_1_660' title='bbox 2885 4276 2898 4323; x_wconf 87' lang='lat'><strong>;</strong></span> <span class='ocrx_word' id='word_1_661' title='bbox 2933 4259 3028 4312; x_wconf 90' lang='lat' dir='ltr'>sed</span> <span class='ocrx_word' id='word_1_662' title='bbox 3050 4268 3247 4314; x_wconf 89' lang='lat' dir='ltr'>cuncta</span> <span class='ocrx_word' id='word_1_663' title='bbox 3274 4258 3503 4314; x_wconf 89' lang='lat' dir='ltr'>mobilia</span> <span class='ocrx_word' id='word_1_664' title='bbox 3533 4268 3589 4315; x_wconf 87' lang='lat' dir='ltr'>et</span> <span class='ocrx_word' id='word_1_665' title='bbox 3618 4260 3786 4312; x_wconf 86' lang='lat' dir='ltr'>immo-</span> 
     </span>
    </p>
   </div>
   <div class='ocr_carea' id='block_1_100' title="bbox 2187 4337 3787 4427">
    <p class='ocr_par' dir='ltr' id='par_1_100' title="bbox 2187 4337 3787 4427">
     <span class='ocr_line' id='line_1_100' title="bbox 2187 4337 3787 4427; baseline 0.001 -26"><span class='ocrx_word' id='word_1_666' title='bbox 2187 4337 2321 4402; x_wconf 89' lang='lat' dir='ltr'>bilia</span> <span class='ocrx_word' id='word_1_667' title='bbox 2359 4350 2690 4424; x_wconf 84' lang='lat' dir='ltr'>generaliter</span> <span class='ocrx_word' id='word_1_668' title='bbox 2737 4358 2791 4404; x_wconf 90' lang='lat' dir='ltr'>et</span> <span class='ocrx_word' id='word_1_669' title='bbox 2836 4350 3050 4422; x_wconf 87' lang='lat' dir='ltr'>integre</span> <span class='ocrx_word' id='word_1_670' title='bbox 3081 4351 3229 4406; x_wconf 88' lang='lat' dir='ltr'>salva</span> <span class='ocrx_word' id='word_1_671' title='bbox 3271 4367 3368 4406; x_wconf 90' lang='lat' dir='ltr'>seu</span> <span class='ocrx_word' id='word_1_672' title='bbox 3419 4353 3637 4427; x_wconf 89' lang='lat' dir='ltr'>integra</span> <span class='ocrx_word' id='word_1_673' title='bbox 3682 4366 3787 4420; x_wconf 89' lang='lat' dir='ltr'>per—</span> 
     </span>
    </p>
   </div>
   <div class='ocr_carea' id='block_1_101' title="bbox 2187 4441 3787 4512">
    <p class='ocr_par' dir='ltr' id='par_1_101' title="bbox 2187 4441 3787 4512">
     <span class='ocr_line' id='line_1_101' title="bbox 2187 4441 3787 4512; baseline -0.001 -18"><span class='ocrx_word' id='word_1_674' title='bbox 2187 4441 2382 4496; x_wconf 88' lang='lat' dir='ltr'>sistant</span> <span class='ocrx_word' id='word_1_675' title='bbox 2413 4442 2478 4495; x_wconf 90' lang='lat' dir='ltr'>ad</span> <span class='ocrx_word' id='word_1_676' title='bbox 2511 4458 2668 4496; x_wconf 90' lang='lat' dir='ltr'>usum</span> <span class='ocrx_word' id='word_1_677' title='bbox 2702 4449 2756 4497; x_wconf 91' lang='lat' dir='ltr'>et</span> <span class='ocrx_word' id='word_1_678' title='bbox 2790 4442 3198 4497; x_wconf 90' lang='lat' dir='ltr'>incrementum</span> <span class='ocrx_word' id='word_1_679' title='bbox 3230 4443 3407 4512; x_wconf 90' lang='lat' dir='ltr'>ipsius</span> <span class='ocrx_word' id='word_1_680' title='bbox 3437 4443 3580 4498; x_wconf 90' lang='lat' dir='ltr'>sacri</span> <span class='ocrx_word' id='word_1_681' title='bbox 3615 4456 3787 4496; x_wconf 89' lang='lat' dir='ltr'>mona-</span> 
     </span>
    </p>
   </div>
   <div class='ocr_carea' id='block_1_102' title="bbox 2187 4529 3784 4601">
    <p class='ocr_par' dir='ltr' id='par_1_102' title="bbox 2187 4529 3784 4601">
     <span class='ocr_line' id='line_1_102' title="bbox 2187 4529 3784 4601; baseline -0.001 -17"><span class='ocrx_word' id='word_1_682' title='bbox 2187 4529 2339 4585; x_wconf 87' lang='lat' dir='ltr'>sterii</span> <span class='ocrx_word' id='word_1_683' title='bbox 2367 4530 2472 4584; x_wconf 86' lang='lat' dir='ltr'>sub</span> <span class='ocrx_word' id='word_1_684' title='bbox 2499 4530 2845 4600; x_wconf 84' lang='lat' dir='ltr'>protectione</span> <span class='ocrx_word' id='word_1_685' title='bbox 2876 4538 3076 4585; x_wconf 63' lang='lat' dir='ltr'>nostra:</span> <span class='ocrx_word' id='word_1_686' title='bbox 3130 4531 3278 4585; x_wconf 89' lang='lat' dir='ltr'>sedis</span> <span class='ocrx_word' id='word_1_687' title='bbox 3308 4532 3627 4601; x_wconf 78' lang='lat' dir='ltr'>apostolicae</span> <span class='ocrx_word' id='word_1_688' title='bbox 3671 4545 3784 4601; x_wconf 83' lang='lat' dir='ltr'>pcr-</span> 
     </span>
    </p>
   </div>
   <div class='ocr_carea' id='block_1_103' title="bbox 2187 4618 3788 4690">
    <p class='ocr_par' dir='ltr' id='par_1_103' title="bbox 2187 4618 3788 4690">
     <span class='ocr_line' id='line_1_103' title="bbox 2187 4618 3788 4690; baseline -0.002 -18"><span class='ocrx_word' id='word_1_689' title='bbox 2187 4618 2370 4690; x_wconf 91' lang='lat' dir='ltr'>petuis</span> <span class='ocrx_word' id='word_1_690' title='bbox 2391 4618 2738 4689; x_wconf 90' lang='lat' dir='ltr'>temporibus</span> <span class='ocrx_word' id='word_1_691' title='bbox 2764 4635 2794 4672; x_wconf 91' lang='lat' dir='ltr'>a</span> <span class='ocrx_word' id='word_1_692' title='bbox 2826 4619 3084 4688; x_wconf 80' lang='lat' dir='ltr'>praesenti</span> <span class='ocrx_word' id='word_1_693' title='bbox 3113 4619 3414 4674; x_wconf 89' lang='lat' dir='ltr'>indictione</span> <span class='ocrx_word' id='word_1_694' title='bbox 3442 4621 3527 4673; x_wconf 79' lang='lat' dir='ltr'>t2.</span> <span class='ocrx_word' id='word_1_695' title='bbox 3567 4618 3788 4674; x_wconf 89' lang='lat' dir='ltr'>Dicimus</span> 
     </span>
    </p>
   </div>
   <div class='ocr_carea' id='block_1_104' title="bbox 2189 4710 3784 4787">
    <p class='ocr_par' dir='ltr' id='par_1_104' title="bbox 2189 4710 3784 4787">
     <span class='ocr_line' id='line_1_104' title="bbox 2189 4710 3784 4787; baseline 0.001 -20"><span class='ocrx_word' id='word_1_696' title='bbox 2189 4713 2352 4768; x_wconf 87' lang='lat' dir='ltr'>etiam</span> <span class='ocrx_word' id='word_1_697' title='bbox 2376 4721 2438 4787; x_wconf 87' lang='lat' dir='ltr'>ut</span> <span class='ocrx_word' id='word_1_698' title='bbox 2469 4712 2639 4768; x_wconf 90' lang='lat' dir='ltr'>abbas</span> <span class='ocrx_word' id='word_1_699' title='bbox 2689 4714 2782 4784; x_wconf 90' lang='lat' dir='ltr'>qui</span> <span class='ocrx_word' id='word_1_700' title='bbox 2827 4713 3033 4767; x_wconf 89' lang='lat' dir='ltr'>ibidem</span> <span class='ocrx_word' id='word_1_701' title='bbox 3067 4729 3164 4784; x_wconf 94' lang='lat' dir='ltr'>pro</span> <span class='ocrx_word' id='word_1_702' title='bbox 3206 4721 3455 4784; x_wconf 90' lang='lat' dir='ltr'>tempore</span> <span class='ocrx_word' id='word_1_703' title='bbox 3512 4714 3693 4777; x_wconf 88' lang='lat' dir='ltr'>fuerit,</span> <span class='ocrx_word' id='word_1_704' title='bbox 3729 4710 3784 4768; x_wconf 72' lang='lat' dir='ltr'>si.</span> 
     </span>
    </p>
   </div>
   <div class='ocr_carea' id='block_1_105' title="bbox 2187 4800 3784 4878">
    <p class='ocr_par' dir='ltr' id='par_1_105' title="bbox 2187 4800 3784 4878">
     <span class='ocr_line' id='line_1_105' title="bbox 2187 4800 3784 4878; baseline -0.004 -19"><span class='ocrx_word' id='word_1_705' title='bbox 2187 4806 2334 4876; x_wconf 92' lang='lat' dir='ltr'>quod</span> <span class='ocrx_word' id='word_1_706' title='bbox 2363 4805 2526 4873; x_wconf 89' lang='lat' dir='ltr'>absit,</span> <span class='ocrx_word' id='word_1_707' title='bbox 2559 4821 2589 4859; x_wconf 93' lang='lat' dir='ltr'>a</span> <span class='ocrx_word' id='word_1_708' title='bbox 2621 4805 2858 4878; x_wconf 89' lang='lat' dir='ltr'>regulari</span> <span class='ocrx_word' id='word_1_709' title='bbox 2888 4805 3172 4876; x_wconf 91' lang='lat' dir='ltr'>proposito</span> <span class='ocrx_word' id='word_1_710' title='bbox 3204 4815 3258 4860; x_wconf 90' lang='lat' dir='ltr'>et</span> <span class='ocrx_word' id='word_1_711' title='bbox 3283 4806 3631 4861; x_wconf 88' lang='lat' dir='ltr'>institutione</span> <span class='ocrx_word' id='word_1_712' title='bbox 3656 4800 3784 4857; x_wconf 87' lang='lat' dir='ltr'>beati</span> 
     </span>
    </p>
   </div>
   <div class='ocr_carea' id='block_1_106' title="bbox 2187 4891 3784 4963">
    <p class='ocr_par' dir='ltr' id='par_1_106' title="bbox 2187 4891 3784 4963">
     <span class='ocr_line' id='line_1_106' title="bbox 2187 4891 3784 4963; baseline -0.004 -18"><span class='ocrx_word' id='word_1_713' title='bbox 2187 4892 2468 4948; x_wconf 82' lang='lat' dir='ltr'>Benedicti</span> <span class='ocrx_word' id='word_1_714' title='bbox 2519 4892 2838 4957; x_wconf 87' lang='lat' dir='ltr'>deviaverit,</span> <span class='ocrx_word' id='word_1_715' title='bbox 2881 4894 2998 4948; x_wconf 87' lang='lat' dir='ltr'>sive</span> <span class='ocrx_word' id='word_1_716' title='bbox 3049 4909 3134 4948; x_wconf 90' lang='lat' dir='ltr'>res</span> <span class='ocrx_word' id='word_1_717' title='bbox 3187 4893 3507 4948; x_wconf 88' lang='lat' dir='ltr'>monasterii</span> <span class='ocrx_word' id='word_1_718' title='bbox 3557 4891 3784 4963; x_wconf 88' lang='lat' dir='ltr'>ejusdem</span> 
     </span>
    </p>
   </div>
   <div class='ocr_carea' id='block_1_107' title="bbox 2186 4978 3786 5051">
    <p class='ocr_par' dir='ltr' id='par_1_107' title="bbox 2186 4978 3786 5051">
     <span class='ocr_line' id='line_1_107' title="bbox 2186 4978 3786 5051; baseline -0.003 -18"><span class='ocrx_word' id='word_1_719' title='bbox 2186 4980 2530 5044; x_wconf 88' lang='lat' dir='ltr'>alienaverit,</span> <span class='ocrx_word' id='word_1_720' title='bbox 2563 4980 2840 5036; x_wconf 89' lang='lat' dir='ltr'>licentiam</span> <span class='ocrx_word' id='word_1_721' title='bbox 2871 4980 3073 5036; x_wconf 89' lang='lat' dir='ltr'>habeat</span> <span class='ocrx_word' id='word_1_722' title='bbox 3099 4981 3396 5051; x_wconf 83' lang='lat' dir='ltr'>praedictus</span> <span class='ocrx_word' id='word_1_723' title='bbox 3437 4997 3625 5037; x_wconf 89' lang='lat' dir='ltr'>comes</span> <span class='ocrx_word' id='word_1_724' title='bbox 3650 4978 3786 5034; x_wconf 86' lang='lat' dir='ltr'>Oliba</span> 
     </span>
    </p>
   </div>
   <div class='ocr_carea' id='block_1_108' title="bbox 2184 5067 3782 5144">
    <p class='ocr_par' dir='ltr' id='par_1_108' title="bbox 2184 5067 3782 5144">
     <span class='ocr_line' id='line_1_108' title="bbox 2184 5067 3782 5144; baseline -0.001 -18"><span class='ocrx_word' id='word_1_725' title='bbox 2184 5072 2301 5128; x_wconf 89' lang='lat' dir='ltr'>sive</span> <span class='ocrx_word' id='word_1_726' title='bbox 2331 5072 2415 5126; x_wconf 92' lang='lat' dir='ltr'>sui</span> <span class='ocrx_word' id='word_1_727' title='bbox 2449 5072 2705 5127; x_wconf 91' lang='lat' dir='ltr'>eumdem</span> <span class='ocrx_word' id='word_1_728' title='bbox 2735 5073 2988 5128; x_wconf 88' lang='lat' dir='ltr'>abbatem</span> <span class='ocrx_word' id='word_1_729' title='bbox 3017 5074 3330 5144; x_wconf 84' lang='lat' dir='ltr'>expellendi</span> <span class='ocrx_word' id='word_1_730' title='bbox 3357 5072 3526 5138; x_wconf 92' lang='lat' dir='ltr'>foras,</span> <span class='ocrx_word' id='word_1_731' title='bbox 3558 5080 3612 5128; x_wconf 89' lang='lat' dir='ltr'>et</span> <span class='ocrx_word' id='word_1_732' title='bbox 3653 5067 3782 5142; x_wconf 89' lang='lat' dir='ltr'>quod</span> 
     </span>
    </p>
   </div>
   <div class='ocr_carea' id='block_1_109' title="bbox 2185 5160 3782 5237">
    <p class='ocr_par' dir='ltr' id='par_1_109' title="bbox 2185 5160 3782 5237">
     <span class='ocr_line' id='line_1_109' title="bbox 2185 5160 3782 5237; baseline -0.004 -19"><span class='ocrx_word' id='word_1_733' title='bbox 2185 5164 2254 5218; x_wconf 91' lang='lat' dir='ltr'>ab</span> <span class='ocrx_word' id='word_1_734' title='bbox 2307 5179 2373 5218; x_wconf 92' lang='lat' dir='ltr'>eo</span> <span class='ocrx_word' id='word_1_735' title='bbox 2414 5165 2717 5219; x_wconf 90' lang='lat' dir='ltr'>alienatum</span> <span class='ocrx_word' id='word_1_736' title='bbox 2743 5164 2997 5220; x_wconf 89' lang='lat' dir='ltr'>fueritad</span> <span class='ocrx_word' id='word_1_737' title='bbox 3027 5167 3310 5236; x_wconf 88' lang='lat' dir='ltr'>pr0prium</span> <span class='ocrx_word' id='word_1_738' title='bbox 3347 5166 3436 5237; x_wconf 86' lang='lat' dir='ltr'>jus</span> <span class='ocrx_word' id='word_1_739' title='bbox 3482 5160 3782 5222; x_wconf 86' lang='lat' dir='ltr'>revocandi,</span> 
     </span>
    </p>
   </div>
   <div class='ocr_carea' id='block_1_110' title="bbox 2186 5254 3784 5332">
    <p class='ocr_par' dir='ltr' id='par_1_110' title="bbox 2186 5254 3784 5332">
     <span class='ocr_line' id='line_1_110' title="bbox 2186 5254 3784 5332; baseline -0.003 -23"><span class='ocrx_word' id='word_1_740' title='bbox 2186 5262 2240 5310; x_wconf 90' lang='lat' dir='ltr'>et</span> <span class='ocrx_word' id='word_1_741' title='bbox 2292 5271 2392 5326; x_wconf 92' lang='lat' dir='ltr'>pro</span> <span class='ocrx_word' id='word_1_742' title='bbox 2441 5257 2561 5328; x_wconf 92' lang='lat' dir='ltr'>ipso</span> <span class='ocrx_word' id='word_1_743' title='bbox 2614 5257 2785 5311; x_wconf 89' lang='lat' dir='ltr'>alium</span> <span class='ocrx_word' id='word_1_744' title='bbox 2829 5258 2938 5312; x_wconf 92' lang='lat' dir='ltr'>Deo</span> <span class='ocrx_word' id='word_1_745' title='bbox 2990 5258 3219 5332; x_wconf 87' lang='lat' dir='ltr'>dignum</span> <span class='ocrx_word' id='word_1_746' title='bbox 3278 5258 3536 5313; x_wconf 90' lang='lat' dir='ltr'>abbatem</span> <span class='ocrx_word' id='word_1_747' title='bbox 3595 5254 3784 5312; x_wconf 86' lang='lat' dir='ltr'>consti—</span> 
     </span>
    </p>
   </div>
   <div class='ocr_carea' id='block_1_111' title="bbox 2184 5347 3781 5418">
    <p class='ocr_par' dir='ltr' id='par_1_111' title="bbox 2184 5347 3781 5418">
     <span class='ocr_line' id='line_1_111' title="bbox 2184 5347 3781 5418; baseline -0.001 -18"><span class='ocrx_word' id='word_1_748' title='bbox 2184 5347 2398 5412; x_wconf 89' lang='lat' dir='ltr'>tuendi,</span> <span class='ocrx_word' id='word_1_749' title='bbox 2433 5349 2734 5418; x_wconf 89' lang='lat' dir='ltr'>approbata</span> <span class='ocrx_word' id='word_1_750' title='bbox 2760 5348 2837 5403; x_wconf 91' lang='lat' dir='ltr'>rei</span> <span class='ocrx_word' id='word_1_751' title='bbox 2870 5348 3115 5404; x_wconf 89' lang='lat' dir='ltr'>veritate.</span> <span class='ocrx_word' id='word_1_752' title='bbox 3151 5348 3557 5405; x_wconf 88' lang='lat' dir='ltr'>Constituentes</span> <span class='ocrx_word' id='word_1_753' title='bbox 3587 5351 3781 5418; x_wconf 81' lang='lat' dir='ltr'>aposto—</span> 
     </span>
    </p>
   </div>
   <div class='ocr_carea' id='block_1_112' title="bbox 2185 5438 3781 5509">
    <p class='ocr_par' dir='ltr' id='par_1_112' title="bbox 2185 5438 3781 5509">
     <span class='ocr_line' id='line_1_112' title="bbox 2185 5438 3781 5509; baseline -0.003 -16"><span class='ocrx_word' id='word_1_754' title='bbox 2185 5438 2289 5493; x_wconf 89' lang='lat' dir='ltr'>lica</span> <span class='ocrx_word' id='word_1_755' title='bbox 2311 5455 2543 5494; x_wconf 91' lang='lat' dir='ltr'>censura</span> <span class='ocrx_word' id='word_1_756' title='bbox 2564 5440 2665 5494; x_wconf 89' lang='lat' dir='ltr'>sub</span> <span class='ocrx_word' id='word_1_757' title='bbox 2687 5439 2859 5494; x_wconf 91' lang='lat' dir='ltr'>divini</span> <span class='ocrx_word' id='word_1_758' title='bbox 2887 5440 3081 5509; x_wconf 90' lang='lat' dir='ltr'>judicii</span> <span class='ocrx_word' id='word_1_759' title='bbox 3139 5439 3511 5496; x_wconf 89' lang='lat' dir='ltr'>obtestatione</span> <span class='ocrx_word' id='word_1_760' title='bbox 3542 5441 3655 5494; x_wconf 59' lang='lat' dir='ltr'>ha’c</span> <span class='ocrx_word' id='word_1_761' title='bbox 3679 5449 3781 5506; x_wconf 73' lang='lat' dir='ltr'>qua:</span> 
     </span>
    </p>
   </div>
   <div class='ocr_carea' id='block_1_113' title="bbox 2185 5523 3779 5602">
    <p class='ocr_par' dir='ltr' id='par_1_113' title="bbox 2185 5523 3779 5602">
     <span class='ocr_line' id='line_1_113' title="bbox 2185 5523 3779 5602; baseline -0.003 -22"><span class='ocrx_word' id='word_1_762' title='bbox 2185 5543 2215 5580; x_wconf 89' lang='lat' dir='ltr'>a</span> <span class='ocrx_word' id='word_1_763' title='bbox 2245 5528 2409 5584; x_wconf 90' lang='lat' dir='ltr'>nobis</span> <span class='ocrx_word' id='word_1_764' title='bbox 2439 5529 2661 5585; x_wconf 90' lang='lat' dir='ltr'>decreta</span> <span class='ocrx_word' id='word_1_765' title='bbox 2686 5538 2814 5585; x_wconf 87' lang='lat' dir='ltr'>sunt</span> <span class='ocrx_word' id='word_1_766' title='bbox 2843 5531 3124 5601; x_wconf 89' lang='lat' dir='ltr'>perpetuis</span> <span class='ocrx_word' id='word_1_767' title='bbox 3153 5523 3779 5602; x_wconf 87' lang='lat' dir='ltr'>temporibusinviolabi-</span> 
     </span>
    </p>
   </div>
   <div class='ocr_carea' id='block_1_114' title="bbox 2186 5615 3776 5692">
    <p class='ocr_par' dir='ltr' id='par_1_114' title="bbox 2186 5615 3776 5692">
     <span class='ocr_line' id='line_1_114' title="bbox 2186 5615 3776 5692; baseline -0.001 -20"><span class='ocrx_word' id='word_1_768' title='bbox 2186 5619 2314 5674; x_wconf 90' lang='lat' dir='ltr'>liter</span> <span class='ocrx_word' id='word_1_769' title='bbox 2344 5619 2412 5672; x_wconf 89' lang='lat' dir='ltr'>ab</span> <span class='ocrx_word' id='word_1_770' title='bbox 2441 5620 2702 5675; x_wconf 89' lang='lat' dir='ltr'>omnibus</span> <span class='ocrx_word' id='word_1_771' title='bbox 2740 5621 3107 5676; x_wconf 90' lang='lat' dir='ltr'>observanda.</span> <span class='ocrx_word' id='word_1_772' title='bbox 3144 5621 3198 5674; x_wconf 92' lang='lat' dir='ltr'>Si</span> <span class='ocrx_word' id='word_1_773' title='bbox 3248 5621 3372 5692; x_wconf 90' lang='lat' dir='ltr'>quis</span> <span class='ocrx_word' id='word_1_774' title='bbox 3399 5629 3608 5686; x_wconf 89' lang='lat' dir='ltr'>autem,</span> <span class='ocrx_word' id='word_1_775' title='bbox 3649 5615 3776 5688; x_wconf 87' lang='lat' dir='ltr'>quod</span> 
     </span>
    </p>
   </div>
   <div class='ocr_carea' id='block_1_115' title="bbox 2187 5710 3779 5780">
    <p class='ocr_par' dir='ltr' id='par_1_115' title="bbox 2187 5710 3779 5780">
     <span class='ocr_line' id='line_1_115' title="bbox 2187 5710 3779 5780; baseline 0.001 -16"><span class='ocrx_word' id='word_1_776' title='bbox 2187 5724 2296 5765; x_wconf 90' lang='lat' dir='ltr'>non</span> <span class='ocrx_word' id='word_1_777' title='bbox 2324 5710 2623 5779; x_wconf 88' lang='lat' dir='ltr'>credimus,</span> <span class='ocrx_word' id='word_1_778' title='bbox 2657 5712 2950 5768; x_wconf 88' lang='lat' dir='ltr'>temerario</span> <span class='ocrx_word' id='word_1_779' title='bbox 2981 5727 3120 5770; x_wconf 80' lang='lat' dir='ltr'>ausu</span> <span class='ocrx_word' id='word_1_780' title='bbox 3152 5712 3415 5768; x_wconf 90' lang='lat' dir='ltr'>adversus</span> <span class='ocrx_word' id='word_1_781' title='bbox 3445 5712 3674 5780; x_wconf 84' lang='lat' dir='ltr'>hujusce</span> <span class='ocrx_word' id='word_1_782' title='bbox 3692 5721 3779 5760; x_wconf 86' lang='lat' dir='ltr'>n0-</span> 
     </span>
    </p>
   </div>
  </div>
