3924 6416
158 449 269 506 969

1322 470 1329 475 -
1398 441 1728 498 EPISTOUE
1769 441 1847 495 ET
1885 440 2280 496 DlPl.0MATA.

3408 450 3513 504 970

156 584 285 633 sti-ae
342 576 743 649 praeceptionis
798 575 1000 631 seriem
1030 573 1304 629 contraire
1357 570 1787 645 prwsumpserit,
1813 582 1863 645 Α
1893 569 2141 638 pergitur
2173 570 2240 621 ad
2274 569 2470 645 jugum
2510 570 2579 625 de
2610 570 2882 637 Cleirano,
2917 579 2971 626 et
3029 572 3139 628 itur
3168 574 3235 628 ad
3269 581 3512 631 montem

158 673 306 727 sciat
336 689 419 741 se,
452 672 559 729 nisi
584 671 900 743 resipuerit,
926 669 1137 740 judicio
1169 668 1263 723 Dei
1308 667 1707 744 omnipotentis
1737 673 1791 720 et

156 762 439 831 praedictze
468 777 695 832 semper
725 760 959 835 virginis
986 757 1078 813 Dei
1108 757 1391 831 genitricis
1420 744 1623 821 Mariae,
1654 755 1787 808 bea—

156 848 612 921 tissimorumque
642 850 1021 920 apostolorum
1073 845 1219 901 Petri
1272 845 1420 899 Pauli
1456 851 1508 899 et
1539 844 1787 898 omnium

158 942 556 1012 episcoporum
592 947 906 1012 nostraque
936 937 1264 993 humilitatis
1294 936 1639 1001 auctoritate,
1664 950 1788 989 cum

156 1033 428 1089 omnibus
481 1034 672 1105 impiis
725 1040 993 1104 perpetuo
1025 1030 1288 1085 incendio
1320 1040 1375 1084 et
1412 1026 1789 1083 indissolubili

154 1126 512 1180 anathemate
553 1126 895 1180 damnatum.
950 1125 1015 1177 At
1055 1139 1186 1178 vero
1241 1122 1335 1193 qui
1388 1121 1712 1176 observator
1737 1124 1790 1171 et

153 1221 348 1269 custos
377 1215 498 1283 ejus
525 1215 580 1269 in
615 1221 730 1270 toto
769 1213 1061 1278 exstiterit,
1109 1212 1340 1286 gratiam
1388 1217 1444 1264 et
1474 1208 1790 1263 misericor-

154 1305 314 1358 dium
346 1321 377 1358 a
408 1303 620 1359 caelesti
654 1320 783 1377 rege
815 1303 1081 1368 obtineat,
1115 1301 1478 1371 omniumque
1532 1304 1792 1370 peccato-

156 1410 286 1449 rum
317 1410 544 1451 suorum
596 1395 654 1449 in
711 1394 970 1467 praesenti
1026 1393 1431 1447 absolutionem
1488 1398 1543 1445 et
1589 1390 1645 1443 in
1697 1388 1789 1443 fu-

156 1492 287 1539 turo
318 1490 582 1539 aternam
622 1483 853 1558 gloriam
913 1498 1039 1537 cum
1108 1479 1312 1535 sanctis
1342 1478 1555 1554 angelis
1584 1493 1788 1532 conse-

154 1585 381 1648 quatur.

230 1665 510 1735 Scriptum
576 1680 677 1735 per
724 1679 948 1719 manum
1010 1663 1210 1719 Leonis
1242 1661 1461 1728 notarii,
1490 1659 1793 1733 regionarii

157 1764 328 1827 atque
359 1756 633 1811 scriniarii
664 1756 814 1811 sedis
847 1755 1166 1827 apostolicae
1188 1756 1241 1809 in
1267 1769 1459 1808 mense
1483 1748 1792 1814 Decembri,

160 1847 471 1905 indictione
507 1849 591 1905 l2.
630 1849 777 1904 Bene
803 1850 1000 1904 valete.

920 1980 1035 2033 Xll.

156 2105 384 2146 JOANNIS
440 2108 591 2145 PAPE
641 2107 735 2145 XIII
795 2106 1136 2145 ριιινιιεαιυω
1192 2104 1295 2143 PRO

656 2177 941 2218 IICHAELIS
975 2179 1041 2215 DE
1068 2176 1299 2215 COXANO.

792 2265 971 2324 (Anno
1013 2262 1165 2331 968.)
1196 2326 1199 2329 _

418 2368 660 2439 [Manum
696 2370 891 2437 Papiri
934 2366 1317 2437 diplomatichi
1348 2365 1389 2430 Ι,
1424 2363 1536 2433 52.]

1347 2100 1690 2141 IONAS‘I'EIIIO
1740 2101 1784 2137 S.

229 2498 475 2554 Joannes
505 2499 824 2570 cpiscopus,
881 2516 1071 2554 servus
1102 2515 1383 2554 servorum
1437 2497 1555 2563 Dei,
1590 2495 1791 2549 dilecto

162 2591 327 2645 nobis
356 2591 409 2645 in
435 2591 651 2646 Christo
683 2591 797 2647 filio
828 2591 1087 2659 WARINO,
1131 2592 1393 2666 religioso
1433 2587 1618 2644 abbati
1650 2586 1787 2641 sacri

163 2683 494 2737 monasterii
527 2682 711 2737 Sancti
744 2682 1024 2739 Michaelis
1061 2682 1390 2755 Archangeli
1414 2689 1467 2736 et
1498 2677 1792 2734 BeatiGer—

162 2776 336 2842 mani,
372 2778 521 2848 quod
571 2777 734 2831 situm
766 2784 850 2833 est
880 2778 935 2832 in
981 2778 1122 2833 valle
1156 2774 1469 2831 Confluenti
1507 2781 1563 2829 et
1588 2773 1645 2827 in
1667 2772 1789 2827 loco

162 2871 257 2942 qui
325 2869 599 2936 Coxanns,
642 2887 706 2926 ac
752 2886 854 2941 per
901 2878 952 2925 te
1002 2870 1419 2926 successoribus
1468 2868 1575 2923 tuis
1636 2881 1793 2940 regu-

161 2962 381 3017 laribus
432 2961 730 3017 abbatibus
785 2962 1040 3031 ejusdem
1098 2961 1385 3017 monachis
1438 2958 1680 3015 coenobii
1734 2958 1789 3011 in

161 3059 502 3125 perpetuum
532 3053 893 3125 apostolicam
920 3052 1371 3108 benedictionem
1393 3059 1447 3107 et
1465 3051 1716 3123 gratiam.

237 3142 373 3197 Cum
405 3158 621 3216 magna:
652 3142 819 3198 nobis
853 3142 1245 3198 sollicitudinis
1293 3157 1425 3196 cura
1474 3140 1693 3195 insistat
1723 3139 1792 3194 ad

1890 662 1982 734 qui
2027 663 2228 717 dicitur
2259 663 2525 731 Lacarias,
2560 674 2614 721 et
2644 665 2723 721 sic
2748 666 2969 722 ducitur
2999 684 3098 738 per
3128 667 3309 739 ipsum
3336 687 3514 743 usque

1892 750 1946 804 in
1981 762 2222 806 montem
2252 753 2565 824 quidicitur
2622 753 2934 828 Categonis,
2956 756 3228 812 ctdeindc
3245 758 3315 812 ad
3342 760 3507 814 meri-

1891 843 2043 897 diem
2072 843 2428 899 descenditur
2456 862 2557 916 per
2586 846 2802 901 Serram
2835 864 3006 918 super
3037 847 3217 904 locum
3243 850 3338 921 qui
3369 850 3514 907 dici-

1893 941 1982 988 tur
2011 934 2289 1002 Miliarias,
2324 943 2377 991 et
2410 937 2729 1007 pervenitur
2769 939 2838 993 ad
2880 939 3108 995 Crucem
3128 956 3296 1011 super
3324 942 3510 997 villam

1891 1045 2014 1099 qua:
2044 1028 2431 1085 diciturCurtis
2464 1048 2476 1083 :
2507 1032 2707 1086 deinde
2727 1034 2975 1088 tenditur
3001 1050 3178 1105 usque
3212 1036 3281 1089 ad
3316 1053 3511 1107 rupem

1890 1118 2004 1171 sive
2032 1116 2268 1173 ,Cherum
2303 1118 2544 1187 Clarinti,
2576 1129 2632 1176 et
2656 1122 2874 1177 venitur
2903 1139 3004 1193 per
3040 1125 3412 1181 summitatem
3445 1127 3513 1182 de

1892 1209 2055 1263 Serra
2085 1226 2260 1281 usque
2291 1210 2343 1263 in
2370 1210 2545 1265 rivum
2604 1212 2954 1282 Merdarium,
2996 1225 3051 1271 et
3076 1216 3295 1271 ducitur
3336 1234 3513 1291 usque

1895 1299 1951 1353 in
1980 1299 2207 1355 ﬂuvium
2241 1301 2333 1373 qui
2367 1302 2565 1357 dicitur
2590 1303 2769 1372 Tecle,
2802 1316 2858 1361 et
2896 1323 2928 1361 a
2965 1317 3119 1378 parte
3196 1308 3375 1376 Circii,
3408 1311 3516 1365 hoc

1894 1404 1978 1450 est
1998 1395 2066 1449 ab
2125 1395 2455 1450 occidentali
2515 1397 2695 1454 fronte
2752 1400 2968 1455 venitur
2998 1401 3052 1455 in
3093 1408 3317 1457 stratam
3370 1404 3512 1458 viam

1895 1490 2172 1559 publicam
2202 1507 2369 1561 quam
2392 1491 2585 1547 dicunt
2602 1493 2743 1548 Duas
2768 1494 3016 1559 Sorores,
3032 1505 3087 1551 et
3108 1496 3514 1569 veniturusque

1900 1582 1951 1635 in
1985 1581 2297 1636 Literanum
2368 1600 2466 1653 per
2516 1584 2689 1653 ipsam
2721 1585 2863 1640 viam
2895 1585 3172 1656 publicam
3200 1593 3214 1642 ε
3247 1589 3451 1644 deinde
3482 1606 3514 1644 a

1899 1683 2051 1745 parte
2081 1676 2383 1747 aquilonali
2412 1677 2515 1731 sub
2532 1676 2732 1733 Sancto
2747 1680 2927 1736 Felice
2959 1681 3294 1751 tenditur,et
3324 1699 3515 1754 perve-

1898 1764 2044 1819 nitur
2072 1781 2249 1836 usque
2282 1764 2336 1818 in
2369 1765 2586 1820 alodem
2620 1765 2834 1823 Sanctae
2863 1768 3069 1826 Mariae.
3104 1771 3237 1826 Item
3267 1771 3400 1826 alibi
3428 1788 3516 1828 ec-

1895 1858 2119 1913 clesiam
2150 1860 2335 1915 Sancti
2383 1860 2598 1915 Martini
2624 1877 2748 1918 cum
2796 1862 2928 1918 villa
2971 1863 3040 1918 de
3087 1863 3360 1933 Cleirano,
3389 1883 3513 1922 cum

1895 1952 2096 2008 finibus
2119 1961 2171 2007 et
2194 1954 2522 2022 adjacentiis
2548 1955 2683 2010 suis.
2708 1956 2841 2012 Item
2869 1957 3055 2014 villam
3078 1958 3368 2015 (lastellani
3388 1976 3510 2016 cum

1891 2045 2108 2099 duabus
2139 2045 2394 2104 ecclesiis
2424 2046 2500 2100 ibi
2529 2045 2792 2115 fundatis,
2840 2048 2943 2106 hoc
2970 2057 3055 2106 est
3078 2052 3254 2107 sancti
3283 2052 3513 2108 Andreae

1892 2142 1947 2190 et
1974 2135 2149 2190 beatae
2181 2136 2361 2190 Maria:
2390 2153 2614 2205 semper
2651 2137 2903 2212 virginis,
2933 2156 3057 2196 cum
3115 2142 3278 2197 alode
3305 2159 3429 2211 suo,
3457 2152 3513 2199 et

1893 2241 2016 2280 cum
2048 2225 2279 2280 decimis
2306 2235 2361 2279 et
2406 2225 2665 2295 primitiis
2693 2227 2831 2295 suis,
2864 2235 2919 2284 et
2959 2244 3082 2284 cum
3138 2231 3288 2285 omni
3312 2224 3509 2287 ornatu

1894 2331 2100 2369 earum.
2137 2316 2257 2385 Ipsa
2282 2315 2413 2368 villa
2444 2316 2619 2385 posita
2641 2324 2724 2371 est
2746 2317 2890 2373 inter
2919 2318 3138 2385 afﬁnes,
3159 2321 3278 2376 sive
3309 2319 3512 2377 aﬁ'ron-

1892 2407 2145 2473 tationes,
2189 2407 2241 2460 id
2264 2416 2348 2461 est
2387 2423 2453 2465 ex
2493 2424 2603 2463 una
2664 2418 2820 2480 parte
2852 2411 3229 2469 interminium
3257 2414 3328 2469 de
3355 2413 3513 2469 Moli-

1892 2499 2004 2571 gio,
2033 2499 2118 2553 vel
2151 2499 2205 2553 in
2236 2498 2355 2569 ipsa
2387 2497 2697 2567 Petraficta,
2727 2509 2783 2557 et
2835 2520 2902 2559 ex
2940 2504 3049 2560 alia
3078 2514 3234 2576 paate
3288 2506 3345 2560 in
3391 2503 3510 2577 ipsa

1892 2603 2015 2641 arca
2040 2587 2108 2642 de
2142 2588 2426 2651 Casalone,
2457 2599 2512 2645 et
2558 2590 2706 2645 vadit
2737 2608 2835 2663 per
2864 2592 3110 2659 Comum,
3164 2611 3272 2665 qua
3318 2595 3509 2664 pergi-

1892 2683 1978 2730 tur
1999 2677 2067 2730 ad
2122 2676 2327 2732 flumen
2379 2681 2521 2736 Tede
2554 2700 2570 2748 ;
2608 2682 2678 2737 de
2736 2681 2897 2737 tertia
2945 2689 3097 2753 parte
3137 2683 3305 2737 habet
3362 2683 3513 2753 ipsos

1892 2769 2105 2823 casales
2144 2771 2213 2825 de
2267 2771 2557 2846 Mengone.
2616 2776 2752 2830 Item
2783 2790 2815 2829 a
2858 2781 3051 2845 quarta
3108 2775 3403 2830 terminum
3441 2776 3512 2830 de

1895 2856 2078 2913 Canoa
2124 2858 2207 2913 vel
2252 2859 2564 2927 Petralicta,
2612 2870 2667 2918 et
2710 2862 2933 2917 venitur
2995 2879 3170 2935 usque
3200 2864 3258 2918 in
3306 2863 3513 2918 flumen

1892 2945 2058 3013 Tede,
2092 2956 2147 3001 et
2178 2949 2318 3005 ultra
2350 2952 2531 3022 ipsum
2563 2951 2770 3007 flumen
2799 2959 3068 3024 quantum
3100 2954 3324 3009 tenebat
3340 2955 3517 3009 Xeno-

1895 3036 2087 3093 fredus
2115 3055 2302 3095 comes
2331 3041 2387 3095 in
2410 3043 2502 3098 die
2533 3043 2721 3098 obitus
2781 3044 2889 3110 sui,
2911 3052 2967 3100 et
2997 3044 3180 3100 villam
3213 3043 3512 3112 Torrentis,

1894 3142 2018 3181 cum
2058 3127 2285 3195 finibus,
2317 3131 2567 3186 terminis
2599 3132 2715 3188 sive
2744 3132 3070 3201 adjacentiis
3095 3134 3231 3199 suis,
3254 3134 3394 3189 sicut
3412 3150 3515 3205 per

155 3234 507 3309 vigilandum
564 3249 665 3305 pro
712 3233 989 3289 universis
1042 3233 1301 3289 Ecclesiis
1351 3233 1471 3299 Dei,
1504 3248 1575 3287 ne
1604 3230 1791 3302 aliqua
1814 3251 1863 3319 Ο
1890 3218 2216 3290 scripturam
2249 3220 2397 3275 idem
2428 3224 2826 3280 πιοηειῑθτίῑιηι
2878 3224 3084 3279 habere
3122 3224 3361 3280 Videtur.
3396 3225 3511 3281 Vil-

156 3340 355 3380 earum
399 3325 751 3381 necessitatis
790 3325 1061 3396 jacturam
1102 3326 1156 3380 in
1210 3334 1489 3397 posterum
1531 3323 1778 3394 patiatur,

1894 3314 1993 3369 lam
2045 3313 2313 3388 Tarefagii
2345 3332 2412 3370 ex
2468 3316 2704 3391 integro,
2761 3324 2815 3373 et
2855 3318 3076 3374 alodem
3119 3318 3187 3374 de
3257 3318 3505 3395 Mo‘ligio,

155 3417 393 3492 dignum
415 3416 673 3473 ducimus
700 3418 923 3489 pietatis
954 3417 1151 3472 intuitu
1184 3417 1305 3472 loca
1332 3416 1401 3471 ad
1433 3414 1790 3485 omnipoten-

156 3508 231 3565 tis
264 3509 361 3563 Dei
391 3509 662 3566 honorem
703 3508 850 3565 bene
890 3509 1147 3566 ordinata
1175 3508 1466 3580 apostolici
1513 3504 1789 3579 privilegii

156 3609 497 3659 auctoritate
537 3604 763 3671 muniri,
797 3612 854 3659 et
896 3619 1019 3659 cum
1046 3602 1307 3658 omnibus
1338 3618 1461 3675 quae
1492 3601 1560 3656 ad
1585 3617 1645 3656 se
1662 3616 1788 3671 per-

154 3694 345 3749 tinent
396 3692 567 3750 rebus
639 3693 978 3750 conﬁrmari.
1053 3694 1225 3769 Igitur
1289 3692 1421 3764 quia
1476 3692 1788 3747 interventu

155 3781 314 3838 Olive
348 3782 647 3838 laudabilis
671 3791 728 3838 et
753 3781 1033 3857 magnifici
1061 3782 1282 3838 comitis
1305 3780 1594 3853 postulasti
1634 3796 1666 3835 a
1696 3795 1791 3835 no-

156 3874 270 3941 bis,
305 3883 581 3946 quatenus
611 3874 1134 3931 reconfirmaremus
1164 3874 1265 3929 tibi
1313 3874 1534 3947 tuisque
1557 3888 1788 3930 succes-

154 3958 391 4021 soribus‘
415 3964 765 4040 regularibus
809 3963 1105 4020 abbatibus
1158 3962 1480 4035 praedictum
1512 3969 1793 4019 monaste-

155 4056 331 4123 rium,
358 4056 510 4128 quod
533 4072 670 4113 suus
689 4056 862 4113 frater
882 4057 1044 4113 bona:
1072 4056 1351 4112 memoria:
1396 4071 1585 4111 comes
1610 4055 1793 4112 Xeno«

159 4150 354 4208 fredus
382 4166 481 4223 pro
509 4167 702 4209 amore
723 4152 971 4209 caelestis
1001 4151 1190 4223 patria;
1247 4149 1553 4217 renovavit,
1586 4149 1796 4207 dotavit

154 4248 215 4295 et
238 4239 414 4306 auxit,
448 4240 764 4314 aggregatis
780 4241 1070 4296 monachis
1096 4239 1165 4294 ad
1183 4239 1402 4296 laudem
1436 4244 1492 4295 et
1507 4238 1792 4295 servitium

155 4327 407 4384 cmlestis
434 4327 581 4401 regis
605 4335 661 4383 et
706 4328 976 4384 honorem
1026 4328 1416 4399 praedictorum
1444 4335 1789 4396 sanctorum,

152 4415 423 4474 videlicet
444 4415 767 4489 archangeli
796 4416 1079 4473 Michaelis
1109 4424 1164 4472 et
1190 4415 1448 4473 Germani
1504 4414 1787 4473 confesso-

157 4502 257 4570 ris,
289 4502 541 4560 inclinati
558 4505 669 4561 tuis
692 4506 926 4579 ejusque
956 4505 1237 4579 precibus,
1270 4505 1328 4561 id
1357 4506 1536 4576 ipsum
1563 4522 1794 4562 venera-

154 4590 275 4646 bile
303 4593 703 4649 monasterium
751 4611 922 4667 super
981 4595 1159 4667 ripam
1219 4594 1490 4651 Literanis
1538 4593 1788 4651 fluminis

155 4682 545 4752 constitutum,
596 4694 719 4739 cum
751 4684 1013 4741 omnibus
1044 4685 1252 4741 finibus
1282 4695 1337 4741 et
1370 4684 1623 4742 terminis
1651 4685 1787 4751 suis,
1816 4648 1873 4717 D

154 4775 538 4849 omnibusque
556 4777 727 4833 rebus
755 4778 1057 4834 mobilibus
1082 4786 1138 4833 et
1161 4778 1541 4834 immobilibus
1560 4794 1797 4853 genera-

154 4864 289 4919 liter
313 4873 370 4919 et
417 4865 472 4919 in
516 4866 794 4938 integrum
826 4866 933 4920 sibi
966 4866 1400 4937 pertinentibus,
1448 4867 1518 4921 ad
1550 4883 1708 4921 usum
1740 4873 1796 4921 et

152 4953 500 5025 stipendium
556 4956 898 5028 regularium
939 4955 1170 5011 fratrum
1218 4956 1425 5011 ibidem
1472 4971 1621 5010 nunc
1664 4954 1796 5010 etin

154 5056 451 5120 posterum
494 5049 606 5105 Deo
642 5051 999 5106 servientium
1031 5050 1506 5113 reconﬁrmamus.
1540 5050 1796 5106 corrobo-

155 5156 367 5213 ramus,
389 5148 446 5196 et
492 5142 754 5212 praesenti
804 5142 1150 5213 protectione
1172 5143 1275 5197 sub
1306 5143 1569 5198 continua
1592 5142 1795 5196 immu-

152 5232 325 5288 nitate
363 5232 701 5302 stabilimus,
751 5233 897 5289 sicut
930 5250 962 5289 a
994 5234 1388 5289 decessoribus
1422 5232 1626 5289 nostris
1667 5247 1794 5286 san-

152 5322 421 5379 ctissimis
448 5321 809 5393 pontificibus
833 5331 1003 5396 atque
1026 5322 1511 5379 Christianissimis
1563 5322 1796 5377 Franco-

153 5430 276 5469 rum
299 5413 534 5489 regibus
560 5415 785 5471 videtur
812 5413 1203 5472 conﬁrmatum
1229 5430 1329 5470 seu
1352 5414 1792 5471 corroboratum.

157 5509 218 5563 ln
246 5509 452 5580 primis
478 5509 667 5565 villam
707 5508 941 5566 Cotoleti
985 5515 1040 5564 et
1076 5508 1261 5564 villam
1327 5507 1609 5573 Tauriani,
1670 5521 1796 5562 cum

154 5601 407 5657 ecclesia
440 5601 626 5657 Sancti
655 5601 942 5658 Fructuosi
966 5607 1022 5657 et
1059 5600 1317 5657 omnibus
1351 5599 1520 5656 rebus
1546 5599 1650 5654 sibi
1675 5615 1802 5670 per-

152 5693 493 5751 tinentibus.
521 5693 661 5749 Item
682 5693 870 5751 villam
910 5709 1033 5765 qua:
1076 5692 1280 5750 dicitur
1306 5692 1505 5758 Cortis,
1538 5698 1593 5747 et
1621 5689 1809 5747 omnia

154 5786 338 5856 posita
372 5786 524 5842 inter
546 5785 647 5842 hos
669 5783 870 5841 afﬁnes
899 5784 957 5840 in
988 5783 1225 5840 circuitu
1260 5781 1614 5850 monasterii,
1645 5780 1700 5835 id
1724 5789 1809 5836 est

152 5876 224 5931 ab
247 5876 519 5935 orientali
547 5882 703 5947 parte
756 5874 885 5931 ﬁnis
917 5892 1019 5947 per
1076 5874 1448 5931 summitatem
1480 5872 1663 5937 Serre,
1698 5888 1807 5942 qua

505 6006 806 6067 PATROL.
859 6004 1194 6068 CXXXV.

1885 3412 2148 3475 quantum
2174 3403 2276 3474 ipsi
2327 3406 2663 3460 monasterio
2722 3406 2983 3478 pertinet.
3040 3407 3176 3463 Item
3237 3416 3505 3479 quantum

1889 3491 2193 3562 pertinetei
2226 3492 2467 3548 dealode
2489 3494 2563 3549 de
2587 3493 2875 3560 Moseddo,
2906 3504 2961 3551 et
2999 3504 3267 3569 quantum
3296 3497 3345 3551 ei
3378 3513 3506 3567 per-

1889 3584 2024 3639 tinet
2045 3583 2114 3638 de
2159 3584 2319 3639 alode
2358 3584 2428 3640 de
2484 3585 2806 3652 Arbuzolos,
2837 3595 2895 3643 et
2920 3587 3253 3655 Planizolos,
3286 3597 3340 3645 et
3368 3590 3513 3646 inter

1890 3674 2060 3741 rivos,
2089 3681 2144 3728 et
2201 3675 2256 3728 in
2309 3674 2436 3730 villa
2486 3675 2738 3743 Mosetto,
2770 3686 2824 3732 et
2884 3678 2940 3732 in
2972 3677 3102 3733 villa
3133 3677 3383 3751 Felgaria
3411 3696 3512 3750 per

1891 3762 2032 3819 fines
2050 3764 2384 3820 etterminos
2412 3780 2563 3821 suos.
2599 3766 2731 3822 ltem
2773 3766 2827 3820 in
2876 3765 3017 3822 valle
3047 3765 3376 3822 Sauriniano
3407 3783 3508 3822 ec-

1892 3853 2115 3909 clesiam
2144 3853 2328 3909 Sancti
2375 3853 2655 3910 Michaelis
2690 3871 2814 3911 cum
2846 3855 3106 3910 omnibus
3148 3856 3314 3911 rebus
3352 3856 3419 3909 ad
3449 3872 3511 3911 se

1894 3941 2324 4012 pertinentibus.
2345 3942 2403 3997 In
2428 3942 2693 3998 comitatu
2724 3958 2964 4015 namque
2993 3943 3510 4000 Feniliorensicon-

1893 4036 2175 4093 ﬁrmamus
2230 4053 2426 4093 omnes
2484 4053 2573 4093 res
2611 4038 2718 4110 ipsi
2769 4037 3107 4094 monasterio
3138 4038 3509 4110 pertinentes,

1896 4129 1953 4184 in
1978 4129 2118 4185 valle
2146 4129 2456 4186 Confluenti
2501 4146 2696 4186 omnes
2734 4147 2823 4186 res
2869 4130 2975 4186 sibi
3003 4130 3350 4202 pertinentes
3379 4146 3506 4186 cum

1896 4220 2100 4276 finibus
2130 4231 2185 4277 et
2212 4222 2463 4277 terminis
2510 4222 2646 4278 suis.
2708 4222 2844 4277 Item
2908 4221 2965 4276 in
2995 4222 3257 4278 comitatu
3312 4222 3512 4278 Sarda-

1895 4312 2077 4369 niensi
2108 4313 2235 4369 villa
2257 4313 2440 4381 Orutz,
2470 4330 2593 4369 cum
2623 4313 2769 4370 villis
2807 4320 2861 4369 et
2888 4313 3263 4371 villarunculis
3292 4314 3427 4378 suis,
3458 4318 3512 4370 ei

1894 4426 2016 4466 cum
2035 4410 2298 4467 omnibus
2327 4410 2652 4479 adjacentiis
2710 4426 2920 4478 earum,
2954 4419 3014 4467 et
3047 4410 3267 4467 alodem
3294 4410 3365 4467 de
3402 4411 3512 4466 An-

1892 4506 2072 4581 gulos,
2096 4521 2221 4562 cum
2251 4506 2374 4576 ipso
2405 4483 2673 4577 Mercato,
2700 4513 2755 4562 et
2784 4522 2908 4562 cum
2934 4504 3142 4561 ﬁnibus
3172 4516 3229 4562 et
3258 4506 3510 4563 terminis

1889 4601 2006 4657 suis
2036 4619 2051 4667 ;
2082 4600 2268 4656 villam
2300 4600 2557 4675 Laginam
2581 4617 2706 4657 cum
2737 4602 2972 4657 ecclesia
2996 4601 3182 4659 Sancti
3213 4600 3510 4669 Vincentii,

1891 4699 2089 4749 etcum
2117 4692 2324 4747 ﬁnibus
2376 4700 2431 4748 et
2478 4693 2728 4748 terminis
2783 4695 2944 4760 suis;
2976 4694 3163 4751 villam
3216 4694 3509 4767 Ballogarii

1897 4795 2020 4835 cum
2051 4780 2286 4835 ecclesia
2353 4780 2538 4836 Sancti
2594 4779 2835 4844 Thamar.
2879 4789 3076 4839 etcum
3105 4783 3248 4839 villis
3275 4792 3331 4839 et
3347 4783 3510 4839 villa-

1899 4869 2143 4924 runculis
2170 4869 2307 4936 suis,
2336 4878 2391 4924 et
2420 4886 2544 4926 cum
2575 4870 2836 4927 omnibus
2865 4872 3121 4928 terminis
3156 4872 3292 4936 suis,
3331 4882 3386 4929 et
3412 4872 3515 4927 vil-

1899 4959 2005 5012 lam
2057 4958 2252 5025 Laren,
2309 4959 2679 5027 Mazunculas,
2720 4969 2775 5016 et
2803 4960 2987 5027 Talax,
3020 4967 3074 5016 et
3111 4961 3360 5027 Ozenias,
3386 4978 3509 5016 cum

1897 5049 2134 5107 ecclesia
2163 5050 2350 5106 Sancti
2405 5051 2693 5121 Stephani,
2726 5059 2781 5107 et
2811 5052 3091 5107 Saltonem
3122 5068 3245 5107 cum
3278 5052 3516 5107 ecclesia

1897 5140 2081 5196 Sancti
2122 5140 2379 5207 Mauritii,
2407 5148 2462 5196 et
2490 5141 2807 5213 parochiam
2837 5143 3019 5198 Sancti
3059 5142 3205 5198 Petri
3235 5143 3305 5197 de
3335 5142 3516 5198 Infur-

1896 5237 2037 5300 cato,
2070 5240 2125 5287 et
2148 5231 2439 5286 ecclesiam
2488 5231 2785 5288 Salvatoris
2842 5234 2912 5289 de
2943 5232 3166 5306 Sponna
3187 5250 3312 5291 cum
3360 5233 3517 5290 deci—

1895 5321 2001 5377 mis
2031 5329 2085 5377 et
2110 5321 2368 5393 primitiis
2393 5321 2527 5389 suis,
2559 5329 2615 5377 et
2642 5323 2826 5378 villam
2858 5324 3118 5381 Vulcarca
3159 5342 3281 5381 cum
3311 5323 3517 5381 ﬁnibus

1896 5413 2033 5469 suis.
2066 5414 2401 5489 Aragolisam
2426 5430 2550 5469 cum
2565 5415 2727 5471 alode
2750 5422 2804 5471 et
2827 5416 3061 5472 ecclesia
3086 5417 3271 5473 Sancti
3298 5416 3514 5473 Jacobi.

1902 5503 2091 5560 Bnluir
2119 5519 2244 5559 cum
2274 5503 2511 5559 ecclesia
2562 5505 2775 5561 Sancta:
2832 5505 3171 5576 Caeciliae,et
3222 5524 3348 5564 cum
3398 5508 3519 5579 ipso

1909 5595 2062 5662 Poio,
2095 5593 2356 5667 parochia
2378 5594 2559 5651 Sancti
2587 5595 2810 5652 Thomze
2828 5613 2952 5670 quae
2984 5604 3068 5653 est
3091 5597 3149 5653 in
3175 5597 3521 5671 Ventegiola,

1910 5704 2037 5744 cum
2067 5687 2301 5744 decimis
2330 5695 2384 5743 et
2422 5687 2682 5761 primitiis
2728 5690 2863 5745 suis.
2898 5689 3034 5746 Item
3066 5706 3263 5747 omnes
3291 5707 3380 5745 res
3420 5688 3526 5760 ipsi

1911 5777 2251 5834 monasterio
2280 5776 2688 5848 pertinentesin
2719 5778 2985 5834 comitatu
3004 5777 3372 5846 Sardiniensi,
3399 5792 3524 5832 cum

1910 5866 2117 5924 finibus
2141 5869 2275 5935 suis,
2306 5875 2360 5922 et
2410 5868 2464 5923 in
2497 5869 2756 5925 comitatu
2812 5871 3136 5944 Vergadano
3199 5871 3414 5929 alodem
3457 5868 3523 5921 dc

3011 6006 3085 6072 31
