3924 6398
479 379 576 432 971

1815 381 2084 436 JOANNIS
2129 383 2243 438 XIII
2282 385 2490 440 PAPIE.

3729 398 3822 450 972

477 505 799 596 Spongiola,
834 514 890 596 et
916 513 1099 562 monte
1128 507 1314 596 Nigro,
1338 516 1391 562 et
1419 525 1615 596 omnes
1637 510 1828 566 alodes
1849 513 1954 582 ipsi
1984 529 2100 568 mo-
2128 522 2176 586 Α
2205 519 2353 590 quod
2382 535 2491 574 non
2519 519 2819 587 credimus,
2851 521 2982 576 huic
3037 529 3224 580 nostro
3269 526 3582 596 apostolico
3611 527 3820 596 privile-~

479 594 721 648 nasterio
753 593 1116 665 pertinentes,
1164 602 1219 649 et
1273 595 1328 649 in
1376 597 1513 650 valle
1561 595 1886 654 Conﬂuente
1918 601 2102 656 villam

478 684 1244 752 Folionum,Setimdianum,
1305 687 1718 756 Cornelianum,
1781 691 2100 760 Vernetum,

477 775 800 842 Cirisacum,
831 776 1143 846 Arrianum,
1175 779 1376 852 Augcr,
1409 781 1619 847 llenne,
1653 789 1708 836 et
1731 782 1784 836 in
1809 783 1936 836 villa
1965 785 2103 839 Evu-

480 867 548 933 lo,
584 867 812 933 Juliulo,
847 866 1158 938 Campilias,
1196 869 1513 938 Flazouum,
1555 873 1774 940 Saorra,
1809 870 2096 940 Foliolum,

474 955 838 1024 Torrendum,
871 962 925 1009 et
952 955 1168 1023 Pinum,
1189 957 1590 1027 Portinianum,
1619 970 1675 1015 et
1696 961 2094 1030 Mascaronem,

476 1057 530 1103 et
557 1063 753 1102 omnes
785 1048 920 1102 alias
951 1063 1040 1103 res
1077 1049 1328 1118 ejusdem
1383 1053 1719 1106 venerabilis
1773 1055 2095 1110 monasterii

475 1142 688 1213 positas
721 1143 773 1196 in
805 1142 946 1196 valle
973 1141 1307 1201 Conﬁuenti.
1341 1147 1474 1201 Item
1530 1147 1584 1202 in
1636 1149 1899 1204 comitatu
1936 1150 2095 1204 Feni-

473 1231 1050 1297 lionensi,ecclesiam
1078 1233 1289 1288 Sanctae
1349 1235 1533 1294 Crucis
1592 1253 1716 1291 cum
1763 1239 2014 1306 castello,
2046 1247 2098 1293 et

471 1319 730 1374 omnibus
777 1321 947 1375 rebus
993 1321 1061 1376 ad
1115 1338 1174 1377 se
1230 1323 1657 1394 pertinentibus.
1732 1327 1790 1380 In
1839 1329 2096 1384 comitatu

475 1414 870 1469 Rossilionensi
908 1424 962 1470 et
988 1417 1205 1471 alodem
1247 1419 1316 1472 de
1350 1419 1505 1474 Petra
1538 1420 1724 1487 calcis,
1774 1423 1958 1478 Sancti
1995 1424 2098 1478 Fe-

469 1503 611 1570 licis,
645 1503 934 1567 Miliarum,
972 1506 1176 1571 Insula,
1230 1507 1554 1575 Tunorium,
1596 1510 1793 1564 vallem
1848 1511 2093 1567 Ventuo-

469 1611 606 1659 sam,
641 1593 972 1657 Corvariam,
1006 1596 1297 1668 Niiiagum,
1351 1597 1545 1652 Poium
1608 1599 1864 1668 Vuscani,
1915 1611 1970 1656 et
2003 1602 2090 1656 iu-

469 1688 728 1742 terminio
753 1688 822 1742 de
854 1687 1002 1742 Valle
1030 1689 1242 1758 Asperi,
1294 1697 1348 1744 et
1378 1690 1517 1744 valle
1549 1690 1881 1756 Conﬂuenti,
1912 1694 2089 1762 ipsum

467 1779 683 1833 alodem
716 1779 785 1833 de
825 1779 975 1834 Valle
1009 1795 1205 1851 magna
1226 1796 1347 1834 cum
1390 1777 1530 1835 ﬁnes
1579 1789 1633 1836 et
1668 1783 1933 1837 terminos
1962 1799 2091 1838 suos

467 1872 610 1942 (sic)
641 1873 698 1926 In
730 1872 990 1927 comitatu
1023 1872 1409 1944 Bisulgunensi
1442 1873 1660 1928 alodem
1695 1875 1763 1928 de
1797 1875 2087 1931 Centenno

465 1977 590 2015 cum
620 1960 822 2015 ﬁnibus
875 1970 930 2014 et
969 1960 1219 2016 terminis
1269 1961 1406 2025 suis,
1440 1963 1523 2016 vel
1574 1961 1630 2016 in
1671 1963 1794 2017 aliis
1822 1964 1959 2018 locis
1990 1980 2091 2034 po-

465 2051 587 2104 sita.
622 2052 754 2106 Item
781 2050 835 2104 in
867 2051 1127 2106 comitatu
1195 2051 1502 2105 Ausonensi
1563 2051 1779 2106 alodem
1841 2053 1909 2106 de
1957 2051 2094 2106 Sali-

467 2137 710 2205 foras,et
735 2138 902 2192 alium
924 2139 1142 2194 alodem
1193 2138 1288 2210 qui
1338 2137 1439 2193 fuit
1471 2138 1731 2194 Oddonis.
1774 2140 1895 2194 Haec
1923 2140 2094 2214 igitur

465 2227 672 2290 omnia,
708 2243 831 2298 quae
872 2226 1013 2293 istis,
1071 2227 1186 2281 sive
1217 2228 1340 2282 aliis
1366 2229 1652 2284 vocabulis
1683 2238 2089 2300 nuncupantur,

465 2324 730 2372 etomnes
758 2333 846 2370 res
892 2315 948 2371 in
1007 2331 1340 2388 quocunque
1381 2317 1502 2373 loco
1562 2318 1789 2388 positas.
1825 2335 1949 2390 quae
1979 2318 2088 2373 dici

467 2416 521 2462 et
548 2409 821 2464 nominari
851 2415 1104 2478 possunt,
1135 2416 1326 2480 etquae
1359 2425 1507 2465 nunc
1547 2426 1726 2482 usque
1760 2410 1941 2465 eidem
1970 2425 2094 2466 mo-

468 2497 710 2552 nasterio
742 2497 1039 2567 pertinent,
1066 2506 1122 2551 et
1149 2497 1204 2550 in
1243 2506 1405 2552 antea
1465 2514 1563 2570 per
1592 2498 1815 2569 aliquod
1848 2499 2088 2570 conqui-

465 2590 632 2646 situm
663 2606 840 2661 usque
872 2589 924 2644 in
957 2589 1123 2645 ﬁnem
1178 2591 1388 2657 saculi,
1421 2591 1538 2647 sive
1584 2608 1685 2663 per
1710 2592 1938 2659 litteras,
1974 2592 2092 2647 sive

465 2681 588 2736 sine
620 2681 838 2748 litteris,
908 2682 1188 2752 pertinere
1244 2683 1474 2748 debent,
1531 2683 1946 2753 tibiipraedicto
1980 2683 2092 2739 ﬁlio

469 2776 654 2824 nostro
686 2768 910 2823 Warino
958 2768 1167 2836 abbati,
1208 2769 1736 2841 successoribusque
1769 2771 1876 2825 tuis
1908 2771 2093 2828 omni-

467 2857 633 2912 modo
664 2856 1045 2918 concedimus,
1080 2865 1134 2911 et
1165 2871 1264 2927 per
1315 2858 1458 2911 hanc
1514 2865 1754 2912 nostram
1784 2855 2088 2928 protectio-

469 2967 598 3006 nem
631 2951 954 3022 perenniter
1014 2949 1427 3016 conﬁrmamus,
1477 2966 1600 3005 cum
1668 2950 1852 3014 terris,
1897 2948 2094 3015 vineis,

467 3043 699 3113 campis,
731 3042 924 3113 pratis,
958 3041 1202 3113 pascuis,
1258 3041 1434 3107 silvis,
1481 3041 1752 3106 ecclesiis,
1807 3041 1975 3106 villis,
2007 3056 2100 3095 ca-

469 3137 567 3202 sis,
600 3135 875 3200 tediﬁciis,
919 3135 1082 3189 cultis
1130 3144 1184 3189 et
1230 3135 1473 3200 incultis,
1528 3134 1687 3206 aquis
1707 3143 1761 3188 et
1781 3133 2095 3204 aquimolis,

466 3224 719 3289 decimis,
749 3224 1030 3295 primitiis,
1064 3223 1409 3279 etuniversis
1444 3224 1640 3278 usibus
1680 3229 1733 3277 et
1765 3222 2094 3285 redditibus,

467 3330 592 3369 cum
617 3314 812 3368 'servis
865 3323 918 3367 et
983 3312 1220 3376 ancillis,
1255 3311 1580 3366 aldionibus
1621 3321 1676 3366 et
1723 3311 2009 3376 aldeabus,
2043 3318 2097 3364 et

466 3424 590 3463 cum
631 3389 892 3463 omnibus
947 3423 1070 3478 quae
1109 3406 1217 3460 dici
1266 3416 1320 3460 et
1369 3406 1640 3461 nominari
1693 3413 1942 3476 possunt.
1972 3407 2095 3459 Sta-

470 3508 685 3554 tuentes
712 3500 828 3565 Dei,
851 3507 1101 3554 etnostra
1131 3499 1603 3563 auctoritate,imo
1627 3506 1682 3552 et
1699 3505 2089 3568 protestantes,

469 3599 528 3645 ut
559 3591 742 3644 nullus
769 3605 880 3656 rex,
918 3589 1102 3643 nullus
1151 3589 1465 3659 episcopus,
1512 3590 1694 3642 nullus
1735 3589 1866 3653 dux,
1905 3589 2094 3642 nullus

470 3697 679 3749 comes,
712 3681 797 3736 vel
845 3681 1174 3747 vicecomes,
1227 3681 1489 3751 nullaque
1548 3680 1835 3736 hominum
1887 3697 2088 3755 magna

468 3774 555 3829 vel
583 3789 748 3844 parva
769 3787 1006 3842 persona
1061 3772 1268 3826 audeat
1320 3770 1415 3824 tibi
1451 3778 1505 3825 et
1530 3770 1953 3825 successoribus
1983 3771 2094 3826 tuis

467 3869 811 3939 violentiam,
857 3865 950 3923 a'ut
995 3868 1439 3924 contrarietatem
1487 3867 1725 3939 aliquam
1783 3865 1963 3922 facere
2025 3866 2094 3920 de

463 3961 735 4017 universis
763 3961 950 4024 rebus,
1002 3975 1126 4032 quae
1183 3976 1350 4030 supra
1381 3961 1638 4032 leguntur
1671 3957 2092 4030 pertinentibus

466 4051 573 4123 ipsi
593 4051 932 4106 monasterio
967 4051 1114 4129 Beati
1184 4050 1462 4104 Michaelis
1503 4057 1556 4104 et
1585 4051 1769 4104 Sancti
1801 4049 2082 4104 Germani.

464 4148 649 4218 Neque
677 4147 840 4201 alicui
863 4161 1054 4201 eorum
1089 4145 1248 4199 liceat
1298 4145 1551 4200 homines
1601 4153 1815 4200 vestros
1854 4144 2084 4209 liberos,

462 4248 555 4294 aut
583 4255 793 4303 servos,
825 4239 947 4292 sine
975 4237 1258 4292 voluntate
1323 4243 1506 4291 vestra
1535 4238 1854 4304 molestare,
1881 4237 1998 4292 sive
2033 4237 2086 4290 in

460 4333 744 4388 servitium
771 4333 1012 4387 trahere.
1053 4330 1160 4386 Sed
1214 4330 1414 4384 amodo
1465 4346 1644 4402 usque
1673 4331 1724 4384 in
1771 4331 1935 4386 ﬁnem
1975 4346 2080 4384 saa-

461 4424 569 4478 culi
625 4424 800 4478 isdem
854 4432 1038 4478 vester
1103 4423 1258 4477 locus
1287 4435 1410 4474 cum
1465 4422 1726 4477 omnibus
1781 4439 1906 4494 quae
1972 4421 2078 4475 sibi

2123 3182 2170 3249 Ο

2205 611 2318 681 gio,
2367 611 2422 664 in
2475 611 2661 682 aliquo
2702 614 3012 668 contrarius
3068 631 3192 670 esse
3248 618 3692 688 praesumpserit,
3724 619 3816 672 nisi

2206 719 2272 756 ex
2306 710 2416 756 toto
2450 703 2762 772 resipuerit,
2829 705 2965 759 sciat
3013 722 3072 760 se
3128 707 3503 776 maledictum,
3571 711 3819 779 reproba-

2207 799 2341 856 tum,
2401 799 2568 861 atque
2625 793 3168 859 anathematizatum,
3211 803 3266 849 et
3306 813 3337 850 a
3391 797 3668 852 societate
3700 796 3818 851 ﬁde-

2205 880 2336 934 lium
2357 879 2550 935 Christi
2585 889 2638 936 et
2665 891 2868 938 sanctae
2900 883 2994 937 Dei
3050 884 3306 939 Ecclesiae
3370 894 3721 956 separatum,
3773 897 3817 940 et

2201 987 2324 1026 cum
2353 973 2614 1028 omnibus
2666 974 2852 1045 impiis
2881 977 3002 1030 sine
3053 974 3163 1030 ﬁne
3184 976 3597 1044 damnandum,
3619 985 3674 1032 et
3705 995 3814 1047 per-

2199 1063 2642 1132 petuoincendio
2672 1082 2794 1120 cum
2826 1066 2966 1121 Juda
3007 1066 3269 1122 traditore
3325 1070 3812 1128 concremandum.

2198 1167 2262 1205 ex
2290 1153 2611 1208 auctoritate
2646 1154 2738 1208 Dei
2795 1155 3212 1225 omnipotentis,
3241 1162 3297 1210 et
3328 1155 3473 1212 beati
3511 1157 3666 1212 Petri
3695 1175 3814 1228 apo-

2201 1239 2465 1293 stolorum
2529 1239 2813 1310 principis,
2867 1249 3166 1313 nostroque
3223 1245 3538 1314 apostolico
3593 1245 3795 1315 judicio

2200 1331 2298 1394 Qui
2329 1348 2458 1386 vero
2492 1332 2606 1386 haec
2661 1349 2784 1403 qua:
2815 1350 2846 1387 a
2895 1333 3057 1388 nobis
3105 1335 3328 1390 decreta
3354 1345 3484 1392 sunt
3549 1339 3812 1392 custodire

2199 1429 2253 1476 et
2284 1423 2582 1497 diligenter
2605 1426 2899 1480 observare
2928 1429 3219 1497 studuerit,
3248 1429 3672 1486 benedictionis
3697 1449 3809 1504 ενα--

2198 1513 2324 1567 tiam
2373 1532 2402 1568 a
2454 1515 2974 1574 misericordissima
3032 1521 3266 1578 Domino
3325 1539 3423 1593 per
3483 1531 3731 1578 nostram
3763 1535 3804 1576 et

2195 1606 2443 1660 omnium
2493 1615 2806 1664 sanctorum
2871 1613 3336 1668 interventionem
3395 1615 3673 1686 consequi
3705 1631 3809 1669 me-

2196 1706 2398 1764 reatur,
2451 1708 2504 1753 et
2545 1701 2746 1772 gaudia
2800 1713 3082 1772 perpetuae
3136 1704 3502 1761 beatitudinis
3556 1707 3809 1779 angelicis

2114 1829 2162 1896 Β
2187 1791 2412 1859 junctus
2433 1792 2746 1866 agminibus
2768 1795 3194 1852 valeatfeliciter
3219 1798 3496 1854 obtinere.

2265 1884 2538 1954 Scriptum
2579 1902 2680 1956 per
2737 1903 2958 1942 manum
3001 1890 3266 1960 Stephani
3295 1891 3491 1946 notarii
3527 1892 3808 1963 regionarii

2193 1984 2248 2030 et
2275 1977 2769 2034 scriniariisanctae
2810 1981 2959 2034 sedis
2989 1981 3328 2050 apostolicae,
3377 1983 3432 2036 in
3483 1999 3681 2038 mense
3714 1984 3802 2036 De-

2195 2068 2460 2135 cembrio,
2486 2077 2540 2124 et
2568 2070 2872 2126 indictione
2918 2073 3270 2128 duodecima.
3313 2075 3460 2128 Bene
3491 2075 3694 2130 valete.
3725 2074 3810 2128 Per

2196 2158 2297 2212 hoc
2329 2164 2510 2210 tamen
2571 2159 2782 2213 nullum
2833 2159 2990 2214 vobis
3029 2167 3082 2214 et
3137 2161 3319 2216 eidem
3362 2163 3808 2230 monasteriojus

2193 2247 2262 2300 de
2294 2263 2436 2301 novo
2489 2249 2697 2319 acquiri
2752 2249 3022 2316 volumus,
3087 2251 3185 2305 sed
3229 2252 3525 2324 antiquum
3570 2262 3804 2308 tantum-

2193 2341 2358 2397 modo
2395 2341 2730 2397 conservari.
2778 2373 2831 2382 —
2864 2343 3054 2398 Datum
3101 2345 3326 2400 Viterbii
3381 2362 3479 2400 xui
3519 2346 3638 2401 Kal.
3676 2345 3803 2405 Maii.

2193 2446 2339 2485 anno
2373 2431 2553 2485 tertio.

2888 2521 2978 2575 XII
3013 2525 3112 2577 bis.

2196 2625 2363 2664 BULLA
2393 2625 2612 2666 JOANNIS
2653 2627 2799 2667 PAPE
2838 2629 2931 2667 XIII
2993 2628 3094 2668 PRO
3124 2628 3411 2668 ASCETERIO
3453 2630 3802 2678 QUINTBLEII-

2805 2701 3066 2740 annosam
3106 2685 3203 2756 (8).

2833 2773 3013 2844 (Anno
3037 2772 3162 2829 969.
3176 2784 3190 2835 )

2488 2866 2663 2938 [Apud
2692 2867 2883 2936 Mansi,
2919 2870 3115 2926 Conril.
3162 2868 3345 2936 XVIII,
3381 2868 3536 2940 505.]

2267 2952 2508 3009 Joasass
2535 2955 2852 3028 episc0pus,
2870 2973 3065 3012 servus
3093 2972 3380 3013 servorum
3402 2956 3525 3011 Dei.
3567 2954 3799 3027 Corporis

2201 3050 2256 3095 et
2291 3043 2493 3097 mentis
2522 3045 2894 3117 generositate
2935 3045 3298 3117 praetulgidie,
3329 3050 3527 3114 utpote
3576 3044 3804 3117 Augustae

2200 3131 2550 3187 liberalitatis
2600 3133 2925 3189 MAHE’I'ILDA;
2981 3134 3494 3205 incomparabiliter
3559 3132 3801 3189 laudabili

2198 3227 2494 3283 abbatissae
2544 3228 2880 3283 venerabilis
2937 3230 3258 3284 monasterii
3321 3229 3453 3284 dicti
3496 3229 3801 3300 Quitiligga-

2198 3315 2360 3389 burg,
2393 3323 2448 3370 et
2493 3333 2590 3387 per
2629 3333 2688 3371 se
2725 3317 2987 3372 omnibus
3030 3316 3268 3388 posteris
3318 3318 3447 3383 tuis,
3518 3325 3577 3372 et
3620 3323 3799 3370 sancta

2195 3405 2612 3478 congregationi
2675 3406 3000 3461 ancillarum
3063 3405 3263 3460 Christi
3341 3406 3420 3460 ibi
3474 3407 3798 3479 degentium.

2193 3515 2451 3570 supernae
2479 3499 2671 3574 gratiae
2695 3499 3098 3572 plenitudinem
3142 3499 3621 3572 apostolicamque
3653 3499 3800 3552 bene—

2195 3590 2524 3646 dictionem.

2268 3686 2401 3751 Quia
2436 3703 2534 3758 per
2561 3687 2780 3741 beatum
2814 3687 3034 3742 Petrum
3075 3686 3455 3758 apostolorum
3491 3684 3796 3758 principem.

2197 3779 2354 3848 cujus
2382 3779 2639 3835 videlicet
2669 3780 2854 3834 minus
2887 3781 3074 3836 idonei
3099 3779 3402 3853 fungimur,
3431 3777 3797 3836 ecclesiastica

2200 3871 2488 3942 potestatis
2519 3872 2646 3940 jura
2667 3872 2877 3944 ubique
2923 3880 3190 3927 terrarum
3216 3871 3549 3928 auctoritate
3577 3884 3790 3940 evange-

2199 3967 2302 4021 lica
2353 3973 2519 4035 atque
2565 3965 2886 4020 authentica
2954 3971 3270 4021 sanctorum
3324 3963 3550 4019 Patrum
3612 3961 3791 4017 habere

2189 4058 2463 4124 videmur,
2531 4057 2738 4112 idcirco
2797 4057 3116 4127 specialiter
3169 4057 3498 4128 dispensare
3533 4061 3720 4113 cuncta
3740 4050 3791 4106 ad

2189 4147 2586 4218 omnipotentis
2616 4145 2708 4201 Dei
2740 4145 2958 4200 laudem
2973 4153 3028 4200 et
3046 4145 3406 4202 orthodoxam
3461 4145 3786 4220 religionem,

2190 4235 2341 4291 nullo
2393 4234 2792 4291 catholicorum
2844 4235 3160 4301 resistente,
3239 4249 3400 4305 posse
3458 4232 3774 4290 conﬁdimus

2192 4333 2432 4403 Ideoque
2464 4331 2794 4386 universitas
2835 4327 3284 4385 Christiﬁdelium
3338 4329 3600 4400 cupimus
3641 4333 3694 4383 ut
3717 4339 3790 4381 co-

2181 4432 2410 4501 gnoscat
2431 4424 2670 4496 qualiter
2701 4439 2801 4477 nos
2856 4439 2954 4493 per
2989 4422 3364 4477 interventum
3415 4418 3718 4478 charissimi
3747 4421 3790 4470 et

459 4532 608 4571 nunc
640 4517 938 4587 pertinent,
970 4525 1024 4570 et
1054 4515 1111 4570 in
1153 4525 1316 4572 antea
1337 4517 1612 4587 pertinere
1630 4515 1859 4580 debent,
1893 4516 2078 4588 quiete
2101 4502 2157 4571 D
2183 4516 2481 4587 spiritualis
2498 4514 2595 4569 ﬁlii
2629 4513 2797 4569 nostri
2830 4513 3019 4568 domni
3071 4512 3284 4568 Ottonis
3331 4529 3558 4584 semper
3587 4507 3785 4583 Augusti

459 4617 514 4664 et
536 4607 765 4679 paciﬁce
794 4616 1015 4662 maneat
1043 4609 1146 4661 sub
1199 4607 1411 4664 ditione
1453 4616 1657 4663 sanctae
1693 4608 1948 4662 Romana:
1972 4625 2083 4663 ma-

461 4701 560 4755 tris
593 4702 869 4765 Ecelesite,
901 4701 1228 4769 cujusjuris
1271 4713 1353 4755 est
1411 4703 1476 4756 ad
1519 4702 1828 4773 regularem
1884 4709 2084 4757 etmo-

459 4794 723 4847 nasticam
755 4793 1230 4864 tranquillitatem,
1257 4793 1508 4848 omnium
1549 4794 1835 4848 hominum
1861 4793 2082 4863 penitus

461 4888 514 4934 et
579 4872 787 4951 ubique
844 4882 1281 4936 contradictione
1339 4890 1570 4936 remota.
1630 4882 1839 4952 Siquis
1870 4890 2080 4949 autem,

527 5055 603 5122 (8)
652 5054 794 5118 Quas
851 5055 1018 5108 modo
1084 5055 1319 5122 subjicio
1367 5053 1597 5108 Joannis
1667 5069 1821 5124 papae
1883 5054 2079 5109 litterae

461 5127 792 5178 transmissae
842 5127 909 5178 ad
959 5143 1044 5180 me
1077 5134 1205 5179 sunt
1234 5143 1265 5179 a
1307 5126 1422 5179 viro
1464 5125 1766 5180 clarissimo
1798 5126 2080 5181 Bartholo-

459 5213 596 5250 maeo
632 5198 901 5266 Prospero
927 5197 1627 5268 CainelliniRegiensi,sed
1662 5197 1880 5250 Mutinae
1915 5198 2079 5252 modo

456 5276 674 5340 agente.
710 5267 833 5340 Illas
863 5285 992 5321 vero
1027 5269 1142 5337 ipse
1193 5267 1401 5338 recepit
1432 5285 1461 5322 a
1507 5268 1813 5322 clarissimo
1843 5269 2080 5340 Antonio

461 5339 711 5392 Uldarico
764 5339 942 5399 Eralit,
1003 5340 1096 5409 qui
1175 5340 1295 5392 illas
1343 5347 1652 5392 extraxerat
1721 5354 1750 5391 e
1809 5339 2078 5394 tabulario

459 5409 745 5478 principali
781 5410 1154 5482 Brusvigensi,
1180 5411 1301 5478 ejus
1331 5427 1474 5482 curae
1521 5409 1834 5482 commisso.
1865 5409 2078 5464 Utrius-

457 5496 567 5552 que
596 5497 794 5533 nomen
818 5481 952 5552 milii
979 5480 1335 5534 reserandum
1357 5481 1480 5552 fuit,
1516 5489 1574 5535 ut
1602 5480 1888 5552 publicum
1910 5481 2078 5535 sciret

456 5550 662 5625 quibus
716 5550 1065 5619 potissimum
1113 5553 1235 5625 ejus
1275 5551 1486 5622 accepti
1532 5550 1721 5625 gratiae
1768 5551 2076 5625 referendae

455 5622 584 5672 sint.
603 5622 944 5689 Quanquam,
964 5630 1021 5675 ut
1050 5639 1176 5675 vera
1195 5624 1386 5685 fatear,
1413 5622 1678 5678 nonnulla
1699 5624 1752 5677 in
1783 5622 1851 5676 iis
1878 5638 2077 5677 occur—

457 5697 732 5764 runtqute
783 5691 1119 5746 dubietatem
1155 5695 1483 5763 ingeneraut
1537 5695 1605 5748 de
1661 5695 1826 5762 hujus
1883 5694 2075 5764 scripti

455 5760 772 5814 sinceritate
821 5777 835 5822 ;
879 5777 1000 5814 cum
1049 5760 1282 5818 insueiiae
1338 5765 1538 5820 Joanui
1578 5764 1695 5820 XIII
1736 5760 2076 5820 I’ormulae'in

2185 4605 2453 4678 genitoris
2482 4603 2579 4666 tui,
2613 4610 2668 4657 et
2693 4600 3056 4656 sanctissimae
3110 4601 3298 4656 matris
3341 4601 3460 4670 ejus
3499 4596 3785 4656 Mahetildzr.

2186 4701 2442 4772 Augustae
2464 4694 2834 4750 serenissima:
2889 4694 3024 4748 aviae
3069 4700 3198 4758 tuae,
3225 4693 3514 4764 praefatum
3553 4689 3784 4781 Quitilin:

2184 4786 2398 4860 gaburg
2455 4785 2635 4839 locum
2690 4782 2928 4854 positum
2965 4782 3018 4835 in
3084 4779 3357 4836 territorio
3395 4781 3682 4844 Saxonico,
3709 4779 3780 4830 cui

2187 4893 2427 4951 praeesse
2456 4876 2666 4931 videris
2717 4874 3066 4945 suscepimus
3117 4873 3220 4929 sub
3271 4872 3396 4944 jure
3447 4882 3502 4928 et
3555 4868 3781 4928 continua

2183 5054 2264 5109 eis
2285 5059 2704 5112 concurrant,ut
2723 5049 3170 5116 illa,nostrce,etc.
3186 5045 3778 5116 ,archifrutribus,sicut

2184 5134 2238 5180 et
2269 5133 2466 5179 caetera
2497 5124 2679 5176 statim
2710 5121 3056 5192 inprincipio
3097 5124 3334 5190 corporis
3361 5126 3410 5173 ct
3449 5122 3656 5192 mentis,
3683 5125 3758 5192 etc

2183 5195 2458 5250 Nonnulla
2487 5195 2652 5247 etiam
2679 5193 2735 5246 in
2761 5188 3083 5246 nominibus
3107 5188 3499 5262 episcoporum
3523 5188 3771 5263 oﬂ‘euduut

2184 5268 2404 5330 menda,
2439 5281 2561 5336 quae
2587 5265 2722 5318 forte
2739 5275 2865 5317 sunt
2894 5263 2978 5336 vel
3011 5279 3133 5336 esse
3165 5271 3395 5336 possunt
3425 5273 3766 5336 amanuensis.

2183 5341 2414 5392 Demum
2438 5331 2671 5390 ihdictio
2705 5338 2864 5403 plane
2892 5335 2980 5388 hic
3000 5334 3134 5406 fallit
3161 5331 3471 5406 V’Utcunque
3490 5353 3575 5389 res
3605 5331 3767 5406 habeat

2183 5426 2329 5472 sese,
2385 5408 2813 5477 imprimendam
2881 5408 3019 5459 lianc
3059 5405 3282 5477 bullam
3345 5403 3559 5468 censui,
3606 5403 3764 5477 relicto

2182 5476 2480 5534 lectoribus
2507 5479 2738 5531 eruditis
2764 5476 3000 5545 judicio.
3029 5476 3215 5546 Neque
3251 5485 3462 5530 tantum
3488 5476 3615 5530 mihi
3640 5483 3764 5526 sumo

2180 5559 2239 5605 ut
2261 5551 2440 5604 ﬁctam
2487 5553 2624 5603 hanc
2677 5551 2901 5601 bullam.
2960 5557 3217 5618 tanquam
3267 5563 3332 5600 ex
3383 5546 3762 5618 tripodc,ccrtu

2180 5623 2702 5692 pronuntiem,cum
2762 5619 3064 5692 praisertim
3117 5627 3477 5692 c:etera_quae
3506 5619 3760 5686 hiclcguu-

2180 5690 2266 5748 tur
2289 5694 2518 5748 Joannis
2541 5692 2657 5746 XIII
2679 5691 2825 5746 mtati
2847 5692 2981 5745 satis
3007 5690 3300 5760 quadrent.
3325 5690 3498 5744 Mausx
