3924 6428
158 430 266 488 973
679 412 706 437 '

1399 418 1738 475 EPISTOLA‘J
1779 417 1857 472 ET
1894 418 2289 473 DIPLOMATA.

3404 417 3511 473 974

157 552 399 607 tuitione
444 555 655 605 sancta
701 549 959 604 Romana
1014 546 1226 611 matris,
1268 545 1356 599 cui
1409 543 1789 615 prasidemus,
1824 551 1867 615 Α
1900 542 2155 595 Romana
2193 540 2455 595 Ecclesiae
2490 541 2541 595 in
2572 557 2759 595 mense
2790 542 2993 613 Aprili;
3028 542 3335 598 indictione
3364 550 3515 597 sexta

162 647 421 701 Ecclesia
443 664 457 707 :
487 643 964 699 allubescentibus
983 640 1573 709 consentientibusque
1607 637 1662 690 in
1685 638 1791 690 hoc

158 747 367 795 nostra
406 737 729 808 apostolica
762 734 1078 806 paternitati
1101 732 1519 788 archifratribus
1548 730 1598 783 in
1625 744 1793 799 syno-

162 831 300 885 dum
336 831 613 884 Ravenna
645 826 977 902 aggregatis,
1009 824 1269 881 videlicet
1308 824 1467 878 Petro
1507 822 1792 876 Ravenna-

162 925 351 983 tensc,
403 918 653 974 Rodaldo
693 917 997 983 patriarcha
1051 914 1435 987 Aquilagense,
1469 911 1684 966 cateris
1739 916 1794 964 et

167 1010 460 1081 episcopis
524 1008 764 1062 Widone
832 1007 1006 1078 Sylva
1070 1004 1439 1069 Candidense,
1499 1000 1797 1055 Benedicto

166 1098 498 1164 Portuense,
576 1096 785 1151 Marino
844 1094 1166 1155 Lutricensi,

157 1193 383 1248 Joanne
414 1190 700 1260 Spirense,
733 1186 1061 1243 Londoardo
1102 1185 1491 1274 Mrindonense,
1530 1181 1799 1274 lﬁutifrido

164 1217 383 1248 ιυίιιιιιυ
414 1217 700 1260 Opuntiae,
735 1217 1061 1243 buuuualuu
1104 1217 1491 1249 munuuucuac,
1531 1217 1544 1274 ἲ
1576 1217 1798 1243 usti-Iuv

164 1282 341 1336 etiam
371 1279 700 1353 Papigense,
742 1275 1081 1347 Luitprando
1129 1273 1523 1338 Cremonense,
1554 1217 1798 1325 iluberto

169 1376 505 1439 Parmense,
538 1372 772 1442 aliisque
816 1368 980 1424 simul
1034 1357 1405 1422 confratribus
1435 1364 1637 1419 nostris
1678 1362 1800 1432 epi-

166 1468 364 1539 scOpis
412 1465 615 1520 ltalicis
663 1470 716 1519 et
771 1461 1201 1518 Ultramdn’tanis
1261 1473 1492 1513 numero
1523 1457 1802 1528 quinqua-

163 1562 348 1635 ginta,
406 1560 481 1613 ita
509 1567 572 1613 ut
620 1554 951 1628 avprasenti
1007 1553 1222 1610 decima
1262 1552 1626 1607 Kalendarum
1682 1550 1802 1604 Maii

170 1649 284 1704 sub
316 1646 627 1719 patrocinio
668 1652 723 1699 et
753 1643 990 1698 tuitione
1022 1642 1166 1696 beati
1199 1639 1345 1695 Petri
1375 1638 1641 1710 principis
1671 1653 1805 1709 apo-

94 1786 99 1791 .
170 1737 447 1793 stolorum
485 1736 717 1807 ejusque
754 1732 941 1788 vicarii
984 1730 1268 1802 perpetuis
1306 1728 1651 1801 temporibus
1680 1744 1803 1782 cum

171 1829 441 1886 omnibus
499 1844 559 1882 se.
616 1824 982 1881 attinentibus
1047 1823 1405 1878 constitutum
1459 1821 1883 1912 locatumqueB

174 1918 504 1990 specialiter
569 1931 691 1971 esse
746 1920 1027 1969 noscatur.
1105 1914 1449 1983 Quapropter
1515 1910 1805 1964 statuimus

171 2009 485 2083 apostolica
509 2023 768 2073 censura,
795 2012 855 2060 ut
876 2006 1023 2061 idem
1053 2003 1448 2060 monasterium
1481 2001 1804 2056 omnimodo

169 2100 417 2155 liberum
450 2097 673 2163 amodo,
708 2106 764 2151 et
789 2112 966 2167 usque
998 2096 1051 2149 in
1083 2093 1246 2149 tinem
1276 2092 1460 2147 saculi
1491 2097 1807 2162 perseveret

172 2206 279 2262 per
321 2186 705 2243 auctoritatem
736 2186 828 2240 Dei
871 2193 926 2240 et
959 2185 1175 2239 Domini
1208 2182 1379 2238 nostri
1419 2181 1548 2236 Jesu
1583 2180 1805 2243 Christi,

174 2278 276 2350 qui
307 2293 477 2348 super
503 2276 723 2330 Petrum
752 2274 920 2329 habet
975 2274 1296 2338 Ecclesiam,
1332 2288 1428 2342 per
1458 2286 1623 2342 quem
1652 2268 1811 2337 jube-

178 2384 336 2434 mus,
366 2376 420 2421 et
461 2365 740 2421 monendo
774 2370 1159 2435 protestamur,
1191 2369 1251 2415 ut
1280 2360 1465 2414 nullus
1488 2360 1807 2429 imperator,

179 2474 303 2525 rex,
345 2456 453 2512 dux
485 2457 652 2520 ullus,
710 2471 815 2510 nec
858 2455 1172 2525 episcOpus,
1214 2452 1476 2523 nullaque
1515 2448 1811 2519 cujuslibet

177 2550 488 2625 dignitatis,
520 2549 640 2602 sive
686 2547 997 2619 potestatis,
1039 2546 1123 2601 vel
1171 2561 1365 2607 sacra,
1399 2545 1483 2598 vel
1516 2542 1811 2596 mundana

182 2656 445 2713 persona,
480 2639 679 2693 audeat
731 2638 981 2707 ejusdem
1013 2637 1118 2693 loci
1157 2635 1465 2691 abbatissas
1519 2632 1811 2687 molestare

178 2738 238 2786 et
268 2729 603 2801 inquietare,
636 2728 751 2783 sive
809 2728 878 2782 de
910 2726 1170 2782 omnibus
1201 2726 1367 2779 rebus
1390 2724 1641 2792 ejusdem
1674 2720 1812 2774 sacri

180 2823 514 2881 monasterii
561 2823 617 2876 in
676 2822 862 2894 aliquo
894 2821 1221 2887 distrahere,
1248 2819 1332 2874 vel
1365 2819 1435 2872 de
1480 2817 1564 2871 his
1594 2831 1715 2887 qua
1746 2814 1814 2868 ad

179 2914 325 2970 illud
360 2913 640 2984 pertinent
671 2912 1004 2966 diminuere.
1064 2910 1261 2964 Verum
1294 2909 1460 2983 igitur
1485 2906 1729 2977 quietum
1764 2912 1819 2957 et

182 3005 580 3059 inconcussum
651 3002 909 3073 persistat
962 3016 1087 3055 cum
1160 3000 1374 3053 cunctis
1440 2993 1814 3052 subsistentiis

185 3096 332 3162 suis,
385 3112 510 3151 cum
542 3088 721 3150 servis
757 3102 812 3149 et
854 3092 1090 3159 ancillis,
1140 3090 1332 3145 liberis
1385 3099 1439 3145 et
1473 3090 1813 3160 ascriptitiiS,

187 3186 358 3241 terris
386 3185 548 3239 cultis
577 3193 631 3239 et
660 3183 905 3250 incultis,
939 3190 992 3237 et
1041 3180 1314 3235 universis
1355 3178 1522 3233 rebus
1551 3196 1676 3251 qua
1707 3179 1815 3235 dici

182 3291 240 3336 et
272 3277 546 3333 nominari
590 3283 841 3347 possunt,
900 3291 1037 3347 quas
1090 3288 1238 3327 nunc
1272 3272 1434 3326 habet
1464 3279 1517 3326 et
1562 3272 1614 3325 in
1649 3280 1813 3327 antea

188 3368 446 3441 quolibet
485 3376 771 3423 contractu
824 3367 1029 3421 habere
1069 3365 1253 3419 debet.
1300 3365 1441 3417 Sane
1472 3363 1543 3417 ob
1591 3363 1811 3417 mundi-

187 3457 453 3513 burdium
480 3457 559 3511 tui
586 3463 918 3527 tuorumque
952 3470 1048 3526 pro
1076 3452 1383 3508 luminariis
1412 3452 1813 3507 concinnandis

185 3558 320 3607 ante
354 3564 556 3618 corpus
598 3548 845 3619 pradicti
885 3547 1261 3617 apostolorum
1297 3545 1565 3616 principis
1615 3544 1811 3597 libram

190 3655 363 3696 unam
413 3640 648 3711 [argenti
706 3639 988 3693 annuatim
1040 3643 1241 3692 nostra
1298 3642 1499 3691 sancta
1559 3636 1817 3690 ltomana

189 3727 457 3785 Ecclesia
511 3745 544 3784 a
596 3734 649 3783 te
698 3728 1048 3799 posterisque
1104 3727 1233 3791 tuis,
1294 3741 1418 3798 qua
1473 3726 1653 3781 eidem
1696 3724 1818 3779 loco

192 3832 390 3881 sancto
453 3823 796 3896 prafuerint,
869 3821 1288 3894 persolvendam
1347 3821 1465 3876 fore
1516 3821 1817 3876 sancimus.

193 3922 403 3977 Verum
444 3920 492 3975 si
528 3920 653 3975 fort.
704 3959 715 3973 .
760 3956 775 3972 .
819 3918 923 3973 iter
966 3917 1201 3973 actionis
1235 3916 1560 3973 difficultate
1588 3915 1823 3991 singulis

198 4014 367 4069 annis
396 4013 592 4068 eadem
624 4012 821 4083 pensio
852 4010 1078 4065 minime
1112 4009 1350 4081 persolvi
1369 4009 1629 4081 potuerit,
1657 4009 1833 4063 licen-

196 4106 280 4161 tia
319 4105 392 4159 sit
440 4103 525 4158 vel
579 4109 774 4175 postea
830 4101 1180 4174 temporibus
1224 4100 1348 4156 aliis
1392 4100 1742 4156 coadunatim
1775 4108 1835 4154 ut

204 4198 469 4252 Romana
503 4194 763 4250 Ecclesia
793 4194 1213 4249 transmittatur.
1261 4193 1316 4247 Si
1349 4192 1473 4264 quis
1502 4208 1656 4256 vero,
1683 4192 1833 4263 quod

199 4284 438 4340 minime
495 4282 798 4347 credimus,
848 4290 1038 4337 contra
1073 4283 1241 4336 Deum
1290 4281 1497 4336 irritam
1538 4280 1702 4348 hujus
1734 4279 1842 4351 pri,

197 4374 394 4448 vilegii
427 4374 629 4429 seriem
666 4374 725 4428 in
756 4390 1033 4445 quoquam
1092 4389 1259 4447 agere
1302 4371 1615 4436 tentaverit,
1666 4379 1720 4427 et
1751 4372 1839 4427 id-

201 4467 391 4537 ipsum
445 4463 844 4518 monasterium
898 4463 1011 4533 juri
1076 4462 1395 4533 apostolica
1462 4470 1517 4516 et
1574 4461 1833 4517 Romana

200 4553 470 4609 Ecclesia
513 4550 730 4607 auferre
787 4558 1017 4607 conatus
1074 4551 1261 4619 fuerit,
1347 4551 1452 4606 nisi
1516 4552 1829 4624 resipuerit,

1252 1092 1482 1147 Siccone
1542 1090 1795 1155 Blesano,
1814 1110 1855 1131 τ*

1853 4602 1910 4670 D

1892 629 2107 683 decima
2173 630 2286 683 Dat.
2319 629 2531 683 decima
2576 629 2686 684 Kal.
2720 630 2841 684 Maii
2874 646 2971 700 per
3001 647 3223 685 manum
3266 630 3516 686 Widonis

1895 722 2140 791 episcopi
2173 728 2376 775 sancta
2424 722 2585 775 Silva
2618 721 2875 777 Candida
2908 723 3189 789 Ecclesia,
3221 732 3276 778 et
3300 722 3512 778 biblio-

1896 812 2122 866 thecarii
2173 821 2375 867 sancta
2403 813 2554 867 sedis
2583 814 2919 884 apostolica,
2971 830 3140 881 anno,
3173 814 3285 869 Deo
3329 815 3516 886 propi-

1896 903 1995 969 tio,
2024 902 2377 974 pontificatus
2423 904 2633 960 domini
2660 906 2892 960 Joannis
2923 906 3125 961 summi
3158 905 3437 977 pontificis
3463 916 3519 961 et

1900 999 2224 1061 universalis
2269 1000 2411 1054 tertii
2444 1000 2644 1055 decimi
2676 1001 2974 1071 provisoris
3011 1008 3217 1075 sancta
3259 1001 3518 1056 Romana

1900 1086 2176 1156 Ecclesia,
2210 1089 2466 1144 videlicet
2509 1090 2805 1146 undecimo
2851 1090 3100 1159 ejusdem
3148 1090 3384 1161 piissimi
3414 1090 3510 1145 PP.

1901 1174 2066 1242 anno,
2099 1179 2324 1253 August.
2360 1179 2553 1234 Ottone
2584 1196 2615 1233 a
2653 1179 2766 1233 Deo
2797 1187 3057 1234 coronato
3111 1179 3305 1253 Magno
3332 1179 3518 1250 impe—

1902 1279 2077 1326 ratore
2104 1288 2251 1327 anno
2279 1282 2433 1328 sexto
2472 1274 2846 1329 monarchiam
2881 1274 3110 1329 Romani
3143 1274 3362 1346 imperii
3394 1273 3520 1330 feli-

1906 1367 2047 1423 citer
2064 1366 2448 1442 gubernante;
2482 1369 2789 1424 indictione
2817 1376 2968 1424 sexta
2996 1369 3234 1428 decima.

2644 1482 2783 1537 Xlll.

1905 1583 2126 1624 JOANNIS
2181 1586 2329 1624 PAPE
2375 1586 2469 1647 Χιιξ
2528 1586 2868 1625 Ρηινιιεωυι
2922 1587 3031 1627 PRO
3086 1586 3334 1627 ECCLESIA
3388 1589 3521 1627 TRE-

2600 1658 2828 1697 VIRENSI.

2533 1731 2713 1800 (Anno
2743 1730 2893 1800 969.)

1982 1823 2158 1894 [Apud
2186 1822 2499 1892 Hontheim,
2531 1827 2674 1880 Hist.
2713 1827 2917 1881 Trevir.
2951 1826 3199 1896 diplom.,
3241 1831 3376 1882 tom.
3409 1827 3450 1893 l,

2558 1934 2685 1992 pag.
2714 1917 2862 1988 305.]

1976 2003 2212 2058 Jomsss
2241 2005 2555 2075 episcopus,
2588 2022 2780 2061 servus
2830 2022 3114 2062 servorum
3158 2007 3271 2074 Dei,
3318 2007 3529 2062 charis-

1906 2093 2059 2148 simis
2089 2095 2251 2149 nobis
2284 2095 2335 2148 in
2372 2094 2582 2151 Christo
2628 2095 2886 2151 fratribus
2914 2095 3188 2151 universis
3229 2096 3527 2168 episcopis,

1908 2200 1970 2238 ac
2000 2183 2167 2239 totius
2196 2184 2483 2257 dignitatis
2530 2195 2585 2239 et
2613 2186 2824 2240 ordinis
2868 2187 3153 2242 catholicis
3195 2186 3352 2253 viris,
3385 2203 3529 2258 pra-

1906 2272 2157 2327 sentibus
2186 2274 2395 2328 scilicet
2426 2282 2480 2328 et
2512 2274 2728 2341 futuris,
2765 2283 3090 2346 perpetuam
3121 2278 3377 2332 salutem.

1982 2367 2114 2429 Quia
2139 2367 2269 2422 licet
2300 2367 2537 2442 indigni,
2562 2369 2762 2424 divina
2783 2377 2962 2425 tamen
2991 2370 3330 2445 dignationis
3356 2371 3531 2445 gratia

1912 2457 2265 2528 disponente,
2294 2459 2348 2512 B.
2374 2459 2517 2514 Petri
2544 2461 2917 2531 apostolorum
2962 2462 3230 2535 principis
3273 2464 3530 2518 sacratis-

1911 2549 2103 2603 simam
2143 2550 2329 2604 sedem
2364 2551 2790 2624 universaleque
2842 2553 2897 2607 in
2931 2560 3044 2609 toto
3089 2554 3225 2609 orbe
3264 2563 3529 2609 terrarum

1912 2639 2281 2694 ministerium
2300 2642 2673 2712 suscepimus,
2700 2659 2930 2698 necesse
2957 2650 3040 2699 est
3059 2644 3306 2699 omnium
3341 2643 3529 2700 Eccle-

1916 2727 2121 2782 siarum
2151 2735 2211 2782 ut
2263 2728 2741 2803 diligentissimam
2774 2731 3203 2788 sollicitudinem
3244 2733 3318 2787 ita
3344 2732 3528 2787 conti-

1920 2828 2116 2875 nenter
2145 2821 2468 2890 habeamus,
2484 2839 2554 2878 ne
2570 2839 2757 2878 earum
2775 2824 2921 2893 jura,
2943 2825 3267 2881 auctoritate
3283 2824 3533 2893 ejusdem
3558 2891 3564 2901 ,

1917 2915 2291 2984 apostolorum
2343 2918 2612 2989 principis
2661 2927 3102 2991 caterorumquc
3154 2934 3535 2975 successorum

1916 3002 2038 3071 ejus
2075 3005 2475 3061 venerabilium
2532 3007 2749 3062 Patrum
2807 3008 3205 3065 inviolabiliter
3229 3014 3432 3062 statuta
3480 3015 3535 3063 et

1915 3091 2237 3149 confirmata
2282 3102 2471 3150 nostro
2529 3096 2852 3151 minuantur
2877 3112 2942 3151 ac
2990 3106 3219 3167 pereant
3258 3106 3532 3170 tempore,

1914 3185 2012 3239 sed
2070 3183 2253 3255 potius
2292 3184 2648 3240 corroborata
2700 3186 2962 3242 decenter
3006 3196 3317 3261 augeantur
3368 3194 3537 3261 atque

1875 3281 1889 3302 ¹
1914 3273 2222 3344 proﬁciant.
2270 3273 2511 3344 Ideoque
2539 3274 2789 3329 omnium
2819 3281 3060 3330 vestrum
3088 3291 3253 3331 nosse
3277 3277 3532 3332 volumus

1913 3363 2258 3417 sanctitatem
2291 3370 2346 3416 et
2368 3362 2717 3427 industriam,
2742 3363 2889 3435 quod
2920 3364 3266 3421 Theodorico
3291 3366 3538 3424 dilectis-

1913 3456 2052 3511 simo
2081 3455 2244 3511 fratre
2268 3463 2454 3511 nostro
2476 3455 2816 3512 Trevirensis
2833 3456 3089 3515 Ecclesia
3108 3458 3534 3531 archiepisc0po

1912 3546 2171 3601 veniente
2204 3545 2425 3600 Romam
2457 3554 2673 3600 oratum
2705 3547 2774 3601 ad
2804 3553 3120 3604 sanctorum
3151 3548 3535 3620 apostolorum

1918 3634 2129 3701 limina,
2187 3633 2518 3699 audivimus,
2573 3634 2714 3690 sicut
2764 3634 2932 3691 etiam
2989 3636 3206 3708 pridem
3234 3637 3536 3709 audiendo.

1922 3726 2030 3780 imo
2093 3732 2148 3780 et
2195 3725 2430 3796 legendo
2481 3735 2826 3795 compertum
2874 3725 3167 3782 habuimus
3203 3767 3217 3794 ,
3277 3726 3534 3782 eamdem

1922 3817 2096 3888 ipsam
2141 3833 2253 3889 pra
2298 3817 2513 3872 cateris
2565 3816 2861 3873 Galliarum
2918 3818 3172 3873 ecclesiis
3220 3818 3543 3892 Christiana

1924 3910 2208 3982 religionis
2245 3909 2531 3965 exordium
2572 3909 2971 3982 catholicaque
3011 3908 3141 3964 ﬁdei
3172 3910 3348 3982 prima
3389 3910 3545 3987 rudi-

1932 4009 2118 4058 menta
2147 4002 2461 4074 percepisse
2501 4019 2601 4073 per
2642 4002 3115 4058 sanctissimorum
3157 4002 3399 4058 virorum
3445 4002 3552 4057 Eu-

1933 4094 2127 4162 charii,
2148 4094 2368 4160 Valerii,
2394 4102 2448 4149 et
2475 4094 2703 4149 Materni
2730 4101 2786 4150 et
2815 4101 3138 4150 caterorum
3166 4094 3544 4168 evangelicam

1935 4186 2263 4254 doctrinam,
2296 4202 2436 4258 quos
2456 4195 2705 4259 tempore
2742 4203 2843 4243 suo
2874 4186 3172 4258 pradictus
3200 4186 3555 4242 beatissimus

1943 4277 2134 4334 Petrus
2182 4278 2463 4349 apostolus
2518 4278 2795 4335 ordinavit
2841 4288 2897 4334 et
2945 4278 3217 4344 instruxit,
3282 4294 3384 4334 nec
3440 4294 3552 4334 non

1940 4372 2072 4429 illuc
2100 4374 2167 4428 ad
2217 4372 2629 4444 pradicandum
2670 4373 2892 4430 direxit.
2936 4373 3093 4429 Unde
3139 4373 3307 4429 totius
3345 4372 3558 4430 ordinis

1938 4474 2137 4522 nostra
2195 4466 2344 4520 sedis
2383 4465 2702 4537 apostolica
2757 4466 3032 4533 consultu,
3065 4465 3418 4541 gratuitoque
3470 4481 3560 4521 as-

1933 4574 2122 4624 sensu,
2164 4557 2291 4626 jura
2337 4556 2777 4630 privilegiorum,
2829 4573 2953 4629 qua
2995 4573 3028 4611 a
3066 4563 3257 4613 sancta
3308 4556 3556 4612 Romana

203 4653 495 4721 perpetua
528 4647 896 4701 anathematis
950 4646 1173 4702 vinculo
1205 4647 1500 4702 innodatus
1550 4663 1614 4702 ex
1644 4646 1909 4702 aucto-"’
1934 4658 2107 4706 matre
2144 4648 2384 4705 Ecclesia
2441 4648 2684 4720 prafatis
2722 4650 2929 4706 sanctis
2982 4665 3290 4721 eorumque
3331 4647 3562 4721 reliquis

202 4736 373 4793 ritate
406 4735 502 4790 Dei
534 4736 766 4807 ejusque
798 4736 1000 4789 summi
1027 4734 1309 4807 clavigeri,
1353 4752 1413 4791 ac
1441 4752 1539 4805 per
1567 4744 1832 4801 nostram,

205 4837 267 4885 et
294 4826 545 4884 omnium
578 4834 892 4883 nostrorum
947 4827 1273 4898 pontificum
1327 4843 1704 4883 successorum
1734 4829 1840 4883 hu-

205 4920 500 4976 militatem
532 4935 654 4975 cum
692 4919 834 4974 Juda
868 4920 1131 4975 traditore
1166 4920 1384 4975 Domini
1423 4920 1697 4991 perpetim
1727 4920 1843 4974 dia-

205 5010 340 5066 bolo
371 5009 632 5064 societur.
665 5007 767 5074 Qui
806 4994 991 5063 autem
1023 5008 1347 5064 observator
1401 5008 1524 5077 ejus
1555 5016 1611 5063 et
1655 5014 1839 5064 custos

205 5117 334 5159 esse
365 5101 661 5168 studuerit,
695 5103 941 5157 omnium
982 5101 1313 5156 delictorum
1344 5115 1569 5157 suorum
1596 5101 1838 5169 veniam,

207 5202 266 5251 et
292 5208 419 5250 cum
474 5193 796 5249 beatissimo
846 5194 1007 5249 Petro
1039 5193 1280 5249 coetibus
1307 5200 1624 5250 sanctorum
1656 5194 1838 5249 socia-

205 5291 322 5347 tus,
350 5282 557 5355 gaudia
587 5282 709 5337 sine
740 5281 851 5336 fine
884 5284 1152 5355 consequi
1194 5291 1488 5338 mereatur.
1522 5282 1597 5337 De
1642 5290 1842 5339 catero

160 5412 175 5422 ε
211 5373 571 5447 pracipimus
617 5384 677 5429 ut
707 5374 987 5429 abbatissa
1044 5374 1122 5429 ibi
1164 5391 1447 5447 nunquam
1481 5374 1593 5429 ulla
1642 5374 1748 5430 nisi
1780 5390 1846 5430 ex

208 5467 516 5533 electione,
542 5474 602 5521 et
631 5466 828 5538 gratia,
860 5457 923 5522 ac
950 5466 1234 5523 voluntate
1260 5468 1507 5523 omnium
1535 5472 1844 5523 sanctarum

207 5573 494 5624 sororum,
539 5574 665 5629 qua
725 5557 933 5613 ibidem
991 5574 1090 5629 pro
1146 5567 1395 5630 tempore
1461 5559 1574 5614 Deo
1640 5559 1850 5613 servire

203 5650 348 5707 visa
371 5648 599 5716 fuerint,
634 5667 665 5705 a
696 5666 976 5723 quoquam
1007 5650 1299 5707 ordinetur
1331 5659 1426 5707 aut
1454 5650 1846 5707 constituatur.

204 5741 360 5796 Bene
400 5738 611 5794 valete.

277 5839 561 5909 Scriptum
591 5853 694 5909 per
720 5853 947 5895 manum
998 5839 1267 5911 Stephani
1314 5838 1587 5896 scriniarii
1646 5843 1854 5893 sancta

1937 4739 2380 4805 successoribus,
2442 4738 2496 4792 id
2551 4747 2636 4794 est
2689 4740 2923 4815 Agritio,
2988 4739 3263 4806 Maximio,
3310 4738 3560 4801 Paulino.

1939 4828 2163 4893 Severo,
2206 4826 2460 4881 almificis
2501 4834 2556 4881 et
2609 4826 2930 4898 apostolicis
2975 4828 3129 4895 viris,
3174 4844 3206 4882 a
3254 4825 3561 4899 primordio

1943 4920 2229 4990 hucusque
2258 4918 2576 4977 authentice
2606 4933 2871 4974 concessa
2919 4928 3069 4983 sunt,
3102 4930 3337 4991 quaque
3394 4917 3563 4973 etiam

1943 5009 2118 5080 ipsius
2166 5009 2402 5064 civitatis
2458 5007 2696 5073 excidio,
2744 5008 3006 5063 incendio
3046 5008 3224 5064 aliove
3255 5024 3386 5063 casu
3426 5022 3566 5062 con-

1941 5112 2161 5176 sumpta
2192 5104 2517 5175 probantur,
2548 5103 2728 5158 eidem
2768 5102 3085 5158 Trevirensi
3116 5101 3378 5156 Ecclesia
3426 5116 3569 5171 pra-

1942 5198 2200 5269 dictoque
2226 5196 2378 5253 fratri
2415 5204 2602 5252 nostro
2651 5194 3016 5261 Theodorico;
3058 5202 3113 5249 et
3144 5208 3243 5265 per
3273 5207 3401 5247 eum
3431 5206 3570 5247 cun-

1947 5288 2050 5345 ctis
2077 5288 2253 5361 ipsius
2294 5287 2728 5354 successoribus,
2769 5284 3185 5351 reconﬁrmare,
3235 5282 3569 5339 recorrobo-

1949 5397 2071 5436 rare
2118 5390 2174 5436 et
2222 5380 2374 5437 omni
2429 5380 2596 5435 modo
2653 5379 2942 5435 restituere
3003 5378 3233 5450 dignum
3290 5375 3573 5442 duximus,

1949 5472 2316 5529 decernentes
2360 5488 2460 5545 per
2505 5472 2671 5542 hujus
2726 5470 2900 5527 nostri
2957 5468 3247 5543 apostolici
3297 5466 3573 5540 privilegii

1950 5562 2345 5619 validissimam
2398 5563 2877 5633 constitutionem,
2935 5568 2995 5616 ut
3041 5560 3493 5633 quandocunque
3544 5573 3576 5613 a

1952 5660 2142 5709 nostra
2172 5652 2469 5724 principali
2508 5660 2565 5708 et
2593 5651 2900 5725 apostolica
2925 5650 3059 5705 sede
3100 5649 3418 5720 episcopus,
3452 5662 3582 5719 pre-

1953 5745 2162 5816 sbyter,
2201 5744 2290 5799 vel
2319 5744 2611 5812 diaconus,
2642 5744 2729 5801 vel
2758 5743 3153 5809 subdiaconus,
3184 5742 3304 5797 sive
3342 5738 3583 5813 quilibet

1957 5836 2273 5893 ordinarius
2322 5837 2537 5911 legatus
2589 5837 2668 5892 rei
2728 5836 3114 5893 ecclesiastica
3169 5850 3269 5890 seu
3318 5830 3582 5907 cogenda
