3924 6424
437 351 541 409 975

1765 358 2037 413 .IOANNIS
2079 361 2200 416 XIII
2244 362 2450 417 PAP/E.
3229 386 3253 410 ο

3705 368 3806 423 976

435 481 633 550 synodi
683 496 850 535 causa
881 482 934 536 in
980 482 1230 545 Galliam,
1276 484 1698 540 Germaniamve
1751 487 2137 565 destinatusA
2165 493 2505 560 studuerint,
2553 493 2967 549 benedictionis
3019 497 3247 568 gratiam
3304 507 3360 554 et
3399 499 3806 554 misericordia:

435 570 617 633 fuerit,
637 571 978 626 Trevirensis
1000 574 1201 646 praesul
1245 582 1363 645 post
1383 576 1693 647 quemlibet
1714 581 2055 636 ordinarium

437 667 674 737 legatum
705 667 765 719 A.
791 668 844 720 S.
894 667 1129 737 primum
1162 668 1305 722 inter
1345 670 1484 725 alios
1537 673 1830 741 pontifices
1877 677 2054 732 locum

436 755 703 810 obtineat.
759 756 821 810 Et
858 756 903 810 si
956 756 1155 812 missus
1207 759 1465 814 Romana:
1509 761 1766 816 Ecclesiae
1798 761 2055 828 defuerit,

435 846 690 900 similiter
749 855 874 918 post
933 847 1322 920 imperatorem
1378 851 1495 906 sive
1555 869 1742 926 regem
1801 854 2055 920 sedendi,

434 934 764 989 sententiam
798 936 1080 1000 edicendi,
1115 944 1170 992 et
1197 938 1465 1010 synodale
1489 939 1761 1008 judicium
1789 942 2056 998 canonice

436 1027 843 1100 promulgandi,
875 1030 1166 1100 primatum
1212 1031 1445 1100 habeat;
1480 1040 1669 1104 utpote
1701 1035 1754 1089 in
1790 1035 1898 1090 illis
1927 1053 2054 1107 par-

434 1120 584 1174 tibus
605 1121 840 1176 vicarius
866 1128 1065 1178 nostraa
1087 1124 1236 1179 sedis
1265 1127 1582 1196 apostolicze
1623 1127 1822 1182 merito
1854 1129 2058 1182 consti-

434 1215 600 1262 tutus.
629 1208 816 1280 Neque
841 1209 988 1265 enim
1013 1211 1244 1284 dignum
1274 1221 1355 1268 est
1385 1222 1443 1268 ut
1470 1214 1617 1269 illius
1645 1215 1894 1271 ecclesia
1916 1232 2062 1287 prae-

433 1300 518 1354 sul
558 1301 744 1372 aliquo
786 1309 1034 1374 tempore
1084 1306 1298 1360 caeteris
1328 1321 1436 1360 non
1481 1307 1752 1362 habeatur
1782 1309 2059 1380 praelatus,

433 1392 590 1459 cujus
623 1393 801 1447 honor
839 1393 894 1446 in
937 1393 1044 1448 illis
1075 1395 1328 1466 partibus
1365 1397 1468 1450 sub
1505 1398 1626 1467 ipso
1676 1400 2052 1468 apostolorum

437 1483 688 1553 principe
721 1484 932 1538 exstitit
959 1485 1297 1555 primitivus.
1328 1487 1452 1542 Pari
1481 1505 1704 1560 quoque
1739 1491 1902 1545 modo
1929 1506 2058 1545 san-

431 1575 608 1629 cimus
664 1591 860 1631 omnes
906 1578 1180 1647 parochiis
1238 1580 1361 1647 ejus
1413 1580 1682 1654 degentes
1733 1582 1847 1635 sive
1902 1583 2056 1637 ordi—

432 1666 714 1721 nationem
767 1676 822 1722 et
890 1670 1292 1738 promotionem
1340 1672 1638 1742 cujuslibet
1695 1673 2057 1728 ecclesiastici

427 1757 634 1830 gradus
672 1774 703 1810 a
752 1757 1016 1828 pontifice
1068 1760 1246 1830 ipsius
1297 1761 1692 1832 percipientes,
1741 1762 1922 1816 eidem
1955 1763 2060 1834 ipsi

429 1851 640 1905 matrici
671 1851 951 1919 Ecclesiae,
974 1830 1351 1925 episc0poque
1380 1830 1530 1910 illius
1557 1857 1763 1911 debere
1791 1830 2060 1912 canonice
2090 1830 2137 1898 Β

435 1943 678 2012 placere,
722 1943 958 2015 obsequi
991 1952 1045 2000 et
1077 1945 1203 2014 jure
1235 1947 1485 2002 obedire.
1522 1948 1805 2020 Siquidem
1838 1949 2062 2004 decreto

430 2033 486 2088 Β.
527 2035 825 2090 Clementis
864 2053 1021 2108 papm
1062 2054 1230 2108 super
1270 2041 1374 2094 hoc
1407 2041 1480 2094 ita
1532 2047 1752 2095 cautum
1806 2042 2059 2095 videtur:

436 2147 460 2176 α
500 2126 552 2179 Si
573 2126 732 2182 vobis
750 2127 1030 2199 episcopis
1047 2145 1157 2184 non
1183 2131 1497 2186 obedierint
1515 2146 1711 2186 omnes
1729 2131 2061 2203 presbyteri,

430 2215 674 2282 diaconi,
702 2216 1032 2272 subdiaconi
1061 2234 1124 2273 ac
1153 2218 1353 2291 reliqui
1383 2219 1568 2275 cleriCi
1602 2221 1809 2288 cuncti,
1849 2237 2066 2275 omnes-

428 2325 536 2380 que
583 2309 860 2380 principes
893 2319 999 2364 tam
1043 2311 1268 2380 majoris
1313 2313 1528 2367 ordinis
1557 2331 1720 2386 quam
1762 2317 2066 2398 inferioris,

429 2407 592 2471 atque
621 2401 820 2472 reliqui
873 2402 1082 2472 populi,
1118 2403 1294 2458 tribus
1340 2413 1395 2458 et
1426 2405 1650 2478 linguae,
1683 2424 1794 2461 non
1844 2409 2064 2463 obtem-

428 2492 761 2562 peraverint,
817 2508 847 2547 a
903 2493 1195 2550 liminibus
1227 2503 1431 2550 sanctae
1463 2497 1558 2550 Dei
1593 2497 1855 2553 Ecclesiae
1897 2499 2064 2554 alieni

425 2591 608 2651 erunt,
637 2585 859 2641 dicente
891 2587 1160 2642 Domino:
1195 2589 1300 2655 Qui
1330 2606 1418 2644 vos
1449 2591 1630 2656 audit,
1674 2608 1755 2645 me
1809 2592 1993 2656 audit,
2017 2595 2065 2644 et

428 2681 529 2748 qui
567 2695 657 2734 vos
705 2682 939 2749 spernit,
991 2697 1073 2735 me
1127 2685 1360 2752 spernit.
1407 2705 1428 2729 ι
1477 2685 1624 2737 Inter
1684 2684 1798 2738 haec
1837 2698 2062 2754 quoque

428 2768 638 2833 omnia,
659 2786 782 2840 qua:
814 2772 881 2824 ad
912 2787 1062 2840 saepe
1095 2771 1297 2827 dictam
1339 2773 1722 2828 Trevirensem
1760 2773 2060 2828 Ecclesiam

431 2856 576 2910 intra
627 2865 682 2910 et
727 2866 878 2911 extra
910 2858 1190 2913 civitatem
1233 2861 1510 2930 pertinere
1543 2860 1824 2927 videntur,
1871 2861 1926 2915 id
1976 2869 2061 2916 est

429 2947 697 3002 ecclesias
744 2964 868 3002 cum
901 2949 1177 3003 universis
1209 2949 1373 3004 rebus
1405 2950 1510 3004 sibi
1563 2950 1927 3005 attinentibus
1963 2967 2060 3006 seu

429 3040 783 3104 monasteria,
815 3048 922 3095 tam
959 3043 1352 3096 monachorum
1395 3059 1558 3114 quam
1591 3042 1895 3117 virginum,
1937 3059 2061 3114 quae

427 3148 493 3185 ex
527 3131 816 3202 praaceptis
845 3131 961 3185 sive
994 3133 1216 3202 scriptis
1269 3149 1456 3203 regum
1511 3149 1608 3188 seu
1659 3133 2057 3205 imperatorum

2164 584 2567 654 plenitudinem
2602 584 2655 637 in
2692 584 3013 639 caelestibus
3061 586 3256 641 castris
3309 588 3454 643 inter
3494 589 3804 644 electorum

2162 689 2449 728 numerum
2500 672 2801 728 efficaciter
2839 691 2871 728 a
2901 673 3135 730 Domino
3177 676 3289 731 Deo
3349 678 3631 750 consequi
3694 695 3806 733 me-

2163 772 2406 818 reantur.

2232 855 2506 926 Scriptum
2551 871 2649 924 per
2690 872 2914 910 manum
2962 857 3232 928 Stephani
3280 859 3481 914 notarii
3518 869 3582 915 et
3628 861 3806 934 regio-

2161 947 2297 1001 narii
2331 955 2385 1002 et
2413 947 2685 1002 scriniarii
2718 957 2922 1004 sancta:
2955 949 3105 1003 sedis
3135 951 3462 1020 apostolicae
3497 952 3560 1006 in
3612 969 3802 1006 mense

2158 1041 2418 1097 Januario
2459 1051 2514 1097 et
2559 1043 2752 1097 indict.
2811 1061 2906 1098 xu.
2953 1044 3084 1098 Data
3122 1061 3174 1098 χι
3211 1045 3440 1101 Kalend.
3480 1046 3798 1112 Februarii,

2165 1150 2263 1202 per
2309 1149 2532 1187 manum
2564 1134 2811 1188 Sicconis
2842 1135 3089 1205 episcOpi
3151 1146 3357 1190 sancta:
3406 1136 3467 1190 N.
3509 1137 3799 1208 [Bleranai]

2165 1222 2421 1276 Ecclesize
2441 1222 2509 1275 ad
2531 1222 2705 1276 vicem
2734 1223 3002 1277 Guidoms
3025 1223 3276 1294 episc0pi
3311 1233 3364 1278 et
3383 1226 3800 1281 bibliothecarii

2164 1318 2368 1365 sancta:
2389 1311 2538 1364 sedis
2560 1312 2898 1382 apostolicae.
2933 1315 3111 1377 Anno,
3148 1313 3259 1369 Deo
3301 1315 3576 1386 prOpitio,
3613 1319 3802 1386 ponti-

2159 1397 2352 1453 ficatus
2385 1399 2596 1452 domini
2636 1399 2868 1454 Joannis
2900 1401 3182 1470 pontificis
3212 1410 3267 1456 et
3308 1404 3655 1459 universalis
3688 1406 3794 1460 Xlll

2159 1506 2316 1561 papa:
2373 1491 2425 1543 in
2491 1491 2862 1546 sacratissima
2920 1493 3052 1547 sede
3111 1494 3172 1547 D.
3244 1494 3390 1549 Petri
3442 1497 3698 1567 apostoli
3756 1516 3799 1550 ιι·

2163 1581 2279 1653 [ιιι.,
2311 1582 2385 1653 ιιι]
2435 1583 2534 1649 (9),
2589 1583 2804 1654 imperii
2851 1592 3035 1639 autem
3087 1586 3298 1642 domini
3341 1587 3565 1644 Ottonis
3616 1591 3794 1659 majo-

2164 1671 2238 1725 ris
2267 1688 2364 1733 vn,
2389 1671 2618 1726 minoris
2646 1688 2776 1727 vero
2807 1690 2865 1738 ιι,
2899 1680 2953 1728 et
2993 1674 3184 1729 indict.
3216 1692 3310 1731 xu.

2905 1803 3037 1857 XIV.

2161 1908 2398 1947 JOA‘NNES
2455 1911 2549 1948 XIII
2603 1910 2943 1949 THEODORICO
2997 1912 3424 1954 ARCHIEPISCOPO
3479 1917 3798 1956 TREVIRENSI

2665 1983 2832 2020 PALLIJ
2885 1983 3022 2021 USUM
3054 1984 3287 2023 TRIBUIT.

2797 2056 2972 2122 (Anno
3001 2054 3151 2125 969.)

2240 2151 2320 2221 [In
2351 2149 2640 2204 Tabulario
2664 2151 2814 2224 regio
2849 2152 3120 2208 Berolino.
3151 2153 3223 2207 Ex
3244 2155 3471 2210 schedis
3504 2157 3731 2228 Pertzii]

2925 2283 3029 2340 XV.

2169 2391 2551 2428 BENEVENTANA
2609 2391 2771 2428 SEDES
2838 2392 3355 2433 ARCHIRPISCOPATIIS
3411 2395 3618 2434 τιτυιο
3681 2399 3796 2434 [SSI-

2879 2464 3094 2503 GNITUR.

2799 2539 2976 2607 (Anno
3010 2541 3154 2609 969.)

2581 2639 2794 2708 [M.\NSI,
2848 2642 3044 2695 Concil.
3088 2641 3223 2706 XIX,
3259 2644 3377 2713 19.]

2236 2765 2487 2819 .JOANNES
2517 2767 2834 2838 episcOpus,
2866 2786 3058 2824 servus
3082 2787 3366 2827 servorum
3400 2772 3522 2836 Dei,
3559 2775 3795 2830 dilectis-

2164 2850 2303 2906 simo
2325 2852 2485 2907 nobis
2508 2854 2854 2924 lasouwao,
2878 2858 3183 2913 venerabili
3205 2866 3367 2932 atque
3398 2862 3607 2918 merito
3633 2863 3792 2918 hono-

2167 2943 2327 2999 rabili
2370 2947 2875 3005 Beneventanensis
2904 2959 2958 3006 et
2998 2951 3301 3023 Sipontinae
3333 2953 3367 3008 S
3425 2954 3716 3023 Ecclesiae,
3747 2964 3790 3010 et

2165 3035 2329 3090 modo
2361 3052 2461 3107 per
2500 3047 2700 3094 nostra
2727 3040 3047 3112 apostolicae
3101 3041 3448 3098 auctoritatis
3479 3044 3793 3099 concessio-

2166 3145 2289 3182 nem
2324 3130 2761 3202 archiepiscopo.

427 3197 542 3273 sive
573 3197 894 3273 eoruindem
953 3197 1306 3275 fundatorum
1331 3197 1688 3289 auctoritate,
1732 3197 1799 3276 ad
1833 3239 1892 3276 se
1930 3239 2058 3293 per-
2084 3197 2133 3264 Ο
2234 3217 2364 3271 Cum
2393 3229 2604 3274 certum
2629 3219 2699 3274 sit
2727 3221 2836 3276 Deo
2859 3220 3240 3277 servientibus
3265 3221 3580 3279 ineﬂ'abilia
3612 3226 3790 3281 aeterni

427 3307 606 3362 tinent
637 3316 690 3362 et
722 3307 1002 3378 pertinere
1043 3309 1273 3371 debent,
1303 3320 1355 3362 et
1383 3309 1656 3380 quidquid
1697 3311 1927 3365 omnino
1961 3311 2054 3364 illa

429 3397 551 3467 ipsa
580 3397 816 3452 ecclesia
848 3397 1056 3468 ubique
1109 3406 1163 3452 et
1193 3413 1420 3469 quoquo
1453 3398 1652 3453 merito
1704 3399 1951 3469 possidet
2004 3405 2058 3453 et

434 3489 716 3558 possidere
747 3489 934 3555 debet,
978 3491 1313 3563 generaliter
1350 3499 1405 3546 et
1443 3491 1766 3562 specialiter
1795 3491 2061 3546 concedi-

433 3597 593 3645 mus;
635 3581 1110 3653 reformamusque
1161 3581 1389 3653 praefato
1428 3583 1768 3638 Theoderico
1809 3582 1961 3637 fratri
2005 3591 2060 3638 et

432 3672 766 3743 coepiscopo
826 3680 1014 3727 nostro
1045 3673 1270 3744 suisque
1302 3675 1719 3728 successoribus
1759 3674 1825 3728 ad
1859 3689 2061 3745 perpe-

356 3797 367 3808 ε
430 3773 578 3820 tuam
633 3772 836 3819 sanctae
897 3764 1240 3820 Trevirensis
1300 3765 1560 3820 Ecclesiaa
1616 3765 2056 3821 dominationem

429 3867 592 3930 atque
627 3857 896 3912 ditionem
928 3873 1027 3928 per
1059 3858 1224 3926 hujus
1256 3866 1455 3913 nostra:
1495 3859 1816 3929 apostolica:
1851 3874 2060 3930 praece-

427 3949 635 4021 ptionis
664 3949 862 4005 seriem
891 3966 922 4004 a
946 3951 1202 4020 praesenti
1233 3967 1306 4004 xu
1336 3950 1644 4005 indictione
1688 3959 1742 4005 et
1772 3966 1952 4023 usque
1983 3950 2051 4005 ad

425 4039 590 4094 finem
637 4039 824 4094 saeculi
864 4039 1176 4094 valituram.
1234 4038 1430 4094 Contra
1465 4056 1630 4110 quam
1664 4039 1710 4092 si
1762 4039 1886 4110 quis
1919 4039 2052 4110 quid

425 4128 672 4199 quolibet
709 4129 876 4183 modo
926 4144 1089 4200 agere
1113 4128 1547 4198 praesumpserit,
1600 4135 1654 4182 et
1703 4128 1852 4196 quod
1904 4127 2053 4195 juste

422 4226 477 4271 et
507 4217 776 4272 canonice
808 4233 838 4271 a
870 4216 1034 4272 nobis
1063 4217 1348 4271 decretum
1379 4225 1482 4283 est,
1517 4218 1572 4270 in
1616 4217 1803 4288 aliquo
1845 4216 2046 4271 infrin-

422 4326 552 4384 gere
584 4311 896 4376 tentaverit,
926 4311 1063 4365 sciat
1094 4327 1153 4365 se
1177 4328 1241 4365 ex
1274 4309 1369 4365 Dei
1389 4311 1789 4382 omnipotentis
1819 4320 1874 4365 et
1903 4327 2049 4382 prae-

423 4402 551 4456 dicti
599 4400 908 4457 beatissimi
941 4407 1316 4473 apostolorum
1370 4401 1640 4473 principis
1684 4401 2046 4473 omniumque

2160 3309 2315 3383 regni
2373 3311 2604 3380 prmmia
2664 3312 2950 3375 reservari,
3002 3313 3163 3368 nobis
3209 3321 3394 3368 tamen
3427 3331 3667 3371 necesse
3711 3323 3784 3369 est

2165 3400 2362 3453 horum
2401 3399 2674 3455 beneficia
2703 3401 2785 3456 eis
2816 3400 3086 3469 tribuere,
3117 3408 3177 3458 ut
3208 3401 3263 3456 in
3305 3403 3400 3459 Dei
3435 3404 3704 3460 laudibus
3731 3421 3783 3458 ex

2163 3489 2611 3543 remuneratione
2669 3490 2888 3545 valeant
2940 3490 3319 3562 multipliciter
3380 3492 3672 3549 insudare.
3737 3493 3784 3546 Et

2162 3576 2294 3647 quia
2336 3578 2845 3634 Beneventanensis
2891 3578 3153 3646 Ecclesia,
3216 3579 3271 3633 in
3321 3581 3662 3637 exercendis
3704 3583 3785 3636 Dei

2163 3665 2420 3721 laudibus
2473 3683 2674 3742 magno
2723 3675 2922 3724 conatu
2983 3669 3188 3741 piaque
3235 3668 3513 3742 religione
3575 3671 3784 3734 insistit,

2162 3766 2329 3830 atque
2377 3776 2505 3833 erga
2543 3760 2910 3815 reverentiam
2963 3769 3168 3816 sanctae
3221 3767 3276 3815 et
3313 3762 3648 3832 apostolica;
3685 3763 3780 3817 llo—

2162 3869 2340 3906 manae
2399 3851 2655 3906 Ecclesiae
2705 3853 2984 3923 praecipue
3028 3851 3362 3908 exuberasse
3403 3855 3778 3926 cognovimus.

2160 3941 2306 4012 quod
2328 3939 2491 3994 nobis
2523 3939 2651 3994 olim
2679 3939 2827 4010 apud
2850 3956 2970 3994 eam
3004 3941 3356 3995 manentibus
3385 3943 3626 3999 omnino
3656 3959 3779 3999 con-

2158 4041 2264 4088 stat
2291 4033 2611 4097 inventum;
2646 4031 2918 4088 debemus
2940 4033 3125 4105 itaque
3157 4049 3222 4087 ex
3245 4034 3445 4089 ardore
3475 4035 3779 4100 charitatis,

2155 4133 2320 4197 atque
2363 4125 2546 4181 studio
2603 4124 2776 4180 divini
2829 4125 3009 4181 cultus
3057 4141 3180 4181 eam
3223 4141 3391 4181 causa
3442 4127 3679 4183 honoris
3726 4144 3777 4181 ac

2152 4214 2472 4272 reverentiae
2529 4213 2910 4269 sublimiorem
2945 4214 3090 4269 inter
3118 4221 3347 4270 caeteras
3396 4216 3684 4272 ordinare.
3726 4215 3778 4270 Et

2150 4309 2408 4382 quoniam
2459 4315 2648 4362 sancta
2686 4307 2850 4363 sedes
2898 4313 2983 4362 est
3037 4307 3130 4362 ubi
3188 4307 3335 4363 beati
3385 4286 3771 4366 Bartholonﬁei

2150 4398 2384 4469 apostoli
2410 4413 2611 4468 corpus
2643 4396 2963 4470 requiescit,
3015 4397 3212 4452 merito
3263 4397 3426 4454 decet
3475 4407 3766 4473 augmento

418 4498 735 4546 sanctorum
767 4507 830 4545 ac
860 4491 1066 4546 deinde
1098 4497 1283 4546 nostra
1305 4491 1632 4546 auctoritate
1663 4490 2038 4545 damnandum
2060 4517 2118 4585 Ι)
2147 4491 2326 4545 cultus
2353 4489 2638 4560 amplioris
2669 4487 2958 4558 decorare,
2983 4489 3247 4560 quoniam
3276 4496 3331 4544 et
3353 4491 3425 4544 ad
3449 4491 3561 4546 hoc
3588 4491 3771 4545 divinae

419 4589 474 4634 et
501 4579 1099 4646 anathematizandum,
1132 4588 1186 4634 et
1224 4595 1350 4634 cum
1377 4578 1638 4634 omnibus
1666 4577 1850 4648 impiis
1879 4584 2040 4633 teter-

421 4673 508 4727 nis
536 4648 1248 4743 suppliciisdeputandum.
1269 4671 1367 4737 Qui
1401 4688 1532 4727 vero
1551 4672 1654 4727 hoc
1685 4669 2038 4742 privilegium

421 4771 674 4819 nostrum
713 4764 1032 4820 observare.
1093 4764 1390 4819 custodire.
1444 4763 1751 4835 adimplere
1803 4761 2042 4816 fideliter

490 4950 566 5018 (9)
593 4950 814 5018 Imperii
837 4954 1013 5001 autem
1043 4948 1252 5002 domini
1279 4948 1487 5002 Ottonis
1526 4947 1759 5017 majoris
1791 4963 1885 5001 vn.
1920 4949 2033 5000 An-

421 5037 549 5074 num
579 5019 790 5075 Ottonis
819 5037 889 5073 vn
922 5021 1205 5074 Browerus
1254 5019 1513 5072 emendat
1541 5019 1595 5072 in
1630 5035 1748 5072 vm.
1783 5019 1949 5072 Recte
1982 5018 2035 5071 id

417 5092 674 5163 quidem:
735 5098 1156 5163 possetrtamen
1223 5090 1351 5163 inde
1410 5089 1784 5163 severioribus
1831 5089 2037 5163 criticis

419 5160 567 5217 nasci
607 5160 745 5217 ansa
774 5163 876 5216 hoc
903 5162 1148 5234 diploma
1175 5177 1240 5215 ex
1264 5161 1658 5234 chronologico
1689 5160 1822 5234 vitio
1854 5161 2037 5234 impu:

413 5235 654 5307 gnandi;
696 5235 839 5307 sicut
868 5231 1013 5307 idem
1061 5233 1152 5287 ille
1185 5248 1339 5307 error
1380 5231 1664 5307 materiam
1715 5231 2032 5307 disputandi

415 5303 643 5359 dederat
673 5305 743 5359 cl.
795 5305 1024 5358 Eckhart
1076 5308 1136 5358 in
1184 5304 1448 5359 Animad.
1483 5307 1554 5357 ad
1605 5307 1696 5358 Fr.
1757 5303 2035 5358 Schannat

416 5379 575 5449 Diae.
598 5378 786 5449 _Fu_l_d.,
817 5391 871 5449 n.
895 5377 986 5449 29,
1013 5392 1136 5449 pag.
1179 5376 1250 5428 42
1276 5391 1451 5445 seqq.,
1475 5377 1749 5449 adversus
1780 5374 2031 5449 ejusdem

414 5444 643 5516 Joannis
671 5447 786 5499 Xlll
835 5444 1062 5513 bullam,
1086 5444 1254 5500 wanno
1301 5444 1573 5516 superiori
1617 5446 1868 5500 ecclesia:
1901 5445 2028 5499 Ful-

417 5513 572 5588 densi
606 5530 924 5588 concessam
970 5532 1068 5587 pro
1102 5517 1337 5588 primatu
1370 5513 1651 5571 abbatiali.
1686 5519 1749 5570 At
1781 5517 1906 5588 quis
1926 5531 2034 5588 rne-

416 5581 519 5635 scit
549 5599 723 5659 annos
748 5581 1008 5659 _0_tto_num
1051 5581 1158 5640 tam
1196 5587 1248 5640 in
1291 5588 1445 5659 Italia
1477 5605 1639 5659 quam
1682 5581 1973 5641 Germania
2005 5603 2036 5640 a

419 5653 646 5707 notariis
675 5654 917 5725 subinde
962 5673 1250 5725 perperam
1279 5658 1451 5712 fuisse
1495 5653 1858 5714 numeratos:
1893 5659 2035 5712 adeo

416 5728 564 5776 certe
593 5731 653 5778 ut
674 5723 987 5792 respublica
1021 5723 1289 5781 litteraria
1320 5729 1600 5802 ingentem
1633 5738 1778 5786 esset
1808 5744 2035 5798 passura

2144 4579 2512 4634 miserationis
2552 4585 2806 4649 respectu
2847 4593 3032 4633 curam
3074 4578 3360 4653 regiminis
3397 4581 3766 4652 suscepimus,

2143 4681 2198 4726 et
2225 4671 2294 4725 ad
2349 4670 2661 4724 exhibenda
2711 4671 2821 4725 Deo
2863 4670 3058 4725 sedula
3115 4669 3362 4734 servitia,
3427 4677 3482 4726 et
3547 4686 3766 4728 canoras

2145 4760 2335 4815 laudes
2367 4759 2629 4830 potentiae
2660 4775 2772 4814 suae
2804 4758 3036 4814 devotos
3067 4757 3336 4813 debemus
3367 4757 3609 4816 sollicite
3639 4759 3766 4815 invi-

2142 4954 2406 5026 stragem,
2559 4947 2760 5026 chartae
2793 4945 3058 5026 quaelibet
3114 4953 3168 5000 ut
3199 4946 3402 5016 spurize
3448 4945 3760 5026 abjicieuda‘

2141 5017 2342 5088 forent,
2371 5017 2590 5088 quoties
2633 5017 2924 5072 chronicas
2958 5019 3215 5072 Ottonum
3250 5027 3408 5072 notas
3460 5020 3646 5088 spurie
3677 5033 3752 5070 re-

2140 5087 2340 5142 ferunt.
2379 5087 2488 5142 lloc
2519 5088 2834 5143 observavit
2886 5090 3031 5142 inter
3060 5089 3198 5143 alios
3239 5087 3539 5144 Kettnerus
3574 5091 3747 5155 Antiq.

2137 5160 2540 5234 ΩιιίίζιὶιιὸιινςιςΔ
2590 5175 2712 5234 pag.
2754 5159 2882 5234 697,
2926 5160 3042 5230 qui,
3100 5170 3408 5234 postquam
3444 5161 3500 5214 in
3558 5159 3754 5234 concin-

2139 5231 2319 5283 nanda
2351 5247 2450 5303 sua
2485 5231 2720 5303 Historia
2779 5231 3056 5302 integrum
3106 5231 3210 5285 loci
3262 5231 3548 5303 archivurn
3583 5232 3749 5303 perlu-

2135 5308 2382 5366 strasset,
2407 5302 2649 5373 ingenue
2679 5301 2853 5356 fassus
2885 5312 2967 5355 est
2999 5317 3120 5355 sese
3150 5303 3203 5354 in
3237 5301 3607 5357 conciliandis
3627 5303 3749 5355 Otto-

2138 5373 2504 5444 num'rannis,
2558 5374 2862 5444 przexertim
2917 5389 3042 5426 cum
3087 5373 3509 5438 indictionibus,
3573 5373 3746 5428 frustra

2137 5443 2460 5498 desudasse.
2491 5443 2582 5518 Eo
2625 5452 2804 5518 autem
2848 5444 3132 5518 remotior
3158 5445 3343 5518 debet
3404 5460 3533 5518 esse
3573 5445 3637 5497 ab
3667 5443 3745 5518 hac

2140 5522 2326 5586 nostra
2352 5516 2533 5569 omnis
2572 5515 2991 5569 subornationis
3020 5514 3284 5586 suspicio,
3315 5515 3465 5586 quod
3499 5531 3618 5570 eam
3656 5512 3743 5565 sibi

2140 5585 2444 5657 exhibitam
2509 5594 2741 5640 testetur
2801 5587 2906 5657 Leo
2965 5586 3028 5639 ΙΧ
3091 5585 3402 5641 indubitato
3443 5586 3740 5657 diplomate.

2139 5656 2287 5727 quod
2315 5657 2386 5711 ad
2421 5674 2624 5711 annum
2659 5658 2796 5713 1059
2825 5656 3154 5711 referemus.

2749 5742 2795 5766 «1
