3924 6406
142 464 236 520 977

1351 461 1683 519 EPISTOL/E
1723 463 1801 517 ΒΤ
1840 464 2211 520 DIPLOMATA
2230 511 2235 515 .

3359 471 3464 525 978

143 596 244 645 lare
297 591 478 661 Itaque
509 590 935 661 praesidentibus
967 590 1132 645 nobis
1187 591 1241 643 in
1290 596 1479 643 sancta
1531 588 1745 660 synodo
1776 594 1819 659 Α
1849 605 1979 663 gare
2008 598 2104 644 aut
2150 587 2455 657 destruere,
2491 590 2575 645 vel
2613 589 2858 661 aliquam
2886 588 3158 658 jacturam
3217 596 3313 643 aut
3354 605 3474 645 mo-
3516 582 3521 587 ’

142 691 249 739 acta
295 690 415 739 ante
470 683 884 739 confessionem
946 684 1093 738 beati
1156 683 1300 738 Petri
1366 682 1743 754 apostolorum

145 776 389 846 principis
433 774 676 845 septimo
736 775 1007 830 Kalendas
1057 775 1270 839 Junias,
1336 772 1635 845 propositis
1689 772 1745 825 in

143 863 308 918 medio
371 852 737 918 sacrosanctis
793 870 1029 935 quatuor
1083 863 1418 937 Evangeliis,
1474 866 1745 932 prsesente

143 954 349 1009 domino
404 952 605 1009 Ottone
653 952 1053 1027 gloriosissimo
1101 952 1436 1024 imperatore
1490 957 1742 1026 augusto,

142 1043 499 1113 Romanoque,
569 1050 758 1096 nostro
804 1040 939 1099 lilio.
992 1057 1095 1095 nec
1127 1057 1237 1096 non
1280 1040 1542 1097 Romanis
1580 1046 1746 1109 atque

143 1130 349 1193 Italicis,
391 1139 445 1184 et
486 1130 929 1185 occidentalibus
971 1130 1245 1205 religiosis
1296 1128 1740 1201 quamplurimis,

140 1230 290 1292 atque
321 1220 486 1276 etiam
522 1222 813 1277 catholicis
842 1232 896 1277 et
925 1222 1352 1293 sapientissimis
1382 1221 1552 1276 totius
1592 1218 1743 1275 ordi—

142 1313 219 1366 nis
240 1312 400 1377 viris;
438 1314 663 1368 hortatu
706 1314 981 1386 siquidem
1024 1296 1268 1388 benigno
1309 1313 1485 1384 ipsius
1532 1310 1743 1384 praefati

140 1403 333 1458 domini
363 1405 779 1460 clementissimi
823 1405 1178 1476 imperatoris
1209 1404 1445 1476 augusti,
1479 1419 1587 1458 una
1621 1418 1743 1457 cum

137 1508 398 1548 consensu
438 1492 860 1548 infradictorum
919 1493 1235 1564 przesulum,
1287 1503 1453 1564 atque
1501 1491 1755 1546 sacerdo-

141 1595 268 1651 tum,
306 1585 669 1656 omniumque
709 1585 1039 1640 clericorum
1069 1586 1124 1640 S.
1162 1586 1225 1640 Β.
1268 1585 1332 1638 Ε.
1370 1584 1463 1656 qui
1524 1583 1756 1638 inferius

138 1677 593 1747 subscripserunt,
646 1675 849 1747 quibus
893 1717 906 1728 .
953 1720 963 1730 .
1011 1718 1024 1731 .
1068 1676 1740 1731 Beneventanam‘cathe-

140 1765 279 1819 dram
310 1766 449 1820 velle
483 1765 748 1829 exaltare,
782 1765 1283 1821 intervenientibus
1314 1764 1571 1818 videlicet
1603 1764 1740 1817 Lan-

140 1854 333 1924 dulpho
365 1838 772 1909 Beneventame
803 1862 857 1909 et
898 1854 1167 1925 Capuanee
1222 1853 1439 1907 urbium
1472 1852 1740 1922 principe,

140 1962 228 1998 seu
264 1946 472 2016 Spoleti
512 1953 568 2000 et
591 1944 864 2000 Camerini
887 1946 1117 1999 ducatus
1148 1945 1467 1999 marchione
1499 1951 1551 1998 ct
1582 1943 1742 2009 duce,

138 2039 395 2110 simulque
413 2046 469 2093 et
500 2037 822 2108 Landulpho
854 2037 1320 2094 excellentissimo
1349 2036 1600 2106 principe
1633 2035 1745 2089 lilio

139 2133 269 2201 ejus,
299 2150 457 2189 usum
500 2133 651 2205 pallii
681 2133 801 2195 tibi,
848 2132 1071 2205 praefate
1104 2132 1326 2203 praesul,
1360 2132 1426 2187 ad
1468 2131 1584 2185 sola
1614 2130 1745 2183 mis-

137 2241 307 2278 sarum
336 2224 612 2280 solemnia
634 2224 954 2299 peragenda
1005 2224 1403 2287 concessimus,
1437 2222 1649 2277 scilicet
1688 2221 1744 2275 in

140 2318 218 2372 his
248 2318 661 2383 festivitatibus,
706 2319 759 2372 id
791 2327 893 2385 est,
938 2318 992 2372 in
1031 2318 1313 2373 nativitate
1340 2314 1583 2381 Domini,
1619 2314 1747 2385 Epi-

142 2411 368 2481 phaniae,
399 2409 811 2466 Puriﬁcationis
850 2416 1055 2465 sancta;
1095 2409 1189 2464 Dei
1230 2408 1517 2483 genitricis
1547 2413 1601 2461 et
1627 2406 1744 2461 Vir-

134 2498 269 2570 ginis
315 2499 521 2565 Marize,
548 2498 806 2553 similiter
843 2507 898 2553 et
929 2498 986 2552 in
1015 2498 1447 2552 Annuntiatione
1493 2496 1743 2563 ejusdem

134 2588 296 2643 beatze
334 2588 537 2654 Mariae,
567 2596 622 2642 et
652 2587 708 2641 in
740 2586 986 2657 paschali
1026 2585 1343 2649 festivitate,
1376 2591 1430 2639 et
1461 2584 1515 2637 in
1542 2585 1743 2637 Ascen-

134 2677 285 2734 sione
312 2678 556 2745 Domini,
586 2684 639 2733 et
678 2678 1026 2739 Pentecoste,
1059 2686 1114 2729 et
1152 2674 1451 2729 festivitate
1485 2673 1538 2726 8.
1575 2673 1742 2727 Joan-

140 2768 220 2823 nis
251 2770 524 2841 Baptistze,
556 2777 612 2824 et
642 2770 695 2823 in
729 2768 994 2824 natalitiis
1022 2768 1308 2822 beatorum
1340 2765 1743 2837 apostolorum,

134 2868 184 2916 et
213 2862 267 2915 in
299 2861 688 2933 Assumptione
717 2861 892 2916 beatze
930 2860 1129 2924 Mariae,
1162 2858 1476 2929 pariterque
1506 2856 1561 2910 in
1594 2855 1745 2910 Nati-

135 2953 291 3009 vitate
333 2954 605 3023 ejusdem,
636 2954 912 3025 simulque
960 2959 1015 3007 et
1044 2952 1099 3005 in
1150 2950 1511 3006 Dedicatione
1541 2955 1743 3004 sanctae

136 3042 387 3098 Ecclesiae
420 3042 502 3098 tui
531 3042 1062 3112 archiepiscopatus,
1082 3056 1184 3095 nec
1205 3055 1315 3095 non
1345 3046 1399 3094 et
1420 3039 1473 3093 in
1502 3039 1592 3093 die
1609 3053 1743 3093 con-

134 3134 470 3201 secrationis,
504 3140 560 3188 et
586 3133 1007 3188 consecratione
1038 3133 1469 3202 episcoporum;
1504 3130 1745 3184 tribuen-

1850 677 2061 732 lestiam
2103 676 2326 743 inferre,
2367 678 2438 733 sit
2476 678 2844 733 anathematis
2895 677 3129 732 vinculis
3153 676 3473 744 innodatus,

1848 770 2047 819 etcum
2075 765 2294 820 diabolo
2335 773 2391 821 et
2426 766 2546 835 ejus
2573 764 2935 821 atrocissimis
2976 765 3216 837 pompis,
3264 772 3473 821 etcum

1846 855 1988 911 Juda
2045 857 2323 927 proditore
2356 857 2569 912 Domini
2631 856 2803 912 nostri
2853 857 2984 911 Jesu
3017 856 3236 924 Christi,
3278 865 3472 922 aeterni

1847 950 2105 1021 supplicii
2139 950 2399 1006 incendio
2455 938 2915 1006 concremandus.
2968 952 3031 1004 At
3079 966 3209 1005 vero
3241 953 3333 1022 qui
3378 952 3470 1023 pio

1850 1039 2048 1094 intuitu
2105 1040 2430 1094 observator
2478 1040 2617 1094 etin
2669 1039 2929 1095 omnibus
2971 1039 3239 1093 exstiterit
3285 1050 3468 1096 custo-

1846 1130 2005 1185 diens
2035 1132 2351 1200 hujusmodi
2383 1130 2669 1202 apostolici
2725 1130 2986 1197 instituti,
3030 1131 3095 1184 ad
3129 1132 3337 1186 cultum
3374 1133 3468 1187 Dei

1848 1220 2171 1291 respiciens,
2231 1220 2641 1277 benedictionis
2696 1221 2924 1291 gratiam
2977 1237 3008 1275 a
3062 1221 3470 1277 misericordis-

1847 1313 1988 1368 simo
2049 1313 2276 1368 Domino
2326 1314 2434 1368 Deo
2494 1321 2687 1369 nostro
2731 1312 3118 1385 multipliciter
3156 1330 3471 1386 consequa-

1856 1413 1961 1471 tur,
1996 1415 2050 1459 et
2080 1404 2441 1459 vitzezeternze
2468 1405 2743 1475 particeps
2772 1403 2916 1459 effici
2946 1410 3223 1459 mereatur
3275 1407 3469 1461 Amen.

1928 1497 2198 1567 Scriptum
2230 1514 2329 1568 per
2358 1513 2579 1552 manum
2618 1496 2883 1567 Stephani
2912 1496 3185 1551 scriniarii
3224 1496 3278 1550 S.
3315 1497 3376 1552 Β.
3413 1497 3470 1552 E.

1857 1590 1911 1643 in
1936 1604 2128 1643 mense
2156 1588 2300 1653 Maii,
2335 1588 2528 1643 indict.
2557 1588 2643 1643 12.

1929 1678 2040 1752 Ego
2068 1678 2311 1733 Joannes
2368 1685 2571 1732 sancta
2601 1677 2886 1733 catholicae
2917 1686 2971 1733 et
3000 1678 3318 1748 apostolicae
3366 1678 3471 1735 Ro-

1846 1786 2018 1824 manae
2049 1771 2302 1825 Ecclesiae
2332 1770 2450 1824 Xlll
2481 1786 2624 1841 papa
2664 1769 2720 1823 in
2768 1770 2870 1825 hoc
2901 1756 3189 1844 privilegio
3220 1787 3249 1825 a
3302 1772 3464 1826 nobis

1773 1903 1824 1973 Β
1845 1858 2189 1930 promulgato
2220 1875 2387 1913 manu
2418 1859 2641 1930 prepria
2671 1858 2882 1913 snbser.

1934 1952 1943 1973 Ι
1996 1954 2003 1973 l
2045 1951 2268 1973 (ηιμ---.μ
2306 1951 2423 1973 ΔΑ...
2484 1950 2694 1973 Λιι---ζ-
2723 1949 2882 1973 ..ιε--ε.

1918 1952 1957 2018 +
1980 1954 2018 2019 -χ-
2045 1951 2272 2025 Signum
2300 1951 2448 2005 dom.
2484 1950 2695 2005 Dttonis
2723 1949 2953 2020 piissimi
2987 1950 3350 2021 imperatoris.

1920 2044 2075 2099 Sicos
2115 2084 2129 2100 .
2174 2087 2185 2099 .

1848 2142 1902 2190 et
1924 2136 2138 2193 subscr.

1918 2226 2160 2282 Joannes
2189 2227 2485 2298 episcopus
2522 2226 2790 2282 Galisanae
2821 2227 2965 2282 Eccl.

1919 2320 2159 2375 Joannes
2187 2319 2482 2390 episcopus
2511 2318 2814 2393 Anagninae
2846 2319 2987 2374 Eccl.

1921 2409 2164 2464 Marinus
2194 2408 2493 2479 episcopus
2523 2417 2725 2462 sanctae
2756 2406 3012 2462 Surensis
3048 2406 3185 2462 Eccl.

1918 2496 2251 2555 Benedictus
2272 2497 2571 2568 episc0pus
2592 2504 2796 2552 sanctae
2817 2496 3224 2551 Terracinensis
3249 2496 3391 2551 Eccl.

1920 2594 2025 2649 Leo
2054 2594 2349 2665 episcopus
2365 2600 2569 2648 sanctae
2603 2592 2866 2647 Ostiensis
2895 2593 3036 2647 Eccl.

1919 2686 2251 2742 Benedictus
2281 2684 2579 2755 cpiscopus
2600 2693 2800 2740 sanctae
2840 2684 3154 2740 Portuensis
3180 2684 3320 2738 Eccl.

1920 2780 2215 2851 Gregorius
2243 2779 2538 2849 epiSCOpus
2560 2785 2762 2832 sanctze
2795 2777 3125 2832 Albanensis
3155 2776 3298 2831 Eccl.

1916 2876 2159 2931 Joannes
2188 2874 2487 2945 episcOpus
2516 2881 2719 2928 sanctae
2752 2872 3094 2927 Salernitatze
3126 2871 3267 2925 Eccl.

1914 2965 2157 3020 Joannes
2200 2964 2427 3019 humilis
2481 2963 2778 3034 episcOpus
2837 2969 3038 3015 sanctae
3093 2957 3470 3013 Castranensis

1847 3054 2127 3109 Ecclesiae.

1915 3146 2157 3200 Joannes
2212 3143 2510 3213 episcopus
2563 3148 2764 3196 sanctae
2818 3141 3152 3194 Sarsinatcn.
3209 3137 3466 3192 Ecclesiae

2232 2085 2245 2098 .
2292 2082 2304 2097 .
2349 2044 2602 2098 Ecclesiae
2644 2043 2698 2098 in
2742 2044 2846 2098 hoc
2873 2042 3158 2115 privilegio
3198 2044 3461 2099 consensi

135 3230 211 3277 tes
240 3222 335 3277 tibi
368 3223 598 3293 insuper
625 3238 749 3277 cum
791 3237 858 3277 eo
899 3228 1228 3291 potestatem
1259 3228 1312 3274 et
1362 3220 1627 3273 honorem
1661 3234 1743 3271 ar-
1767 3264 1820 3335 Ο
1845 3234 2100 3290 consensi
2126 3240 2181 3288 ει
2210 3233 2422 3287 snbser.

140 3314 574 3335 -L:-_:_--_-A_--
620 3314 688 3335 in-
718 3320 774 3335 --Α
805 3312 1118 3335 ρ--ι---Ξι,-
1160 3320 1247 3335 Α---
1310 3318 1358 3335 ,ιι
1391 3325 1739 3335 ----,.,ι..,.Α.-Αη
1916 3323 1967 3335 η.
2051 3322 2063 3335 ι
2344 3321 2355 3330 ο

134 3314 594 3385 chiepiscopatus,
620 3314 695 3368 ita
718 3320 778 3368 ut
805 3312 1121 3368 fraternitas
1160 3320 1273 3373 tua,
1307 3318 1361 3366 et
1390 3325 1742 3365 successores

135 3404 205 3459 tui
227 3405 365 3461 infra
389 3421 546 3461 suam
579 3404 886 3468 dioecesim,
937 3404 993 3458 in
1028 3404 1164 3458 locis
1193 3403 1401 3475 quibus
1454 3402 1585 3457 olim
1622 3401 1743 3455 fue-

134 3500 265 3560 rant,
287 3509 510 3565 semper
532 3494 589 3546 in
617 3500 943 3564 perpetuum
975 3492 1276 3563 episc0pos
1308 3499 1618 3556 consecret,
1645 3489 1740 3561 qui

132 3590 316 3637 vestrae
363 3582 690 3652 subjaceant
731 3580 929 3636 ditioni
981 3580 1195 3635 scilicet
1236 3589 1440 3634 sanctae
1496 3579 1741 3649 Agathze,

134 3669 382 3738 Abellini,
414 3670 861 3736 Quintodecimo,
888 3668 1097 3735 Ariani,
1131 3668 1335 3733 Asculi,
1380 3667 1581 3732 Bibini,
1616 3667 1743 3721 Vul-

135 3764 367 3831 turarize,
408 3764 617 3832 Larini,
674 3764 962 3830 Thelcsize,
1017 3763 1189 3818 Alifze.
1224 3763 1538 3832 Adjecimus
1575 3762 1740 3817 etiam

135 3859 190 3906 ut
216 3853 384 3908 utaris
406 3853 579 3924 pallio
610 3852 665 3907 in
696 3852 1088 3907 festivitatibus
1116 3852 1173 3905 B.
1200 3850 1484 3907 Michaelis
1505 3851 1743 3906 archan-

132 3942 252 4010 geli,
283 3950 339 3998 et
357 3943 719 3999 translatione
751 3944 790 3998 Β
836 3942 1223 3998 Bartholomaei
1246 3943 1503 4013 apostoli.
1534 3941 1741 3997 Posteri

131 4049 253 4089 vero
278 4042 387 4091 tua;
418 4036 680 4092 Ecclesiae
706 4045 953 4091 rectores
976 4043 1100 4107 post
1126 4036 1341 4091 obitum
1366 4043 1527 4091 tuum
1544 4050 1742 4091 conse-

131 4126 423 4182 crationem
460 4127 637 4198 ipsius
659 4127 1192 4198 archiepiscopatus,
1216 4144 1279 4183 ac
1302 4128 1566 4183 honorem
1591 4126 1742 4198 pallii

132 4213 196 4267 ab
223 4214 322 4271 hac
354 4222 548 4270 sancta
575 4221 630 4270 et
655 4216 980 4287 apostolica,
1021 4216 1108 4271 cui
1143 4217 1253 4271 Deo
1283 4226 1508 4271 auctore
1548 4216 1744 4270 deser-

130 4307 235 4377 vio,
259 4310 392 4366 sede
423 4310 754 4382 percipiant.
774 4302 1300 4383 'Conftrmamusque
1325 4311 1423 4365 tibi
1452 4328 1743 4367 successo-

130 4400 386 4474 ribusque
406 4402 518 4457 tuis
545 4401 801 4457 similiter
830 4402 1124 4472 Sipontum
1153 4412 1207 4458 et
1238 4404 1529 4458 ecclesiam
1556 4405 1612 4458 Β.
1650 4404 1740 4458 Mi-

131 4490 328 4546 chaelis
366 4490 687 4565 archangeli
736 4491 793 4545 in
821 4490 1004 4546 Monte
1036 4492 1306 4565 Gargano,
1340 4500 1395 4547 et
1446 4493 1740 4547 Varranum

130 4579 390 4649 Oppidum
421 4595 549 4636 cum
598 4579 813 4645 massis,
854 4585 910 4633 et
938 4579 1104 4646 villis,
1158 4589 1214 4635 et
1269 4580 1528 4635 omnibus
1576 4581 1748 4650 perti-

131 4671 325 4726 nentiis
345 4670 710 4727 ecclesiarum
757 4688 1005 4738 suarum,
1034 4671 1273 4743 qualiter
1320 4673 1389 4726 ab
1418 4681 1743 4729 antecesso-

131 4764 274 4820 ribus
299 4767 508 4823 nostris
546 4782 648 4837 per
675 4766 1095 4823 concessionem
1142 4767 1557 4843 privilegiorum
1616 4785 1747 4841 pos-

128 4854 286 4911 sideri
332 4858 614 4913 videntur.
666 4859 925 4913 Statuens
977 4858 1208 4929 insuper
1243 4860 1569 4929 ‘apostolica
1623 4877 1747 4916 cen-

130 4958 247 4999 sura
274 4946 378 5001 sub
406 4946 583 5002 divini
604 4946 799 5015 judicii
843 4948 1237 5010 obtestatione,
1270 4957 1324 5002 et
1355 4948 1553 5002 validis
1578 4958 1744 5021 atque

131 5036 403 5092 atrocibus
461 5036 832 5092 anathematis
881 5036 1390 5095 interdictionibus.
1454 5044 1513 5092 ut
1560 5038 1746 5093 nullus

132 5145 364 5203 unquam
396 5132 634 5200 alicujus
665 5131 951 5204 dignitatis
979 5138 1252 5203 potestate
1285 5133 1550 5203 praeditus
1580 5134 1744 5189 homo

134 5233 446 5294 praesumat,
499 5224 583 5279 vel
615 5224 781 5279 etiam
834 5241 1186 5297 quaecunque
1217 5243 1415 5301 magna
1473 5244 1747 5301 parvaque

132 5330 363 5383 persona
387 5330 619 5388 quoquo
646 5316 816 5371 modo
849 5317 1051 5372 audeat
1078 5318 1384 5380 destruere,
1431 5319 1560 5373 dum
1621 5336 1749 5392 pro-

130 5403 265 5461 lecto
314 5405 643 5477 perenniter
686 5405 1052 5478 irrcfragabili
1102 5408 1228 5478 jure
1282 5409 1637 5466 decernimus
1690 5421 1749 5468 ut

128 5495 375 5552 ordinata
404 5497 465 5550 in
497 5510 598 5550 suo
655 5511 776 5550 esse
806 5505 1067 5552 maneant
1093 5515 1106 5551 :
1149 5498 1195 5553 si
1254 5507 1461 5566 tamen,
1495 5509 1553 5556 ut
1583 5519 1749 5573 supra

128 5585 328 5642 dictum
346 5594 457 5657 est,
489 5602 841 5642 successores
867 5588 945 5642 tui
972 5605 1003 5643 a
1035 5595 1223 5645 sancta
1256 5590 1502 5647 Romana
1533 5603 1588 5648 et
1612 5610 1749 5664 apo—

127 5676 314 5733 stolica
337 5677 477 5732 sede
505 5677 984 5732 consecrationem
1010 5687 1065 5733 et
1091 5694 1249 5733 usum
1280 5680 1429 5750 pallii
1458 5681 1748 5737 decretali-

130 5769 207 5818 ter
260 5766 521 5837 accipere
560 5780 675 5821 non
706 5764 1037 5821 distulerint.
1095 5766 1146 5820 Si
1180 5766 1303 5838 quis
1333 5775 1537 5833 autem,
1600 5772 1747 5841 quod

133 5869 240 5910 non
267 5863 549 5927 optamus,
583 5852 796 5909 nefario
818 5872 958 5911 ausu
986 5858 1402 5928 praesumpserit
1433 5859 1551 5914 haec
1580 5859 1749 5915 refra-

1915 3322 2227 3392 Stephanus
2268 3321 2568 3392 epis00pus
2598 3326 2802 3373 sanctae
2834 3316 3152 3372 Ficodensis
3211 3314 3465 3370 Ecclesia:

1842 3414 2116 3472 consensi.

1916 3504 2304 3562 Constantinus
2335 3502 2507 3574 episc.
2555 3543 2566 3555 .
2614 3540 2627 3553 .
2667 3541 2681 3556 .

1918 3599 2134 3674 lgnizzo
2168 3597 2465 3668 episcopus
2495 3593 2709 3649 Floren.
2746 3592 2890 3647 Eccl.

1921 3687 2193 3742 Hubertus
2223 3685 2520 3756 episcopus
2565 3725 2576 3737 .
2624 3722 2638 3736 .
2686 3723 2696 3734 .
2739 3678 3066 3751 subscripsi.

1918 3778 2198 3834 Guifridus
2228 3777 2527 3848 episcopus
2554 3780 2756 3829 sanctae
2784 3771 3181 3828 Virodunensis
3215 3770 3359 3828 Eccl.

1915 3870 2217 3945 Sigulphus
2269 3873 2473 3922 sanctae
2527 3861 2860 3918 Placentinae
2909 3861 3166 3916 Ecclesiae
3212 3860 3465 3917 consensi

1845 3966 1901 4015 et
1930 3955 2257 4027 subscripsi.

1919 4043 2287 4120 Luitgrandus
2315 4041 2611 4113 episcopus
2638 4035 2882 4092 interfui.

1927 4139 2098 4193 Bozzo
2123 4136 2418 4206 episcopus
2445 4138 2646 4187 sanctze
2675 4128 2921 4185 Astensis
2948 4127 3093 4183 Eccl.
3117 4127 3394 4183 consensi.

1919 4227 2189 4282 Abraham
2220 4230 2421 4279 sanctae
2474 4218 2842 4292 Frinsigensis
2886 4216 3140 4273 Ecclesiae
3170 4216 3471 4288 episcopus

1845 4334 2123 4376 0011881181.

1920 4411 2172 4466 Raterius
2210 4410 2512 4481 episcOpus
2555 4409 2759 4460 sanctae
2813 4401 3124 4456 Marsicanze
3159 4399 3299 4455 Eccl.
3334 4416 3468 4456 con-

1847 4505 1994 4564 sensi
2030 4512 2082 4560 et
2108 4502 2432 4573 subscripsi.

1921 4594 2257 4668 Reginaldus
2285 4600 2492 4645 sanctae
2534 4585 2924 4643 Ruhilanensis
2970 4584 3225 4640 Ecclesize
3257 4582 3471 4654 cpisco-

1849 4706 1951 4761 pus
1980 4685 2235 4743 consensi
2270 4690 2325 4738 ct
2353 4678 2678 4750 subscripsi.

1920 4779 2208 4835 Albericus
2243 4777 2299 4832 S.
2334 4774 2579 4831 Reatina:
2627 4772 2883 4828 Ecclesia:
2912 4771 3207 4842 episc0pus
3251 4768 3464 4824 subscr.

1921 4869 2226 4925 Domninus
2276 4861 2736 4934 archipresbyter.
2802 4860 2859 4915 S.
2901 4859 2963 4914 Β.
3023 4859 3078 4913 Ε.
3131 4856 3387 4913 consensi
3416 4864 3471 4911 et

1847 4960 2061 5017 subseri
2073 4960 2176 5017 usi.

1924 4978 2061 5017 nseri
2109 4978 2176 5013 sn.

1924 4978 2271 5107 Cresclentius
2300 5047 2587 5120 presbyter
2615 5030 2767 5128 card.
2820 5042 2876 5096 S.
2912 5041 2975 5095 Β.
3024 5040 3078 5101 Ε.
3129 5038 3383 5094 consensi
3418 5045 3471 5091 et

1849 5140 2177 5212 subscripsi.

1916 5235 2364 5307 'lheophylactus
2411 5230 2444 5284 8
2502 5229 2563 5283 B.
2622 5225 2908 5298 presbyter
2936 5222 3194 5279 consensi
3238 5230 3291 5277 et
3344 5222 3465 5276 sub-

1851 5325 2069 5398 scripsi.

1926 5414 2252 5472 Benedictus
2269 5405 2763 5466 archidiaconusS.
2789 5404 2851 5457 Β.
2879 5404 2939 5459 E.
2968 5402 3245 5458 consensi.

1923 5509 2032 5582 Ego
2079 5502 2389 5560 Bonifacius
2440 5496 2665 5554 humilis
2694 5495 2963 5551 diaconus
3012 5494 3066 5547 S.
3124 5493 3186 5548 Β.
3233 5493 3291 5549 Ε.
3349 5510 3477 5550 con-

1856 5616 2025 5656 $0081.

1926 5695 2032 5749 Leo
2064 5690 2331 5745 diaconus
2360 5684 2414 5739 8.
2452 5684 2510 5738 R.
2548 5681 2603 5735 E.
2628 5677 2906 5734 consensi.

1922 5785 2167 5840 Joannes
2196 5775 2571 5833 subdiaconus
2597 5770 2652 5824 8.
2684 5769 2748 5823 Β.
2792 5767 2846 5821 E.
2876 5767 3156 5822 consensi.

1924 5881 2118 5934 Datum
2148 5891 2220 5929 vn
2243 5872 2355 5928 Kal.
2384 5869 2532 5926 Junii
2556 5883 2653 5938 per
2682 5879 2903 5920 manum
2926 5863 3196 5920 Guidonis
3217 5865 3473 5937 episcOpi.
