3924 6418
398 407 505 463 979

1730 399 2001 455 JOANNIS
2042 400 2161 455 XIII
2200 401 2406 487 PAPIE.

3645 408 3753 464 980

400 545 607 594 sanctae
654 535 1069 591 Silvaeeandidre
1123 535 1402 597 Ecclesiae,
1442 543 1497 588 et
1528 533 1781 588 biblioth.
1812 538 2017 587 sanctae
2046 534 2098 602 Α
2121 531 2318 587 sultior
2338 538 2393 588 et
2422 532 2801 589 honorabilior
2830 540 3017 589 nostra
3068 536 3373 606 apostolica
3422 537 3755 593 auctoritate

402 626 555 682 sedis
583 622 921 695 apostolicae.
953 638 1099 675 anno
1130 621 1378 692 pontific.
1410 620 1621 675 domini
1656 618 1825 674 nostri
1852 619 2022 673 Joan-

402 716 491 770 nis
538 714 655 768 XIII
690 728 847 783 papae
878 728 950 771 IV,
986 710 1335 781 imperatoris
1373 710 1586 764 Ottonis
1642 707 1861 774 Majoris
1891 706 1942 769 7,
1970 713 2024 760 et

402 807 630 864 Minoris
672 824 731 871 ιι,
765 805 955 860 indict.
990 803 1306 875 supradicta
1336 803 1685 866 duodecima,
1734 817 1882 857 anno
1917 802 2025 855 Do-

404 898 624 953 minicae
649 895 1047 951 Incarnationis
1063 893 1188 949 969.

1148 1006 1279 1061 XVI.

472 1120 690 1160 JOANSIS
718 1118 869 1157 PAPE
904 1117 997 1155 XIII
1036 1114 1384 1153 PRIVILEGIUM
1450 1112 1555 1152 PRO

1060 1186 1334 1225 FULDENSI.

1041 1261 1217 1329 (Anno
1248 1258 1395 1326 969.)

482 1356 656 1428 [Apud
686 1354 923 1420 Dronke,
964 1354 1093 1409 Cod.
1134 1354 1357 1423 diplom.
1390 1352 1573 1416 Fuld.,
1608 1368 1733 1425 pag.
1785 1350 1891 1407 330
1920 1349 1956 1422 .]

475 1448 712 1504 Joannes
740 1446 1060 1518 episcOpus,
1093 1460 1287 1500 servus
1330 1460 1611 1499 servorum
1654 1443 1770 1509 Dei,
1821 1442 2031 1498 charis-

408 1538 550 1593 simo
581 1536 743 1592 nobis
781 1535 837 1589 in
873 1533 1084 1590 Christo
1123 1532 1239 1588 filio
1270 1533 1631 1587 WERINHARIO
1671 1532 1812 1586 sacri
1842 1546 2032 1587 coeno-

407 1633 489 1688 bii
521 1631 807 1688 Fuldensis
833 1629 1019 1685 abbati
1065 1628 1488 1704 religiosissime
1536 1635 1591 1681 et
1634 1643 1733 1698 per
1761 1642 1887 1681 eum
1919 1642 2035 1681 suis

409 1721 832 1778 successoribus
856 1717 1154 1774 abbatibus
1188 1717 1244 1771 in
1275 1724 1606 1787 perpetuum

1605 1111 1950 1153 MONASTERIO

2126 630 2448 692 permaneat
2521 622 2917 678 Constituimus
2966 639 3192 696 quoque
3244 641 3343 695 per
3386 626 3554 695 hujus
3586 627 3752 681 nostri

2124 714 2334 769 decreti
2367 714 2624 786 paginam
2665 724 2725 770 ut
2779 715 3098 787 quicunque
3155 717 3450 786 cujuslibet
3497 719 3754 773 ecclesiae

2127 806 2329 876 praesul
2385 807 2471 861 vel
2530 824 2862 880 quacunque
2913 809 3184 883 dignitate
3227 810 3453 880 praedita
3513 826 3756 881 persona

2128 895 2277 949 hunc
2323 895 2500 949 nostri
2564 896 2839 973 privilegii
2899 906 3148 955 tenorem
3206 915 3371 971 quem
3422 900 3756 955 auctoritate

2129 985 2430 1039 beatissimi
2462 987 2840 1057 apostolorum
2874 989 3143 1061 principis
3172 990 3333 1060 cujus
3362 990 3486 1047 vice
3517 991 3757 1047 fruimur

2129 1074 2520 1129 confirmamus
2557 1085 2610 1130 et
2651 1078 3160 1146 recorroboramus,
3214 1079 3426 1135 violare
3486 1090 3547 1136 et
3576 1089 3758 1135 trans-

2129 1169 2286 1242 gredi
2320 1171 2630 1235 tentaverit,
2662 1173 2958 1228 anathema
2986 1174 3058 1228 sit
3092 1184 3152 1228 et
3181 1173 3315 1229 iram
3351 1175 3443 1229 Dei
3500 1176 3761 1246 omnipo-

2132 1263 2300 1318 tentis
2333 1262 2620 1318 incurrens
2649 1279 2681 1317 a
2707 1271 2854 1318 coetu
2902 1264 3152 1319 omnium
3183 1271 3502 1320 sanctorum
3539 1265 3761 1321 alienus

2131 1351 2326 1406 existat
2355 1361 2409 1407 et
2438 1352 2800 1408 nihilominus
2840 1354 3052 1424 praefati
3084 1356 3403 1411 monasterii
3456 1355 3711 1429 dignitas
3738 1374 3765 1410 a

2134 1443 2298 1499 nobis
2354 1444 2568 1498 indulta
2632 1445 3028 1516 perpetualiter
3092 1446 3358 1503 inviolata
3434 1458 3763 1519 permaneat

2133 1536 2438 1606 apostolica
2469 1536 2523 1590 in
2554 1536 2816 1591 omnibus
2845 1538 3174 1603 auctoritate
3204 1539 3464 1597 subnixa.

2206 1630 2478 1700 Scriptum
2503 1646 2601 1701 per
2631 1647 2851 1686 manum
2886 1632 3154 1704 Stephani
3186 1634 3459 1689 scriniarii
3492 1643 3550 1690 et
3583 1635 3765 1709 regio-

2135 1720 2276 1774 narii
2305 1728 2508 1775 sanctae
2544 1720 2805 1775 Romanae
2836 1720 3115 1787 Ecclesiae,
3150 1722 3204 1775 in
3262 1738 3452 1778 mense
3504 1724 3764 1779 Octobrio

482 1817 828 1873 Desiderium
862 1814 1013 1887 quod
1052 1814 1121 1868 ad
1172 1812 1461 1887 religionis
1512 1811 1857 1883 pr0positum
1913 1826 2034 1865 san-
2064 1853 2111 1919 Β
2135 1821 2190 1865 et
2228 1810 2535 1883 indictione
2566 1812 2724 1867 tertia
2752 1812 2987 1867 decima.

411 1915 738 1978 ctorumque
760 1905 1007 1961 locorum
1058 1902 1414 1957 stabilitatem
1456 1900 1735 1972 pertinere
1766 1910 2035 1955 monstra-

415 2007 502 2055 tur
529 2000 650 2053 sine
693 1997 880 2069 aliqua
905 2001 989 2051 est
1017 1996 1129 2050 Deo
1168 2003 1391 2049 auctore
1433 2010 1585 2049 mora
1612 1992 2034 2065 perficiendum,

414 2094 473 2142 ut
503 2103 569 2142 ex
599 2087 706 2142 hoc
718 2086 872 2158 vigor
890 2083 1180 2157 religionis
1199 2087 1404 2137 sanctae
1429 2081 1730 2137 roboretur
1755 2088 1810 2136 et
1827 2081 2036 2136 eisdem

411 2175 617 2231 sanctis
660 2174 796 2230 locis
832 2173 982 2227 salus
1047 2177 1101 2226 et
1131 2171 1470 2226 indemnitas
1518 2169 1821 2233 solidetur;
1876 2168 2040 2225 nobis

414 2279 638 2336 quoque
697 2262 833 2317 lucri
885 2259 1232 2332 potissimum
1314 2257 1603 2330 praemium
1664 2273 1695 2311 a
1750 2257 2040 2313 conditore

414 2360 663 2416 omnium
696 2358 807 2413 Deo
841 2356 897 2410 in
928 2354 1115 2427 regnis
1151 2353 1472 2409 ccelestibus
1504 2351 1820 2408 ascribatur.
1874 2350 2044 2423 Igitur

415 2452 549 2525 quia
576 2467 675 2521 per
704 2450 1078 2504 interventum
1121 2444 1310 2502 domni
1352 2444 1564 2513 Ottonis
1593 2442 2041 2499 excellentissimi

417 2542 767 2614 piissimique
798 2538 1150 2612 imperatoris
1178 2537 1431 2610 Augusti,
1463 2536 1748 2608 nostrique
1779 2533 2045 2605 Spiritalis

419 2634 521 2689 filii
576 2642 631 2688 et
659 2637 865 2687 sanctae
924 2630 1180 2686 Ecclesia:
1228 2627 1559 2693 defensoris,
1612 2627 2048 2699 praenominatus

425 2720 805 2776 Werinharius
834 2719 1005 2774 abbas
1046 2718 1343 2789 postulavit
1381 2733 1413 2771 a
1442 2715 1603 2772 nobis
1632 2724 1906 2787 quatenus
1945 2732 2044 2770 ve-

418 2812 668 2869 nerabile
722 2810 1121 2867 monasterium
1173 2809 1261 2865 cui
1321 2822 1563 2880 prmesse
1622 2807 1839 2863 videtur
1896 2806 2047 2878 quod

419 2906 552 2962 olim
585 2920 615 2958 a
654 2910 856 2958 sanctae
906 2902 1185 2958 memoriae
1219 2899 1499 2956 Bonifacio
1541 2891 1806 2971 episcopo
1843 2898 1911 2953 ad
1944 2899 2047 2953 ho-

420 3009 614 3050 norem
645 2992 741 3048 Dei
798 3000 851 3046 et
886 2990 1098 3046 Domini
1147 2989 1320 3045 nostri
1354 2988 1651 3045 Salvatoris
1683 2988 1737 3041 in
1788 2989 1909 3043 loco
1950 2988 2045 3059 qui

419 3090 646 3140 vocatur
679 3081 917 3138 Boconia
966 3096 1097 3154 erga
1128 3079 1302 3150 ripam
1347 3078 1595 3133 ﬂuminis
1625 3078 1883 3133 Wultaha
1912 3094 2049 3133 con-

418 3182 686 3230 structum
722 3171 992 3247 privilegii
1046 3186 1273 3225 summa;
1305 3170 1457 3224 sedis
1497 3169 1818 3240 apostolicae
1856 3168 2047 3224 infulis

418 3268 744 3322 decoretur:
779 3273 833 3319 et
864 3264 1007 3318 sicut
1052 3278 1153 3334 per
1204 3261 1534 3317 sanctissimi
1593 3277 1747 3332 papae
1776 3260 2045 3315 Zachariae

417 3355 869 3414 constitutionem
901 3354 1249 3425 aliorumque
1280 3351 1686 3407 venerabilium
1720 3350 2042 3423 pontificum

422 3449 895 3520 praedecessorum
928 3445 1400 3515 decessorumque
1429 3451 1741 3499 nostrorum
1770 3430 2047 3515 praecepta

420 3542 620 3597 ditioni
647 3546 849 3595 sanctae
900 3546 1121 3604 nostrae,
1154 3538 1243 3593 cui
1293 3540 1402 3594 Deo
1431 3546 1653 3593 auctore
1685 3538 2047 3604 deservimus,

421 3630 679 3686 Ecclesiae
694 3629 1045 3700 subpositum
1061 3635 1164 3695 est,
1180 3627 1255 3682 ita
1270 3628 1556 3699 perpetuis
1573 3627 1917 3699 temporibus
1932 3644 2050 3698 per-

421 3727 634 3775 severet
665 3726 719 3781 et
750 3718 955 3773 nullius
987 3732 1230 3788 unquam
1270 3717 1500 3771 alterius
1539 3717 1796 3772 Ecclesia:
1819 3718 2050 3787 jurisdi-

421 3811 701 3866 ctionibus
722 3808 1097 3894 submittatur.
1124 3809 1494 3879 Quapropter,
1520 3808 1627 3880 piis
1649 3809 1948 3863 desideriis
1969 3808 2047 3863 fa-

420 3913 635 3969 ventes,
686 3903 791 3957 hac
836 3908 1025 3956 nostra
1078 3901 1404 3955 auctoritate
1452 3900 1505 3954 id
1540 3900 1688 3971 quod
1735 3902 2050 3972 exposcitur

420 3992 592 4068 digno
623 3990 844 4047 effectui
869 3990 1284 4061 mancipamus;
1317 3989 1557 4061 ideoque
1574 4005 1797 4046 omnem
1825 3990 2048 4059 cujusli—

419 4087 514 4141 bet
538 4085 794 4141 Ecclesiaa
808 4083 1153 4139 sacerdotem
1178 4082 1233 4136 in
1259 4081 1489 4153 praefato
1512 4099 1699 4138 mona~
1715 4083 1856 4139 terio
1877 4084 2047 4140 ditio-

420 4194 544 4232 nem
574 4178 879 4250 quamlibet
931 4177 1139 4232 habcre
1182 4184 1280 4231 aut
1308 4177 1688 4232 auctoritatem
1731 4186 1933 4249 praeter
1958 4194 2048 4233 se-

422 4272 548 4327 dem
581 4271 942 4342 apostolicam
977 4270 1368 4341 prohibemus:
1403 4270 1475 4324 ita
1516 4279 1577 4325 ut
1606 4270 1714 4324 nisi
1746 4270 1815 4324 ab
1843 4271 2045 4326 abbate

422 4366 738 4421 monasterii
794 4366 960 4421 fuerit
1014 4366 1272 4421 invitatus
1332 4382 1435 4421 nec
1487 4364 1780 4420 missarum
1837 4366 2043 4421 ibidem

419 4459 690 4514 solemnia
722 4459 998 4530 quispiam
1042 4467 1342 4530 praesumat
1386 4457 1705 4513 omnimodo
1738 4458 2039 4526 celebrare,

2211 1902 2405 1955 Datum
2438 1917 2487 1953 vr
2540 1900 2667 1954 Idus
2719 1900 3066 1965 Novembris,
3100 1917 3200 1973 per
3236 1918 3463 1957 manum
3514 1902 3767 1957 Widonis

2139 1991 2387 2063 episcopi
2448 2000 2503 2047 et
2532 1992 2936 2048 bibliothecarii
2984 2002 3190 2049 sanctae
3230 1995 3380 2049 sedis
3417 1994 3763 2065 apostolica,

2139 2098 2285 2136 anno
2318 2080 2672 2152 pontificatus
2700 2082 2889 2136 domni
2917 2083 3088 2138 nostri
3119 2082 3351 2138 Joannis
3383 2083 3531 2138 tertii
3568 2083 3764 2137 decimi

2141 2186 2298 2241 papae
2325 2179 2542 2241 quarto,
2571 2170 2792 2241 imperii
2821 2186 2952 2226 vero
2984 2172 3174 2227 domni
3206 2173 3378 2228 nostri
3410 2172 3638 2228 Ottonis
3666 2172 3765 2225 Au-

2140 2259 2287 2334 gusti
2312 2258 2536 2329 majoris
2581 2269 2775 2317 octavo
2825 2268 2880 2315 et
2907 2261 3140 2317 minoris
3169 2262 3439 2329 secundo,
3507 2261 3768 2316 indictio-

2144 2365 2214 2405 ne
2240 2367 2356 2405 XIII.

2871 2443 3032 2499 XVII.

2141 2550 2357 2590 JOANNIS
2395 2551 2491 2590 XIII
2523 2551 2869 2592 PRIVILEGIUM
2915 2551 3020 2591 PRO
3052 2551 3392 2592 MONASTERIO
3418 2554 3468 2592 5.
3502 2552 3765 2591 VINCENTII

2834 2624 3056 2662 METENSI
3068 2651 3077 2662 .

2780 2698 2958 2764 (Anno
2988 2696 3138 2765 97D.)

2152 2807 2326 2878 [Apud
2370 2807 2544 2871 Pertz,
2595 2809 2832 2863 Monum.
2876 2808 3052 2865 Germ.
3106 2808 3234 2862 hist.
3298 2806 3478 2879 Scrip.
3515 2816 3652 2863 tom.
3688 2806 3766 2869 IV,

2805 2918 2931 2977 pag.
2966 2900 3112 2971 471.]

2217 3009 2461 3065 Joannes
2480 3010 2801 3081 episcopus,
2834 3025 3027 3065 servus
3052 3025 3335 3065 servorum
3370 3008 3491 3074 Dei,
3510 3008 3771 3064 ‘dilectis—

2148 3100 2287 3154 simo
2318 3101 2623 3155 Dsonsatco
2653 3098 2765 3155 filio
2788 3109 2977 3155 nostro
2995 3107 3201 3154 sancta:
3232 3098 3493 3154 Metensis
3514 3097 3767 3154 Ecclesiae

2072 3222 2120 3290 Ο
2136 3191 2394 3290 praesuli.

2220 3280 2350 3333 Cum
2383 3280 2439 3334 in
2479 3281 2772 3336 exarandis
2811 3281 2906 3336 Dei
2948 3281 3202 3336 laudibus
3249 3280 3437 3336 debita
3478 3279 3768 3352 pastoralis

2148 3370 2416 3442 compulit
2437 3372 2833 3428 sollicitudinis
2862 3389 3012 3440 cura,
3038 3388 3274 3445 qumque
3314 3372 3384 3426 ad
3411 3373 3765 3427 stabilitatem

2150 3465 2364 3535 piorum
2413 3464 2814 3538 dignoscantur
2887 3465 3167 3535 pertinere
3217 3465 3465 3519 locorum
3537 3464 3763 3519 ubertim

2152 3559 2523 3634 promulgare,
2547 3567 2601 3615 et
2626 3560 2947 3630 apostolicae
2976 3559 3342 3615 institutionis
3373 3559 3429 3613 in
3467 3558 3765 3632 privilegiis

2149 3658 2317 3722 atque
2348 3651 2586 3705 decretis
2606 3646 2851 3706 censura
2876 3650 3243 3706 confirmare:
3275 3650 3544 3706 convenit
3576 3664 3764 3720 nempe

2152 3754 2253 3794 nos
2280 3740 2583 3809 apostolico
2614 3740 2995 3796 moderamine
3027 3748 3217 3796 sancta
3253 3740 3604 3795 venerabilia
3635 3741 3760 3803 loca,

2149 3849 2273 3904 quae
2324 3832 2531 3887 dudum
2583 3832 2801 3889 fuerant
2834 3833 2890 3888 in
2931 3833 3105 3888 ruinis
3135 3848 3447 3907 magnaque
3478 3832 3676 3904 inepia
3713 3846 3767 3885 ac

2150 3930 2474 3992 paupertate
2524 3923 2803 3996 degentia,
2860 3931 3173 3993 Opportune
3221 3921 3505 3986 ordinare,
3573 3937 3670 3976 seu
3706 3920 3763 3973 ad

2149 4011 2434 4066 meliorem
2480 4010 2601 4066 sine
2631 4010 2803 4065 dubio
2859 4016 3057 4065 statum
3100 4010 3426 4080 perducere.
3468 4009 3764 4080 praesertim

2149 4103 2245 4158 ubi
2276 4103 2370 4158 illa
2402 4110 2665 4174 petuntur
2706 4119 2831 4174 quae
2887 4118 2997 4157 non
3030 4103 3097 4157 ad
3139 4102 3494 4157 commodum
3556 4110 3763 4171 tempo-

2147 4196 2282 4263 rale,
2341 4195 2440 4251 sed
2504 4196 2574 4251 ad
2632 4203 2954 4267 perpetuam
3018 4195 3429 4266 providentiam
3498 4196 3768 4265 pertinent

2144 4289 2317 4343 Deum
2346 4287 2712 4343 servientium
2737 4286 3072 4353 animarum,
3102 4277 3316 4341 scilicet
3347 4292 3407 4340 ut
3436 4285 3766 4341 venerabilis

2146 4380 2318 4439 locus,
2353 4377 2447 4449 qui
2494 4393 2533 4431 a
2576 4375 2879 4431 Deoderico
2922 4375 3285 4431 dilectissimo
3319 4372 3433 4430 filio
3482 4384 3673 4431 nostro
3720 4374 3766 4427 in

2145 4486 2257 4526 uno
2299 4468 2663 4543 conglobatus
2708 4475 2875 4539 atque
2925 4484 3176 4522 annexus
3235 4473 3342 4529 est,
3374 4482 3501 4521 cum
3538 4467 3762 4538 propriis

420 4557 481 4606 ut
513 4550 761 4620 profecto
787 4551 942 4618 juxta
974 4551 1028 4605 id
1058 4553 1205 4622 quod
1233 4551 1542 4621 subjectum
1576 4550 1895 4621 apostolica:
1925 4552 2037 4607 sedi

2155 4560 2697 4635 congregationibus,
2726 4574 2848 4630 qua:
2897 4558 3226 4632 regulariter
3257 4558 3313 4611 in
3370 4558 3603 4627 psalmis
3628 4559 3762 4627 hym-

421 4637 681 4694 firmitate
711 4639 986 4714 privilegii
1020 4640 1297 4707 consistit,
1350 4640 1680 4696 inconcusse
1723 4643 1873 4696 omni
1907 4650 2047 4697 tem-

421 4746 554 4801 pore
587 4730 836 4786 dotatum
870 4739 1194 4802 permaneat
1217 4732 1352 4787 locis
1387 4739 1443 4787 et
1473 4732 1639 4787 rebus
1669 4732 2052 4788 univsirsaliter

423 4831 534 4880 tam
567 4824 649 4880 eis
681 4840 819 4896 quas
872 4840 902 4879 a
953 4825 1257 4895 primordio
1304 4826 1412 4881 sibi
1458 4827 1738 4882 vindicare
1770 4828 1937 4883 debet
1966 4829 2049 4883 vel

425 4930 566 4985 quas
597 4914 870 4970 moderno
904 4923 1151 4985 tempore
1194 4922 1349 4970 tenet
1377 4925 1431 4970 et
1486 4917 1732 4986 possidet
1761 4934 1924 4988 quam
1972 4918 2053 4973 eis

428 5026 566 5080 quas
599 5008 798 5064 futuris
832 5010 1179 5080 temporibus
1220 5010 1277 5066 in
1317 5011 1609 5082 jusipsius
1667 5013 1808 5067 sacri
1861 5029 2050 5068 mona-

427 5097 579 5152 sterii
608 5099 796 5153 divina
830 5100 1178 5169 providentia
1205 5118 1410 5176 augere
1440 5119 1503 5156 ex
1535 5104 1699 5158 donis
1731 5103 2051 5159 etoblatio-

423 5190 588 5243 nibus
636 5190 983 5262 (lecimisque
1013 5192 1392 5264 quorumlibet
1445 5193 1640 5249 Christi
1683 5194 1926 5250 fidelium
1958 5212 2053 5251 vo-

421 5283 586 5338 luerit
606 5284 818 5354 absque
851 5283 1022 5339 ullius
1046 5301 1299 5356 personze
1332 5286 1771 5343 contradictione
1795 5286 2054 5344 ﬁrmitate

422 5381 690 5443 perpetua
731 5374 1063 5445 perfruatur.
1093 5377 1432 5445 Adjicientes
1482 5387 1665 5435 autem
1722 5395 1819 5451 pro
1850 5396 2052 5456 magno

421 5477 608 5516 amore
641 5463 851 5532 praefati
887 5464 1118 5533 piissimi
1152 5473 1206 5520 et
1237 5467 1693 5524 Christianissimi
1734 5470 1924 5525 domni
1954 5468 2017 5525 οι
2038 5501 2050 5511 ο

423 5552 571 5605 tonis
605 5552 955 5623 imperatoris
1001 5557 1229 5633 Augusti
1291 5559 1611 5630 specialiter
1662 5561 2049 5617 constituimus

421 5644 481 5691 ut
512 5638 688 5693 isdem
729 5639 1017 5697 Fuldensis
1046 5646 1218 5700 abbas
1248 5658 1379 5703 ante
1409 5648 1550 5704 alios
1579 5650 1809 5705 abbates
1858 5650 2045 5705 Gallias

420 5736 517 5776 seu
560 5725 868 5778 Germaniae
899 5729 1191 5792 primatum
1234 5735 1464 5790 sedendi
1499 5737 1553 5790 in
1594 5739 1742 5792 omni
1780 5741 1899 5794 ioco
1933 5756 2043 5811 quo

423 5818 760 5877 conveniant
809 5816 1078 5892 obtineat,
1110 5842 1329 5885 necnon
1365 5839 1419 5889 et
1458 5832 1889 5891 archimandrita
1914 5849 2043 5891 con-

2152 4654 2239 4708 nis
2257 4661 2310 4709 et
2338 4653 2678 4709 orationibus
2707 4653 2817 4707 Deo
2850 4651 3117 4707 Salvatori
3146 4657 3332 4706 nostro
3379 4650 3511 4705 Jesu
3574 4650 3766 4704 Christo

2154 4744 2451 4819 pervigiles
2473 4744 2737 4800 excubias
2758 4743 3043 4808 exhibent,
3077 4742 3146 4797 ab
3180 4742 3500 4798 insolentiis
3531 4742 3763 4798 exterio—

2154 4838 2306 4892 ribus
2351 4836 2809 4898 circummunitae,
2838 4836 3048 4909 jugiter
3101 4835 3321 4889 valeant
3363 4835 3437 4905 pii
3474 4834 3755 4890 famulatus

2153 4932 2337 4988 officia
2366 4933 2420 4986 in
2450 4931 2784 4988 monasterio
2828 4931 3014 4986 Sancti
3070 4930 3343 4985 Vincentii
3374 4931 3671 4993 exhibere;
3712 4934 3757 4981 et

2154 5022 2417 5093 quoniam
2450 5028 2667 5077 constat
2690 5028 2837 5076 tuam
2856 5019 3281 5093 religiositatem
3306 5020 3473 5091 hujus
3501 5016 3756 5091 privilegii

2155 5110 2515 5180 apostolicam
2547 5107 3023 5164 continuationem
3057 5109 3333 5180 postulare
3371 5125 3403 5162 a
3434 5108 3619 5173 nobis,
3652 5121 3761 5178 pro-

2157 5207 2279 5270 pter
2330 5198 2742 5253 immutationes
2785 5199 3168 5267 tcmporalium
3252 5212 3435 5251 rerum
3494 5198 3757 5264 variosque

2161 5289 2443 5344 hominum
2472 5304 2652 5354 casus,
2677 5288 3043 5342 munitionem
3074 5288 3249 5342 sancti
3283 5286 3558 5342 Vincentii
3586 5281 3754 5339 Christi

2156 5379 2410 5448 martyris
2451 5394 2573 5432 cum
2615 5376 2876 5433 omnibus
2907 5379 2974 5431 ad
3010 5377 3155 5431 idem
3185 5379 3581 5451 monasterium
3612 5374 3759 5449 perti—

2155 5468 2437 5534 nentibus,
2472 5476 2638 5540 atque
2666 5466 3176 5523 corroborationem
3202 5466 3278 5520 tui
3304 5476 3525 5538 tuaeque
3551 5478 3754 5537 congre-

2151 5558 2389 5633 gationis
2421 5565 2477 5612 et
2505 5572 2886 5611 successorum
2918 5562 3142 5610 tuorum
3198 5555 3252 5609 iu
3282 5563 3612 5627 perpetuum
3656 5549 3751 5607 ﬁeri

2149 5651 2507 5717 censuimus;
2554 5659 2849 5722 quatenus,
2887 5665 3033 5704 nunc
3062 5649 3257 5704 sicuta
3302 5659 3355 5703 te
3384 5649 3749 5720 disponuntur,

2148 5739 2222 5794 ita
2253 5740 2309 5793 in
2342 5748 2621 5810 posterum
2651 5753 2827 5810 usque
2868 5738 2923 5792 in
2973 5738 3139 5793 ﬁnem
3173 5745 3595 5805 conserventur,
3624 5745 3672 5792 et
3696 5740 3740 5787 ut

2146 5831 2240 5887 illa
2287 5831 2646 5907 congregatio
2686 5831 3015 5887 inconcussa
3054 5831 3111 5886 in
3157 5845 3327 5886 unum
3386 5841 3745 5902 perseverans,
