3924 6392
131 397 230 451 981

1369 404 1704 461 ΕΡΙΞΤΟΙιᾹΞ
1744 407 1823 462 ΕΤ
1862 410 2259 465 DIPLOMA'I‘A.

3381 419 3486 474 982

131 524 361 579 sednlas
407 527 600 582 laudes
656 528 769 583 Deo
824 530 1140 598 persolvere
1179 532 1374 597 valeat,
1422 540 1476 587 et
1516 534 1677 589 sicuti
1725 550 1755 588 τι
1779 536 2005 605 Αιιιιιιο
2036 540 2279 612 denique
2318 541 2388 596 ab
2436 542 2821 597 lncarnationc
2876 542 3091 598 Domini
3144 544 3319 600 nostri
3349 544 3481 602 Iesu

132 614 244 668 Deo
286 630 478 670 eorum
514 617 698 671 studia
732 616 943 672 imbuta
969 627 1117 684 sunt,
1150 619 1360 694 jugiter
1402 639 1755 692 perseverare

133 703 318 770 liceat,
353 712 517 776 atque
564 706 670 761 sub
724 723 835 763 uno
871 708 1072 765 abbate
1123 711 1236 777 jam
1288 713 1583 782 praedictus
1609 714 1764 771 locus

131 795 489 862 constitutus,
534 798 588 852 in
648 799 856 854 honore
920 803 1094 856 sancti
1158 804 1429 859 Vincentii
1488 806 1763 862 indivisus
1864 829 2079 881 ιοοαιίο

130 891 199 944 sit
237 901 295 945 et
336 891 574 949 indivisa
618 898 977 970 congregatio
1047 899 1156 953 Nec
1211 901 1469 972 cuiquam
1532 903 1758 960 licentia

128 979 462 1049 praebeatur.
526 991 586 1038 ut
662 985 944 1060 refugiens
1020 989 1263 1060 rigorem
1327 990 1592 1046 studiosae
1646 994 1755 1048 subi

128 1070 358 1143 regulae,
393 1073 498 1127 hoc
530 1072 770 1145 illucque
831 1085 1078 1150 vagetur,
1140 1080 1223 1133 vel
1257 1080 1381 1134 aliis
1412 1098 1469 1136 se
1501 1084 1753 1139 conferre

126 1165 367 1214 conetur
410 1163 802 1229 monasteriis;
863 1167 1012 1237 quod
1059 1184 1090 1221 a
1150 1168 1313 1223 nobis
1351 1179 1547 1226 contra
1588 1189 1754 1246 regu-

126 1247 232 1302 lam
259 1248 368 1303 sub
399 1252 770 1307 anathematis
806 1254 1028 1311 vinculo
1089 1258 1437 1327 prohibetur.
1502 1262 1755 1333 Quapro-

124 1342 249 1406 pter
310 1345 623 1394 statuentes
675 1348 841 1412 atque
913 1346 1326 1418 promulgantes
1399 1364 1584 1404 coram
1644 1352 1755 1406 Deo

126 1435 180 1483 et
208 1429 449 1484 terribili
506 1432 629 1501 ejus
678 1432 862 1489 futuro
936 1438 1212 1505 examine,
1282 1455 1383 1509 per
1434 1441 1598 1510 hujus
1652 1460 1754 1499 no-

126 1520 225 1575 stri
266 1521 547 1598 privilegii
594 1526 882 1594 apostolici
943 1537 1109 1599 atque
1171 1532 1453 1586 constituti
1495 1536 1750 1609 paginam

127 1613 433 1677 sancimus,
494 1625 549 1669 et
605 1615 752 1670 beati
836 1617 980 1673 Petri
1033 1622 1409 1701 apostolorum
1486 1626 1753 1698 principis

126 1706 458 1761 auctoritate
526 1708 900 1777 decernimus,
987 1720 1153 1784 atque
1234 1716 1574 1772 obtestamur
1641 1729 1750 1775 tam

1864 624 2058 682 Christi
2085 629 2191 682 970

2583 718 2765 773 XVIII.

2135 830 2479 884 Prmnestina:
2533 828 2774 881 civitatis
2829 829 2984 895 facta
3029 845 3063 881 α
3099 831 3304 883 Joanne
3358 832 3485 885 XIII

1932 898 2164 954 domina
2189 902 2498 969 Stephaniw
2543 901 2803 953 scnatrtci
2856 901 2955 953 sub
2991 916 3178 954 annua
3224 905 3480 969 pensione

1929 984 2104 1037 decem
2177 972 2473 1026 solidorum
2553 972 2680 1023 auri
2741 973 2995 1025 Romana:
3059 972 3310 1026 Ecclesia:
3384 976 3481 1039 fa-

1927 1048 2138 1109 cicada.

2498 1112 2677 1183 (Anno
2717 1111 2869 1181 970.)

2145 1228 2471 1301 [ΜυιιΑτοιιι,
2505 1226 2700 1294 Antiq.
2733 1224 2858 1278 Ital.
2895 1223 2987 1289 Ill,
3013 1222 3162 1295 235.]

1926 1365 2166 1420 Joaxuss
2194 1360 2511 1431 epiSCOpus,
2562 1372 2752 1411 servus
2782 1371 3065 1410 servorum
3093 1356 3209 1423 Dei,
3235 1356 3480 1413 dilectis-

1858 1457 2013 1511 simm
2072 1455 2127 1508 in
2171 1451 2402 1507 Domino
2435 1448 2561 1504 ﬁliae
2602 1448 2915 1503 Smrnauw
2944 1447 3263 1503 clarissimae
3313 1465 3483 1504 sena-

1858 1545 2006 1610 trici,
2039 1543 2257 1613 tuisque
2286 1538 2415 1594 ﬁliis
2436 1555 2499 1594 ac
2531 1536 2853 1609 nepotibus.

1927 1631 2265 1698 Quotiesilla
2294 1645 2325 1682 a
2353 1627 2515 1683 nobis
2545 1625 2713 1681 tribui
2751 1632 3046 1696 sperantur
3088 1641 3211 1698 qua:
3273 1626 3472 1683 rationi

1852 1726 2239 1781 incunctanter
2273 1719 2635 1786 conveniunt,
2683 1717 2870 1772 animo
2933 1733 3035 1772 nos
3079 1717 3240 1773 decet
3284 1718 3477 1775 libenti

127 1798 449 1868 apostolicae
500 1802 651 1855 sedis
703 1801 918 1859 futuros
963 1805 1252 1877 pontifices
1318 1826 1595 1883 quamque
1654 1814 1748 1883 qui
1776 1844 1824 1911 Β
1851 1816 2180 1879 concedere,
2223 1822 2278 1869 et
2322 1810 2634 1884 petentium
2692 1808 2986 1911 desideriis
3024 1811 3474 1911 congruum

127 1890 505 1961 episc0palem
564 1894 1419 1969 administraverintfactionem,
1463 1905 1548 1957 vel
1582 1904 1747 1959 etiam

126 1997 328 2054 magna
358 2000 643 2057 parvaque
673 2003 915 2057 persona
945 1998 1041 2044 aut
1064 1968 1335 2062 qhispiam
1366 1995 1749 2068 cujuscunque

126 2074 508 2150 sitdignitatis
546 2080 811 2150 praeditus
839 2090 1130 2153 potestate,
1156 2101 1220 2140 ea
1249 2103 1371 2158 quae
1405 2104 1436 2142 a
1486 2090 1749 2158 praedicto

125 2167 430 2224 Deoderico
457 2169 662 2226 dilecto
694 2171 806 2229 ﬁlio
823 2182 1010 2230 nostro
1043 2176 1132 2247 pie
1162 2179 1465 2233 venerabili
1496 2180 1618 2236 loco
1646 2189 1750 2237 tra-

124 2259 235 2314 dita
266 2268 440 2331 atque
464 2275 730 2318 concessa
784 2264 1006 2333 fuerint,
1049 2284 1274 2341 quoquo
1330 2272 1496 2326 modo
1551 2289 1580 2326 a
1608 2289 1749 2345 quo-

120 2364 281 2418 quam
307 2348 596 2404 licentiam
649 2351 906 2421 habeant,
941 2356 1145 2425 saepius
1193 2359 1534 2415 nominatum
1567 2360 1747 2417 locum

120 2437 305 2492 Sancti
336 2438 612 2494 Vincentii
645 2440 701 2494 in
720 2458 889 2497 unum
922 2444 1223 2501 adunatum
1247 2456 1413 2520 atque
1430 2450 1751 2521 spiritaliter

118 2529 440 2599 apostolicae
461 2532 797 2588 exarationis
817 2536 959 2605 stylo
986 2538 1280 2606 conjuncta
1311 2540 1634 2615 disjungere
1654 2543 1742 2597 vel

118 2620 330 2693 aliquid
351 2622 555 2677 exinde
582 2623 840 2681 alienare.
869 2626 931 2682 Et
962 2628 1098 2685 illud
1128 2632 1524 2687 monasterium
1558 2634 1742 2689 Sancti

118 2712 393 2767 Vincentii
420 2714 723 2785 respiciens
750 2716 821 2771 sit
851 2717 918 2771 ad
964 2719 1155 2773 sedem
1197 2721 1571 2792 episcOpalem
1613 2740 1745 2794 pro-

121 2802 439 2873 tomartyris
467 2802 667 2859 Christi
690 2805 955 2877 Stephani
980 2808 1265 2877 jubemus,
1299 2821 1465 2884 atque
1494 2814 1663 2869 abbas
1687 2816 1743 2870 in

120 2900 394 2963 potestate
427 2895 673 2966 episcopi
704 2898 877 2968 ipsius
905 2898 1010 2954 loci
1043 2900 1335 2973 eligendus
1375 2904 1462 2958 sit.
1516 2906 1569 2959 Si
1613 2923 1743 2963 vero

118 2981 420 3053 episcopus
459 2982 717 3052 defuerit,
777 2986 939 3041 liceat
987 2988 1173 3043 abbati
1207 2990 1264 3044 in
1308 2990 1519 3047 festivis
1548 2994 1746 3051 diebus

118 3071 185 3125 ad
212 3072 408 3127 sedem
440 3074 814 3145 episc0palcm
844 3079 1132 3143 accedere,
1164 3080 1352 3153 ibique
1383 3100 1507 3138 cum
1540 3085 1741 3141 dalma-

1852 1909 2041 1981 pertiri
2067 1906 2407 1980 suffragium.
2454 1904 2516 1958 At
2559 1903 2685 1957 ideo
2737 1901 2868 1973 quia
2896 1902 3215 1973 postulastis
3238 1918 3268 1956 a
3292 1902 3473 1969 nobis,

1851 2008 2124 2072 quatenus
2172 1998 2429 2052 daremus
2466 2001 2521 2049 et
2572 1993 3010 2049 concederemus
3040 2000 3206 2062 atque
3234 1992 3474 2047 tradere-

1851 2105 1974 2144 mus
2015 2088 2136 2151 tibi,
2193 2086 2415 2156 tuisque
2448 2082 2576 2137 ﬁliis
2614 2098 2677 2136 ac
2734 2079 3056 2150 nepotibus,
3092 2096 3191 2150 per
3229 2087 3471 2136 nostram

1849 2180 2207 2252 apostolicam
2250 2176 2654 2240 auctoritatem,
2722 2172 3003 2227 civitatem
3074 2170 3469 2228 Praenestinam

1849 2289 1973 2328 cum
1997 2271 2257 2328 omnibus
2310 2265 2684 2340 pertinentiis,
2717 2280 2839 2319 cum
2894 2263 3047 2318 omni
3107 2264 3328 2334 publica
3376 2265 3473 2319 da-

1850 2367 2000 2423 tione
2031 2370 2085 2419 et
2104 2361 2409 2422 functione,
2441 2374 2564 2430 que
2603 2357 2672 2411 ad
2721 2355 3150 2426 suprascriptam
3183 2356 3465 2412 civitatem

1853 2457 2110 2529 pertinet,
2132 2454 2275 2507 inter
2319 2449 2515 2506 afﬁnes
2566 2456 2620 2503 et
2675 2447 2941 2503 terminos
2992 2462 3166 2502 novos
3219 2455 3275 2502 et
3326 2448 3471 2504 anti—

1845 2564 2005 2622 quos,
2042 2546 2095 2601 id
2136 2551 2218 2600 est
2245 2544 2431 2607 Rivus,
2489 2540 2582 2613 qui
2605 2540 2918 2612 appellatur
2948 2541 3132 2608 Satus,
3160 2557 3191 2595 a
3224 2541 3471 2638 secundo

1847 2640 2132 2705 Lavisana,
2155 2645 2210 2694 et
2256 2652 2286 2689 a
2325 2635 2487 2691 tertio
2519 2634 2690 2689 latere
2739 2634 3084 2689 Monticellus
3133 2635 3202 2690 de.
3236 2634 3472 2689 Maximo

1847 2740 1904 2787 et
1960 2746 1993 2784 a
2045 2734 2242 2799 quarto
2300 2725 2471 2778 latere
2516 2722 2661 2777 Pons
2706 2720 2774 2774 de
2832 2719 3033 2785 Cicala,
3083 2727 3138 2775 et
3195 2736 3225 2774 a
3277 2721 3472 2792 quinto

1846 2825 2017 2879 latere
2047 2821 2200 2892 Aqua
2245 2819 2383 2883 Alta,
2427 2823 2485 2871 et
2541 2833 2572 2871 a
2603 2822 2756 2870 sexto
2792 2815 2960 2869 latere
3008 2814 3173 2869 Vallis
3205 2815 3273 2869 de
3300 2817 3475 2886 tlapo-

1847 2919 2009 2980 ratie,
2044 2923 2099 2968 et
2129 2928 2160 2967 a
2179 2910 2418 2981 septimo
2449 2908 2621 2963 latere
2649 2907 2804 2962 Mons
2832 2907 2925 2978 qui
2953 2907 3158 2961 dicitur
3203 2907 3271 2961 de
3297 2907 3474 2979 Capo-

1847 3007 2009 3073 ratie,
2030 3012 2085 3060 et
2123 3019 2154 3056 a
2204 3001 2444 3073 septimo
2498 3001 2669 3055 latere
2712 2999 2864 3054 Mons
2893 2998 2988 3071 qui
3030 2998 3234 3053 dicitur
3258 2998 3327 3053 de
3374 3000 3475 3054 Fo-

1848 3100 1996 3153 lianu
2051 3096 2207 3151 Unde
2226 3092 2609 3157 concedimus,
2643 3091 2929 3156 tradimus,
2976 3100 3031 3144 et
3058 3107 3089 3143 a
3111 3090 3367 3160 praesenti
3405 3091 3473 3144 14

124 3159 228 3215 “ea
272 3168 329 3216 ει
371 3162 659 3230 δδηάθιίίει
723 3168 967 3236 '1“aSilli
1017 3169 1303 3238 minimus»
1337 3173 1534 3229 missas
1591 3177 1744 3231 0810-
1772 3194 1819 3261 ι]
1849 3188 2153 3244 indictione
2199 3184 2626 3239 corroboramus
2670 3197 2769 3252 per
2811 3181 2953 3235 hanc
3011 3188 3211 3236 nostrae
3243 3187 3473 3250 aposto-

119 3251 298 3308 brare.
328 3253 386 3307 Si
416 3254 543 3325 quis
572 3255 966 3330 interea,quod
996 3276 1106 3317 non
1126 3263 1424 3332 credimus,
1450 3269 1739 3325 temerario

118 3356 253 3395 ausu
283 3348 480 3397 contra
506 3359 572 3398 ea
598 3361 721 3416 qua:
747 3346 817 3401 ab
849 3349 951 3403 hac
997 3358 1186 3405 nostra
1216 3355 1540 3411 auctoritate
1567 3358 1656 3428 pie
1685 3366 1740 3413 et

119 3430 352 3489 ﬁrmiter
392 3450 489 3505 per
505 3436 613 3491 hoc
640 3445 883 3493 nostrum
917 3440 1265 3517 privilegium
1298 3445 1568 3517 disposita
1587 3457 1735 3515 sunt,

119 3528 391 3583 contraire
415 3533 729 3600 tentaverit,
761 3535 846 3589 vel
875 3536 1014 3604 haec,
1055 3555 1179 3609 quze
1214 3556 1245 3593 a
1278 3543 1539 3611 pnedicto
1563 3545 1742 3600 Theo-

122 3619 306 3676 derico
336 3621 544 3678 dilecto
575 3622 689 3680 ﬁlio
749 3633 959 3695 nostro,
1003 3628 1329 3686 Metensium
1372 3637 1627 3705 praesule.
1672 3638 1740 3692 ad

122 3710 338 3768 laudem
367 3715 464 3770 Dei
497 3731 597 3786 pro
629 3716 929 3774 stabilitate
955 3721 1069 3789 jam
1125 3722 1257 3779 dicti
1301 3729 1620 3783 monasterii
1655 3730 1739 3784 vi-

121 3800 318 3857 delicet
344 3804 522 3859 sancti
572 3804 842 3861 Vincentii
899 3815 1098 3865 statuta
1148 3820 1277 3868 sunt
1318 3814 1614 3888 refragare,
1647 3835 1739 3873 au-

118 3891 258 3949 ferre
287 3896 373 3950 vel
400 3896 646 3952 alienare
675 3902 1106 3971 praesumpserit,
1133 3904 1270 3961 sciat
1315 3922 1376 3961 se
1416 3910 1738 3966 auctoritate

118 3981 258 4037 beati
293 3983 441 4039 Petri
481 3986 859 4055 apostolorum
918 3990 1186 4063 principis
1230 3997 1597 4053 anathematis
1621 4000 1741 4055 vin-

120 4073 241 4128 culo
271 4074 599 4132 innodatum
630 4087 794 4151 atque
854 4096 980 4136 cum
1021 4083 1182 4151 Iuda,
1218 4087 1483 4144 traditore
1525 4091 1740 4146 Domini

122 4163 290 4217 nostri
313 4164 444 4219 Jesu
489 4165 708 4233 Christi,
759 4169 947 4223 aeterni
1009 4172 1251 4228 incendii
1300 4177 1574 4248 supplicio
1603 4196 1738 4235 con-

122 4255 499 4310 cremandum.
536 4256 628 4312 Sic
671 4258 988 4330 deputatus,
1038 4279 1140 4319 nec
1189 4282 1487 4338 unquama
1525 4272 1739 4341 praefati

122 4343 487 4399 anathematis
517 4346 753 4401 nexibus
783 4348 854 4403 sit
905 4349 1209 4407 absolutus.
1246 4354 1310 4407 At
1336 4372 1467 4411 vero
1520 4358 1612 4429 qui
1649 4359 1739 4430 pio

122 4431 320 4490 intuitu
349 4437 676 4493 observator
696 4438 749 4492 in
782 4442 1046 4496 omnibus
1069 4445 1365 4513 exstiterit,
1387 4448 1618 4521 gratiam
1647 4450 1738 4505 be-

1841 3282 1963 3339 licze
2020 3274 2366 3332 auctoritatis
2410 3272 2794 3343 scriptioncm,
2839 3271 3086 3325 omnium
3148 3279 3461 3325 nostrorum

1840 3380 2223 3425 successorum
2295 3360 2643 3434 pontiﬁcum,
2726 3359 3091 3430 omniumque
3178 3359 3468 3415 hominum

1841 3457 2279 3517 contradictione
2333 3463 2561 3515 remota,
2593 3457 2652 3505 ut
2708 3450 2984 3523 persolvat
3041 3451 3366 3521 pensionem
3410 3452 3467 3508 in

1843 3562 2031 3610 nostro
2061 3549 2259 3623 palatio
2312 3564 2412 3619 per
2438 3546 2688 3618 singulos
2746 3560 2924 3599 annos
2972 3544 3165 3600 decem
3192 3546 3307 3600 auri
3339 3547 3474 3602 soli-

1842 3647 1965 3713 dos,
1998 3642 2323 3698 difﬁcultate
2346 3638 3064 3711 postposita;omnemque,
3106 3654 3214 3709 qua
3235 3638 3468 3713 indiget,

1842 3722 2304 3795 meliorationem,
2359 3747 2457 3786 seu
2506 3729 2913 3794 defensionem,
2950 3727 3336 3785 indifferenter
3364 3747 3462 3787 vos

1843 3829 1965 3883 sine
1981 3825 2148 3881 dubie
2170 3828 2532 3895 procurantes
2568 3818 2824 3875 efﬁciatis
2852 3836 2867 3885 ;
2897 3820 3162 3891 nullaque
3195 3829 3462 3890 praeterea

1840 3920 1909 3974 ad
1926 3918 2166 3974 dandam
2198 3930 2383 3970 annuo
2429 3912 2755 3985 pensionem
2793 3927 2822 3966 a
2867 3911 3027 3966 vobis
3059 3927 3211 3967 mora
3256 3927 3464 3983 prove-

1842 4011 1977 4078 niat,
2000 4010 2098 4065 sed
2143 4008 2290 4064 ultro
2336 4005 2656 4062 actionariis
2684 4014 2888 4060 sanctae
2943 4010 3145 4060 nostra:
3203 4005 3460 4061 Ecclesiae

1841 4115 1971 4178 apto
2028 4111 2276 4174 tempore
2335 4100 2735 4173 persolvuntur.
2800 4099 2931 4154 Nam
2994 4098 3041 4153 si
3108 4098 3286 4165 aliter,
3321 4099 3468 4172 quod

1841 4198 2008 4262 absit,
2063 4214 2094 4251 a
2139 4195 2296 4251 vobis
2366 4209 2521 4248 mora
2599 4193 2919 4264 provenerit
2972 4193 3041 4248 de
3094 4192 3470 4264 suprascripta

1842 4284 2225 4340 melioratione
2255 4299 2354 4337 seu
2377 4281 2726 4346 defensione,
2750 4295 2866 4335 nec
2884 4294 2996 4335 non
3014 4285 3068 4334 et
3105 4278 3470 4349 persolvenda

1842 4392 2025 4431 annue
2069 4374 2361 4446 pensione,
2411 4371 2705 4428 statuimus
2790 4371 2908 4427 fore
2974 4370 3273 4425 invalidam
3324 4371 3468 4425 hanc

1840 4471 2081 4520 nostram
2116 4463 2567 4535 praeceptionem.
2626 4462 2754 4517 Post
2809 4476 2939 4516 vero
2979 4458 3192 4515 obitum
3216 4467 3458 4514 vestrum

124 4523 459 4580 nedictionis
483 4541 515 4579 a
543 4526 1061 4586 misericordissimo
1090 4532 1321 4588 Domino
1376 4535 1488 4591 Deo
1549 4547 1736 4593 nostro
1766 4565 1820 4630 Ι)
1846 4523 2151 4612 memorat},
2180 4523 2374 4610 οίνίίεε
2414 4570 2537 4609 cum
2584 4552 2848 4609 omnibus
2898 4552 3016 4607 suis
3064 4551 3469 4606 meliorationi-

121 4613 502 4686 multipliciter
520 4627 913 4689 consequatur,
964 4630 1019 4675 et
1052 4622 1179 4677 vitae
1217 4632 1440 4680 aeternae
1465 4627 1743 4698 particeps

120 4703 410 4775 efﬁciatur,
462 4716 517 4764 et
566 4709 683 4766 haec
713 4719 906 4766 catena
952 4712 1099 4767 beati
1146 4715 1289 4770 Petri
1334 4718 1550 4788 aperiat
1576 4719 1627 4773 ei
1659 4720 1747 4788 ja-

122 4811 280 4851 nuam
298 4797 563 4867 paradisi.
588 4799 644 4852 Si
665 4815 795 4854 vero
825 4801 1026 4873 aliquis
1059 4802 1357 4876 episcopus
1388 4806 1745 4879 indealiquid

122 4889 373 4946 minuere
403 4892 660 4960 voluerit,
694 4895 837 4962 haec,
868 4904 929 4952 ut
971 4897 1231 4963 diximus,
1284 4909 1478 4957 catena
1521 4903 1739 4959 claudat

121 4979 169 5033 ei
200 4982 455 5046 polorum
483 5000 654 5059 regna
723 4986 998 5056 Scriptum
1070 5006 1167 5059 per
1207 5008 1427 5047 manum
1470 4994 1736 5065 Stephani

125 5074 314 5128 notarii
362 5080 419 5130 et
464 5076 760 5143 regionarii
814 5087 1021 5135 sanctae
1065 5081 1325 5139 Romana:
1371 5085 1625 5140 Ecclesiae
1681 5086 1738 5141 in

125 5177 308 5218 mense
345 5164 684 5236 Septembri,
715 5167 836 5222 etin
859 5168 1103 5225 dictione
1133 5173 1576 5243 quartadecima.
1601 5176 1747 5232 Bene

126 5258 297 5314 valete
310 5302 322 5313 .

187 5348 316 5404 Data
346 5366 407 5404 ιιι
440 5349 531 5405 die
559 5351 788 5407 Kalend.
826 5353 1096 5423 Octobris,
1150 5373 1250 5427 per
1278 5374 1501 5413 manum
1551 5359 1745 5416 Wido-

120 5439 199 5494 nis
236 5442 485 5513 episcopi
507 5449 562 5498 et
602 5434 1009 5501 Bibliothecarii
1058 5456 1262 5504 sanctae
1295 5451 1444 5505 sedis
1476 5452 1744 5523 apostoli-

120 5538 214 5590 cae,
245 5544 393 5585 anno
421 5530 777 5600 pontiﬁcatus
806 5534 995 5589 domni
1053 5535 1281 5592 Joannis
1309 5540 1509 5593 summi
1557 5541 1743 5612 ponti-

122 5610 234 5668 ﬁcis
262 5624 318 5672 et
348 5618 681 5674 universalis
731 5622 880 5677 tertii
912 5622 1136 5688 decimi,
1195 5627 1542 5695 praesidentis
1560 5610 1627 5683 vin
1656 5626 1744 5685 sa-

121 5704 418 5762 cratissima
452 5708 588 5764 sede
619 5710 765 5766 beati
795 5710 940 5767 Petri
992 5714 1249 5783 apostoli,
1279 5715 1496 5786 quinto,
1528 5716 1744 5790 imperii

127 5792 308 5852 domui
376 5797 592 5855 Ottonis
632 5799 854 5869 Majoris
899 5815 1068 5868 nouo,
1127 5801 1352 5859 Minoris
1392 5820 1521 5862 vero
1561 5807 1743 5873 tertio,

1849 4648 1954 4701 bus
1976 4646 2046 4701 ad
2070 4646 2163 4713 jus
2216 4652 2424 4699 sanctae
2455 4648 2655 4697 nostra:
2694 4634 2955 4697 Ecclesiae
3006 4640 3187 4696 modis
3206 4639 3470 4727 om’nibus

1850 4744 2175 4792 revertatur.

1922 4830 2069 4884 Bene
2098 4827 2300 4884 valete.
2374 4856 2383 4861 -

1920 4918 2134 4988 Scripta
2166 4933 2265 4988 per
2319 4931 2541 4971 manum
2594 4915 2863 4987 Stephani
2932 4913 3197 4970 scriniarii
3256 4919 3463 4967 sanctae

1843 5010 2104 5064 Romanae
2160 5008 2439 5076 Ecclesiae,
2497 5007 2553 5062 in
2648 5022 2840 5062 mense
2922 5004 3238 5071 Novembri,
3312 5002 3466 5057 indi-

1849 5099 2232 5244 CUBZteuin‘avr
2285 5183 2558 5242 Kalendas
2598 5183 2842 5251 Januarii
2892 5199 2992 5254 per
3019 5198 3243 5237 manum
3278 5181 3467 5236 Wido-

1850 5281 1934 5335 nis
1961 5278 2210 5351 episcOpi
2263 5284 2318 5332 et
2364 5273 2777 5331 bibliothecarii
2833 5281 3038 5329 sancta
3065 5272 3215 5328 sedis
3248 5280 3475 5344 aposto-

1845 5371 1988 5435 licae,
2011 5383 2156 5423 anno
2201 5364 2553 5439 pontiﬁcatus
2589 5363 2801 5419 domini
2849 5364 3023 5420 nostri
3063 5363 3292 5419 Joannis
3337 5379 3469 5417 san-

1845 5462 2072 5516 ctissimi
2117 5460 2408 5530 Xlllpapa:
2450 5458 2505 5523 6,
2554 5455 2775 5527 imperii
2824 5472 2955 5512 vero
2994 5455 3344 5511 dominorum
3376 5455 3475 5510 im-

1846 5557 2160 5622 peratorum
2208 5555 2521 5602 nostrorum
2593 5544 2806 5599 Ottonis
2863 5543 3084 5612 Majoris
3138 5544 3369 5616 Augusti
3411 5545 3467 5601 9.

1847 5640 2072 5697 Minoris
2098 5654 2226 5695 vero
2258 5637 2355 5693 ﬁlii
2394 5637 2513 5707 ejus
2559 5637 2593 5691 3
2635 5635 2944 5692 indictione
2978 5635 3349 5707 suprascripta
3379 5636 3466 5692 u.
