3924 6396
369 333 475 390 983

1118 455 1250 508 ΧΙΧ.

438 558 661 598 JOANNIS
702 559 793 597 XIII
842 560 1094 600 EPISTOLA
1141 563 1211 600 AD
1260 562 1555 602 GALLIARUM
1606 563 1909 604 EPISCOPOS.

366 655 662 710 Ecclesium
719 655 1082 708 Ausonensem
1136 658 1194 709 in
1241 658 1751 727 archiepiscopum);
1803 663 1984 729 erigit.

438 763 675 817 Joannes
711 761 1028 832 episc0pus,
1074 779 1265 818 servus
1306 781 1588 821 servorum
1640 769 1755 834 Dei,
1806 772 1988 827 omni-

367 856 472 911 bus
493 856 549 909 in
595 854 807 909 Christo
848 854 1227 911 dilectissimis
1280 858 1648 915 confratribus
1687 864 1891 919 nostris
1931 864 1984 921 in

368 943 662 999 Galliarum
750 943 998 1012 partibus
1055 946 1558 1009 commanentibus,
1618 951 1983 1021 charissimis,

368 1036 848 1092 reverendissimis
876 1037 1311 1111 archiepiscopis
1336 1050 1502 1112 atque
1542 1043 1821 1117 episcopis
1854 1064 1983 1119 apo-

367 1130 619 1184 stolicam
667 1127 1139 1196 benedictionem,
1197 1136 1251 1185 et
1300 1140 1621 1204 perpetuam
1677 1137 1730 1190 in
1773 1136 1983 1197 Christo

366 1216 623 1270 salutem.

435 1307 797 1363 Dilectionem
857 1314 912 1363 et
975 1308 1372 1365 fraternitatem
1414 1320 1648 1369 vestram
1705 1317 1847 1374 scire
1889 1336 1985 1375 vo-

282 1420 289 1425 -
366 1398 550 1450 lumus
581 1394 820 1467 qualiter
870 1397 1143 1465 Borellus,
1199 1399 1544 1456 honorabilis
1576 1410 1630 1458 et
1694 1407 1989 1465 laudabilis

365 1499 572 1550 comes,
614 1483 882 1539 orationis
916 1494 971 1539 et
1025 1485 1424 1559 redemptionis
1489 1507 1600 1546 suae
1666 1510 1829 1549 causa
1859 1499 1987 1568 apo)

364 1573 627 1629 stolorum
657 1572 797 1627 Petri
839 1581 894 1628 et
939 1573 1091 1629 Pauli
1159 1576 1351 1632 limina
1383 1580 1635 1650 veniens,
1681 1594 1989 1652 prostratus

365 1664 602 1736 pedibus
629 1666 854 1731 nostris,
907 1665 1337 1737 lacrymabiliter
1404 1682 1638 1743 questus
1679 1683 1759 1731 est
1791 1695 1989 1748 quem-

365 1754 662 1809 admodum
726 1755 1196 1811 'I‘arraconensem
1259 1759 1820 1834 archiepiscopatum,
1890 1770 1983 1839 qui

365 1843 497 1898 olim
525 1849 690 1915 caput
723 1843 779 1897 in
837 1844 947 1899 illis
1005 1846 1253 1916 partibus
1304 1847 1500 1918 fuerat,
1534 1852 1840 1911 Ausonensi
1885 1859 1984 1915 Ec-

366 1935 548 1990 clesia:
580 1935 970 2003 subderemus,
1007 1954 1073 1992 eo
1133 1938 1303 2010 quod,
1338 1944 1581 2011 peccatis
1623 1950 2000 2007 merentibus:

368 2029 487 2099 ipsa
510 2028 622 2097 jam
676 2030 826 2084 dicta
882 2030 1079 2085 civitas
1145 2031 1578 2092 Tarraconensis
1636 2055 1666 2092 a
1700 2041 1996 2102 Saracenis

368 2127 529 2190 capta
558 2129 613 2174 et
645 2128 862 2190 pastore
905 2121 1190 2191 destituta,
1247 2125 1461 2181 nullum
1500 2136 1867 2203 recuperandi
1900 2137 1991 2194 lo-

367 2226 493 2265 cum
515 2216 608 2265 aut
638 2211 986 2267 inhabitandi
1028 2230 1205 2286 usque
1234 2217 1501 2273 hactenus
1519 2224 1769 2291 reperire
1797 2229 1997 2286 valeat-

366 2302 601 2372 PrOpter
625 2319 788 2373 quam
817 2319 1036 2358 causam
1092 2307 1565 2377 praedecessorum
1620 2331 1870 2373 meorum
1912 2338 2007 2385 se_

366 2400 524 2447 cutus
562 2393 968 2463 auctoritatem,
1003 2398 1202 2453 amodo
1261 2408 1316 2454 et
1379 2419 1556 2475 usque
1586 2405 1641 2461 in
1673 2419 2000 2482 perpetuum

364 2484 644 2551 volumus,
687 2494 853 2557 atque
891 2492 1199 2544 statuentes
1253 2492 1582 2551 roboramus
1615 2507 1669 2554 et
1703 2502 2008 2561 confirma-

367 2592 514 2643 mus,
550 2583 610 2631 ut
641 2579 980 2633 Ausonensis
1034 2580 1279 2637 Ecclesia
1336 2593 1669 2656 potestatem
1700 2599 1753 2646 et
1787 2596 1927 2665 prim
1944 2615 2006 2653 a-

386 2670 501 2718 tum
532 2672 717 2719 teneat
795 2666 1220 2725 Tarraconensis
1271 2671 1597 2731 Ecclesize...
1633 2719 1672 2735 ..
1735 2681 1805 2736 ad
1826 2684 2006 2741 Auso-

381 2772 612 2829 nepsem
669 2756 969 2813 Ecclesiam
1027 2761 1368 2837 confugiant,
1423 2774 1478 2821 et
1535 2773 1758 2840 quando
1800 2775 2002 2849 aliquis

376 2863 441 2901 ex
483 2846 594 2901 illis
623 2848 691 2901 ab
720 2849 823 2904 hac
862 2849 985 2905 luce
1022 2853 1364 2928 migraverit,
1409 2874 1700 2918 successor
1746 2846 1908 2923 illius
1927 2871 1997 2925 ab

369 2939 683 2993 Ausonensi
740 2941 1186 3015 archiepiscOpo,
1225 2946 1320 3018 qui
1366 2966 1398 3003 a
1458 2960 1644 3008 nostra
1691 2959 1993 3027 apostolica

368 3030 502 3084 sede
536 3030 897 3088 confirmatus
923 3042 1027 3102 est,
1058 3039 1322 3095 succedat
1350 3048 1404 3095 et
1426 3056 1796 3104 consecretur.
1835 3051 1989 3109 Unde

368 3118 498 3189 quia
526 3119 648 3175 sine
700 3128 1014 3178 sanctorum
1062 3125 1280 3182 Patrum
1339 3133 1664 3191 auctoritate
1724 3138 1829 3194 hoc
1887 3158 1991 3198 no-

365 3215 540 3262 strum
574 3209 924 3283 privilegium
957 3213 1286 3271 confirmare
1331 3220 1609 3290 nolumus,
1643 3233 1769 3281 ante
1802 3232 1989 3287 omnia

365 3307 420 3352 et
450 3315 619 3369 super
649 3302 836 3355 omnia
868 3302 1178 3361 beatissimi
1214 3317 1269 3362 et
1294 3312 1500 3385 egregii
1553 3331 1707 3385 papae
1740 3318 1985 3393 Gregorii

367 3389 734 3446 instrumenta
782 3400 836 3447 et
891 3394 1224 3454 documenta
1257 3400 1538 3459 declarare
1580 3389 1981 3483 depromimus,

366 3479 458 3533 ubi
478 3480 554 3535 ait
582 3481 649 3535 ad
682 3481 1023 3566 Benenatum
1053 3488 1375 3562 episcOpum
1395 3494 1678 3554 Musitanae
1702 3479 1980 3561 Ecclesiaei

367 3596 392 3619 ‹‹
427 3572 486 3626 Et
529 3576 791 3645 temporis
821 3578 1060 3648 qualitas
1109 3588 1163 3636 et
1193 3584 1444 3643 vicinitas
1483 3606 1585 3646 nos
1615 3592 1862 3651 locorum
1894 3598 1983 3651 in-

364 3666 501 3721 vitat
531 3673 590 3722 ut
647 3668 941 3726 Cumanam
994 3681 1156 3746 atque
1210 3678 1538 3738 Musitanam
1596 3686 1753 3743 unire
1784 3690 1986 3747 debea-

367 3777 489 3816 mus
520 3763 826 3833 Ecclesias;
860 3769 1120 3838 quoniam
1148 3772 1235 3827 hie
1268 3790 1377 3831 non
1409 3776 1575 3852 longo
1615 3796 1646 3835 a
1676 3798 1736 3836 se
1768 3783 1984 3840 itineris

364 3851 545 3921 spatio
594 3853 860 3921 sejunctas
911 3864 1061 3923 sunt,
1113 3875 1238 3926 nec,
1302 3851 1544 3934 peccatis
1628 3868 1985 3939 facientibus,

364 3948 513 3995 tanta
537 3942 726 4012 populi
767 3945 1059 4003 multitudo
1119 3957 1222 4015 est,
1282 3957 1342 4006 ut
1370 3952 1643 4029 singulos,
1685 3958 1828 4015 sicut
1855 3962 1985 4017 olim

364 4031 713 4095 fuit,habere
765 4035 1006 4092 debeant
1065 4041 1401 4099 sacerdotes.
1472 4046 1608 4111 Quia
1663 4050 1831 4123 igitur
1886 4054 1989 4109 Cu-

363 4124 509 4178 mani
538 4126 699 4181 castri
733 4129 993 4185 sacerdos
1025 4146 1242 4187 cursum
1289 4135 1456 4204 hujus
1486 4140 1748 4210 explevit,
1779 4150 1989 4200 utram-

361 4231 471 4286 que
516 4232 616 4270 nos
667 4218 961 4275 ecclesiam
1010 4226 1301 4293 praesentis
1384 4231 1727 4288 auctoritatis
1786 4236 1988 4309 pagina

362 4302 546 4359 inesse
577 4305 791 4377 tibique
844 4310 1187 4367 commisisse
1249 4330 1551 4388 cognosce,
1588 4302 1987 4398 propriumque

361 4401 722 4469 utrarumque
791 4400 1151 4458 ecclesiarum
1210 4406 1350 4463 scito
1380 4415 1432 4463 te
1458 4427 1583 4466 esse
1642 4416 1980 4484 pontificem.

1698 331 1968 389 JOANNIS
2009 333 2124 388 XIII
2164 334 2376 394 ΡΑΡΑΞ.

2013 455 2190 525 Actis
2242 457 2575 513 doctoribus
2626 459 2827 514 exinde
2876 461 3023 517 dicta
3095 473 3246 531 sunt,
3301 479 3466 540 prout
3515 471 3732 545 melius

3620 351 3730 407 984

2089 544 2296 600 scimus
2342 555 2397 603 et
2455 563 2770 618 possumus,
2828 557 3079 606 nostrum
3141 554 3493 628 privilegium
3528 544 3729 615 abbre¥

2092 631 2241 686 viare
2277 635 2609 700 curavimus,
2681 643 2735 690 et
2789 637 3058 693 Othonem
3120 658 3296 697 virum
3338 647 3722 703 venerabilem

2090 738 2270 794 nuper
2305 725 2631 797 episcOpum
2665 742 2729 781 ex
2774 729 2938 785 modo
2974 739 3029 784 et
3055 731 3110 785 in
3125 742 3309 798 antea,
3334 735 3445 791 Deo
3476 737 3728 806 favente,

2089 812 2540 883 archipraesulem
2594 817 2845 883 ejusdem
2896 818 3239 876 Ausonensis
3271 822 3532 880 Ecclesiae
3566 844 3731 898 prae-

2090 915 2212 954 esse
2246 900 2352 971 th)
2384 902 2730 959 decrevimus
2759 922 2774 970 ;
2805 905 2878 959 ita
2906 923 3040 962 sane
3066 916 3127 964 ut
3168 910 3368 966 nullus
3399 921 3729 970 nostrorum

2086 1007 2469 1048 successorum
2505 994 2834 1065 pontificum
2865 996 3071 1054 dictum
3108 1000 3383 1058 Othonem
3422 1006 3735 1078 archipre-

2087 1083 2265 1138 sulem
2296 1085 2629 1141 confratrem
2662 1097 2930 1157 nostrum,
2963 1091 3019 1145 in
3051 1092 3318 1149 omnibus
3375 1112 3498 1168 quae
3554 1115 3732 1170 supe-

2087 1176 2199 1230 rius
2256 1184 2479 1232 exarata
2536 1186 2666 1235 sunt
2715 1181 2799 1235 vel
2858 1182 3061 1253 scripta
3118 1186 3320 1241 audeat
3386 1188 3728 1260 inquietare,

2086 1265 2171 1319 vel
2202 1265 2257 1318 in
2289 1266 2475 1337 aliquo
2508 1267 2842 1333 diminuere,
2872 1271 2971 1325 sed
3012 1273 3189 1347 magis
3219 1275 3406 1345 quiete
3439 1288 3493 1332 et
3525 1294 3728 1335 secure

2089 1363 2381 1408 conservet
2411 1355 2590 1425 ipsum
2639 1372 3097 1431 successoresque
3128 1377 3278 1417 suos.
3312 1362 3445 1417 Nam
3476 1364 3522 1418 si
3554 1366 3724 1421 aliter

2093 1445 2258 1516 (quod
2290 1445 2451 1517 absit)
2504 1448 2906 1521 qualiscunque
2960 1452 3128 1507 homo
3163 1454 3234 1508 sit
3284 1454 3593 1529 dignitatis,
3628 1458 3729 1529 qui

2092 1537 2197 1591 hoc
2237 1546 2488 1592 nostrum
2515 1539 2865 1613 privilegium
2912 1542 3162 1613 qualibet
3199 1561 3387 1606 causa,
3420 1547 3490 1602 de
3523 1549 3722 1603 omni-

2090 1623 2195 1678 bus
2225 1641 2348 1696 quaa
2375 1627 2631 1696 superius
2648 1630 2854 1700 scripta
2878 1638 3027 1687 sunt.
3083 1631 3384 1708 infringere
3413 1643 3507 1690 aut
3542 1636 3722 1692 dimi-

2091 1728 2264 1767 nuere
2313 1713 2567 1782 voluerit,
2617 1716 2755 1770 sciat
2799 1733 2857 1771 se
2886 1719 3214 1775 auctoritate
3254 1722 3373 1788 Dei,
3424 1726 3729 1795 apostolo-

2014 1803 2064 1870 Β
2094 1820 2327 1876 rumque
2351 1805 2494 1860 Petri
2538 1814 2593 1862 et
2640 1809 2790 1863 Pauli
2826 1810 3160 1883 principum,
3212 1816 3465 1885 quamvis
3498 1833 3604 1872 nos
3640 1820 3730 1873 in-

2107 1892 2261 1966 digni
2293 1909 2482 1948 eorum
2513 1895 2875 1978 vicariatione
2932 1899 3246 1973 fungamur,
3314 1919 3345 1957 a
3404 1920 3643 1974 corpore
3670 1914 3733 1961 et

2102 1986 2371 2058 sanguine
2403 1987 2619 2042 Domini
2658 1990 2833 2044 nostri
2888 1991 3020 2046 Jesu
3076 1992 3276 2049 Christi
3305 2011 3427 2051 esse
3458 1998 3732 2067 alienum,

2099 2081 2298 2128 etcum
2330 2074 2540 2145 iniquis
2568 2083 2623 2130 et
2678 2080 3180 2151 transgressoribus
3223 2099 3253 2136 a
3278 2085 3493 2158 gremio
3525 2096 3735 2143 sanctae

2104 2163 2360 2221 Ecclesiae
2389 2176 2739 2241 segregatum
2794 2172 2858 2225 At
2883 2186 3013 2226 vero
3044 2172 3136 2244 qui
3168 2190 3266 2244 pro
3301 2175 3505 2231 intuitu
3537 2186 3734 2234 custos

2106 2262 2163 2309 et
2189 2254 2511 2312 observator
2538 2257 2593 2311 in
2649 2259 2909 2314 omnibus
2971 2262 3259 2326 exstiterit,
3311 2265 3736 2323 benedictionis

2110 2347 2341 2419 gratiam
2385 2356 2440 2402 et
2486 2349 2923 2407 misericordiam
2970 2369 3001 2407 a
3055 2355 3582 2414 misericordissima
3616 2360 3731 2415 Do—

2113 2439 2263 2493 mino
2278 2439 2389 2495 Deo
2421 2448 2606 2497 nostro
2627 2443 2895 2514 consequi
2922 2452 3216 2501 mereatur.

2180 2530 2453 2601 Scriptum
2487 2548 2584 2601 per
2624 2550 2847 2588 manum
2893 2535 3142 2608 Gregorii
3193 2538 3417 2604 notarii,
3451 2547 3507 2594 et
3541 2557 3736 2597 secre-

2113 2621 2236 2677 tarii
2259 2631 2313 2677 et
2342 2622 2612 2678 scriniarii
2652 2623 2707 2679 S.
2758 2624 2822 2682 Β.
2880 2626 2939 2680 Ε.
2982 2627 3038 2680 in
3078 2643 3269 2683 mense
3314 2629 3603 2707 Januario,
3646 2631 3738 2686 in-

2112 2713 2355 2770 dictione
2384 2731 2491 2769 x1v.
2525 2716 2674 2771 Bene
2704 2716 2902 2772 valete.

2851 2847 2972 2901 XX.

2092 2949 2310 2988 JOANNIS
2357 2950 2505 2989 pars:
2560 2950 2654 2988 xm
2708 2951 2963 2991 EPISTOLA
3016 2954 3087 2990 an
3116 2933 3387 2993 censimum
3420 2955 3731 2997 usususu-

2414 3021 2539 3071 sau,
2573 3021 2789 3060 paruum
2824 3017 3404 3077 asacmossxseuﬁtc.

2747 3096 2927 3165 (Anno
2965 3098 3117 3169 971.)

2018 3167 2373 3276 CSigniﬁcat
2432 3224 2484 3262 se
2549 3211 2827 3264 ecclesiam
2884 3210 3346 3262 Tarraconensem
3378 3209 3546 3264 Audo
3560 3214 3736 3266 nensi

2159 3280 2508 3347 subjunmisse
2585 3282 2945 3348 Attonemque
3019 3280 3482 3350 archiepiscopum
3532 3297 3734 3335 conse-

2158 3365 2339 3405 crasse
2359 3367 2422 3405 ac
2447 3352 2620 3421 pallio
2650 3352 2899 3406 donasse.
2935 3351 3035 3407 Cui
3065 3354 3127 3404 ut
3173 3351 3433 3406 obcdiant
3461 3352 3728 3407 hortatur

2162 3466 2335 3538 [Apud
2364 3468 2550 3523 Florez
2579 3467 2632 3524 3.
2687 3471 2911 3539 Espana
2942 3467 3213 3536 Sagrada,
3257 3468 3487 3538 XXVIII,
3519 3470 3633 3543 96.]

2155 3575 2390 3631 Joasuas
2418 3575 2739 3647 eqisc0pus,
2771 3591 2962 3632 servus
2990 3592 3275 3632 servorum
3314 3577 3435 3647 Dei,
3465 3596 3702 3636 venera-

2088 3666 2292 3721 bilibus
2316 3666 2599 3738 episcopis
2628 3667 2871 3723 Gmssno
2929 3666 3255 3741 Urgellensi,
3282 3674 3338 3722 et
3366 3667 3543 3725 Pereo
3575 3671 3717 3725 Bar-

2086 3756 2437 3821 chinonensi,
2479 3764 2535 3811 et
2572 3757 2837 3813 SONIARIO
2874 3757 3188 3826 Helenensi,
3245 3756 3303 3811 in
3355 3759 3591 3816 Domino
3621 3777 3715 3817 sa-

2091 3848 2475 3990 lllt((‘itlinrnperiat
2522 3918 2836 3975 fraternitas
2888 3930 3068 3975 vestra
3125 3922 3276 3994 quod
3333 3923 3718 3978 Tarraconen-

2090 4024 2205 4063 sem
2239 4009 2558 4076 Ecclesiam,
2609 4025 2733 4081 quae
2792 4019 3064 4080 perpetuo
3110 4011 3182 4066 ob
3234 4027 3579 4086 paganorum
3633 4012 3725 4068 iu-

2089 4117 2311 4157 cursum
2361 4101 2656 4157 deﬁciente
2715 4103 2783 4157 ad
2829 4102 2969 4158 nihil
3002 4104 3224 4159 redacta
3262 4113 3364 4169 est,
3403 4105 3714 4161 Ausonensi

2090 4196 2450 4265 injunximus,
2506 4206 2562 4251 et
2612 4213 2679 4250 ex
2726 4196 2941 4252 duabus
2993 4213 3158 4252 unam
3211 4199 3466 4265 fecimus,
3517 4200 3572 4254 in
3607 4216 3723 4272 qua

2089 4290 2422 4347 confratrem
2456 4298 2705 4347 nostrum
2733 4292 2993 4347 Attonem
3049 4292 3558 4365 archiepiscOpum,
3586 4293 3717 4350 dato

2094 4386 2286 4458 pallio,
2320 4387 2462 4441 sicut
2514 4386 2644 4442 olim
2702 4386 3020 4441 Tarraconae
3075 4385 3197 4454 fuit,
3259 4387 3647 4443 ordinavimus
3700 4407 3714 4444 :

363 4483 425 4538 Et
476 4485 602 4540 ideo
633 4462 686 4541 ie
742 4503 1090 4561 quacunque
1156 4492 1254 4547 tibi
1286 4462 1355 4549 de
1384 4462 1578 4552 65,36;
2018 4462 2073 4530 D
2101 4477 2484 4548 praecipientes
2508 4477 2828 4548 apostolicae
2867 4477 3019 4570 sedis
3055 4478 3405 4570 auctoritate,
3436 4488 3491 4533 et
3513 4480 3716 4570 admo-

358 4565 445 4619 vel
473 4568 606 4624 cleri
645 4573 1016 4645 ordinatione,
1066 4580 1182 4636 sive
1240 4586 1592 4653 promotione
1625 4565 1795 4661 juxta
1818 4609 1979 4651 cano-

359 4674 486 4713 num
518 4668 720 4719 statuta
758 4667 874 4723 visa
895 4668 1101 4726 fuerint
1133 4675 1410 4743 ordinare,
1467 4687 1634 4752 atque
1676 4684 1975 4755 disponere

357 4749 611 4820 habebis,
658 4761 715 4809 ut
766 4760 1021 4829 pr0prins
1095 4780 1285 4820 revera
1336 4749 1597 4826 sacerdos
1640 4749 1865 4829 liberam
1920 4784 1974 4832 et

358 4850 555 4895 nostrae
578 4846 919 4903 auctoritatis
964 4866 1242 4908 consensu
1300 4863 1464 4927 atque
1510 4861 1875 4929 permissione
1908 4866 1974 4919 li-

355 4930 615 4986 centiam.
650 4954 674 4983 »
714 4935 981 4994 Similiter
1022 4942 1287 5015 episcOpo
1309 4946 1827 5024 Willitrano,atque
1856 4955 1970 5010 Fun

356 5019 522 5086 dano,
590 5031 644 5079 et
691 5026 1014 5099 Squalitano
1074 5034 1146 5088 ita
1204 5035 1259 5089 in
1314 5039 1572 5094 cunctis:
1624 5065 1650 5089 «
1684 5019 1972 5116 Temporis

356 5113 592 5182 qualitas
612 5118 876 5177 admonet
908 5124 1296 5197 episcoporum
1331 5131 1495 5185 sedes
1516 5113 1834 5205 antiquitus
1855 5154 1976 5193 cer-

355 5204 426 5259 tis
455 5207 768 5268 civitatibus
820 5219 1166 5287 constitutas,
1223 5223 1292 5276 ad
1342 5224 1450 5279 alia
1512 5243 1636 5297 quae
1690 5232 1974 5288 securiore

356 5305 631 5366 putamus,
662 5304 784 5372 ejus
833 5306 1142 5367 dimceseos
1196 5313 1315 5369 loca
1362 5323 1745 5388 tranSponere,
1777 5338 1887 5393 quo
1919 5331 1972 5380 et

355 5386 694 5486 habitatores
725 5413 874 5453 nunc
928 5401 1155 5477 degere,
1211 5413 1266 5461 et
1304 5386 1649 5465 barbaricum
1679 5386 1854 5483 possit
1879 5432 1971 5486 pe-

355 5475 590 5535 riculum
622 5483 838 5541 facilius
869 5475 1161 5547 declinari.
1219 5515 1244 5546 ιο
1307 5497 1365 5551 Et
1423 5499 1552 5570 quia
1611 5475 1838 5575 longum
1880 5475 1977 5558 .es-

351 5573 435 5619 set
485 5584 738 5631 enarrare
787 5579 971 5649 qualia
1023 5590 1076 5636 et
1116 5591 1323 5655 quanta
1380 5573 1787 5645 documenta-Va
1844 5609 1975 5649 san-

419 5695 963 5780 (19)Hoc_decrctum
1016 5711 1215 5768 effectu
1274 5718 1518 5773 caruisse
1548 5721 1744 5775 asserit
1765 5722 1959 5780 Petrus

349 5762 418 5817 de
449 5762 624 5826 Marca
654 5774 710 5828 in
740 5775 932 5829 Marem
983 5762 1956 5865 Hispanicae

2082 4572 2299 4630 nentes,
2330 4574 2528 4618 uteam
2568 4580 2699 4639 erga
2731 4580 2859 4619 eum
2899 4565 3308 4633 subjectionem
3341 4566 3717 4637 impendatis,

2078 4666 2241 4721 quam
2298 4652 2577 4723 quondam
2644 4652 2810 4707 vestri
2860 4660 3238 4708 antecessores
3268 4653 3706 4710 Tarraconensis

2077 4742 2332 4799 Ecclesiae
2356 4744 2795 4816 archiepiSCOpis
2824 4743 3153 4810 intulerunt,
3190 4752 3244 4799 et
3274 4745 3388 4801 sive
3422 4744 3568 4817 ipse,
3587 4747 3712 4803 sive

2074 4834 2165 4904 qui
2188 4850 2288 4904 pro
2306 4840 2553 4905 tempore
2575 4835 2630 4889 in
2654 4835 2965 4890 Ausonensi
2985 4834 3228 4890 Ecclesia
3240 4836 3708 4907 archiepiscolius

2075 4924 2258 4993 fuerit,
2290 4934 2498 4981 vestras
2527 4927 2692 4981 sedes
2742 4926 3022 4997 subjectas
3082 4928 3300 4996 habeat,
3354 4937 3410 4982 et
3442 4936 3575 5000 post
3615 4945 3719 4985 vos

2075 5017 2131 5069 in
2160 5016 2243 5070 eis
2264 5015 2560 5087 episcopos
2594 5015 2815 5071 ordinet
2848 5024 2904 5070 et
2932 5025 3248 5071 consecret.

2831 5142 2962 5196 XXI.

2071 5242 2306 5283 JOANNES
2364 5244 2460 5283 XIII
2508 5243 2889 5284 MONASTERIUM
2958 5245 3004 5283 S.
3058 5245 3235 5284 διΛῆιῶ
3300 5245 3699 5287 GLASTONIENSE

2608 5317 2860 5356 TUENDUN
2904 5314 3159 5355 $USCIPIT.

2717 5393 2895 5462 (Anno
2912 5390 3060 5462 970.)

2518 5485 2731 5557 [MANSI,
2764 5486 2967 5542 Concil.
3018 5483 3132 5538 x1x
3159 5483 3273 5554 23.]

2147 5597 2367 5653 Noverit
2421 5609 2746 5656 cunctorum
2801 5598 2997 5655 notitia
3074 5596 3324 5652 ﬁdelium
3398 5598 3552 5670 quod
3613 5615 3717 5674 ego

2061 5729 2209 5803 quod
2243 5730 2492 5803 inaudito
2540 5731 2963 5803 archiepiscopo
3010 5729 3357 5786 Narbonensi
3398 5731 3545 5787 cond
3572 5732 3712 5789 itum

2062 5798 2276 5858 fuisset.
2317 5800 2595 5858 Maerens.
