3924 6386
188 391 299 443 985

1428 391 1761 447 EPISTOLrE
1803 392 1878 447 ET
1918 394 1982 446 DI
1992 391 2310 447 PLOMATA.

3431 392 3537 447 986

186 514 435 569 Joannes
465 514 603 583 XIII,
639 514 948 571 Conditoris
984 517 1281 572 clementia
1318 526 1521 573 sanctae
1555 520 1812 575 Romanae
1839 526 1890 593 Α
1916 520 2361 596 cognominatur,
2390 521 2664 585 canonici,
2718 521 2946 575 domino
2995 520 3282 590 episcOpo,
3335 526 3390 573 et
3420 535 3535 575 om-

190 607 343 660 sedis
370 608 612 661 existens
645 607 906 681 indignus
930 624 1093 678 papa,
1122 608 1345 679 gloriosi
1390 612 1693 685 Anglorum
1724 630 1815 667 re-

189 703 277 773 gis
298 702 516 775 Edgari,
542 719 760 758 necnon
788 712 841 758 et
862 713 1065 758 sanctae
1100 705 1535 761 Dorobernensis
1558 707 1814 763 Ecclesiae

191 790 608 861 archiprtesulis
666 791 949 858 Dunstani,
1032 792 1310 848 submisso
1392 795 1637 863 pulsatus
1692 812 1812 849 sum

194 886 389 953 rogatu
425 897 521 950 pro
551 882 885 936 monasterio
917 882 1131 936 Sanctae
1163 881 1367 947 Maria‘,
1401 883 1660 938 videlicet
1689 884 1816 938 Cla-

190 970 523 1045 stingeberi,
557 973 705 1043 quod
753 973 856 1044 ipsi
911 973 1015 1027 acti
1057 989 1244 1027 amore
1304 975 1531 1044 superni
1569 975 1733 1048 Regis
1762 975 1815 1029 in

193 1062 386 1115 multis
414 1069 466 1116 et
499 1063 713 1136 magnis
769 1063 1222 1135 possessionibus
1251 1066 1575 1133 ditaverant,
1626 1081 1819 1120 mona-

192 1155 427 1209 chorum
479 1154 614 1208 inibi
657 1155 1084 1225 multiplicantes
1133 1172 1381 1211 normam
1430 1167 1818 1229 prteceptoque

193 1246 369 1320 regali
403 1244 772 1313 firmaverant,
824 1248 972 1318 quod
1004 1256 1057 1303 et
1117 1249 1236 1319 ipse
1277 1249 1458 1304 facere
1492 1266 1601 1305 non
1659 1248 1820 1303 diffe-

195 1350 335 1388 ram.
370 1334 608 1399 Quorum
636 1335 946 1389 assentiens
978 1336 1231 1410 benigna:
1274 1338 1551 1408 petitioni,
1606 1338 1659 1392 in
1691 1339 1814 1393 sinu

192 1424 458 1478 Romanae
505 1424 761 1479 Ecclesiae
807 1432 862 1479 et
901 1426 1187 1480 beatorum
1229 1429 1601 1497 apostolorum
1634 1436 1819 1498 prote-

190 1514 382 1569 ctione
413 1515 668 1569 eumdem
703 1515 882 1570 locum
916 1516 1182 1587 suscipio,
1217 1532 1267 1571 Ct
1303 1518 1605 1591 privilegiis
1632 1526 1815 1572 astruo

192 1614 252 1660 et
295 1607 615 1671 corroboro,
652 1623 759 1678 quo
810 1606 1086 1663 tinetenus
1117 1610 1170 1663 in
1205 1626 1271 1664 eo
1303 1627 1411 1681 quo
1461 1628 1609 1665 nunc
1649 1612 1817 1680 pollet

200 1706 525 1766 permaneat
557 1698 865 1751 monachali
904 1698 1119 1752 ordine.
1155 1698 1262 1768 Ipsi
1296 1715 1518 1770 quoque
1560 1700 1814 1755 monachi

1915 610 2079 663 nibus
2110 609 2393 664 catholicae
2427 608 2554 663 fidei
2587 609 2893 664 cultoribus
2946 626 3011 662 ex
3044 609 3362 679 patentibus
3412 608 3534 663 cul-

1915 717 2107 771 parum
2138 717 2363 755 suarum
2396 700 2836 770 turpitudinibus
2861 700 3122 764 odibiles,
3157 706 3212 753 et
3239 698 3295 752 in
3317 698 3529 753 eisdem

1915 792 2220 846 secundum
2255 790 2614 861 imptenitens
2637 805 2732 845 cor
2775 806 2966 845 comm
3002 788 3372 844 inverecunde
3404 805 3535 859 per-

1917 880 2200 945 durantes,
2233 896 2356 935 cum
2404 895 2505 935 suo
2538 881 2855 950 praeposito,
2894 887 3082 950 utpote
3125 895 3251 933 vasa
3299 879 3534 945 diaboli,

1918 975 2244 1043 ejiciantur:
2289 982 2344 1030 et
2373 974 2516 1029 sicut
2558 984 2738 1029 vestra
2775 973 3089 1028 sublimitas
3121 973 3421 1039 desiderat,
3450 973 3538 1028 di-

1919 1066 2250 1121 lectissimus
2282 1065 2451 1120 frater
2471 1074 2526 1120 et
2556 1066 2921 1136 coepiscOpus
2947 1072 3135 1120 noster
3167 1064 3535 1128 Ethewaldus,

1921 1158 2266 1232 regularibus
2293 1157 2603 1228 disciplinis
2635 1156 2885 1227 apprime
2928 1156 3189 1220 imbutus,
3231 1158 3536 1211 monacho-

1921 1267 2037 1304 rum
2074 1250 2377 1304 secundum
2426 1255 2697 1319 praecepta
2732 1248 2939 1321 regulae
2972 1247 3275 1302 viventium
3307 1264 3532 1322 gregem

1919 1339 2180 1404 enutriat,
2210 1339 2399 1409 eisque
2433 1337 2568 1391 inibi
2601 1345 2920 1407 perpetuam
2957 1337 3301 1391 mansionem
3333 1344 3535 1392 statuat

1868 1468 1873 1479 ι
1920 1430 2035 1495 ille,
2069 1430 2163 1501 qui
2192 1445 2381 1484 eorum
2420 1428 2580 1482 vitam
2623 1428 2696 1481 ita
2735 1428 3037 1483 sanctitatis
3077 1428 3325 1482 moribus
3372 1444 3537 1484 exor-

1919 1530 2030 1584 net,
2062 1529 2140 1585 ut,
2163 1528 2379 1591 pastore
2411 1518 2479 1573 ad
2512 1520 2716 1574 laboris
2745 1520 2830 1574 sui
2863 1520 3143 1590 praemium
3176 1528 3388 1585 vocato,
3424 1537 3533 1575 non

1917 1610 2142 1665 aliunde
2172 1626 2335 1681 quam
2381 1626 2445 1662 ex
2483 1609 2575 1662 illa
2616 1608 3043 1679 congregatione
3097 1608 3236 1663 alter
3266 1608 3319 1661 in
3354 1609 3536 1662 locum

1920 1701 2202 1773 regiminis
2243 1702 2526 1755 succedat.
2579 1700 2730 1764 Quod
2788 1700 2833 1752 si
2875 1699 3330 1770 impedientibus,
3382 1700 3533 1770 quod

197 1786 271 1840 de
294 1786 409 1839 suis
438 1786 541 1839 sibi
569 1786 869 1841 adhibeant
899 1794 1194 1857 pastorem.
1234 1787 1514 1841 Ordinatio
1546 1804 1675 1843 vero
1710 1799 1816 1843 tam
1848 1827 1893 1889 Β
1918 1795 2080 1857 absit,
2113 1795 2373 1865 peccatis,
2403 1795 2470 1848 ad
2495 1795 2598 1848 hoc
2636 1793 2951 1864 pontificale
2979 1793 3220 1849 officium
3249 1793 3302 1847 in
3337 1794 3533 1847 eadem

194 1875 594 1929 monachorum
646 1891 809 1945 quam
858 1876 1184 1930 clericorum
1233 1876 1286 1930 in
1335 1875 1564 1930 arbitrio
1604 1876 1821 1931 abbatis

194 1973 249 2018 et
276 1972 581 2019 conventus
620 1965 711 2020 sit.
757 1966 1113 2021 Decernimus
1151 1968 1321 2021 etiam
1349 1968 1563 2022 utnulli
1592 1968 1818 2023 omnino

195 2057 490 2111 hominum
545 2058 794 2113 eamdem
836 2059 1092 2122 insulam,
1145 2076 1308 2115 causa
1359 2059 1678 2131 placitandi,
1736 2060 1819 2115 vel

194 2145 409 2216 aliquid
444 2147 823 2216 perscrutandi
875 2156 968 2202 aut
1006 2149 1340 2218 corrigendi,
1393 2151 1601 2205 intrare
1635 2151 1813 2204 liceat.

189 2239 248 2291 Si
292 2238 415 2310 quis
453 2247 633 2294 autem
667 2240 722 2293 id
755 2241 976 2294 molitus
1000 2240 1100 2295 fuit
1130 2243 1426 2309 c0ntraire,
1459 2250 1553 2296 aut
1600 2260 1819 2313 posses-

189 2328 387 2383 siones
414 2330 663 2398 ejusdem
694 2330 947 2385 ecclesite
977 2330 1211 2399 auferre,
1240 2332 1501 2399 retinere,
1542 2333 1816 2401 minuere,

188 2422 279 2475 vel
314 2421 620 2475 temerariis
663 2423 1047 2478 vexationibus
1078 2422 1326 2497 fatigare,
1364 2432 1447 2478 ‘ex
1491 2426 1816 2480 auctoritate

187 2512 289 2567 Dei
353 2513 546 2578 Patris,
604 2520 659 2567 et
710 2513 850 2574 Filii.
882 2522 938 2569 et
990 2514 1226 2585 Spiritus
1256 2516 1452 2581 sancti,
1497 2524 1814 2588 sanctasque

188 2604 292 2659 Dei
334 2604 619 2678 genitricis
665 2606 865 2671 Mariae,
908 2622 971 2662 ac
1015 2607 1106 2661 SS.
1141 2608 1514 2678 apostolorum
1567 2608 1709 2663 Petri
1762 2616 1816 2663 et

191 2695 371 2761 Pauli,
396 2697 755 2769 omniumque
780 2705 1117 2760 sanctorum,
1152 2707 1435 2770 perpetuae
1469 2700 1539 2755 sit
1564 2701 1817 2755 addictus

191 2788 619 2855 maledictioni,,
666 2790 769 2843 nisi
814 2791 1125 2861 resipucrit.
1172 2792 1438 2847 Omnibus
1464 2809 1592 2848 vero
1634 2794 1815 2849 eidem

195 2878 322 2931 loco
369 2877 515 2947 justa
561 2879 909 2934 servantibus
956 2881 1026 2936 sit
1058 2900 1160 2953 pax
1208 2884 1423 2938 Domini
1473 2886 1641 2939 nostri
1690 2886 1815 2940 Jcsu

195 2970 421 3037 Christi,
454 2987 637 3037 amen,
684 2980 984 3045 nostraque
1014 2975 1298 3046 stipulatio
1330 2978 1651 3031 inconvulsa
1684 2994 1814 3047 per-

191 3068 435 3113 maneat.

261 3151 454 3206 Actum
498 3160 745 3224 tempore
786 3153 1009 3210 tElfardi
1058 3154 1304 3224 ejusdem
1351 3158 1670 3213 monasterii
1725 3157 1891 3246 ab-C

184 3241 354 3297 bans

919 3317 1005 3370 XX

256 3441 482 3479 .IOANNIS
530 3442 677 3481 PAPE
716 3444 809 3481 XIII
863 3442 1117 3481 EPISTOLA
1145 3444 1216 3481 AD
1259 3445 1512 3483 EDUARUM
1563 3445 1736 3483 REGE"

845 3513 1154 3552 ANGLORUM.

820 3592 995 3657 [Anno
1027 3589 1174 3657 9'71.)

298 3698 369 3749 De
400 3695 711 3763 episcopatu
746 3697 1107 3750 Wintom’cnsi
1135 3697 1471 3766 appellandis
1493 3698 1701 3752 clericis

585 3771 636 3819 ct
673 3767 1080 3821 inti-educendi:
1117 3768 1395 3821 monachis

255 3877 498 3931 Joannes
526 3876 841 3947 episcopus,
882 3893 1078 3931 servus
1106 3892 1389 3933 servorum
1431 3877 1548 3941 Dei,
1594 3877 1813 3941 Eucaao

182 3969 302 4041 regi
332 3968 821 4037 excellentissimo,
869 3980 1034 4040 atque
1071 3970 1327 4024 omnibus
1359 3969 1654 4040 episc0pis,
1709 3969 1812 4025 du-

181 4064 369 4129 cibus,
402 4064 718 4130 comitibus,
751 4064 1042 4118 abbatibus
1093 4072 1147 4118 et
1174 4073 1370 4119 cuncto
1422 4062 1571 4117 fideli
1603 4065 1809 4135 popqu

183 4156 430 4227 Anglice:
462 4157 663 4229 gentis,
699 4156 1056 4211 Christianam
1096 4158 1329 4213 salutem
1366 4165 1419 4211 et
1448 4158 1809 4228 apostolicam

187 4245 664 4301 benedictionem.

262 4334 528 4397 Quoniam
569 4349 788 4404 semper
818 4340 946 4389 sunt
972 4334 1329 4389 concedenda
1375 4350 1498 4406 quae
1530 4334 1815 4390 rationali-

188 4426 299 4479 bus
324 4432 644 4496 quaeruntur
666 4425 980 4490 desideriis,
1002 4433 1220 4496 Oportet
1236 4436 1295 4479 ut
1328 4433 1522 4480 vestrae
1544 4426 1650 4496 piae
1673 4434 1815 4495 peti-

188 4518 363 4573 tionis
386 4517 705 4571 studiumin
738 4518 1043 4591 privilegiis
1074 4518 1302 4572 minime
1333 4516 1645 4573 offendatur
1676 4534 1811 4589 prae-

180 4604 416 4660 standis.
470 4605 683 4660 Scimus
726 4605 897 4672 enim,
948 4605 1185 4678 gloriose
1220 4604 1319 4673 fili,
1371 4604 1586 4676 imperii
1646 4604 1812 4660 vestri

180 4697 511 4769 dignitatem
560 4696 678 4751 zelo
712 4697 912 4751 divinae
944 4697 1081 4770 legis
1120 4697 1195 4752 ita
1225 4696 1471 4768 undique
1525 4697 1809 4762 munitam,

184 4799 247 4843 ut
279 4787 663 4842 indesinenter
692 4804 788 4858 pro
816 4788 1215 4842 venerabilium
1239 4787 1484 4843 locorum
1506 4788 1813 4860 percogitet

183 4878 521 4944 stabilitate;
551 4889 825 4950 quatenus
852 4879 1215 4950 proveniente
1247 4895 1345 4950 pro
1379 4879 1588 4939 labore.
1623 4879 1813 4934 schola

186 4971 460 5026 Dominici
502 4971 880 5041 multipliciter
907 4971 1137 5037 servitii,
1169 4980 1222 5025 et
1267 4971 1513 5045 largitori
1564 4969 1814 5025 omnium

185 5065 300 5118 Deo
332 5064 553 5119 abunde
591 5064 800 5120 fructus
851 5064 1160 5119 referantur
1207 5064 1418 5118 milleni
1492 5066 1691 5130 Quare,
1724 5079 1817 5118 rex

188 5157 397 5227 inclyte
438 5172 500 5211 ac
558 5154 633 5209 fili
682 5156 1026 5221 charissime,
1077 5156 1228 5226 quod
1260 5160 1439 5209 vestra
1486 5153 1817 5209 excellentia

190 5265 295 5320 per
322 5248 543 5301 fratrem
572 5255 628 5301 et
667 5248 1060 5317 coepiscopum
1097 5253 1342 5301 nostrum
1378 5247 1716 5301 Dunstanum
1749 5244 1817 5298 ab

189 5341 297 5394 hac
322 5339 624 5409 apostolica
662 5339 817 5404 sede,
860 5337 947 5393 cui
992 5338 1119 5393 licet
1166 5336 1423 5393 immeriti
1457 5337 1819 5408 praesidemus

185 5428 460 5506 exposcit,
521 5432 780 5488 omnibus
822 5432 999 5489 modis
1052 5414 1435 5497 concedimus,
1490 5429 1817 5486 auctoritate

187 5527 494 5599 apostolica
522 5527 859 5593 sancientes,
892 5532 951 5580 ut
981 5527 1050 5580 de
1078 5525 1412 5580 monasterio
1441 5525 1496 5579 in
1539 5523 1819 5579 Wintonia

183 5619 435 5684 civitate,
470 5617 526 5671 in
552 5618 818 5673 honorem
851 5625 1055 5673 sanctae
1081 5615 1357 5671 Trinitatis
1384 5623 1440 5671 et
1468 5615 1819 5671 beatissimo-

187 5726 309 5765 rum
349 5708 725 5779 apostolorum
772 5707 913 5763 Petri
962 5716 1017 5764 et
1070 5707 1222 5762 Pauli
1274 5712 1615 5774 constructo,
1670 5705 1819 5777 quod

187 5809 373 5870 vetus,
406 5800 719 5857 differentia
742 5801 869 5857 novi
902 5801 1049 5857 illius
1078 5801 1227 5873 quod
1252 5801 1406 5870 juxta
1443 5806 1527 5855 est
1555 5796 1820 5865 cmnobii,

1832 4564 1884 4631 D

1922 1886 2351 1960 congregatione
2380 1886 2641 1940 idoneum
2668 1884 2900 1939 inveniri
2923 1884 3151 1939 minime
3177 1901 3338 1955 posse
3363 1885 3540 1940 conti-

1920 1975 2083 2049 gerit,
2114 1976 2436 2029 auctoritate
2484 1974 2859 2044 apostolorum
2911 1973 3178 2044 principis
3224 1974 3386 2039 Petri,
3447 1974 3535 2028 cui

1922 2064 2183 2118 Dominus
2208 2080 2273 2117 ac
2301 2062 2548 2117 Salvator
2578 2070 2768 2117 noster
2795 2062 2999 2133 ligandi
3040 2062 3403 2132 solvendique
3436 2077 3533 2132 po-

1921 2159 2170 2206 testatem
2202 2150 2557 2214 contradidit,
2601 2150 2952 2220 praecipimus
2992 2157 3049 2203 ut
3079 2165 3242 2204 nemo
3272 2166 3338 2203 ex
3367 2148 3539 2203 cleri-

1918 2260 2105 2300 corum
2140 2245 2336 2298 ordine
2390 2242 2455 2295 ad
2502 2242 2663 2309 hujus
2717 2242 2960 2312 regimen
3019 2241 3277 2295 Ecclesiae
3320 2255 3540 2311 promo-

1918 2343 2138 2401 veatur;
2177 2335 2275 2389 sed
2334 2334 2514 2404 potius
2566 2350 2630 2387 ex
2680 2333 2786 2387 alia
2822 2332 3060 2403 qualiter
3102 2332 3539 2405 congregatione

1918 2426 2012 2496 qui
2042 2426 2241 2499 dignus
2280 2423 2536 2477 inventus
2568 2421 2732 2475 fuerit
2783 2420 3087 2476 monachus
3114 2428 3443 2486 assumatur,
3476 2427 3531 2475 et

1918 2518 2043 2571 huic
2096 2516 2351 2570 Ecclesia)
2402 2512 2751 2584 praeficiatur.
2812 2512 2865 2566 Si
2926 2513 3051 2583 quis
3091 2512 3237 2565 enim
3299 2512 3530 2574 interea,

1917 2610 2061 2682 quod
2095 2625 2203 2664 non
2234 2608 2530 2663 credimus.
2565 2608 2683 2662 ιιωο
2714 2606 3031 2677 apostolicae
3072 2606 3223 2660 sedis
3252 2606 3529 2682 privilegii

1918 2706 2139 2759 decreta
2171 2704 2322 2757 irrita
2376 2702 2580 2768 facere,
2611 2711 2665 2756 et
2708 2717 2772 2755 ea
2812 2718 2934 2772 quae
2984 2700 3146 2754 nobis
3174 2700 3266 2770 pie
3323 2700 3535 2756 indulta

1918 2802 2047 2849 sunt
2078 2792 2407 2847 intaminare
2438 2791 2883 2861 prmsumpserit;
2932 2790 3252 2845 auctoritate
3285 2790 3536 2858 ejusdem

1920 2885 2164 2941 caelestis
2220 2884 2480 2957 clavigeri
2527 2882 2692 2948 Petri,
2745 2883 3106 2953 omniumque
3161 2897 3538 2937 successorum

1920 2975 2041 3041 ejus
2081 2973 2217 3028 sciat
2244 2990 2305 3026 se
2336 2972 2703 3027 anathematis
2744 2971 2967 3026 vinculo
2998 2971 3345 3035 innodatum,
3400 2978 3453 3024 et
3484 2969 3540 3023 in

1921 3066 2015 3120 illo
2047 3066 2231 3139 magni
2256 3064 2451 3133 judicii
2485 3064 2576 3117 die
2608 3062 3004 3133 perpetualiter
3042 3062 3438 3115 damnandum.
3474 3060 3534 3113 In

1919 3154 2136 3209 Christo
2163 3152 2368 3217 valeas,
2401 3151 2627 3206 domine
2655 3147 2753 3203 fili.

2643 3259 2799 3313 XXII.

1980 3369 2199 3409 JOANNIS
2238 3368 2384 3406 PAPAS
2422 3366 2514 3404 XIII
2573 3364 2914 3403 PRIVILBGIUM
2956 3363 3054 3402 PRC
3116 3363 3453 3402 MONASTERIO

2266 3440 2293 3477 S
2374 3438 2442 3475 MA
2452 3438 2552 3475 ΜΔΕ
2588 3436 3183 3475 ΤιιΑκοωΑιιδεειυεΝει.

2532 3516 2709 3580 (Anno
2740 3513 2885 3579 971).

1913 3610 2088 3682 [Apud
2141 3608 2349 3672 Eccart,
2400 3606 2643 3660 Historia
2697 3605 2949 3682 genealog
3018 3607 3254 3673 princip.
3313 3604 3525 3659 Samon.

2519 3690 2723 3744 supcr.,
2766 3673 2911 3745 145.]

1978 3792 2218 3847 Joannes
2248 3788 2569 3859 episcopus,
2589 3798 2783 3838 servus
2800 3795 3084 3837 servorum
3116 3780 3235 3835 Dei.

1985 3883 2221 3938 Creditae
2263 3877 2664 3952 speculationis
2704 3874 3042 3947 impellimur
3070 3888 3202 3927 cura
3232 3888 3296 3926 ac
3332 3872 3531 3927 ardore

1913 3986 2218 4037 movemur,
2278 3983 2376 4038 pro
2431 3964 2831 4021 venerabilium
2885 3963 3131 4018 locorum
3186 3958 3533 4035 percogitare

1912 4061 2314 4120 stabilitatione
2364 4066 2529 4130 atque
2577 4057 2689 4112 Deo
2738 4054 3093 4110 servientium
3133 4052 3429 4107 securitate
3478 4059 3536 4105 et

1914 4158 2019 4212 hoc
2047 4170 2145 4226 pro
2178 4153 2376 4207 anima:
2401 4151 2493 4221 pio
2522 4149 2731 4214 labore,
2764 4158 2824 4202 ut
2848 4146 3047 4201 animm
3071 4144 3280 4199 Christo
3311 4143 3529 4208 dicatae,

1915 4262 2036 4320 quze
2059 4246 2104 4300 si
2138 4244 2215 4299 illi
2241 4243 2439 4297 diebus
2470 4254 2662 4294 eorum
2692 4236 2900 4292 servire
2927 4235 3311 4299 decreverunt,
3344 4249 3532 4303 perse-

1914 4340 2113 4389 verent
2189 4328 2627 4403 imperturbataa,
2702 4342 2806 4379 nec
2862 4339 2972 4379 non
3035 4329 3090 4377 et
3139 4321 3230 4375 illa
3277 4330 3538 4375 maneant

1916 4430 2027 4484 fine
2054 4438 2216 4483 tenus
2240 4425 2396 4480 firma
2426 4439 2549 4495 quae
2578 4438 2609 4475 a
2636 4420 2959 4474 Christianis
2991 4418 3045 4471 in
3078 4417 3169 4472 Dei
3210 4416 3372 4470 laude
3404 4430 3533 4471 con-

1912 4532 2083 4582 tracta
2106 4528 2257 4577 sunt.
2284 4520 2524 4574 Dilectus
2552 4533 2615 4572 ac
2638 4514 2940 4587 spiritualis
2973 4512 3118 4567 filius
3146 4519 3335 4567 noster
3363 4512 3531 4573 Cero,

1912 4621 2115 4671 sanctae
2156 4607 2506 4665 Coloniensis
2536 4604 2795 4659 Ecclesiae
2833 4602 3310 4671 archiepiscopus,
3335 4600 3530 4653 limina

1914 4706 2286 4779 apostolorum
2319 4699 2486 4774 digna
2515 4695 2813 4751 devotione
2844 4694 3092 4755 visitans,
3141 4708 3205 4747 ac
3244 4691 3531 4746 nobiscum

1914 4798 2151 4871 plurima
2199 4795 2255 4848 in
2314 4799 2457 4848 statu
2509 4787 2799 4864 religionis
2850 4784 3285 4847 communicans,
3351 4782 3537 4838 retulit

1916 4910 1975 4947 se
2004 4891 2337 4959 fratremque
2367 4900 2527 4940 suum
2552 4882 2923 4936 Thietmarum
2957 4878 3354 4941 marchionem,
3386 4874 3536 4930 Chri-

1917 4982 1984 5037 sti
2016 4976 2328 5034 admonitos
2370 4988 2577 5034 amore,
2620 4968 2916 5042 quemdam
2971 4968 3151 5021 locum
3209 4964 3262 5018 in
3319 4964 3529 5018 honore

1917 5076 2121 5123 sanctae
2161 5064 2342 5120 Mariae
2381 5076 2605 5130 semper
2642 5056 2873 5132 virginis
2904 5055 3258 5119 instaurasse,
3287 5059 3343 5107 et
3377 5051 3433 5105 in
3466 5065 3532 5106 eo

1918 5156 2317 5212 monachorum
2367 5150 2609 5223 regulam
2674 5145 2848 5202 sancti
2904 5142 3181 5198 Benedicti
3239 5140 3538 5196 observan-

1921 5247 2054 5301 tium
2109 5242 2388 5298 addidisse
2444 5237 2661 5295 officiis.
2726 5234 2895 5304 Hujus
2953 5232 3059 5288 loci
3125 5247 3187 5286 ac
3246 5227 3534 5302 religionis

1922 5344 2118 5393 nostro-
2138 5332 2401 5406 suffragio
2431 5348 2494 5387 ac
2534 5327 2823 5401 privilegio
2876 5334 3117 5396 paratam
3170 5321 3531 5377 stabilitatem

1920 5428 2038 5484 fieri
2078 5424 2462 5498 expostulavit.
2490 5422 2653 5492 Cujus
2705 5417 2955 5489 petitioni
3003 5430 3280 5479 annuens,
3312 5418 3535 5483 aposto-

1918 5524 2023 5579 lica
2069 5521 2397 5578 auctoritate
2452 5516 2761 5581 statuimus,
2829 5512 2976 5584 quod
3046 5509 3229 5564 eidem
3298 5508 3421 5564 loco
3474 5522 3539 5562 ac

1920 5608 2339 5687 congregationi
2369 5607 2616 5669 fratrum,
2643 5603 2763 5657 sine
2791 5601 3024 5669 alicujus
3055 5598 3324 5670 potentia,
3349 5596 3536 5651 divino

1920 5701 2232 5756 ministerio
2287 5700 2491 5752 instare
2533 5693 2716 5748 liceat.
2750 5690 2859 5744 Nec
2910 5687 3215 5759 episcOpis,
3249 5688 3333 5741 vel
3375 5694 3535 5756 pote-

1921 5793 2045 5848 stati
2096 5807 2286 5848 eorum
2356 5789 2411 5843 in
2476 5786 2663 5857 aliquo
2714 5780 3079 5838 intermittere
3110 5820 3124 5845 ,
3196 5777 3283 5832 vel
3337 5782 3535 5831 retror-
