3924 6402
324 399 429 452 987

1672 404 1945 461 JOANNIS
1987 407 2105 462 χιιι
2145 408 2334 463 ΡΑΡΑΕ

3573 416 3689 470 988

322 543 448 581 sum
483 527 791 582 distrahere
828 528 1021 585 liceat:
1070 530 1171 585 sed
1203 548 1288 597 ea,
1323 548 1447 603 quae
1489 533 1655 589 modo
1711 532 1941 600 habent,
1970 538 2018 604 Α
2049 550 2079 588 a
2108 534 2395 590 liminibus
2434 542 2636 592 sancta:
2666 537 2761 592 Dei
2804 538 3059 594 Ecclesiae
3089 537 3339 606 alienati,
3391 539 3498 595 nisi
3533 556 3680 595 con-

327 620 411 673 vel
459 619 702 674 habituri
734 628 883 687 sunt,
933 621 1106 678 abbas
1134 638 1326 678 eorum
1356 640 1479 680 cum
1514 624 1799 681 monachis
1844 640 1941 681 or-

327 712 571 767 dinanda
615 714 930 781 constituat,
992 716 1127 771 nulli
1167 717 1468 790 quidquam
1522 719 1818 787 cujuslibet
1841 719 1945 775 ob-

324 801 502 873 sequii
533 801 773 857 debeant
808 811 1009 874 praeter
1044 812 1253 861 tantum
1296 822 1394 876 pro
1435 806 1760 863 Christianis
1797 808 1944 862 divi-

329 906 453 945 nam
485 891 814 947 orationem.
846 894 1239 964 Imperatorem
1264 896 1614 971 defensorem
1639 897 1942 968 appellent.

328 994 392 1033 ac
437 979 528 1049 pio
558 978 705 1033 inter
732 995 792 1035 se
832 980 1009 1037 electo
1067 984 1254 1038 abbati
1314 986 1757 1056 procurationem
1789 1002 1946 1042 com-

327 1072 610 1127 mendent.
674 1072 862 1128 Solum
929 1075 1213 1150 religionis
1272 1086 1471 1134 statum
1529 1080 1832 1150 episcopis,
1897 1081 1944 1135 si

330 1164 565 1228 intersit,
597 1165 857 1237 requirat.
893 1167 1045 1233 Huic,
1090 1170 1136 1223 si
1176 1170 1318 1226 forte
1348 1170 1584 1239 labatur,
1616 1173 1945 1247 corrigendo

329 1253 490 1307 adsit.
524 1252 791 1308 Caeterum
837 1256 905 1309 de
946 1256 1170 1312 servitio
1210 1258 1397 1331 aliquo
1438 1260 1743 1316 immunem
1778 1262 1950 1316 relin-

331 1352 461 1416 quat
492 1346 671 1415 ipsum
700 1346 899 1401 locum.
938 1350 1277 1405 Advocatum
1320 1352 1391 1407 de
1416 1352 1535 1423 ipsa
1586 1353 1869 1427 progenie,
1903 1354 1948 1408 si

331 1436 469 1492 forte
515 1437 569 1491 in
625 1438 833 1493 bonum
883 1440 1121 1507 faveant,
1162 1443 1388 1515 eligant.
1449 1445 1539 1499 Sin
1595 1452 1779 1499 autem
1840 1446 1949 1500 vim

331 1534 425 1583 aut
463 1527 874 1585 incommodum
917 1530 1126 1588 inferre
1164 1534 1484 1601 moliuntur,
1535 1535 1630 1590 ubi
1674 1535 1783 1590 sibi
1834 1537 1952 1607 pla-

330 1628 478 1686 cent,
512 1623 795 1678 timentem
833 1625 1025 1692 Deum,
1056 1642 1120 1681 ac
1145 1627 1429 1683 stabilitati
1456 1628 1731 1685 faventem
1761 1647 1951 1687 secare

334 1713 680 1784 perquiraut.
736 1715 790 1769 Si
858 1716 986 1788 quis
1025 1725 1213 1772 autem
1267 1718 1407 1774 hanc
1458 1728 1699 1775 nostram
1753 1731 1950 1778 aucto-

331 1808 547 1863 ritatem
622 1809 828 1865 violare
899 1812 1212 1880 tentaverit,
1294 1815 1664 1871 anathematis
1733 1817 1954 1872 vinculo

332 1895 587 1952 astrictus
616 1899 889 1974 gehennae
928 1906 1201 1957 tormenta
1229 1902 1350 1957 sine
1391 1901 1502 1959 fine
1541 1920 1601 1960 se
1631 1905 1821 1961 subire
1849 1906 1977 1961 do-'

336 1987 488 2043 lebit.

408 2077 682 2147 Scriptum
744 2095 843 2149 per
878 2096 1100 2135 manum
1153 2082 1439 2153 Stephani,
1486 2084 1775 2155 scriptoris
1826 2101 1958 2140 san-

337 2172 436 2221 ctae
465 2166 725 2222 Romana:
768 2169 1047 2236 Ecclesiae,
1083 2171 1137 2225 in
1193 2188 1381 2228 mense
1433 2174 1717 2242 Januario,
1761 2175 1951 2230 indict.

340 2256 427 2309 15.
477 2286 547 2296 -
586 2257 718 2311 Data
770 2265 962 2314 octavo
1010 2260 1125 2315 Kal.
1158 2262 1377 2318 Januar.
1417 2280 1514 2335 per
1560 2280 1781 2318 manum
1816 2265 1956 2320 Wit-

338 2347 450 2402 loni
485 2348 734 2420 episcopi
768 2357 821 2404 et
859 2351 1264 2408 bibliothecarii
1294 2363 1499 2411 sancta:
1538 2356 1688 2410 sedis
1739 2363 1957 2427 aposto-

332 2441 473 2509 licae,
514 2459 661 2498 anno
715 2444 1063 2514 pontificatus
1100 2448 1291 2503 domui
1326 2448 1558 2504 Joannis
1621 2449 1953 2505 sanctissimi

331 2532 399 2585 ’13
426 2548 603 2602 papae,
636 2534 668 2585 7
702 2534 918 2604 imperii
950 2535 1142 2591 domui
1164 2536 1377 2592 Ottonis
1405 2526 1633 2608 maioris
1656 2540 1745 2607 10,
1774 2540 1959 2608 junio-

337 2620 411 2674 ris
441 2623 493 2687 4,
527 2622 830 2678 indictione
863 2624 1058 2696 quinta
1093 2625 1322 2681 decima.

1060 2738 1237 2793 XXIV.

342 2840 670 2881 RESCRIPTUM
739 2841 963 2881 JOANNIS
1036 2845 1183 2882 ΡΛΡᾹΞ
1248 2846 1342 2884 χιιι
1395 2846 1498 2885 PRO
1548 2847 1962 2889 EXCOMNUNICA-

416 2914 573 2950 TIONE
604 2912 907 2951 INVASOBUH
950 2914 1346 2955 POSSESSIONUM
1378 2917 1694 2958 MONASTERII
1741 2921 1787 2959 S.
1837 2923 1964 2960 SYM~

419 2982 671 3023 PHORIANI
705 2984 966 3024 υιωαεδιδ
995 2987 1525 3027 Αυουετοῡυκεηειδ.

975 3062 1149 3129 (Anno
1180 3062 1330 3132 971.)

456 3152 631 3223 [Apud
673 3153 865 3220 Mansi,
905 3155 1085 3210 Co‘ncz'l
1114 3195 1127 3220 ,
1172 3162 1300 3210 tom.
1345 3154 1528 3220 XVIII,
1570 3158 1675 3214 col.
1708 3158 1854 3230 450.]

423 3264 533 3337 Ego
568 3265 622 3318 in
672 3264 767 3319 Dei
802 3268 1028 3321 nomine
1080 3266 1320 3322 Joannes
1347 3285 1509 3339 papa,
1556 3271 1707 3325 sedis
1737 3280 1965 3342 aposto-

346 3354 466 3409 licae
500 3364 555 3409 et
587 3355 844 3411 Romana:
875 3356 1027 3411 urbis
1070 3360 1429 3429 apostolicus,
1460 3360 1643 3416 divina
1669 3363 1963 3418 clementia

349 3446 637 3520 largiente,
671 3454 858 3502 notum
890 3449 1014 3503 volo
1034 3448 1151 3502 ﬁeri
1181 3450 1440 3504 omnibus
1468 3452 1704 3522 qualiter
1732 3454 1964 3509 veniens

346 3537 571 3607 quidam
631 3539 927 3609 episcopus
978 3556 1009 3594 a
1067 3542 1312 3611 partibus
1356 3542 1677 3610 Galliarum,
1737 3546 1963 3601 nomine

349 3629 632 3694 Girardus,
653 3630 1168 3700 Augustoduneusis
1193 3633 1430 3689 civitatis
1454 3636 1651 3705 praesul
1683 3637 1962 3712 egregius,

350 3733 449 3789 pro
476 3718 634 3792 lregis
690 3720 856 3773 etiam
915 3736 1123 3783 amore,
1181 3728 1235 3776 et
1289 3720 1435 3777 beati
1494 3724 1638 3779 Petri
1701 3726 1968 3797 principis

350 3812 724 3883 apostolorum
811 3815 1037 3870 servitio
1102 3816 1328 3871 Romam
1397 3819 1646 3888 expetiit,
1722 3827 1965 3876 nostram

352 3902 658 3958 honorifice
680 3919 975 3978 aggressus
998 3907 1367 3977 praesentiam.
1400 3908 1644 3974 Quidum
1679 3908 1839 3965 uehis
1869 3927 1966 3980 pro

349 4013 447 4051 sua
494 3998 762 4053 industria
819 4007 875 4053 et
920 4001 1146 4055 honoris
1185 4003 1598 4075 magnificentia
1636 4012 1843 4077 gratus,
1888 4023 1969 4061 ac-

351 4089 644 4159 ceptabilis
690 4098 744 4145 et
803 4092 1005 4146 charus
1077 4093 1355 4161 existeret,
1414 4096 1543 4150 dum
1602 4097 1670 4150 de
1708 4078 1972 4167 pluribus

354 4198 536 4237 sermo
579 4182 723 4237 inter
754 4200 855 4237 nos
896 4184 1216 4249 haberetur,
1267 4186 1641 4243 manifestavit
1678 4188 1812 4242 mihi
1871 4190 1975 4244 hu-

355 4274 588 4329 millime
619 4275 973 4331 reclamando
1004 4277 1073 4330 de
1130 4276 1462 4348 quihusdam
1508 4278 1827 4334 hominibus
1880 4281 1975 4352 qui

1981 1857 2034 1925 Β

2047 623 2186 678 versi
2219 624 2288 678 ad
2318 624 2749 681 satisfactionem
2780 627 3057 683 venerint.
3102 627 3304 683 Omnes
3344 629 3494 683 enim
3547 646 3680 684 ma-

2048 717 2376 773 ledictiones
2441 735 2566 790 quae
2638 720 2694 774 in
2748 719 2938 775 Veteri
2997 722 3347 778 Testamento
3405 729 3461 778 et
3525 723 3682 779 Novo

2046 809 2265 880 scriptae
2296 817 2441 875 sunt,
2477 811 2703 867 veniant
2750 828 2919 883 super
2948 828 3046 868 eos
3086 814 3192 869 nisi
3225 814 3293 869 ad
3326 816 3684 871 emendatio-

2048 916 2172 955 neni
2203 902 2477 957 venerint.
2501 902 2621 957 Sint
2650 904 2929 959 maledicti
2961 904 3015 959 in
3046 906 3385 971 civitatibus,
3413 907 3467 962 in
3507 907 3679 973 villis,

2047 989 2102 1044 in
2144 991 2310 1065 agris,
2344 991 2398 1045 in
2430 991 2557 1059 viis,
2588 993 2644 1047 in
2670 993 2931 1059 castellis,
2968 995 3024 1049 in
3045 995 3201 1051 silvis
3233 1006 3287 1051 et
3327 997 3382 1050 in
3413 997 3682 1052 omnibus

2048 1081 2204 1136 locis.
2249 1082 2544 1138 Deleantur
2572 1084 2642 1137 de
2680 1083 2820 1139 libro
2874 1085 3202 1150 viventium,
3247 1094 3456 1141 etcum
3510 1087 3684 1155 justis

2050 1184 2161 1225 non
2193 1169 2525 1237 scribantur,
2571 1172 2674 1227 nisi
2708 1173 3074 1242 resipisceudi
3126 1174 3195 1228 ad
3236 1173 3679 1230 satisfactionem

2050 1264 2106 1313 et
2134 1260 2582 1317 emendationem
2622 1262 2895 1317 venerint.
2932 1263 3065 1317 Fiat.

2785 1370 2933 1424 XXV.

2124 1470 2348 1513 JOANNIS
2391 1474 2538 1512 PAPE
2575 1476 2673 1513 XIII
2718 1476 2974 1515 EPISTOLA
3024 1478 3092 1515 AD
3147 1476 3607 1517 οιοιιιοδιεειιιυκ

2449 1529 2707 1601 [coam-zu
2748 1547 3198 1587 naucmoasusau
3238 1532 3282 1604 7]

2681 1622 2857 1689 (Anno
2889 1623 3039 1691 971.)

2053 1717 2339 1773 Praesulem
2379 1717 2627 1771 Attonem
2666 1717 3037 1773 Gerundensis
3072 1719 3310 1774 dioecesis
3348 1720 3686 1786 gubernato-

2637 1804 2752 1842 rem
2792 1792 3091 1844 constituit.

2167 1875 2344 1947 [Apud
2376 1874 2582 1940 Florez,
2614 1878 2838 1946 Espana
2867 1879 3127 1944 sagrada,
3170 1885 3302 1933 tom.
3339 1878 3573 1946 XXVIII,

2706 1981 2832 2040 pag.
2868 1965 3016 2037 252.]

2127 2073 2367 2129 Joannes
2421 2090 2614 2130 servus
2669 2090 2813 2130 serv.
2877 2074 2972 2130 Dei
3043 2120 3053 2131 .
3103 2120 3113 2130 .
3159 2119 3172 2132 .
3220 2118 3232 2131 .
3280 2118 3292 2132 .
3339 2119 3351 2132 .
3394 2080 3690 2154 gloriosis-

2055 2165 2196 2221 simo
2268 2214 2271 2217 λ
2324 2206 2336 2219 .
2383 2208 2395 2222 .
2441 2206 2453 2220 .
2502 2206 2512 2219 .
2561 2208 2570 2216 .
2620 2207 2632 2220 .
2681 2209 2692 2220 .
2740 2210 2751 2221 .
2861 2212 2872 2223 .
2917 2168 3123 2224 tionem
3181 2176 3236 2225 et
3292 2171 3683 2227 charissimam

2056 2256 2287 2311 salutem
2321 2256 2595 2312 liliationi.
2645 2298 2658 2312 .
2703 2300 2715 2312 .
2768 2303 2775 2312 .
2823 2300 2835 2313 .
2884 2302 2896 2315 .
2944 2301 2956 2314 .
3005 2304 3015 2315 .
3063 2302 3077 2315 .
3122 2297 3136 2312 .
3183 2304 3195 2316 .

2128 2347 2463 2422 Agnovimus
2501 2347 2740 2419 qualiter
2783 2347 2835 2402 in
2868 2348 3066 2403 vestris
3114 2350 3367 2421 partibus
3396 2368 3492 2423 qu.
3540 2395 3551 2404 .
3608 2399 3619 2409 .
3670 2395 3683 2407 .

2061 2484 2074 2498 .
2121 2484 2133 2496 .
2181 2486 2191 2497 .
2239 2484 2251 2497 .
2302 2485 2312 2497 .
2355 2442 2542 2498 subito
2574 2443 2893 2497 sacerdotes
2921 2443 3189 2506 efficiunt,
3233 2445 3382 2516 quod
3416 2448 3688 2521 gravissi-

2058 2547 2208 2587 mum
2264 2540 2319 2587 et
2385 2532 2713 2587 detestabile
2769 2531 3021 2593 omnium
3078 2532 3245 2587 debet
3299 2548 3425 2590 esse
3479 2535 3687 2593 Christi

2060 2624 2328 2679 fidelium.
2386 2624 2540 2679 Unde
2580 2623 2709 2695 quia
2738 2624 2987 2679 omnium
3042 2623 3408 2679 Ecclesiarum
3439 2624 3536 2679 Dei
3585 2640 3691 2679 nos

2060 2714 2375 2770 sollicitudo
2406 2720 2661 2773 coarctat.
2706 2721 2815 2768 tam
2872 2714 3191 2786 pestiferum
3239 2716 3378 2771 etin
3409 2732 3501 2772 no.
3550 2758 3564 2770 .
3616 2761 3625 2770 .

2066 2844 2079 2858 .
2125 2842 2138 2856 .
2183 2843 2194 2855 .
2246 2844 2255 2854 .
2304 2842 2316 2855 .
2362 2842 2374 2854 .
2423 2841 2437 2856 .
2484 2844 2496 2856 .
2542 2843 2554 2856 .
2599 2816 2710 2874 gno
2752 2808 2954 2870 vestro,
3013 2810 3069 2859 et
3116 2819 3146 2857 a
3200 2804 3414 2859 cunctis
3455 2806 3695 2861 catholi-

2064 2893 2143 2947 cis
2173 2891 2494 2947 Christianis
2542 2891 2788 2947 funditus
2821 2894 3106 2950 eradicare
3134 2895 3437 2971 satagimus
3484 2895 3605 2952 fulti
3636 2905 3694 2952 et

2071 3026 2083 3038 .
2128 3022 2141 3036 .
2188 3027 2198 3038 .
2245 3025 2259 3038 .
2304 3026 2317 3040 .
2361 3026 2374 3040 .
2424 3025 2436 3038 .
2485 3027 2497 3039 .
2544 3026 2551 3035 .
2604 3030 2609 3035 .
2659 2992 2971 3041 sanctorum
3078 2985 3297 3041 Patrum
3387 2987 3695 3043 auctoritas

2068 3075 2307 3131 maxime
2352 3075 2657 3130 beatissimi
2701 3092 2857 3147 papa:
2889 3076 3137 3152 Gregorii
3168 3076 3267 3132 ubi
3318 3077 3463 3132 inter
3492 3086 3696 3133 caetera

1990 3203 2038 3270 Ο
2071 3206 2085 3221 .
2130 3205 2144 3219 .
2190 3205 2203 3219 .
2250 3206 2262 3219 .
2310 3209 2319 3219 .
2366 3205 2380 3220 .
2424 3164 2690 3237 episcopo
2754 3165 3243 3239 Augustodunensi
3301 3165 3559 3223 scribens
3620 3168 3699 3222 ait

2068 3301 2082 3315 .
2128 3295 2145 3314 .
2191 3304 2199 3313 .
2248 3303 2259 3316 .
2306 3299 2319 3313 .
2362 3276 2429 3315 oc
2449 3276 2673 3332 quoque
2690 3260 2757 3315 ad
2790 3275 2893 3316 nos
2919 3261 3246 3332 pervenisse
3277 3277 3387 3318 non
3419 3264 3700 3319 dissimile

2065 3353 2294 3428 dignum
2342 3353 2711 3408 detestatione
2764 3353 3183 3425 comperimus,
3245 3356 3394 3427 quod
3464 3357 3701 3427 quidam

2064 3444 2342 3500 desiderio
2375 3443 2600 3499 honoris
2643 3443 2839 3513 inﬂati,
2894 3443 3173 3501 defunctis
3216 3446 3517 3518 episcopis,
3568 3455 3700 3503 ton-

2065 3542 2344 3603 surantur,
2403 3544 2457 3590 et
2517 3536 2655 3591 fiunt
2705 3545 2953 3608 repente.
3001 3580 3013 3592 .
3059 3578 3072 3593 .
3119 3577 3134 3592 .
3182 3580 3194 3592 .
3235 3538 3555 3595 sacerdotes
3622 3583 3637 3596 .
3686 3584 3698 3595 .

2069 3668 2083 3681 .
2128 3667 2141 3681 .
2184 3635 2349 3699 atque
2406 3626 2777 3681 inverecunde
2834 3627 3081 3701 religiosi
3113 3628 3381 3699 propositi
3433 3630 3700 3686 ducatum

2067 3719 2363 3791 arripiunt,
2419 3719 2513 3790 qui
2548 3735 2649 3773 nec
2697 3735 2817 3773 esse
2873 3720 3057 3775 adhuc
3110 3720 3312 3775 milites
3360 3721 3697 3777 didicerunt.

2068 3812 2111 3877 Q
2179 3854 2190 3865 .
2237 3856 2247 3866 .
2297 3856 2306 3866 .
2354 3853 2366 3865 .
2409 3812 2444 3865 d
2483 3821 2741 3883 putamus
2779 3811 2913 3883 quid
2967 3812 3054 3866 isti
3087 3814 3353 3882 subjectis
3386 3816 3698 3884 praestaturi

2070 3905 2201 3967 sint,
2255 3906 2348 3977 qui
2424 3913 2721 3976 antequam
2800 3906 3133 3977 dicipulatus
3202 3907 3372 3961 limen
3430 3915 3705 3981 attingant

2072 4009 2261 4055 tenere
2293 4000 2473 4055 locum
2506 4000 2809 4073 magisterii
2853 4016 2963 4055 non
3012 4001 3332 4067 formidant,
3380 4019 3488 4074 qua
3518 4004 3589 4057 de
3644 4019 3702 4056 re

2076 4105 2307 4144 necesse
2351 4095 2453 4155 est,
2506 4098 2566 4143 ut
2618 4089 2665 4142 si
2726 4091 2979 4159 quamvis
3028 4090 3297 4161 iuculpati
3349 4106 3575 4162 quoque
3633 4092 3704 4145 sit

2077 4182 2279 4249 meriti,
2312 4191 2439 4235 ante
2470 4189 2654 4236 tamen
2687 4199 2784 4252 per
2810 4183 3070 4238 distincta
3097 4181 3312 4237 ordinis
3337 4184 3703 4239 ecclesiastici

2077 4281 2396 4327 exerceatur
2423 4270 2624 4337 ofticia,
2656 4273 2841 4327 videat
2862 4273 3011 4344 quod
3044 4272 3311 4340 imitetur,
3341 4272 3516 4327 discat
3550 4274 3703 4344 quod

356 4369 553 4416 terram
586 4362 657 4416 de
705 4378 805 4418 suo
836 4364 1158 4436 episcopatu
1205 4373 1640 4437 praesumptuose
1675 4377 1730 4422 et
1759 4368 1976 4424 violeu-
2075 4365 2290 4431 doceat,
2325 4363 2653 4421 informetur
2691 4365 2838 4437 quod
2895 4372 3098 4432 teneat,
3149 4372 3209 4420 ut
3249 4380 3340 4437 po.
3388 4406 3401 4419 .
3445 4404 3459 4419 .
3507 4407 3517 4418 .
3567 4405 3580 4417 .
3628 4406 3641 4418 .
3688 4407 3701 4419 .

356 4457 438 4505 ter
464 4458 655 4507 tenere
684 4453 960 4509 videntur.
1016 4455 1247 4525 Insuper
1297 4455 1626 4526 deprecatus
1676 4464 1761 4512 est
1791 4467 1848 4512 ut
1879 4473 1976 4514 eos
2072 4470 2261 4509 errare
2294 4496 2309 4521 ,
2387 4454 2543 4526 quiet
2607 4494 2619 4507 .
2666 4494 2679 4508 .
2728 4494 2740 4507 .
2785 4491 2796 4503 .
2851 4497 2860 4507 .
2912 4495 2924 4507 .
2968 4469 3075 4508 err.
3121 4494 3136 4509 .
3182 4495 3196 4520 ,
3242 4495 3255 4510 .
3297 4454 3707 4511 demonstrare.

358 4544 987 4611 excommunicaremus,
1044 4552 1097 4600 et
1140 4546 1544 4602 inaledictionis
1604 4548 1791 4617 jaculo
1848 4548 2052 4636 illosD
2079 4549 2178 4605 Diu
2206 4564 2338 4622 ergo
2369 4547 2631 4621 religiosa
2652 4547 3015 4603 meditatione
3046 4547 3288 4618 poliatur
3318 4557 3397 4601 ut.
3446 4587 3460 4601 .
3503 4588 3517 4602 .
3573 4590 3584 4600 .
3631 4587 3645 4601 .
3695 4591 3705 4602 .

360 4634 769 4690 damnaremus.
806 4635 970 4704 Cujus
992 4637 1316 4707 petitionem
1351 4639 1619 4695 benevole
1641 4639 1972 4710 suscipiens,

354 4727 495 4795 jussi
526 4743 631 4802 ego
658 4729 903 4783 Joannes
933 4746 1094 4800 papa,
1128 4746 1322 4785 servus
1348 4746 1633 4787 servorum
1670 4732 1788 4797 Dei,
1815 4730 1977 4786 talem

361 4823 989 4879 excommunicationem
1036 4832 1092 4879 et
1118 4826 1564 4882 maledictionem
1607 4825 1750 4893 ﬁeri,
1801 4827 1980 4897 scrip-

364 4919 471 4966 tam
526 4928 693 4966 manu
734 4912 959 4984 propria
1011 4913 1291 4970 Benedicti
1322 4914 1729 4986 archiepisc0pi
1784 4916 1977 4971 nostri.

363 5002 620 5075 Conjacet
647 5013 832 5059 autem
866 5005 1059 5061 eadem
1101 5012 1246 5061 terra
1295 5006 1352 5061 in
1403 5007 1578 5078 patria
1608 5023 1732 5079 quae
1781 5008 1986 5063 dicitur

366 5096 672 5163 l'rovincia,
720 5097 790 5152 de
830 5096 1053 5153 abbatia
1092 5099 1126 5153 S
1205 5099 1615 5171 Symphoriaui.
1657 5100 1982 5172 Quicunque

363 5200 497 5257 ergo
523 5201 644 5240 eam
676 5192 867 5241 tenent
897 5193 1093 5241 terram
1120 5187 1174 5241 S.
1204 5187 1615 5259 Symphoriani,
1647 5196 1743 5242 aut
1772 5188 1981 5260 aliquid

364 5293 429 5332 ex
488 5286 632 5334 terra
686 5279 918 5345 Nazarii,
969 5280 1090 5335 sine
1138 5297 1366 5336 assensu
1425 5281 1635 5336 Girardi
1677 5282 1799 5351 ejus
1848 5282 1983 5337 civi-

366 5371 493 5425 tatis
532 5370 783 5441 episcopi
814 5386 881 5426 ex
918 5372 1241 5427 auctoritate
1294 5372 1390 5428 Dei
1431 5373 1607 5428 Patris
1637 5360 1986 5444 omnipoten-

368 5463 456 5527 tis,
489 5469 543 5516 et
572 5462 714 5530 Filii,
760 5469 813 5517 et
854 5463 1091 5535 Spiritus
1134 5466 1331 5527 sancti,
1363 5466 1725 5537 omniumque
1771 5473 1984 5521 sancto-

372 5572 491 5611 rum
534 5558 669 5623 Dei;
730 5564 995 5629 potestate
1050 5560 1280 5631 insuper
1342 5561 1490 5617 beati
1550 5561 1696 5616 Petri
1751 5561 1987 5616 senioris

369 5643 564 5710 nostri,
616 5661 740 5699 cum
796 5647 1015 5702 caeteris
1055 5649 1319 5719 apostolis
1367 5650 1571 5721 quibus
1602 5652 1728 5706 data
1768 5658 1851 5705 est
1880 5666 1985 5722 po-

373 5739 541 5788 testas
603 5734 810 5808 ligandi
866 5742 1031 5807 atque
1083 5737 1358 5804 solvendi,
1429 5746 1486 5794 et
1549 5755 1615 5794 ex
1677 5740 1986 5795 ministerio

374 5829 582 5889 nostro,
614 5822 726 5878 sint
749 5824 1208 5879 excommunicati
1241 5831 1295 5879 et
1324 5827 1794 5894 auathematizati,
1822 5835 1986 5900 atque

2081 4647 2152 4707 at,
2185 4648 2241 4696 et
2269 4639 2349 4695 sic
2376 4640 2603 4695 lucerna
2631 4655 2800 4711 super
2825 4638 3222 4695 candelabrum
3266 4638 3443 4710 posita
3496 4638 3710 4706 luceat,

2081 4746 2140 4792 ut
2168 4736 2400 4790 adversa
2428 4743 2719 4790 ventorum
2762 4734 2844 4790 vis
2892 4734 3115 4789 irruens
3154 4740 3482 4804 conceptam
3516 4734 3709 4788 erudi-

2082 4824 2249 4879 tionis
2296 4824 2570 4880 ﬂammam
2626 4840 2736 4880 non
2767 4824 3100 4898 exstinguat,
3153 4824 3251 4878 sed
3294 4831 3512 4899 augeat.
3571 4824 3705 4879 Nam

2082 4932 2204 4972 cum
2246 4917 2516 4989 scriptum
2574 4917 2664 4983 sit,
2706 4923 2766 4971 ut
2797 4916 2949 4987 prius
3000 4916 3124 4989 quis
3181 4916 3466 4987 probetur,
3520 4924 3576 4971 et
3628 4918 3711 4972 sic

2084 5011 2378 5079 ministret,
2429 5011 2604 5068 multo
2647 5011 2884 5081 amplius
2936 5020 3065 5065 ante
3114 5009 3435 5081 probandus
3475 5017 3577 5076 est,
3612 5010 3709 5081 qui

2086 5101 2276 5173 pepuli
2307 5100 2641 5156 intercessor
2689 5099 2987 5155 assumitur
3044 5114 3115 5154 ne
3154 5098 3289 5153 ﬁant
3320 5115 3500 5153 causa:
3532 5098 3708 5153 ruinae

2086 5191 2308 5263 populis
2364 5190 2682 5245 sacerdotes
2738 5189 2862 5243 mali
2949 5187 3104 5243 Nulla
3161 5187 3329 5261 igitur
3359 5195 3555 5243 contra
3605 5188 3710 5242 hoc

2087 5279 2389 5343 excusatio,
2432 5279 2582 5333 nulla
2621 5285 2805 5350 potest
2852 5293 2973 5332 esse
3004 5276 3283 5344 defensio,
3333 5276 3466 5349 quia
3495 5275 3711 5332 cunctis

2087 5371 2298 5443 liquido
2348 5378 2537 5426 notum
2588 5377 2671 5425 est
2710 5386 2833 5442 quae
2890 5370 2959 5424 sit
2999 5369 3056 5423 in
3101 5368 3266 5437 hujus
3297 5367 3373 5422 rei
3423 5367 3710 5442 diligentia

2086 5466 2262 5521 sancti
2294 5465 2503 5540 egregii
2545 5464 2865 5521 sollicitudo
2911 5463 3174 5529 doctoris,
3204 5480 3313 5534 qua
3366 5462 3708 5533 ueophytum

2087 5558 2155 5612 ad
2204 5557 2429 5612 ordines
2486 5565 2630 5612 vetat
2696 5571 2882 5611 sacros
2941 5554 3263 5610 ascendere.
3330 5554 3481 5608 Sicut
3526 5561 3707 5608 autem

2087 5654 2220 5702 tunc
2250 5646 2565 5718 neophytus
2590 5645 2898 5711 dicebatur,
2932 5643 3026 5715 qui
3065 5643 3119 5697 in
3153 5642 3311 5696 initio
3344 5650 3550 5696 sanctae
3585 5641 3710 5696 ﬁdei

2087 5743 2209 5791 erat
2236 5734 2552 5791 eruditione
2601 5734 2901 5806 plantatus,
2941 5732 3022 5787 sic
3064 5732 3231 5788 modo
3262 5731 3571 5800 neophytus
3598 5748 3712 5786 cen-

2086 5828 2294 5885 sendus
2315 5837 2420 5897 est,
2438 5828 2532 5900 qui
2552 5837 2783 5899 repente
2804 5826 2861 5881 in
2894 5824 3183 5899 religionis
3203 5823 3402 5880 habitu
3434 5823 3713 5895 plantatus
