3924 6386
177 413 288 468 989

1416 415 1753 473 EPISTOUE
1793 419 1870 473 ET
1909 416 2301 473 DIPLOMATA.

3425 409 3527 462 990

177 540 251 594 ad
282 539 614 595 ambiendos
663 540 903 595 honores
948 554 1135 595 sacros
1198 542 1504 612 irrepserit.
1549 543 1807 600 Ordinate
1834 553 1882 619 Α
1909 546 2072 601 vobis
2095 541 2705 617 placuerit,secundum
2731 540 2963 609 justitia
2986 539 3267 594 decretum
3292 552 3323 591 a
3343 542 3530 591 sancta

176 648 313 703 ergo
354 631 424 685 ad
476 632 704 687 ordines
760 630 1175 688 ascendendum
1243 641 1346 689 est.
1398 635 1550 691 Nam.
1586 678 1597 689 .
1639 679 1650 691 .
1687 678 1700 692 .
1737 677 1750 692 .
1788 676 1805 695 .

177 726 248 780 ad
305 740 524 780 summa
586 723 691 779 loci
746 722 967 795 fastigia
1011 726 1336 795 postpositis
1385 727 1651 800 gradibus
1707 746 1808 800 per

178 818 420 887 abrupta
482 816 683 888 quarit
737 832 1049 883 ascensum,
1092 824 1147 871 et
1198 818 1329 888 quia
1387 820 1802 876 Gerundensem

181 903 483 958 Ecclesiam
515 904 637 957 sine
666 904 844 974 plebis
866 911 920 959 et
949 904 1143 975 populi
1177 905 1450 962 electione
1480 908 1802 979 episcopum

179 996 522 1065 necphytum
556 1001 935 1050 consecratum
979 996 1312 1059 audivimus,
1356 999 1618 1069 quoniam
1654 1000 1806 1055 nulla

180 1087 324 1141 ratio
354 1087 487 1141 sinit
509 1094 568 1141 ut
629 1087 771 1141 inter
802 1088 1099 1159 episc0pos
1134 1089 1419 1155 habeatur,
1473 1092 1621 1162 quod
1654 1108 1755 1147 nec
1778 1109 1806 1146 a

178 1179 402 1234 clericis
428 1179 509 1233 sic
540 1180 770 1245 electus,
812 1196 919 1236 nec
948 1197 978 1235 a
1002 1181 1258 1251 plebibus
1305 1183 1605 1253 expetitus.
1628 1186 1807 1239 modis

176 1274 443 1329 omnibus
472 1274 728 1329 volumus
781 1284 836 1329 et
860 1275 1143 1344 jubemus,
1201 1284 1256 1331 et
1307 1278 1558 1345 ejusdem
1609 1279 1660 1332 S.
1702 1280 1808 1334 Ge-

177 1362 483 1417 rundensis
540 1362 798 1417 Ecclesia
882 1364 1134 1418 Attonem
1194 1366 1365 1419 virum
1430 1367 1804 1421 venerabilem

171 1450 657 1521 archiprasulem,
690 1457 745 1504 et
776 1450 1106 1506 confratrem
1146 1462 1394 1506 nostrum
1440 1455 1803 1523 provisorem,

169 1546 225 1593 et
251 1539 688 1611 gubernatorem
723 1538 829 1609 ipsi
865 1539 1123 1594 Ecclesia
1182 1541 1237 1594 in
1278 1541 1540 1595 omnibus
1564 1560 1803 1613 praessc

172 1626 592 1691 constituimus,
628 1627 699 1680 ita
737 1642 871 1681 sane
924 1636 981 1681 ut
1033 1628 1249 1698 plebem
1310 1639 1364 1683 et
1404 1629 1670 1700 p0pulum
1698 1631 1803 1684 sibi

176 1720 539 1774 commissum
585 1720 666 1774 sic
713 1720 863 1788 juste
922 1730 976 1775 et
1005 1722 1272 1777 canonice
1325 1731 1497 1796 regat,
1531 1730 1805 1793 quatenus

100 1828 113 1837 ί
177 1824 283 1878 pro
312 1808 390 1862 ill.
428 1850 442 1864 .
479 1851 491 1864 .
528 1849 542 1862 .
622 1808 952 1863 redditurus.
993 1852 1002 1862 .
1049 1851 1060 1863 .
1112 1854 1119 1861 .
1189 1848 1202 1863 .
1232 1810 1460 1868 Judici..
1502 1853 1515 1865 .
1575 1855 1586 1867 .
1632 1854 1644 1865 .
1682 1851 1696 1865 .
1734 1853 1748 1868 .
1787 1854 1799 1867 .

911 1914 1064 1967 XXVI

170 2020 399 2058 JOANNIS
426 2021 579 2058 ΡΔΡᾸΞ
606 2021 700 2059 XIII
756 2022 787 2059 Ε
824 2020 1003 2059 IS‘I'OLA
1062 2022 1129 2058 AD
1162 2022 1455 2061 UNIVERSOS
1513 2023 1801 2063 EPISCOPOS

673 2092 977 2130 BRU‘ANNLE
999 2093 1314 2131 CITERIORIS.

804 2169 987 2238 (Anno
1021 2167 1165 2235 972)

490 2256 738 2327 [Martem
775 2258 927 2311 Thes.
973 2258 1174 2311 Anecd.
1208 2259 1307 2323 III,
1338 2256 1484 2328 868.]

178 2350 338 2405 Vetat
360 2364 425 2420 ne
442 2350 742 2402 Turonensi
770 2349 1170 2418 archiepiscopo
1182 2351 1462 2415 resistant,
1492 2350 1655 2404 donec
1682 2353 1799 2420 ipse

382 2419 448 2472 de
473 2435 654 2473 eorum
684 2423 1051 2473 controversia
1100 2421 1376 2489 judicium
1407 2423 1610 2475 tulerit.

237 2531 482 2586 Joannes
512 2545 704 2585 servus
724 2545 1011 2585 servorum
1041 2530 1157 2597 Dei,
1216 2529 1514 2601 episcOpus
1538 2531 1794 2585 Romanae

158 2624 348 2687 urbis.
381 2624 436 2678 in
477 2624 693 2679 Christo
748 2623 1009 2678 fratribus
1075 2624 1349 2679 universis
1405 2625 1685 2695 episcopis
1714 2625 1794 2680 ci-

160 2713 390 2769 terioris
445 2712 737 2767 Britannia
789 2712 1023 2767 salutem
1101 2712 1156 2767 in
1221 2712 1438 2767 Christo
1496 2719 1550 2767 et
1602 2713 1794 2767 visita-

164 2806 408 2862 tionem.

236 2897 378 2963 Quia
407 2896 526 2952 vice
557 2896 702 2951 beati
727 2896 869 2953 Petri
921 2897 1300 2968 apostolorum
1350 2897 1639 2969 principis,
1685 2899 1795 2953 Do-

158 2987 318 3042 mino
349 2988 463 3042 Deo
493 2985 780 3059 dignante,
808 2985 1055 3041 omnium
1083 2986 1443 3042 ecclesiarum
1462 3004 1648 3042 curam
1672 3003 1795 3042 sus-

154 3080 434 3150 cepimus,
495 3077 926 3133 sollicitudinem
992 3095 1100 3149 qua
1158 3079 1592 3149 uniuscujusque
1657 3078 1794 3133 ﬁdes

158 3170 389 3240 integra
417 3167 474 3220 in
504 3166 702 3221 eodem
756 3166 986 3221 Domino
1020 3175 1348 3234 reservetur,
1381 3168 1501 3222 sine
1533 3184 1640 3238 qua
1671 3168 1793 3222 nul-

151 3259 242 3312 lus
271 3257 325 3311 ei
367 3255 587 3327 placere
614 3256 842 3323 valebit,
886 3257 1097 3328 ubique
1137 3274 1330 3312 severe
1358 3259 1654 3313 observare
1690 3259 1791 3312 de-

152 3357 375 3409 bemus.
401 3348 642 3420 Ideoque
656 3356 844 3421 uotum
873 3350 943 3403 sit
970 3351 1128 3406 vobis
1141 3351 1409 3422 quoniam
1434 3351 1791 3406 charissimus

146 3436 324 3492 frater
352 3446 539 3495 noster
565 3440 862 3506 Arduinus,
897 3449 1102 3497 sancta
1155 3442 1498 3496 Turonensis
1532 3443 1791 3497 Ecclesia

145 3534 631 3605 archiepiscopus,
667 3535 899 3611 veniens
928 3536 997 3590 ad
1037 3537 1418 3606 apostolorum
1453 3536 1645 3591 limina
1679 3537 1787 3592 Ro-

145 3644 298 3681 mam
327 3637 562 3691 oratum,
606 3630 979 3700 interpellavit
1010 3646 1110 3685 nos
1143 3631 1295 3701 quod
1322 3631 1447 3701 jura
1472 3631 1559 3685 sui
1594 3631 1781 3686 archi-

144 3720 530 3789 episcopatus,
572 3737 694 3792 qua
746 3722 814 3775 ab
846 3722 1090 3793 antiquis
1147 3722 1488 3791 temporibus
1537 3738 1635 3792 per
1684 3722 1790 3776 de-

148 3817 307 3867 creta
353 3816 669 3867 sanctorum
723 3812 1043 3882 pontificum
1104 3820 1308 3867 sancta
1359 3814 1619 3869 Romana
1668 3831 1790 3869 ma-

148 3899 255 3954 tris
286 3900 546 3955 Ecclesia
581 3901 698 3955 suis
739 3901 1244 3971 pradecessoribus
1280 3916 1545 3957 concessa
1576 3912 1631 3957 et
1660 3918 1796 3958 con-

152 3989 375 4045 ﬁrmata
403 3988 647 4060 fuer‘unt,
680 4009 711 4047 a
765 3999 946 4047 vestro
996 3993 1422 4064 archiepiscopo
1471 4001 1525 4048 et
1554 3994 1668 4048 suis
1695 3994 1794 4049 de-

154 4080 481 4135 cessoribus
526 4069 625 4152 per
662 4081 983 4136 violentiam
1044 4089 1099 4136 et
1152 4098 1493 4156 paganorum
1526 4082 1795 4137 Norman-

156 4187 362 4228 norum
396 4171 844 4226 contrarietatem
904 4171 1121 4226 sublata
1161 4172 1437 4226 videntur.
1474 4171 1628 4226 Unde
1658 4186 1795 4241 apo-

154 4266 360 4321 stolica
389 4267 717 4322 auctoritate
743 4266 904 4322 vobis
943 4266 1131 4321 sciatis
1160 4267 1265 4333 (lit
1310 4266 1687 4333 interdictum,
1722 4282 1793 4320 ne

159 4357 320 4413 illius
341 4357 456 4412 ullo
489 4358 786 4425 modojuri
814 4358 1085 4413 resistatis
1106 4358 1393 4429 deinceps,
1424 4360 1492 4413 de
1526 4358 1793 4413 omnibus

159 4465 293 4521 qua
323 4449 619 4519 pradictus
676 4450 1130 4521 archiepiscOpus
1184 4450 1475 4506 confirmat
1514 4451 1792 4522 archiepi-

1912 639 2154 693 Romana
2204 636 2445 691 Ecclesia
2489 641 2788 700 statutum,
2839 630 3213 704 permaneatis
3266 644 3391 684 cum
3435 627 3531 681 Dei

1908 727 2295 781 benedictione
2314 726 2371 780 in
2392 725 2602 780 unitate
2644 731 2843 778 nostra
2861 720 3149 776 catholica
3181 716 3529 773 communio-

1910 820 2013 874 nis.
2048 819 2261 874 lnterea
2324 818 2502 872 sciant
2564 814 2720 888 regni
2774 814 2940 867 vestri
2976 810 3254 876 homines,
3288 808 3526 863 maxime

1910 911 2227 971 nobiliores,
2280 906 2602 962 nominatim
2665 902 3048 975 Berengarius,
3108 907 3163 954 et
3218 897 3365 953 ﬁlius
3392 913 3526 952 suus

1910 1004 2143 1058 Conatus
2174 1012 2227 1056 et
2260 1001 2391 1056 Hoel
2441 1015 2564 1054 cum
2616 996 2780 1052 fratre
2810 1010 2911 1050 suo
2943 994 3213 1053 Guerech.
3242 1007 3366 1046 cum
3414 1006 3525 1045 ca—

1910 1096 2039 1153 teris
2072 1094 2397 1161 majoribus,
2420 1100 2478 1147 ut
2507 1091 2552 1145 si
2599 1099 2791 1145 contra
2835 1087 3105 1159 justitiam
3137 1084 3527 1140 inobedientes

1912 1188 2117 1243 fuerint
2147 1186 2273 1240 huic
2302 1192 2501 1240 nostra
2525 1182 2784 1252 jussioni,
2809 1188 2863 1235 ct
2887 1179 3149 1235 contrarii
3179 1194 3277 1231 seu
3335 1174 3523 1229 rebel-

1910 1278 1991 1331 les
2020 1275 2330 1331 exstiterint
2367 1274 2631 1345 pradicto
2670 1272 2819 1325 fratri
2864 1277 3052 1325 nostro
3084 1263 3527 1335 Turonensiepi-

1908 1380 2099 1435 scopo,
2148 1365 2257 1418 sint
2312 1372 2368 1418 et
2423 1363 2527 1432 ipsi
2574 1357 3032 1416 excommunicati
3053 1366 3107 1413 et
3133 1363 3321 1411 nostra
3351 1352 3522 1408 bene-

1905 1456 2149 1511 dictione
2178 1456 2480 1526 apostolica
2504 1454 2722 1527 privati.

2618 1585 2817 1641 XXVII.

1979 1690 2317 1731 Ριινιιιεοιυδι
2368 1690 2590 1728 JOANNIS
2620 1690 2769 1727 PAPE
2820 1689 2913 1726 XIII
2957 1687 3059 1726 PRO
3112 1685 3451 1725 DIONASTERIO

2526 1760 2899 1800 CLUNIACENSI.

2475 1838 2653 1905 (Anno
2674 1836 2953 1902 965-972.)

1907 1934 2140 1986 Hicterio
2190 1934 2515 1997 Arelatensi,
2573 1932 2872 1987 Amblardo
2902 1929 3275 1997 Lugdunensi,
3320 1929 3517 1982 Theat-

1974 2004 2129 2056 baldo
2168 2006 2475 2066 Viennensi,
2508 2006 2772 2073 Stephano
2825 2003 3265 2073 Claromontensi,
3298 1999 3521 2053 Aimoni

1984 2076 2370 2140 Valentinensi,
2400 2083 2518 2134 etc..
2552 2072 2811 2129 Muiolum
2832 2075 3077 2127 abbatem
3121 2072 3517 2127 Ciuniacensem

1972 2146 2193 2216 ejusque
2213 2151 2536 2201 monasteria
2564 2146 2913 2200 commendat.

2401 2236 2628 2307 [Bullar.
2668 2236 2909 2289 Cluniae.
2937 2233 3013 2303 5.]

1969 2343 2207 2397 Jowuss
2262 2344 2582 2413 cpiscOpus,
2625 2358 2817 2395 servus
2872 2354 3155 2394 servorum
3187 2336 3307 2401 Dei,
3338 2335 3515 2390 fratri-

1896 2435 2000 2488 bus
2030 2433 2448 2504 etcoepisc0pis
2481 2450 2579 2503 per
2608 2434 2773 2487 urbes
2820 2431 3118 2485 Galliarum
3160 2427 3514 2484 consistenti-

1896 2524 2001 2578 bus
2026 2532 2081 2577 et
2131 2524 2573 2595 praesidentibus,
2632 2523 2884 2576 HlC’I‘ERlO
2930 2520 3141 2575 scilicet
3185 2518 3516 2584 Arelatensi,

1897 2616 2191 2671 AMBLARDO
2282 2615 2660 2689 Lugdunensi,
2741 2614 3099 2668 Tuurunawo
3187 2611 3517 2675 Viennensi,

1895 2709 2179 2763 Sraeuauo
2212 2707 2669 2773 Claramontensi,
2726 2709 2921 2761 Amom
2959 2703 3360 2770 Valentinensi,
3404 2700 3520 2756 Wt-

1898 2817 2028 2857 nom
2086 2799 2452 2855 Vesontiensi.
2508 2800 2677 2854 ADONI
2732 2794 3143 2859 Matisconensi,
3208 2794 3516 2848 Fnorcamo

1897 2892 2270 2958 Cabilonensi,
2304 2889 2894 2952 WinoutVallaviensi,
2948 2889 3220 2942 Losnmco
3278 2884 3516 2940 Avenio-

1896 2989 2079 3054 nensi,
2126 2989 2376 3042 Gseauoo
2439 2986 2766 3051 Genevensi,
2818 2984 3095 3038 Maousmo
3154 2980 3516 3043 Lausanensi,

1897 3081 2139 3135 Luaonvo
2188 3079 2437 3143 Lurensi,
2492 3079 2780 3133 Rosraeuo
2835 3075 3156 3140 Vivariensi,
3200 3072 3516 3143 apostolica

1894 3168 2125 3241 gratiam
2177 3165 2587 3220 benedictionis
2627 3175 2682 3218 et
2723 3162 2954 3237 gloriam
3006 3169 3230 3215 aterna
3280 3158 3517 3213 beatitu-

1895 3259 2061 3313 dinis.

1976 3351 2245 3405 Latamur
2284 3348 2444 3402 valde
2501 3346 2558 3401 in
2605 3347 2834 3401 Domino
2867 3351 2922 3399 et
2979 3344 3316 3399 exsultamus
3365 3339 3513 3413 quod

1892 3446 2117 3501 dilectio
2150 3445 2244 3499 Dei
2288 3454 2345 3499 et
2385 3444 2623 3499 Charitas
2665 3441 2922 3512 proximi,
2964 3457 3130 3512 quam
3170 3454 3266 3493 vos
3292 3437 3511 3493 studio-

1887 3537 2106 3592 sissime
2127 3537 2424 3592 multorum
2453 3536 2721 3590 relatione
2761 3533 3077 3589 audivimus
3114 3530 3414 3595 custodire,
3447 3529 3514 3582 ad

1891 3628 2007 3683 vias
2034 3628 2252 3683 Domini
2293 3634 2346 3681 et
2374 3627 2631 3681 mandata
2684 3624 2814 3679 facit
2856 3640 2955 3679 vos
3009 3622 3287 3677 subtiliter
3341 3621 3519 3675 anhe—

1892 3721 2030 3788 lare,
2062 3728 2119 3775 ut
2136 3720 2490 3792 pontificatus
2524 3718 2690 3773 vestri
2719 3717 3017 3772 discretum
3054 3715 3300 3789 regimen
3330 3713 3519 3768 multis

1893 3823 2098 3870 sancta
2133 3812 2387 3869 Ecclesia
2413 3810 2542 3866 filiis
2589 3808 2961 3865 necessarium
2985 3814 3207 3878 prastet
3239 3806 3513 3860 levamen.

1897 3908 2051 3973 Quod
2090 3905 2397 3960 manifestis
2446 3902 2870 3976 probationibus
2908 3917 3007 3957 vos
3059 3914 3284 3970 semper
3331 3897 3516 3953 facere

1896 3996 2278 4051 desideramus
2307 3994 2399 4065 pie
2412 4002 2467 4048 et
2487 4006 2907 4048 commonemus
2937 3998 2998 4044 ut
3022 3989 3284 4043 virtutum
3317 3985 3518 4057 pennis

1896 4087 1964 4141 ad
1995 4084 2243 4142 calestia
2262 4082 2619 4140 convolantes
2666 4080 2852 4153 plures
2877 4079 2947 4133 ad
2975 4077 3245 4133 Christum
3279 4074 3516 4147 populos

1896 4184 2112 4239 trahere
2137 4191 2259 4254 post
2285 4196 2383 4236 vos
2414 4179 2661 4252 possitis.
2723 4178 2981 4232 Nostrum
3028 4188 3270 4244 namque
3304 4177 3387 4225 est
3416 4183 3515 4224 vos

1896 4273 2098 4328 hortari
2128 4288 2198 4327 ne
2223 4271 2439 4327 Domini
2460 4268 2829 4340 disciplinam,
2863 4282 2963 4337 per
2996 4280 3159 4335 quam
3193 4257 3513 4332 pervenitur

1892 4365 1961 4419 ad
1991 4364 2245 4435 gloriam,
2277 4360 2692 4434 parvipendatis
2714 4367 2808 4415 aut
2836 4356 3122 4432 negligere
3140 4352 3342 4408 vetitis.
3376 4350 3516 4415 Quo-

1893 4469 2039 4525 niam
2069 4468 2167 4508 vos
2204 4453 2361 4519 estis,
2385 4453 2540 4507 utait
2587 4451 2873 4517 Dominus,
2930 4448 3023 4503 lux
3074 4444 3263 4500 mundi
3324 4450 3379 4498 et
3435 4441 3515 4497 sal

157 4539 417 4610 scopatui
442 4556 543 4595 suo
576 4539 857 4610 pertinere
879 4540 1105 4598 debere.
1139 4556 1432 4612 quousque
1469 4541 1563 4596 ille
1602 4550 1785 4597 vester
1806 4566 1863 4634 D
1889 4555 2068 4614 terra,
2127 4548 2329 4619 quibus
2407 4546 2689 4603 commisit
2755 4544 3023 4601 Dominus
3059 4543 3220 4597 Jesus
3274 4537 3519 4594 Christus

156 4628 636 4699 archiepiscOpus,
672 4636 766 4683 aut
810 4628 1011 4700 aliquis
1042 4646 1108 4683 ex
1162 4630 1320 4686 vobis
1364 4647 1488 4686 cum
1546 4632 1790 4687 Arduino

156 4720 607 4792 archiepiscopo,
674 4720 789 4776 sive
840 4737 963 4775 cum
1007 4738 1108 4776 suo
1154 4721 1526 4797 suﬂ‘raganeo,
1569 4724 1654 4777 vel
1684 4722 1793 4779 alio

156 4811 314 4867 fideli
348 4813 516 4868 misso
547 4813 617 4868 ad
645 4820 887 4868 nostram
921 4822 1167 4869 sanctam
1230 4821 1461 4870 matrem
1495 4815 1794 4871 Ecclesiam

128 4907 371 4972 'veniat,
401 4914 460 4961 ut
495 4908 568 4962 ibi
600 4908 961 4983 pracognitis
991 4910 1175 4964 causis
1222 4910 1367 4964 inter
1390 4926 1487 4966 vos
1513 4920 1568 4965 et
1612 4910 1792 4976 illum,

160 4999 317 5071 quod
352 5015 571 5071 aquum
606 5001 1114 5071 comprobabimus,
1147 5000 1445 5057 definiatur
1474 5003 1543 5057 ad
1573 5002 1793 5057 laudem

163 5088 264 5144 Dei
290 5095 349 5144 et
378 5088 594 5144 Domini
642 5091 814 5144 nostri
873 5090 1003 5144 Iesu
1064 5090 1280 5147 Christi.
1341 5090 1494 5155 Quod
1539 5093 1586 5148 si
1636 5093 1796 5147 aliter

160 5193 334 5249 quam
356 5175 623 5245 jubemus
653 5184 846 5232 contra
876 5179 1215 5234 voluntatem
1247 5180 1370 5249 ejus
1398 5178 1662 5244 feceritis,
1695 5194 1791 5234 co-

155 5266 448 5344 gnoscatis
480 5268 850 5340 vosmetipsos
880 5268 974 5322 Dei
1007 5275 1061 5345 et
1106 5269 1164 5323 Β.
1199 5268 1344 5323 Petri
1370 5269 1640 5339 principis
1665 5285 1794 5340 apo-

158 5360 460 5425 stolorum,
500 5375 599 5429 per
647 5366 850 5415 nostra
880 5360 1208 5415 humilitatis
1233 5360 1575 5427 mandatum,
1603 5370 1794 5417 aucto-

159 5449 326 5504 ritate
349 5449 864 5506 excommunicatos
879 5450 948 5505 ab
981 5450 1134 5506 omni
1169 5450 1545 5507 ecclesiastico
1584 5451 1792 5507 ofﬁcio.

157 5543 282 5611 (Hic
312 5540 520 5595 desinit
544 5543 850 5597 menbrana
883 5545 1207 5598 Turonensis
1238 5562 1255 5597 :
1289 5559 1407 5613 qua
1470 5548 1793 5613 sequuntur,

154 5636 456 5691 adduntur
486 5637 546 5688 in
585 5636 795 5707 editis.)
822 5635 979 5700 Quod
1008 5636 1055 5689 si
1079 5650 1207 5690 vero
1261 5635 1506 5691 debitam
1539 5652 1795 5691 reveren~

156 5724 292 5779 tiam
343 5722 495 5778 circa
531 5724 855 5793 pradictum
910 5723 1136 5780 fratrem
1192 5732 1444 5779 nostrum
1498 5724 1794 5782 observare

235 5855 354 5927 (11)
379 5853 527 5910 Editi
557 5854 771 5913 addunt
786 5871 915 5913 esse.

1895 4638 2195 4694 Ecclesiam
2256 4653 2411 4692 suam
2467 4637 2788 4712 regendam,
2849 4651 3013 4708 quam
3064 4628 3356 4702 acquisivit
3385 4643 3518 4683 san-

1897 4726 2067 4800 guine
2087 4742 2206 4781 suo.
2244 4726 2439 4781 Notum
2480 4725 2667 4797 itaque
2688 4724 2846 4780 vobis
2868 4722 3122 4787 facimus,
3145 4714 3515 4782 dilectissimi,

1897 4815 2049 4887 quod
2080 4814 2239 4871 latior
2266 4821 2322 4870 et
2350 4813 2589 4885 amplior
2618 4812 3021 4884 specialissime
3053 4808 3215 4865 nobis
3244 4813 3345 4870 est,
3388 4805 3520 4859 cha-

1899 4908 2031 4963 ritas
2059 4908 2203 4964 circa
2234 4907 2632 4964 monasterium
2679 4905 2999 4970 Cluniense,
3030 4901 3118 4957 cui
3149 4900 3434 4971 sapienter
3463 4901 3524 4951 et

1895 4997 2061 5052 beate
2108 5005 2311 5068 praest
2383 4996 2737 5051 charissimus
2814 4993 2964 5049 ﬁlius
3038 5000 3227 5047 noster
3283 4988 3522 5042 domnus

1897 5091 2127 5148 Maiolus
2154 5091 2328 5147 abbas
2354 5091 2535 5157 vobis,
2587 5098 2647 5146 ut
2710 5088 3012 5153 credimus,
3068 5086 3210 5140 bene
3268 5089 3434 5137 notus
3461 5085 3523 5134 ut

1897 5189 2024 5251 pote
2045 5181 2129 5235 vir
2150 5182 2463 5254 religiosus,
2497 5195 2663 5251 quem
2689 5177 2848 5233 vobis
2877 5176 3140 5232 attentius
3164 5181 3219 5230 et
3264 5171 3514 5243 diligen-

1896 5271 2005 5326 tius
2026 5288 2151 5327 eum
2182 5271 2536 5329 monasteriis
2564 5269 2847 5337 omnibus,
2877 5284 3000 5341 qua
3068 5267 3190 5336 ejus
3219 5271 3347 5320 sunt
3370 5262 3513 5317 sub-

1889 5362 2039 5433 jecta
2069 5364 2348 5440 regimini,
2364 5363 2724 5420 commendo:
2745 5369 3097 5431 vestramque
3110 5355 3515 5413 beatitudinem

1896 5466 2096 5523 precor
2122 5454 2273 5525 quod
2304 5453 2402 5509 Dei
2432 5468 2642 5519 amore,
2684 5468 2748 5507 ac
2797 5448 3157 5507 veneratione
3207 5445 3354 5501 beati
3374 5443 3520 5499 Petri

1895 5545 2272 5615 apostolorum
2330 5545 2622 5617 principis,
2676 5551 2875 5599 nostra
2929 5557 3153 5614 quoque
3205 5536 3524 5594 dilectionis

1896 5633 2117 5705 affectu,
2151 5645 2493 5709 protectores
2521 5636 2642 5692 sitis
2671 5635 3060 5692 canobiorum
3113 5631 3221 5687 sibi
3255 5628 3521 5686 commis-

1895 5740 2104 5783 sorum.
2134 5728 2330 5784 Nostra
2385 5728 2613 5799 insuper
2648 5724 2976 5782 auctoritate
3023 5722 3171 5779 beati
3224 5720 3372 5776 Petri
3392 5717 3514 5775 vice
