3924 6400
343 417 440 471 991

1680 417 1953 475 JOANNIS
1995 418 2111 473 XIII
2153 418 2347 474 PAP/E

3594 429 3704 485 992

346 542 843 611 fultaetroborata,
868 544 1387 615 Deiomnipotentis
1406 546 1743 618 disponente
1763 545 1961 620 gratia,
1994 550 2038 615 Α
2066 546 2344 614 locellum,
2377 549 2473 622 qui
2528 566 2559 604 a
2607 552 2889 624 Stephano
2947 555 3065 610 viro
3118 554 3319 610 illustri
3376 562 3548 628 atque
3576 557 3701 625 ejus

346 649 445 688 vos
474 633 933 697 commonefacio,
963 640 1021 688 ut
1048 635 1368 707 quicunque
1427 643 1644 706 potens,
1705 635 1793 691 vel
1834 650 1965 706 per-

347 735 485 776 sona
513 721 748 790 alicujus
778 723 1044 777 momenti
1089 725 1461 793 praeminens
1500 741 1587 779 res
1611 741 1711 780 seu
1742 739 1966 795 posses-

348 809 537 864 siones
550 810 661 879 jam
693 811 962 865 dictorum
981 811 1228 867 locorum
1255 813 1557 884 pervadere
1585 828 1722 867 ausu
1750 810 1965 867 nefario

349 906 661 973 tentaverit,
691 921 979 961 censuram
1011 914 1204 962 vestra
1236 906 1824 963 excommunicationis
1849 906 1966 961 dis—

350 996 741 1061 trictissimam,
773 1012 893 1053 mox
923 1005 982 1053 ut
1012 999 1406 1070 cognoveritis,
1440 998 1885 1055 irrevocabiliter
1914 1005 1971 1052 et

347 1089 527 1143 acrius
551 1089 815 1153 incurrat,
847 1099 901 1144 et
928 1106 958 1144 a
1001 1098 1278 1146 conventu
1326 1091 1574 1146 fidelium
1621 1096 1968 1165 segregctur,

348 1193 446 1247 per
474 1184 706 1232 vestram
762 1194 938 1234 necne
977 1179 1422 1237 testificationem
1478 1182 1613 1236 satis
1643 1177 1969 1249 formidabi-

349 1266 454 1319 lem
484 1266 704 1322 vinculo
760 1276 961 1323 nostra
1019 1269 1613 1326 cxcommunicationis
1661 1284 1721 1324 se
1751 1268 1967 1324 noverit

345 1357 686 1429 colligatum,
743 1358 923 1413 donec
976 1358 1354 1415 satisfactione
1383 1375 1628 1433 congrua
1656 1359 1963 1431 resipiscat,

344 1451 397 1498 et
453 1445 701 1515 pradicti
756 1448 1079 1502 monasterii
1138 1449 1279 1519 patri
1332 1448 1531 1505 Maiolo
1599 1448 1963 1503 humilitatem

344 1534 607 1589 exhibeat
629 1535 844 1590 veniam
904 1537 1237 1607 postulando
1289 1545 1344 1592 et
1399 1539 1813 1608 consequendo.
1860 1538 1962 1591 De-

342 1624 510 1696 nique
551 1642 649 1681 vos
685 1627 880 1696 adjuro
936 1628 1038 1682 sub
1104 1629 1456 1684 invocatione
1505 1629 1869 1685 sanctissima
1908 1639 1963 1684 et

345 1712 646 1769 individua
698 1716 981 1771 Trinitatis
1041 1725 1204 1789 atque
1277 1719 1603 1774 auctoritate
1655 1719 1962 1789 apostolica

344 1805 565 1860 enixius
596 1806 881 1878 pracipio,
909 1816 983 1876 et,
1016 1810 1658 1867 utfratrescharissimos
1689 1826 1961 1884 rogo,non

345 1896 513 1952 licere
543 1898 703 1953 vobis
752 1901 1033 1968 praterire
1092 1903 1199 1957 hoc
1229 1903 1400 1957 nostri
1434 1903 1654 1973 pondus
1681 1902 1965 1975 praecepti,

348 1986 497 2056 quod
528 1996 583 2041 et
609 1997 813 2044 sancta
839 1990 1097 2046 Ecclesia
1113 1992 1374 2048 exaltatio
1393 1999 1449 2047 et
1473 2000 1653 2049 vestra
1677 1995 1745 2048 ad
1761 2002 1968 2049 aterna

350 2077 494 2132 bona
524 2085 609 2133 est
637 2082 939 2150 provectio.
971 2083 1042 2137 Te
1071 2084 1258 2152 etiam,
1312 2085 1482 2140 frater
1537 2094 1592 2141 et
1640 2087 1968 2159 coepiscope

350 2169 653 2240 Stephanc,
685 2173 740 2227 in
772 2174 1006 2230 Domino
1064 2176 1318 2249 alloquor
1361 2194 1461 2249 pro
1514 2178 1680 2234 insita
1720 2180 1969 2235 bonitate

348 2262 446 2316 tibi
475 2270 532 2318 ut
561 2266 865 2336 compellas
898 2267 1251 2323 Amblardum
1283 2269 1504 2325 fidelem
1520 2276 1673 2325 tuum
1704 2270 1969 2326 Celsinia—

347 2357 508 2411 nensi
527 2359 786 2415 canobio
801 2360 1078 2431 propriam
1095 2370 1487 2434 terram,quam
1501 2364 1772 2419 hactenus
1786 2364 1967 2418 eidem

348 2448 623 2505 subtraxit
647 2454 1436 2526 monasterio,[restituere],ut
1463 2465 1559 2511 tuo
1567 2455 1973 2524 judiciocorre-

344 2546 465 2593 ctus
490 2539 752 2612 ligamina
787 2544 1047 2598 terribilis
1078 2545 1668 2601 excommunicationis
1694 2554 1748 2600 et
1781 2561 1972 2615 poenas

346 2638 568 2687 aeterna
591 2635 965 2691 damnationis
992 2638 1226 2692 evadere
1251 2638 1425 2708 possit
1448 2656 1462 2704 ;
1496 2638 1758 2711 quoniam
1782 2640 1827 2693 si
1858 2655 1970 2695 non

348 2725 664 2794 resipuerit,
726 2727 1125 2783 interminabili
1182 2729 1529 2785 anathemate
1580 2729 1828 2785 ferietur.
1869 2731 1973 2785 Res

352 2832 575 2887 quoque
604 2818 775 2892 exigit
814 2829 875 2874 ut
902 2819 1000 2874 tibi
1029 2821 1213 2892 aliqua
1256 2822 1522 2888 dicamus,
1556 2823 1725 2878 frater
1752 2824 1970 2878 charis-

352 2909 513 2977 sime,
548 2918 603 2966 et
633 2914 867 2968 amande
897 2914 1101 2970 domne
1154 2917 1269 2972 Ado
1309 2917 1592 2988 episc0pe,
1626 2933 1812 2989 quem,
1847 2918 1976 2974 licet

357 3018 467 3057 non
496 3003 818 3073 viderimus,
864 3023 928 3061 ex
956 3007 1184 3063 nomine
1233 3008 1489 3065 novimus
1520 3010 1575 3064 in
1625 3009 1776 3065 omni
1807 3010 1975 3079 spiri-

353 3093 486 3147 tuali
517 3093 784 3151 bonitate.
844 3097 1218 3171 Efﬂagitamus
1270 3100 1453 3172 itaque
1509 3100 1968 3175 benignissimam

354 3192 462 3237 tua
494 3184 838 3254 paternitatis
881 3188 1256 3254 dulcedinem.
1313 3198 1373 3245 ut
1425 3207 1533 3263 quo
1590 3191 1824 3247 vicinior
1844 3209 1968 3248 esse

353 3275 558 3331 videris
590 3277 798 3348 prafati
826 3281 1147 3336 monasterii
1171 3282 1400 3349 schola,
1431 3243 1487 3337 et
1514 3292 1606 3338 tua
1626 3285 1970 3354 protectione
1994 3243 2044 3313 Ο

357 3380 456 3434 pro
513 3374 607 3421 tuo
660 3383 822 3438 posse
859 3370 1095 3425 celerior
1151 3370 1376 3427 fratrum
1436 3374 1860 3429 necessitatibus
1880 3390 1975 3430 oc-

355 3462 557 3519 currat,
592 3456 687 3527 qui
742 3466 792 3511 tc
848 3474 914 3511 ex
954 3458 1260 3515 abundanti
1317 3463 1582 3518 charitate
1634 3463 1874 3537 diligunt
1918 3472 1974 3520 et

354 3545 499 3599 ulnis
521 3545 691 3600 totius
728 3547 932 3602 amoris
978 3549 1385 3619 perfectissime
1446 3552 1720 3617 ambiunt,
1752 3562 1808 3609 et
1857 3570 1974 3609 ams

354 3636 520 3706 plecti
552 3637 885 3693 desiderant.
946 3640 1213 3704 Quocirca
1281 3642 1597 3698 Cluniensis
1655 3646 1975 3701 monasterii

352 3744 576 3799 semper
604 3739 723 3786 esto
785 3735 1266 3802 protector,’sicut
1306 3736 1451 3794 beati
1498 3738 1644 3794 Petri
1705 3755 1766 3794 es
1795 3740 1976 3796 fidelis

353 3828 586 3875 amator.

1056 3897 1260 3953 XXVIII

357 4000 579 4040 JOANNIS
627 4003 774 4041 PAPE
830 4005 922 4043 XIII
990 4006 1335 4047 PRIVILEGIUM
1367 4011 1697 4051 ADALBERONI
1744 4014 1970 4053 REMENSI

771 4076 1018 4115 ARCHIEPI
1028 4077 1193 4118 SCOPO
1235 4079 1563 4121 CONCESSUM.

989 4154 1162 4213 (Anno
1191 4153 1341 4222 972.)

357 4238 650 4315 Conﬁrmat
694 4239 988 4315 (ίενίηέειιιηι⁸
1020 4243 1395 4315 Adalberom’s
1439 4248 1538 4315 qui
1594 4250 1880 4303 monac/tos
1919 4252 1976 4304 in

496 4311 811 4363 Mosomcnsi
824 4313 1055 4366 canobio
1077 4329 1178 4382 pro
1206 4311 1481 4370 canonici—8
1506 4318 1793 4374 collocarat

537 4417 711 4488 [Apud
746 4419 939 4486 Mansi,
972 4421 1172 4476 Concil.
1204 4428 1338 4478 tom.
1373 4423 1507 4492 XIX,
1532 4426 1638 4480 col.
1681 4427 1793 4499 31,]

428 4545 670 4601 Joannes
699 4549 1020 4620 episcopus,
1068 4568 1260 4607 servus
1286 4570 1570 4611 servorum
1604 4557 1721 4623 Dei,
1765 4559 1971 4615 charis-

359 4633 500 4689 simo
522 4634 578 4688 in
611 4635 841 4693 Domino
867 4637 1017 4694 fratri
1062 4642 1407 4698 ADALBERONI
1446 4654 1649 4702 sancta
1680 4648 1971 4703 Remensis

363 4724 622 4781 Ecclesia
652 4727 978 4799 dignissimo
1000 4733 1398 4803 archiprasuli,
1428 4745 1755 4808 perpetuam
1782 4740 1835 4794 in
1868 4741 1975 4796 Do-

358 4814 511 4871 mino
540 4818 773 4873 salutem

427 4911 482 4965 Si
501 4913 764 4968 ecclesias
791 4915 955 4987 longe
1010 4916 1230 4989 lateque
1257 4919 1485 4976 diffusas
1525 4921 1715 4979 divino
1746 4931 1883 4980 nutu
1916 4926 1971 4981 in

358 5011 549 5058 sancta
576 5005 845 5077 religione
874 5024 1127 5065 crescere
1183 5013 1589 5084 cognoscimus,
1635 5016 1745 5071 Deo
1793 5018 1975 5073 omni-

358 5096 568 5164 potenti
609 5098 870 5154 laudibus
923 5102 1197 5158 exsultare
1248 5104 1564 5177 gratiasque
1584 5106 1747 5181 juges
1772 5108 1974 5165 referre

359 5183 648 5240 debemus.
675 5187 1021 5260 Quapropter
1058 5194 1422 5267 cognovimus
1450 5201 1544 5251 tua
1568 5196 1836 5253 industria
1864 5207 1974 5254 sta-

359 5272 578 5329 bilitum
621 5275 677 5330 in
711 5277 955 5334 Mosomo
992 5290 1193 5347 castro,
1234 5285 1384 5355 quod
1428 5292 1512 5340 est
1539 5303 1709 5356 super
1739 5287 1969 5345 ﬂuvium

357 5362 541 5429 Mosa,
574 5366 631 5422 in
651 5368 1011 5425 veneratione
1057 5371 1152 5426 Dei
1197 5374 1484 5447 genitricis
1532 5375 1734 5444 Maria,
1768 5393 1969 5434 mona-

355 5452 585 5509 sterium
614 5458 1011 5513 monachorum
1051 5460 1323 5535 religione
1351 5464 1666 5520 deculatum
1699 5465 1825 5537 [fon
1869 5467 1972 5522 de-

357 5552 625 5613 coratum,
656 5550 739 5603 vel
777 5566 813 5603 ιι
865 5550 1025 5605 decus
1065 5552 1433 5627 decusatum],
1475 5557 1697 5631 tuisque
1718 5562 1973 5631 proprie-

360 5634 585 5702 tatibus,
616 5639 975 5711 ecclesiaque
1009 5651 1134 5709 tua,
1156 5646 1316 5701 terris
1331 5656 1387 5703 et
1415 5651 1670 5707 ecclesiis
1699 5654 1966 5719 dotatum,

358 5722 508 5813 quod
534 5724 639 5813 sub
694 5726 896 5798 pagina
938 5729 995 5782 Β.
1056 5732 1221 5797 Petri,
1275 5739 1651 5804 apostolorum
1705 5742 1974 5813 principis

362 5810 592 5877 decreti,
630 5813 936 5884 nostrique,
993 5823 1045 5871 te
1074 5826 1287 5886 orante,
1331 5827 1677 5897 suscepimus
1707 5810 1974 5902 _lnsuper

2065 640 2304 713 conjuge
2331 641 2628 711 Freduide,
2674 647 2774 699 Tin
2802 645 3025 701 nomine
3078 647 3436 713 constitutus,
3472 654 3699 704 sancto-

2067 743 2176 798 que
2207 728 2456 803 Remigio
2483 732 2805 803 suppositus
2852 733 2978 798 fuit,
3038 752 3205 806 quem
3264 735 3446 791 eidem
3501 752 3700 791 mona-

2068 820 2238 876 sterio
2271 822 2534 891 Mosomo,
2584 825 2716 897 quia
2759 842 2859 896 per
2883 843 2944 882 se
2996 827 3067 882 ob
3119 827 3474 902 exiguitatem
3510 845 3696 884 rerum

2069 920 2214 967 stare
2265 930 2375 969 non
2425 924 2661 985 poterat,
2719 917 3025 975 contulisti.
3091 916 3308 973 collatis
3336 917 3501 972 rebus
3541 933 3701 973 com-

2073 1001 2400 1069 pensatione
2431 1003 2487 1058 B.
2513 1003 2785 1079 Remigio,
2818 1005 3301 1060 consentientibus
3330 1004 3612 1061 fratribus.
3633 1007 3701 1061 Ut

2069 1100 2253 1147 autem
2285 1102 2582 1168 cognoscat
2610 1096 2871 1151 universa
2920 1096 3164 1152 Ecclesia
3222 1112 3324 1152 nos
3355 1096 3701 1151 unanimiter

2070 1182 2343 1238 assentire
2372 1200 2386 1237 :
2416 1200 2446 1238 a
2477 1191 2531 1238 te
2560 1185 2759 1240 collata
2815 1186 2901 1240 vel
2965 1186 3325 1252 conferenda,
3370 1201 3468 1240 seu
3507 1202 3539 1240 a
3569 1187 3699 1258 qui-

2068 1271 2336 1339 buslibet,
2369 1272 2424 1326 in
2457 1274 2617 1328 terris
2642 1274 2804 1330 cultis
2832 1281 2887 1329 et
2922 1274 3168 1339 incultis,
3235 1273 3432 1339 vineis,
3502 1273 3697 1343 pratis,

2066 1364 2338 1432 ecclesiis,
2371 1366 2666 1437 mancipiis
2719 1367 3003 1437 utriusque
3034 1382 3241 1431 sexus;
3309 1363 3469 1436 aquis
3519 1380 3701 1435 aqua-

2068 1471 2187 1509 rum
2220 1455 2568 1523 decursibus,
2610 1456 2667 1510 in
2699 1455 2963 1511 omnibus
2991 1455 3061 1510 ad
3089 1454 3468 1526 supradictum
3501 1469 3702 1509 mona-

2063 1553 2291 1609 sterium
2343 1555 2778 1625 pertinentibus,
2834 1556 2891 1609 Β.
2951 1555 3096 1610 Petri
3130 1554 3509 1626 apostolorum
3538 1553 3699 1624 prin-

2062 1642 2225 1713 cipis,
2254 1650 2309 1697 et
2374 1644 2570 1710 nostri,
2634 1643 2916 1699 firmamus
2963 1644 3207 1709 decreto,
3241 1649 3519 1714 quatenus
3568 1641 3699 1697 sine

2065 1731 2235 1787 livore
2266 1732 2660 1788 oblatrantium
2694 1733 2847 1788 locus
2893 1733 3114 1804 quietus
3158 1738 3212 1785 et
3238 1730 3583 1786 inviolabilis
3608 1730 3701 1798 ju-

1988 1860 2041 1928 B
2063 1824 2206 1899 giter
2233 1832 2572 1895 permaneat.
2629 1826 2684 1880 Si
2743 1827 2869 1898 quis
2899 1826 3132 1891 interea,
3175 1826 3325 1897 quod
3363 1840 3474 1880 non
3507 1823 3702 1879 credi-

2068 1933 2213 1982 mus,
2246 1919 2538 1973 temerario
2568 1934 2707 1973 ausu
2761 1927 3050 1975 contraca
3100 1933 3225 1989 qua
3257 1916 3327 1970 ab
3361 1916 3462 1970 hac
3504 1923 3703 1970 nostra

2068 2008 2391 2064 auctoritate
2414 2009 2504 2079 pie
2531 2018 2586 2063 et
2624 2007 2858 2063 firmiter
2893 2023 2994 2078 per
3024 2008 3130 2062 hoc
3170 2012 3417 2061 nostrum
3477 2004 3703 2075 privile-

2068 2099 2219 2172 gium
2251 2100 2519 2171 disposita
2543 2107 2693 2166 sunt,
2755 2101 2833 2154 ire
2894 2098 3207 2165 tentaverit,
3259 2098 3347 2153 vel
3377 2098 3494 2152 hac
3515 2112 3640 2168 qua
3666 2114 3700 2150 a

2071 2189 2235 2244 nobis
2265 2189 2336 2245 ob
2367 2190 2584 2244 laudem
2615 2190 2708 2245 Dei
2743 2205 2840 2260 pro
2863 2189 3157 2244 stabilitate
3184 2189 3297 2257 jam
3329 2187 3463 2243 dicti
3503 2202 3702 2242 mona-

2069 2281 2464 2348 sterii,statuta
2495 2289 2644 2347 sunt,
2701 2281 2954 2356 frangere
2997 2288 3052 2337 et
3103 2281 3160 2335 in
3192 2295 3470 2352 quoquam
3511 2285 3700 2333 trans-

2071 2372 2401 2444 gredi,sciat
2432 2389 2491 2427 sc
2523 2373 2846 2429 auctoritate
2880 2373 2935 2427 Β.
2961 2372 3127 2439 Petri,
3159 2373 3341 2441 cujus,
3377 2387 3700 2443 quanquam

2072 2466 2357 2532 immeriti,
2387 2467 2537 2521 vices
2566 2467 2799 2541 agimus,
2825 2463 3195 2519 anathematis
3225 2463 3702 2518 vinculoinnoda-

2073 2566 2210 2624 tum,
2242 2566 2297 2614 et
2327 2575 2450 2614 cum
2478 2558 2697 2614 diabolo
2729 2566 2782 2613 ct
2805 2558 2947 2625 Juda
2980 2555 3241 2612 traditore
3278 2555 3495 2611 Domini
3517 2555 3696 2609 nostri

2070 2652 2200 2708 Jesu
2266 2651 2461 2707 Christi
2515 2659 2725 2706 aterno
2764 2650 3025 2706 incendio
3074 2647 3565 2705 concremandum.
3632 2648 3703 2701 At
3754 2670 3767 2681 ο

2072 2749 2204 2787 vero
2236 2737 2328 2808 qui
2355 2738 2446 2809 pio
2470 2738 2669 2793 intuitu
2696 2737 3089 2793 observatorin
3111 2736 3374 2793 omnibus
3403 2734 3699 2795 exstiterit,

2073 2826 2395 2880 custodiens
2410 2827 2583 2881 nostri
2612 2826 2903 2897 apostolici
2930 2826 3214 2881 constituti
3247 2824 3317 2879 ad
3344 2823 3551 2878 cultum
3602 2823 3700 2877 Dei

2075 2916 2430 2987 respicientis
2465 2916 2917 2988 praceptionem,
2949 2912 3359 2970 benedictionis
3382 2912 3614 2987 gratiam
3644 2920 3704 2966 et

2075 3007 2404 3063 delictorum
2461 3022 2686 3062 suorum
2740 3006 3143 3079 indulgentiam
3201 3010 3595 3076 consequatur,
3643 3012 3707 3058 et

2075 3097 2199 3152 vita
2231 3105 2451 3152 aterna
2483 3097 2759 3168 particeps
2783 3095 3073 3151 efﬁciatur.

2143 3188 2420 3259 Scriptum
2454 3203 2555 3258 per
2600 3202 2820 3241 manum
2869 3185 3137 3257 Stephani
3179 3182 3453 3238 scriniarii
3488 3192 3707 3237 sancta

2077 3279 2336 3334 Romana
2360 3277 2639 3343 Ecclesia,
2672 3277 2729 3330 in
2761 3291 2953 3330 mense
2988 3273 3180 3346 Aprili.
3220 3273 3351 3327 Data
3378 3287 3475 3344 per
3504 3288 3709 3327 manus

2075 3372 2308 3426 Andrea
2341 3369 2591 3442 episcopi
2624 3385 2676 3423 ιχ
2708 3368 2935 3423 Kalend.
2979 3366 3127 3429 Maii,
3160 3380 3308 3420 anno
3340 3364 3708 3436 pontiﬁcatus

2075 3460 2287 3516 domini
2310 3458 2483 3514 nostri
2510 3456 2846 3512 sanctissnmi
2894 3455 3200 3528 [Joannes],
3232 3460 3287 3510 et
3320 3454 3466 3510 tertii
3498 3454 3707 3510 decimi

2078 3568 2258 3623 papa,
2303 3551 2583 3621 septimo;
2640 3548 2861 3620 imperii
2893 3556 3078 3602 autem
3131 3547 3190 3601 D.
3223 3544 3439 3601 Ottonis
3478 3544 3711 3614 majoris

2076 3643 2403 3716 Augustin,
2427 3642 2668 3712 junioris
2696 3659 2757 3708 ιι,
2791 3641 3007 3712 quinto,
3040 3640 3096 3694 in
3127 3653 3321 3694 mense
3367 3636 3565 3709 Aprili,
3612 3637 3706 3691 in—

2077 3732 2320 3788 dictione
2350 3749 2417 3787 xv

2800 3800 2975 3855 XXIX.

2074 3913 2294 3953 JOANNIS
2321 3912 2469 3950 ΡΔΡΕ
2498 3911 2591 3950 XIII
2652 3908 2901 3949 EPISTOLA
2955 3909 3025 3947 AD
3052 3906 3451 3946 ADALBERONEI
3495 3907 3710 3945 REMBN-

2574 3982 2675 4021 SEM
2716 3979 3198 4020 ANCBIEPISCOPUM.

2708 4058 2887 4127 (Anno
2914 4057 3060 4118 97:2.)

2361 4150 2714 4217 Pri-vilegium
2732 4149 3047 4202 monasterii
3078 4146 3134 4202 S.
3160 4146 3410 4211 Remigii.

2437 4258 2653 4330 [Mansn
2704 4258 2928 4324 ϐοηθῶ,
2966 4255 3148 4322 XVIII,
3190 4253 3337 4324 485.]

2145 4373 2389 4428 Joannes
2419 4373 2738 4443 episcopus,
2760 4386 2954 4425 servus
2982 4383 3268 4424 servorum
3299 4367 3420 4435 Dei,
3455 4366 3712 4422 dilectis-

2075 4463 2217 4517 simo
2250 4462 2307 4516 in
2336 4461 2568 4517 Domino
2597 4460 2750 4516 fratri
2782 4460 3155 4525 Anacaaaom,
3194 4465 3403 4512 sancta
3456 4456 3704 4511 Remen-

2076 4555 2156 4609 sis
2184 4553 2444 4610 Ecclesia
2482 4552 2809 4628 dignissimo
2841 4550 3244 4623 archiprasuli,
3270 4557 3596 4621 perpetuam
3625 4564 3713 4603 sa-

2080 4650 2267 4703 lutem.

2146 4742 2414 4799 Convenit
2469 4739 2801 4812 apostolatui
2859 4746 3067 4805 nostro,
3127 4753 3224 4809 pro
3282 4736 3565 4792 universis
3609 4731 3711 4790 Dei

2076 4833 2357 4899 Ecclesiis,
2391 4847 2461 4886 ne
2489 4832 2689 4885 damna
2736 4845 2919 4885 rerum
2972 4845 3196 4885 suarum
3236 4828 3580 4895 sustineant,
3602 4827 3705 4881 sed

2075 4925 2252 5000 magis
2277 4939 2498 4994 semper
2550 4923 2608 4977 in
2639 4922 2839 4977 melius
2871 4928 3179 4996 augeantur
3208 4928 3263 4976 et
3291 4926 3562 4984 crescant,
3606 4935 3711 4973 cu-

2078 5034 2192 5072 ram
2247 5017 2472 5072 babere.
2533 5014 2703 5088 Igitur
2741 5014 2871 5087 quia
2910 5013 3271 5069 fraternitatis
3326 5021 3437 5067 tua
3478 5010 3709 5066 dilectio

2078 5125 2181 5165 nos
2212 5107 2530 5180 postulavit,
2549 5114 2822 5179 quatenus
2851 5104 3250 5160 monasterium
3279 5104 3428 5175 quod
3461 5119 3707 5174 corpore

2076 5200 2223 5256 beati
2268 5199 2503 5274 Remigii
2548 5199 2890 5264 nobilitatur,
2924 5195 3214 5271 privilegio
3252 5203 3458 5251 sancta
3499 5204 3708 5251 nostra

2072 5293 2224 5348 sedis
2247 5291 2565 5363 apostolica
2611 5292 2978 5355 muniremus,
3020 5288 3170 5361 quod
3199 5287 3267 5343 ad
3302 5287 3396 5342 Dei
3444 5287 3708 5358 omnipo-

2075 5380 2243 5436 tentis
2264 5380 2577 5446 laudem,et
2603 5378 2854 5447 ejusdem
2888 5378 3034 5432 beati
3069 5375 3305 5450 Remigii
3326 5374 3679 5434 honorificen
3694 5406 3709 5415 ο

2074 5471 2227 5538 tiam,
2269 5469 2477 5524 nullius
2533 5468 2775 5524 hominis
2819 5467 3049 5522 avaritia
3087 5476 3142 5521 et
3181 5465 3496 5522 temeritate
3530 5466 3710 5520 valeat

2073 5558 2129 5612 in
2152 5573 2431 5629 quoquam
2459 5557 2677 5625 violari,
2711 5564 2766 5611 et
2821 5555 3019 5618 minui,
3072 5554 3170 5609 sed
3210 5553 3398 5625 potius
3436 5562 3713 5628 augeatur

2073 5659 2127 5705 et
2156 5657 2385 5705 crescat.
2456 5651 2802 5721 Quapropter
2845 5664 2946 5719 per
2976 5647 3350 5703 interventum
3404 5656 3515 5701 tua
3565 5647 3712 5702 dile-

2072 5741 2294 5809 ctionis,
2324 5741 2819 5797 archimonasterio
2849 5740 3001 5812 quod
3031 5740 3088 5794 in
3144 5738 3369 5794 Francia
3403 5738 3574 5793 situm
3625 5748 3711 5794 est

2074 5847 2186 5887 non
2215 5832 2381 5909 longe
2403 5850 2436 5888 a
2462 5833 2686 5889 civitate
2716 5832 2998 5900 Remensi,
3051 5832 3141 5889 cui
3202 5846 3443 5904 praesse
3474 5830 3708 5900 videris,
