3924 6414
395 433 504 489 995

1739 397 2007 457 JOANNlS
2046 395 2163 451 XIII
2205 393 2394 449 ΡΑΡᾹΞ

3643 383 3761 439 996

397 562 555 616 cimze
588 555 906 612 reddituum
948 544 1194 618 praedicti
1225 536 1548 597 monasterii
1588 530 1803 589 Domini
1837 526 2026 618 Salva—
2054 528 2100 593 Α
2129 521 2343 577 ﬁnitum
2376 520 2561 583 fuerit,
2585 535 2697 575 non
2738 519 2906 575 debet
2926 518 3140 574 violari.
3173 519 3234 573 Et
3261 516 3393 589 quia
3422 513 3762 588 praecellen-

395 654 527 710 toris
586 645 799 705 avohis
840 637 1073 700 fundati,
1125 650 1157 688 a
1212 630 1418 685 nullius
1469 622 1719 681 ecclesize
1768 615 2026 690 praesule,

397 743 593 817 quovis
634 736 863 811 ingenio
899 732 1207 803 exigantur.
1242 726 1294 779 Ei.
1330 719 1749 794 Promulgantes
1799 724 2024 781 nempe,

404 803 459 897 et
502 803 831 894 auctoritate
885 823 1193 882 beatissimi
1222 819 1367 875 Petri
1416 814 1791 888 apostolorum
1820 803 2027 877 princi-

400 894 505 1003 pis,
528 941 714 983 coram
746 923 856 976 Deo
885 924 940 972 ct
966 912 1197 971 terribili
1222 910 1403 965 futuro
1428 903 1704 965 examine,
1732 913 1839 969 per
1866 894 2029 963 hujus

401 990 570 1077 nostri
605 1005 1183 1088 apostoliciprivilegii
1212 998 1691 1060 constitutionem,
1725 990 2028 1050 sancimus,

402 1122 462 1170 ut
494 1112 751 1168 universa
778 1121 900 1177 qua:
928 1119 959 1157 a
1002 1099 1166 1156 nobis
1203 1097 1256 1151 in
1292 1094 1459 1149 rebus
1499 1085 1802 1144 mobilibus
1831 1088 1886 1136 et
1915 1080 2026 1134 im-

405 1205 699 1263 mobilibus
717 1199 941 1271 praefato
957 1190 1293 1249 monasterio
1315 1187 1499 1243 oblata
1517 1192 1571 1237 et
1588 1193 1851 1236 concessa
1878 1180 2027 1239 sunt,

406 1316 617 1358 necnon
642 1306 697 1353 et
718 1294 1102 1368 possessiones
1122 1304 1247 1359 quae
1267 1302 1296 1339 a
1316 1282 1558 1355 regibus,
1584 1284 1637 1333 et
1657 1271 2024 1347 principibus,

403 1393 485 1447 sui
505 1360 851 1463 quibuslibet
869 1379 1066 1437 Christi
1081 1376 1338 1432 fidelibus
1354 1370 1569 1426 collatae
1589 1371 1742 1431 sunt,
1756 1360 2026 1418 fuerintve

403 1484 457 1537 in
492 1446 795 1552 posterum,
828 1474 1159 1528 inconcussa
1188 1462 1489 1520 stabilitate
1519 1458 1585 1512 ad
1620 1455 1741 1522 ejus
1764 1459 1819 1507 et
1853 1446 2030 1504 domi-

405 1573 555 1627 nium
574 1569 755 1640 ipsum
775 1560 1061 1635 perpetuis
1078 1554 1422 1627 temporibus
1440 1553 1816 1622 perseverent.
1842 1541 1952 1596 Nec
1970 1538 2032 1593 li-

404 1627 692 1722 centiasit,
709 1661 768 1709 ut
782 1652 989 1707 dictum
1006 1657 1089 1702 est
1107 1645 1288 1700 eidem
1306 1648 1499 1696 sancto
1511 1631 1848 1691 monasterio
1868 1627 2033 1700 perti-

412 1751 697 1815 nentibus,
710 1746 968 1816 cuiquam
982 1753 1197 1814 magna:
1213 1748 1507 1808 parvaeque
1521 1741 1774 1801 persona)
1794 1723 2033 1793 diripere

406 1844 615 1918 aliquid
630 1850 686 1898 et
699 1838 937 1903 auferre,
951 1844 1011 1890 ut
1024 1820 1277 1905 profecto
1289 1828 1356 1882 ad
1370 1826 1465 1882 Dei
1479 1822 1696 1880 Iaudem
1712 1833 1841 1874 secu
1851 1831 1911 1869 ru

408 1903 784 2006 tranquillum,
827 1927 985 1995 juxta
1025 1903 1101 1988 id,
1147 1935 1257 1991 quo
1305 1916 1580 1972 munitum
1643 1903 2031 1981 patrocinium,

412 2029 644 2086 tuitione
661 2029 865 2081 sanctae
879 2018 1030 2075 sedis
1044 2012 1363 2086 apostolica!
1384 2010 1498 2064 fore
1511 2002 1878 2062 decrevimus,
1891 1997 2035 2051 bene

411 2123 679 2183 dotatum,
712 2122 765 2170 et
792 2114 846 2168 in
882 2110 1081 2167 melius
1108 2105 1411 2162 dotandum
1444 2100 1787 2171 permaneat.
1822 2091 1877 2145 Si
1911 2089 2038 2161 quis

409 2219 615 2278 autem,
646 2207 795 2281 quod
839 2220 950 2260 non
982 2208 1263 2272 optamus,
1305 2192 1516 2249 nefario
1563 2205 1723 2255 ausu,
1757 2198 2033 2256 praesum-

410 2306 580 2378 pserit
619 2304 759 2367 haec,
791 2314 916 2371 quae
944 2313 975 2350 a
1001 2293 1166 2349 nobis
1193 2290 1260 2345 ad
1312 2281 1791 2343 honoriﬁcentiam
1820 2275 2036 2333 Domini

416 2371 511 2450 Dei
544 2388 840 2448 Salvatoris
869 2383 1064 2449 nostri,
1092 2396 1193 2453 pro
1223 2375 1522 2433 stabilitate
1552 2371 1727 2443 ipsius
1755 2372 2035 2423 monaste-

421 2486 488 2541 rii
542 2487 746 2539 statuta
797 2483 944 2539 sunt,
1006 2470 1338 2545 transgredi,
1379 2466 1522 2521 sciat
1561 2480 1621 2518 se
1673 2456 2039 2516 anathematis

416 2575 663 2642 vinculo,
696 2579 752 2628 et
782 2560 1371 2625 excommunicationis
1425 2555 1773 2620 innodatum,
1831 2560 2034 2606 etcum

413 2666 662 2731 diabolo,
696 2670 751 2718 et
779 2658 1038 2717 omnibus
1080 2653 1268 2725 impiis
1314 2649 1505 2705 aeterni
1535 2644 1784 2701 incendii
1815 2639 2039 2696 atrocis-

412 2760 555 2815 simo
583 2754 859 2826 supplicio
880 2752 1226 2822 deputatum.
1249 2745 1301 2799 6.
1328 2746 1392 2798 At
1412 2756 1567 2807 vero,
1594 2737 1689 2809 qui
1716 2736 1809 2808 pio
1839 2731 2041 2787 intuitu

414 2863 603 2913 custos
626 2862 681 2907 et
705 2852 1029 2905 observator
1049 2858 1241 2899 eorum
1263 2838 1557 2903 exstiterit,
1580 2832 1915 2892 omnimodze
1936 2830 2041 2884 be-

419 2939 754 2999 nedictionis
770 2935 1025 3010 gratiam,
1043 2930 1405 3000 omniumque
1431 2940 1659 2980 suorum
1686 2926 2041 2992 peccatorum

417 3009 823 3088 absolutionem
852 3032 906 3080 ct
928 3017 1353 3094 indulgentiam,
1384 3021 1439 3070 et
1467 3012 1730 3080 caelestis,
1762 3011 1886 3066 vitae
1915 3009 2048 3063 bea-

419 3124 735 3189 titudinem,
761 3135 885 3175 cum
916 3114 1124 3171 sanctis
1154 3118 1209 3166 et
1238 3109 1431 3164 electis
1456 3124 1488 3162 a
1519 3101 2039 3160 misericordissimo

418 3217 648 3274 Domino
673 3222 861 3269 nostro
885 3205 1154 3279 consequi
1184 3209 1462 3259 mereatur
1489 3201 1544 3254 in
1578 3198 1779 3255 saecula
1806 3194 2041 3251 saeculo-
2068 3236 2119 3306 Ο

420 3326 540 3367 rum
597 3310 787 3362 Amen.

489 3404 764 3471 Scriptum
824 3414 925 3463 per
954 3412 1152 3451 manus
1198 3389 1463 3462 Stephani
1523 3385 1798 3442 scriniarii
1843 3389 2046 3437 sancta:

423 3496 685 3549 Romanae
722 3487 1005 3551 Ecclesiae,
1048 3484 1107 3538 in
1147 3498 1338 3536 mense
1378 3477 1571 3550 Aprili,
1616 3474 1920 3530 indictione
1948 3488 2046 3528 su-

424 3581 729 3656 prascripta
758 3578 847 3631 15.

506 3672 649 3723 Bene
681 3667 876 3720 valete.
911 3664 1036 3717 Pax.

497 3764 630 3817 Data
660 3776 754 3815 νιιι
787 3757 899 3813 Kal.
934 3754 1057 3810 Maii
1104 3770 1205 3825 per
1232 3767 1430 3807 manus
1487 3746 1754 3803 Vuidonis
1802 3741 2050 3815 episcOpi

428 3850 833 3911 bibliothecarii
862 3855 1066 3904 sanctae
1108 3846 1259 3901 sedis
1288 3842 1608 3915 apostolicae
1640 3854 1786 3894 anno
1824 3833 2051 3907 pontiﬁ-

425 3954 581 4005 catus
620 3944 809 4001 domni
834 3939 1010 3997 nostri
1040 3936 1271 3993 Joannis
1295 3931 1629 3990 sanctissimi
1662 3945 1726 3984 ac
1752 3925 2053 4000 religiosis-

425 4040 552 4096 simi
581 4037 699 4092 Xlll
730 4052 910 4108 papae,
945 4029 1162 4101 imperii
1194 4043 1322 4083 vero
1355 4025 1541 4081 domui
1576 4022 1789 4078 Ottonis
1819 4018 2045 4086 majoris

427 4127 772 4198 x1,junioris
823 4129 1005 4178 autem
1059 4136 1110 4187 v,
1168 4118 1223 4172 in
1278 4131 1494 4182 mense,
1542 4122 1597 4168 et
1644 4110 1948 4165 indictione
1978 4106 2048 4161 15

425 4224 820 4297 suprascripta.

1141 4284 1297 4338 XXXI

430 4405 653 4445 JOANNIS
686 4402 833 4440 ΡΛΡᾹΞ
868 4399 959 4436 XIII
989 4394 1240 4434 EPISTOLA
1287 4392 1352 4430 AD
1382 4391 1592 4429 PETRUI
1625 4386 1927 4427 EPISCOPUM
1957 4386 2053 4423 PA-

1108 4464 1356 4503 PIENSEM.

1057 4528 1234 4593 (Anno
1273 4524 1419 4595 97:2.)

431 4629 815 4686 Monasterium
836 4624 1014 4679 sancti
1035 4621 1341 4675 Saluatoris
1375 4619 1653 4686 Papiensis
1681 4615 1750 4668 ab
1778 4612 2055 4668 Adelaida

500 4699 844 4768 imperatrice
862 4698 1090 4768 erectum
1113 4696 1168 4768 et
1188 4691 1432 4768 dotatam
1457 4689 1799 4768 profectioni,
1821 4700 1928 4739 non
1952 4699 2050 4737 au-

498 4761 601 4827 tern
617 4768 999 4840 jurisdictiom'
1028 4765 1333 4833 Papiensis,
1366 4761 1668 4814 committit.

722 4861 1069 4932 [Mxnoamnn
1110 4856 1320 4911 Bullar.
1358 4854 1543 4908 δαείη.
1576 4852 1640 4909 ll,
1674 4849 1763 4921 47]

502 4955 744 5010 Joannes
782 4951 1099 5021 episcopus.
1139 4961 1331 5001 servus
1374 4958 1657 4999 servorum
1713 4940 1829 5007 Dei,
1877 4938 2051 4993 Pareo

435 5046 740 5104 venerabili
766 5044 1031 5116 episcopo
1061 5047 1266 5095 sanctae
1322 5035 1629 5092 Ticinensis
1671 5031 1927 5089 Ecclesiae
1962 5048 2053 5086 sa-

435 5139 628 5193 Iutem.

502 5229 636 5283 Cum
681 5226 788 5297 pia:
812 5220 1149 5277 desiderium
1195 5217 1516 5281 voluntatis,
1550 5222 1606 5270 et
1634 5214 1926 5270 laudandae
1958 5216 2061 5272 de-

434 5316 676 5372 votionis
704 5311 960 5377 intentio,
1012 5307 1448 5363 sacerdotalibus
1502 5305 1572 5360 sit
1600 5320 1819 5375 semper
1865 5305 2065 5359 studiis

438 5409 773 5480 adjuvanda,
821 5418 951 5459 cura
992 5406 1073 5455 est
1129 5398 1492 5454 sollicitudini
1523 5397 1859 5461 adhibenda,
1895 5406 1955 5451 ut
1997 5413 2064 5452 ea

439 5517 561 5571 quae
596 5514 693 5569 pro
720 5496 909 5568 quiete
948 5495 1224 5569 religiosae
1259 5490 1708 5564 congregationis
1740 5488 1946 5545 fuerint
1972 5505 2064 5545 or-

439 5587 649 5650 dinata,
685 5599 789 5639 nec
818 5583 1186 5636 dissimulatio
1211 5581 1517 5655 negligere,
1548 5595 1651 5634 nec
1680 5578 1934 5650 quaedam
1963 5593 2063 5634 va-

441 5677 556 5733 leat
585 5673 946 5746 praesumptio
976 5673 1318 5742 perturbare,
1345 5673 1580 5736 scilicet,
1611 5672 1755 5726 sicut
1782 5670 1889 5726 hoc
1912 5670 2062 5741 quod

438 5764 669 5820 rationis
710 5759 885 5830 exigit
925 5759 1134 5815 utilitas
1158 5768 1378 5829 oportet
1406 5758 1649 5825 deﬁniri,
1680 5759 1757 5815 ita
1783 5757 1934 5829 quod
1964 5758 2065 5813 de-

2128 615 2339 670 tissima
2365 615 2476 668 ﬁlia
2506 621 2692 669 nostra
2738 613 3017 668 Adclaidis
3064 615 3299 687 Augusta
3329 610 3504 666 divini
3553 608 3766 664 amoris

2133 706 2346 761 fervore
2391 720 2679 770 succensa,
2725 719 2835 758 non
2863 704 3026 776 longe
3056 720 3087 757 a
3116 700 3404 755 moenibus
3442 697 3766 754 Ticinensis

2131 801 2388 867 civitatis,
2412 798 2804 854 monasterium
2833 796 2888 850 in
2910 794 3153 867 propriis
3184 793 3488 856 constituit,
3513 799 3768 845 sanctos-

2132 908 2262 963 que,
2299 906 2363 944 ac
2391 887 2740 943 venerabiles
2784 885 3092 941 cmnobitas
3139 884 3345 938 ibidem
3377 883 3765 952 undecunque

2134 982 2330 1052 potuit,
2368 980 2632 1054 colligere
2681 977 2912 1043 curavit,
2969 978 3064 1048 qui
3116 976 3171 1030 in
3223 982 3429 1031 sanctae
3457 988 3768 1029 conversa-

2132 1073 2302 1128 tionis
2357 1071 2662 1143 proposito,
2736 1068 3039 1123 secundum
3098 1065 3410 1121 beatissimi
3471 1062 3767 1118 Benedicti

2133 1175 2379 1216 normam
2413 1159 2721 1234 regularem
2742 1156 2846 1211 sub
2869 1155 3071 1211 abbate
3111 1155 3382 1221 viventes,
3412 1154 3771 1208 incessanter

2130 1253 2425 1308 Dominum
2445 1251 2749 1321 majestatis
2774 1265 3025 1315 exorare,
3057 1256 3167 1304 tam
3202 1263 3303 1318 pro
3333 1246 3523 1318 requie
3556 1243 3769 1316 prioris

2129 1341 2230 1396 viri
2259 1341 2344 1396 sui
2366 1340 2623 1415 gloriosa
2654 1339 2938 1394 memoriae
2975 1337 3241 1392 Lothariae
3278 1335 3445 1408 regis,
3475 1348 3771 1406 quamque

2130 1445 2231 1502 pro
2260 1435 2407 1483 statu
2439 1427 2785 1499 imperatoris
2818 1424 3238 1482 clementissimi
3268 1423 3370 1478 filii
3398 1423 3575 1479 nostri
3604 1420 3774 1477 Otto-

2133 1521 2218 1576 nis
2238 1520 2584 1575 invictissimi
2618 1519 2869 1594 Augusti,
2912 1517 3073 1573 simul
3106 1517 3272 1572 etiam
3303 1514 3614 1571 communis
3634 1512 3770 1577 filii,

2133 1622 2188 1668 et
2217 1628 2431 1679 eorum,
2491 1627 2556 1667 ac
2598 1611 2771 1666 nostri
2816 1610 2950 1665 item
2982 1608 3194 1665 Ottonis
3241 1606 3482 1680 augusti,
3529 1620 3773 1675 suaeque

2136 1705 2336 1761 animae
2389 1703 2667 1770 mercede,
2702 1702 3141 1773 praedictumque
3180 1699 3583 1756 monasterium
3616 1697 3775 1751 libe-

1917 1815 2036 1865 met
2057 1829 2111 1900 B
2140 1800 2323 1856 raliter
2345 1798 2795 1872 possessionibus
2832 1798 3127 1864 dotaverit,
3164 1794 3607 1865 necessariisque
3638 1808 3775 1847 om-

2140 1895 2304 1949 nibus
2319 1903 2464 1961 vota,
2481 1894 2534 1948 id
2557 1892 2705 1965 quod
2734 1891 2839 1945 sibi
2865 1890 2953 1961 pie
2970 1890 3146 1945 visum
3162 1896 3245 1942 est
3266 1903 3367 1959 pro
3394 1884 3773 1941 habitantium

2136 1986 2540 2042 sustentationc
2568 1983 2950 2050 cumulaverit,
2975 1983 3122 2037 bene
3151 1981 3377 2035 fratrum
3410 1975 3775 2033 reverendis-

2136 2077 2294 2139 sime,
2327 2083 2420 2130 tua
2450 2076 2739 2140 sanctitas;
2796 2074 2884 2130 cui
2916 2089 2984 2128 ne
3013 2074 3268 2128 voluntas
3294 2086 3539 2142 unquam
3582 2069 3771 2122 duce-

2138 2176 2291 2224 retur
2308 2168 2365 2222 in
2390 2166 2650 2233 veritum,
2672 2173 2727 2221 et
2753 2181 2839 2231 ea,
2861 2180 2985 2235 quae
3018 2178 3118 2233 pro
3146 2162 3336 2234 quiete
3362 2160 3771 2215 monachorum

2139 2258 2408 2329 disposita
2434 2256 2651 2311 fuerant
2695 2254 3073 2318 turbarentur,
3130 2268 3363 2323 qumque
3413 2247 3651 2303 contulit
3715 2248 3772 2299 in

2133 2350 2258 2418 jure
2286 2348 2469 2403 eidem
2505 2346 2853 2415 monasterio,
2883 2343 3184 2415 apostolica
3239 2341 3396 2413 petiit
3436 2338 3774 2395 auctoritate

2138 2441 2362 2496 ﬁrmari.
2427 2441 2552 2495 Hmc
2600 2453 2822 2510 quoque
2875 2452 2989 2491 suae
3050 2434 3307 2506 petitioni
3359 2433 3771 2506 subjungente,

2138 2541 2199 2589 ut
2253 2532 2433 2588 eidem
2492 2530 2829 2587 monasterio
2879 2536 2988 2584 tam
3046 2528 3101 2581 in
3141 2526 3504 2597 dispositione
3560 2539 3776 2584 rerum,

2139 2642 2302 2698 quam
2336 2626 2392 2679 in
2423 2623 2775 2681 ordinatione
2805 2620 3044 2686 abbatis,
3080 2619 3330 2691 quaedam
3359 2616 3569 2688 pariter
3601 2614 3781 2685 privi-

2143 2719 2286 2793 legia
2310 2717 2671 2790 largiremus;
2703 2715 2887 2770 sciens
2918 2713 3128 2785 quippe
3152 2727 3270 2765 eam
3296 2708 3619 2780 apostolicae
3648 2705 3773 2761 sedi

2143 2807 2508 2863 reverentiam
2541 2822 2570 2859 a
2593 2804 2852 2859 ﬁdelibus
2876 2801 3146 2866 exhiberi,
3179 2807 3239 2854 ut
3265 2816 3388 2871 quze
3416 2799 3539 2868 ejus
3566 2796 3775 2850 fuerint

2143 2899 2371 2953 decreto
2437 2895 2724 2967 disposita,
2813 2891 3021 2947 nullius
3077 2890 3342 2960 deinceps
3390 2887 3780 2958 usurpationis

2146 2987 2402 3043 molestia
2441 2984 2777 3057 quatiantur.
2813 2981 2968 3037 Unde
3009 2980 3139 3051 quia
3195 2977 3473 3040 effectum,
3508 2986 3564 3031 et
3597 2976 3780 3047 impe-

2148 3082 2300 3137 rialis
2329 3080 2606 3145 voluntas,
2639 3086 2695 3133 et
2722 3084 2830 3132 tam
2863 3075 2956 3148 pia
2988 3090 3086 3147 pro
3117 3087 3400 3129 servorum
3432 3070 3528 3125 Dei
3564 3071 3777 3141 quiete,

2144 3175 2456 3232 sollicitudo
2510 3169 2912 3243 expostulabat,
2956 3167 3110 3236 juxta
3149 3164 3476 3237 petitionem
3511 3162 3769 3232 ejusdem

2150 3267 2671 3342 prmcellentissimm
2736 3262 2863 3318 ﬁlize
2939 3266 3141 3316 nostra;
3198 3259 3474 3333 Augustae,
3542 3254 3778 3326 praefato

2150 3360 2333 3416 eidem
2388 3355 2725 3413 monasterio
2783 3354 2839 3408 in
2893 3354 3160 3408 honorem
3219 3348 3436 3403 Domini
3481 3346 3783 3400 Salvator-is

2152 3448 2472 3513 constituto,
2515 3453 2718 3501 sanctae
2750 3443 2901 3498 sedis
2948 3439 3267 3511 apostolicae
3324 3434 3614 3508 privilegia
3644 3452 3778 3506 gra-

2152 3543 2333 3592 tanter
2374 3537 2753 3609 indulgemus,
2788 3531 2883 3587 ubi
2936 3529 3143 3596 omnia,
3188 3544 3311 3598 quae
3371 3525 3783 3596 amplectendze

2153 3630 2452 3688 voluntatis
2477 3631 2598 3701 ejus
2629 3626 2872 3682 studium
2916 3620 3276 3694 deposcebat,
3320 3616 3646 3688 apostolicae
3682 3631 3781 3667 an-

2152 3721 2391 3777 ctoritati
2422 3719 2621 3775 annisu
2652 3717 2867 3772 ﬁrmata
2912 3723 3060 3769 sunt.
3103 3713 3420 3768 Statuentes
3472 3710 3625 3764 inter
3682 3709 3786 3763 alia

2155 3820 2215 3867 ut
2264 3811 2451 3865 nullus
2488 3808 2876 3879 episc0porum
2911 3803 3335 3872 vicinarumque
3391 3798 3783 3862 ecclesiarum,

2156 3905 2390 3978 quilibet
2420 3903 2678 3960 sacerdos
2708 3902 2763 3955 in
2814 3900 2961 3954 idem
2993 3895 3388 3953 monasterium
3422 3894 3533 3947 sibi
3561 3894 3656 3961 jus
3697 3909 3786 3947 ec-

2156 3998 2443 4053 clesiarum
2490 3994 2845 4068 aliquomodo
2898 3991 3165 4054 vindicet,
3225 4005 3287 4043 ac
3333 3986 3623 4048 defendat,
3685 3986 3789 4049 nisi

2151 4090 2291 4144 forte
2312 4105 2342 4143 a
2374 4096 2529 4159 parte
2559 4082 2902 4147 monasterii,
2923 4080 3057 4135 licet
3075 4094 3107 4132 a
3134 4076 3397 4131 fratribus
3421 4091 3523 4145 pro
3553 4075 3787 4146 negotio

2153 4182 2338 4252 aliquo
2392 4176 2791 4240 ecclesiastico,
2847 4172 3011 4227 fuerit
3058 4169 3337 4223 invitatus.
3373 4167 3433 4221 Et
3488 4167 3785 4237 quoniam,

2155 4273 2384 4328 fratrum
2435 4267 2819 4332 dilectissime,
2880 4264 3034 4319 locus
3087 4261 3226 4331 ipse,
3297 4258 3390 4314 ubi
3454 4258 3784 4329 praedictum

2156 4360 2551 4418 monasterium
2582 4364 2916 4414 exstructum
2967 4361 3069 4416 est,
3122 4350 3189 4405 ad
3242 4347 3529 4403 dioecesim
3579 4357 3788 4401 sanctae

2158 4452 2468 4509 Ticinensis
2494 4448 2766 4510 ecclesiae,
2802 4445 2891 4500 cui
2924 4439 3369 4505 tuafraternitas,
3398 4438 3510 4491 Deo
3530 4446 3784 4499 auctore,

2161 4552 2361 4617 praeest
2383 4542 2650 4596 hactenus
2686 4534 3017 4607 pertinuisse
3048 4530 3409 4603 dignoscitur,
3445 4545 3513 4582 ne
3542 4529 3649 4582 sub
3684 4530 3785 4583 hac

2155 4633 2471 4695 occasione,
2504 4630 2559 4683 in
2588 4627 2784 4682 eodem
2830 4620 3165 4678 monasterio
3206 4617 3440 4685 alicujus
3492 4617 3792 4687 potestatis

2156 4724 2574 4799 praerogativam
2605 4718 2704 4773 tibi
2734 4714 3032 4788 aliquando
3064 4726 3330 4781 usurpare
3356 4724 3686 4779 praesumas,
3719 4725 3785 4763 ex

2154 4818 2300 4873 beati
2324 4814 2466 4870 Petri
2494 4810 2871 4884 apostolorum
2912 4804 3199 4877 principis,
3233 4807 3567 4876 nostraeque
3589 4799 3785 4854 humi-

2153 4909 2326 4974 litatis
2394 4903 2740 4966 auctoritate,
2820 4898 3003 4953 modis
3058 4894 3316 4951 omnibus
3374 4890 3788 4945 interdicimus.

2156 4997 2466 5054 Postulatus
2495 5007 2623 5048 vero
2667 5008 2697 5045 a
2731 4996 2883 5061 parte
2924 4984 3244 5042 monasterii
3277 4982 3489 5038 scilicet
3521 4999 3553 5036 a
3595 4980 3782 5035 fratri-

2154 5092 2279 5155 bus,
2311 5072 2685 5143 visitationém
2726 5092 2872 5136 tuam
2902 5079 3033 5146 illis,
3065 5083 3317 5147 respectu
3347 5074 3519 5128 divini
3554 5074 3782 5134 amoris,

2165 5183 2364 5236 devote
2391 5176 2619 5240 exhibe;
2651 5189 2763 5228 non
2791 5179 2972 5225 autem
3006 5168 3213 5240 petitus
3236 5164 3560 5220 monasterii
3578 5171 3785 5218 secreta

2166 5273 2444 5328 ullatenus
2470 5266 2622 5321 adire
2654 5275 2976 5335 praesumas,
3008 5273 3079 5312 ne
3110 5273 3210 5328 per
3232 5255 3508 5308 adventus
3539 5253 3619 5307 tui
3648 5268 3786 5322 pne-

2166 5366 2424 5431 sentiam,
2488 5363 2543 5416 in
2597 5373 2877 5415 servorum
2946 5353 3041 5409 Dei
3100 5350 3436 5416 recessibus,
3508 5346 3788 5419 popularis

2164 5453 2385 5511 occasio
2426 5450 2756 5523 praebeatur.
2784 5446 2910 5499 Haec
2931 5456 3167 5512 namque
3181 5439 3388 5505 omnia,
3421 5453 3570 5508 quae,
3606 5436 3703 5490 tibi
3735 5435 3786 5487 in

2165 5547 2425 5622 praesenti
2496 5546 2565 5600 de
2618 5541 2917 5615 saepedicto
2974 5535 3312 5593 monasterio
3385 5531 3784 5586 interdicimus.

2163 5621 2383 5697 cunctis
2408 5637 2599 5701 etiam,
2632 5631 2727 5705 qui
2788 5630 2843 5684 in
2898 5644 2986 5693 eo,
3029 5641 3140 5698 quo
3193 5639 3253 5678 es
3301 5621 3525 5687 ordine,
3561 5621 3785 5690 locoque

2164 5728 2562 5793 successerint,
2583 5723 2686 5781 sub
2712 5717 3163 5777 interminatione
3191 5713 3364 5771 divini
3392 5711 3616 5783 jndicii,
3650 5708 3785 5764 beati
