3924 6388
143 406 251 460 997

1383 398 1717 456 EPISTOLE
1761 399 1838 454 ET
1880 397 2271 454 DlPLOMATA.

3392 402 3495 457 998

137 554 368 611 quoque
397 538 541 592 Petri
572 536 829 607 apostoli,
863 542 1175 605 nostraeque
1229 533 1556 588 humilitatis
1583 540 1775 588 aucto-
1803 541 1850 604 Α
1879 540 1992 586 tum
2027 547 2041 583 :
2074 530 2169 601 qui
2225 530 2302 583 uti
2359 544 2603 590 vomere,
2672 528 2889 582 novalia
2956 528 3142 583 cordis
3208 528 3498 599 gentilium

140 634 327 698 ritate,
371 632 481 686 sibi
528 629 861 686 aeternaliter
917 627 1209 683 interdicta
1265 636 1626 700 c0gnoscant.
1692 626 1770 681 Tu

142 741 301 789 vero,
335 724 522 788 frater,
554 739 620 777 ea
651 739 775 794 quae
807 720 1018 776 anobis
1046 727 1251 775 statuta
1279 728 1429 785 sunt,
1448 718 1774 773 sacerdotali

144 814 295 868 sicut
318 814 477 868 decet
509 811 693 866 studio
717 810 975 865 inviolata
1002 825 1296 873 conserva,
1323 825 1425 862 nec
1458 824 1522 862 ea
1555 809 1780 878 patiaris

142 909 200 961 in
237 908 421 977 aliquo
448 905 726 970 temerari,
750 903 964 959 scilicet
1020 903 1075 956 in
1141 902 1521 957 custodiendis
1556 901 1639 956 eis
1672 901 1781 955 fra-

1876 622 2151 682 scindere,
2186 627 2242 674 et
2273 620 2507 673 triticum
2541 619 2698 672 bona:
2726 619 3068 688 Operationis
3100 635 3310 685 serere,
3335 629 3500 691 atque

1878 717 2195 786 manipulos
2250 715 2467 786 frugum
2501 721 2694 767 vestrae
2720 714 2948 781 justiti-ie
2988 713 3200 768 Christo
3225 724 3503 785 reportare

1879 808 2138 864 sufﬁciat.
2177 808 2288 864 Val.

2575 878 2809 934 XXXIII.

144 973 384 1053 ter-nitas
399 1005 491 1052 tua
517 1012 580 1051 se
607 1011 831 1066 semper
861 994 1140 1061 exhibeat,
1173 1004 1447 1065 quatenus
1480 1002 1533 1048 et
1558 1009 1780 1049 omnem

1920 976 2108 1028 cannis
2194 974 2321 1027 XIII
2387 987 2566 1066 papae.
2642 973 2992 1066 prlivilegium
3073 988 3175 1043 pro
3264 974 3509 1028 Ecclesia

147 1084 561 1157 inquietudinis
574 1085 918 1139 occasionem
935 1084 1003 1137 de
1028 1084 1148 1138 loco
1177 1082 1478 1137 venerabili
1507 1082 1781 1145 excludat,

148 1185 209 1233 et
240 1176 364 1231 aliis
391 1175 594 1230 similia
621 1174 837 1245 operari
872 1174 1226 1244 persuadeat,
1289 1173 1383 1227 diu
1426 1190 1487 1227 se
1520 1175 1576 1226 in
1600 1179 1787 1226 custo-

150 1269 420 1323 diendam
453 1268 789 1323 voluntatem
832 1273 1099 1332 nostram,
1146 1265 1464 1328 sollicitam,
1517 1271 1576 1319 ut
1625 1264 1787 1318 decet

151 1360 496 1424 exhibuerit,
540 1367 596 1413 et
623 1358 899 1414 devotam.
944 1358 1112 1425 Hujus
1150 1366 1331 1412 autem
1382 1372 1629 1410 censume
1656 1372 1785 1409 eau-

154 1457 395 1520 tionem,
417 1453 625 1524 duplici
644 1462 836 1508 tenore
865 1452 1029 1507 scribi
1064 1452 1430 1507 decrevimus.
1456 1458 1786 1515 statuentes,

153 1557 221 1603 ut
250 1564 359 1602 una
388 1546 655 1600 intertuae
675 1545 925 1600 ecclesiae
957 1544 1182 1608 scrinia,
1240 1544 1400 1597 aliam
1435 1558 1564 1597 vero
1593 1542 1660 1595 ab
1691 1541 1791 1595 ab-

158 1645 294 1697 bate
326 1651 579 1696 servetur
606 1639 954 1695 monasterii.

235 1732 513 1801 Scriptum
566 1746 666 1799 per
693 1744 890 1783 manus
940 1726 1205 1798 Stephani
1276 1725 1547 1781 scriniarii
1588 1731 1794 1780 sanctae

164 1824 433 1878 Romanas
464 1819 718 1875 Ecclesia:
775 1818 830 1872 in
890 1834 1083 1873 mense
1112 1817 1338 1887 Aprilis,
1370 1816 1677 1871 indictione
1708 1816 1774 1870 l5

164 1925 321 1965 anno
352 1908 568 1964 Domini
600 1907 727 1961 972.

887 2019 1090 2074 XXXII.

648 2128 743 2166 XIII
802 2128 1035 2165 ωτι-ειυς
1093 2128 1159 2166 DE
1190 2126 1533 2166 INSTITUENDO
1582 2126 1797 2165 891800·-

715 2200 847 2237 PATU
871 2199 1123 2237 annonas:
1154 2184 1260 2253 (12)

167 2276 351 2348 [Apud
416 2274 640 2330 ΛίΑιιιιι..
705 2276 845 2330 Acta
909 2275 1229 2329 Sanctorum
1282 2274 1399 2329 0rd.
1460 2275 1517 2330 S.
1578 2272 1796 2338 Bened,

715 2366 850 2420 Szec.
877 2365 937 2419 V.
971 2382 1095 2440 pag.
1115 2366 1261 2436 833.]

241 2498 485 2553 Joannes
527 2512 723 2551 servus
767 2510 1049 2551 servorum
1102 2496 1197 2550 Dei
1256 2496 1554 2561 Bouazuo,
1582 2473 1803 2549 .catho-

168 2594 293 2647 time
313 2591 442 2647 ﬁdei
476 2593 724 2657 alumno,
758 2591 1122 2661 apostolicam
1150 2590 1621 2644 benedictionem.

244 2680 463 2735 Justum
519 2688 601 2733 est
656 2679 940 2733 benivolas
996 2695 1163 2733 aures
1221 2679 1383 2747 justis
1440 2677 1803 2732 accomodare

172 2772 561 2843 petitionibus,
592 2771 720 2842 quia
750 2771 893 2826 Deus
922 2778 1007 2825 est
1055 2771 1292 2839 justitia,
1339 2778 1394 2825 et
1440 2771 1533 2840 qui
1567 2770 1805 2841 diligunt

169 2865 353 2917 Deum
378 2861 830 2930 justiﬁcabuntur
862 2879 877 2925 ;
910 2869 965 2916 et
1000 2861 1227 2916 :Omnia
1249 2861 1798 2932 diligentibuslleum

168 2963 552 3027 cooperantur
588 2957 644 3011 in
670 2956 897 3011 bonum.
924 2956 1057 3010 Filia
1087 2964 1274 3011 nostra
1304 2973 1461 3011 soror
1492 2966 1601 3018 tua,
1658 2955 1804 3009 inter

166 2130 397 2171 JOANNIS
445 2129 597 2168 PAPJB

2518 1044 2857 1097 Arelatensi.

2471 1135 2647 1203 (Anno
2677 1133 2922 1190 965-72l

2178 1223 2437 1294 mouens,
2459 1226 2602 1278 Hist.
2634 1224 2699 1276 de
2722 1226 3002 1289 Provence,
3024 1224 3089 1288 ll,
3109 1223 3219 1294 36.]

1957 1336 2196 1391 Jomses
2225 1336 2543 1405 episcopus,
2597 1350 2789 1389 servus
2845 1350 3124 1389 servorum
3163 1336 3278 1403 Dei,
3308 1336 3510 1391 divina).

1891 1425 2112 1495 pietatis
2158 1432 2294 1478 nutn
2332 1424 2480 1478 sedis
2522 1424 2844 1494 apostolica:
2875 1424 3100 1478 humilis
3134 1441 3276 1495 papa
3303 1425 3508 1480 YTERIO

1891 1520 2171 1593 condigno
2202 1519 2353 1574 fratri
2386 1519 2719 1573 Arelatensis
2747 1519 3000 1573 Ecclesiae
3015 1519 3326 1589 metropoli,
3363 1520 3514 1589 pari-

1895 1620 2087 1684 terque
2154 1611 2556 1683 archiprzesuli,

1894 1708 2047 1771 optat
2072 1702 2127 1754 in
2155 1716 2351 1762 aevum,
2378 1706 2480 1754 etc.
2531 1698 2852 1753 Tnaraawo
2894 1700 3225 1753 Viennensis
3254 1700 3513 1755 Ecclesiae

2641 1612 2872 1665 salutem
2948 1619 3004 1665 et
3063 1611 3512 1667 benedictionem

1897 1789 2275 1859 archipraesuli
2346 1789 2578 1859 ejusque
2668 1787 3097 1862 suifragantibus
3190 1788 3465 1844 universis
3498 1831 3512 1853 ,

1780 1859 1794 1882 ’
1828 1855 2171 1933 BAvuemco
2202 1878 2392 1967 primae
2460 1877 2836 1931 Narbonensis
2882 1876 3185 1931 venerabili
3240 1877 3517 1947 archiepi-

1900 1985 2069 2040 sc0po
2100 1985 2225 2023 cum
2264 1969 2380 2023 suis
2410 1968 2715 2037 subjectis;
2748 1968 3051 2023 Svaasrao
3084 1968 3343 2022 secundae
3376 1968 3514 2022 Nar-

1901 2063 2168 2119 bonensis
2196 2063 2365 2135 digno
2391 2064 2792 2134 archipraesuli,
2837 2064 3061 2134 suisque
3099 2062 3521 2131 subjacentibus

1898 2150 2126 2205 domino
2163 2151 2444 2217 videlicet,
2473 2152 2798 2218 LAUDERICO,
2838 2151 3202 2215 Tusonamco,
3236 2155 3549 2219 ΑγκΑΝυομ

1901 2244 2214 2311 ΗοΝοιιΑτο,
2239 2245 2438 2299 Pox'no
2470 2254 2524 2300 et
2558 2246 2849 2300 Huunaaro
2879 2244 3223 2317 dignissimis
3250 2245 3523 2300 Ecclesia-

1904 2349 2018 2387 rum
2052 2349 2271 2388 suarum
2336 2334 2649 2403 pastoribus
2704 2348 3055 2388 communem
3116 2350 3179 2388 ac
3219 2348 3522 2403 perennem

1904 2423 2230 2478 teternitatis
2268 2423 2522 2497 gloriam.

1978 2513 2179 2567 Scitote
2207 2527 2305 2566 vos
2337 2521 2577 2567 rectores
2608 2510 2726 2565 fore
2755 2511 3050 2583 clavesque
3073 2512 3316 2567 caelestis
3336 2512 3525 2581 januze

1908 2604 2067 2658 vobis
2103 2620 2135 2658 a
2178 2602 2288 2658 Deo
2343 2610 2674 2674 potestatem
2732 2604 2940 2675 ligandi
3000 2620 3063 2659 ac
3110 2604 3384 2670 solvendi,
3417 2612 3523 2659 etc.

1906 2697 2077 2753 Doleo
2118 2699 2303 2769 itaque
2351 2705 2406 2752 et
2468 2697 2959 2753 vehementissime
3016 2697 3314 2753 contristor
3361 2714 3529 2768 super

1905 2789 2042 2845 tanti
2067 2788 2297 2844 sceleris
2324 2804 2511 2854 causa,
2539 2804 2665 2859 quae
2698 2803 2729 2841 a
2756 2788 3055 2842 multorum
3084 2788 3375 2842 hominum
3433 2802 3529 2842 ore

1905 2880 2245 2935 creberrime
2300 2882 2507 2936 nostris
2565 2880 2960 2951 conspectibus
3028 2878 3360 2947 diﬁ'amatur,
3402 2880 3532 2951 quia

1906 2969 2112 3039 primas
2175 2970 2572 3025 Arelatentium
2639 2985 2762 3041 quae
2830 2968 3197 3040 principatum
3268 2977 3323 3023 et
3369 2976 3535 3039 caput

168 3054 407 3101 eteteras
438 3046 583 3099 haud
638 3045 994 3121 abnegandas
1045 3046 1363 3117 petitiones.
1407 3046 1559 3101 cordi
1614 3055 1801 3101 nostro

1920 3062 2462 3116 ibtinetcaaterarum
2494 3061 2864 3115 Ecclesiarum
2929 3060 3177 3115 secunda
3219 3076 3250 3113 a
3279 3060 3527 3114 Romana

170 3135 369 3190 dulces
400 3134 586 3188 intulit
615 3151 680 3189 ex
722 3142 877 3205 parte
930 3135 1007 3189 tui
1042 3151 1256 3206 preces,
1288 3135 1499 3189 scilicet
1530 3141 1587 3188 ut
1617 3141 1807 3189 nostro

174 3244 413 3282 assensu
445 3228 500 3281 in
526 3238 620 3283 tuo
653 3228 987 3298 principatu,
1020 3230 1088 3283 ad
1124 3230 1214 3283 Dei
1247 3230 1463 3283 laudem
1494 3238 1548 3283 et
1579 3230 1810 3302 gloriam

178 3316 463 3377 Ecclesiae,
499 3316 833 3371 liceretﬁeri
864 3318 1266 3388 episcopatum.
1295 3318 1448 3382 Quod
1481 3334 1583 3373 nos
1618 3318 1809 3389 utique

178 3415 309 3468 lzeto
340 3415 528 3467 animo
556 3414 949 3484 suscipientes,
985 3415 1095 3469 Deo
1134 3415 1339 3487 gratias
1368 3415 1677 3475 retulimus,
1718 3415 1810 3485 qui

177 3519 340 3557 suam
371 3503 669 3557 Ecclesiam
700 3519 920 3573 semper
948 3510 1003 3558 et
1033 3503 1243 3575 ubique
1276 3503 1487 3562 dilatat.
1522 3514 1577 3557 et
1610 3503 1815 3577 magni-

178 3594 310 3647 tieat
339 3594 393 3646 in
421 3592 683 3647 omnibus
714 3595 1048 3649 nationibus.
1087 3594 1238 3649 Unde
1266 3596 1571 3665 apostolica
1614 3602 1813 3649 aucto-

183 3684 347 3736 ritate
380 3690 435 3735 et
459 3681 633 3736 sancti
667 3682 807 3737 Petri
841 3690 1136 3753 potestate,
1170 3685 1350 3752 cujus,
1387 3686 1515 3739 licet
1575 3684 1813 3756 indigni,

187 3782 376 3827 tamen
433 3774 627 3827 vicarii
674 3790 868 3829 sumus
908 3776 1207 3830 annuimus
1253 3786 1307 3831 et
1362 3777 1743 3830 collaudamus
1798 3794 1813 3837 ;

184 3873 358 3935 atque
408 3865 878 3931 incanonizamus,
921 3875 982 3923 ut
1025 3868 1089 3922 ad
1143 3868 1433 3923 ecclesiam
1471 3869 1651 3923 Sancti
1714 3869 1813 3923 Viti

188 3962 244 4009 et
272 3954 460 4008 Sancti
490 3954 770 4009 Wenezlai
800 3966 1100 4026 martyrum
1134 3956 1226 4011 ﬁat
1247 3958 1412 4011 sedes
1442 3958 1815 4028 episcopalis;

186 4046 257 4100 ad
291 4045 582 4100 ecclesiam
607 4063 740 4102 vero
763 4048 946 4102 Sancti
976 4048 1196 4120 Georgii
1225 4050 1479 4120 martyris
1496 4049 1599 4103 sub
1631 4049 1820 4123 regula

188 4135 368 4190 sancti
413 4136 721 4201 Benedicti,
748 4147 804 4190 et
834 4137 1159 4191 obedientia
1203 4138 1329 4193 ﬁliae
1385 4146 1584 4194 nostrae
1643 4139 1825 4194 Mariae

192 4228 405 4283 sororis
462 4238 589 4295 tuae,
647 4229 1015 4285 constituatur
1068 4232 1426 4307 congregatio
1476 4232 1822 4288 monialium.

204 4317 600 4372 Verumtamen
626 4333 738 4373 non
764 4319 1073 4373 secundum
1125 4320 1288 4374 ritum
1339 4328 1433 4376 aut
1458 4331 1663 4376 sectam
1700 4321 1829 4376 Bul-

198 4405 404 4476 garieae
445 4405 650 4480 geniis,
699 4407 787 4461 vel
835 4407 1038 4474 Κυλίω,
1093 4415 1185 4483 aut
1231 4408 1539 4464 Slavonicze
1598 4409 1825 4484 linguae,

201 4498 304 4551 sed
344 4498 523 4571 magis
546 4514 791 4569 sequens
836 4500 1136 4555 constituta
1166 4511 1223 4555 et
1252 4500 1476 4555 decreta
1501 4500 1825 4571 apostolica,

202 4602 377 4640 unum
411 4587 792 4657 potiorem,ad
826 4588 1088 4657 placitum
1115 4587 1371 4642 Ecclesiae
1419 4590 1609 4655 totius,
1655 4589 1829 4661 eligas

203 4676 256 4730 in
295 4678 402 4731 hoc
428 4691 570 4747 opus
590 4676 874 4744 clericum,
896 4677 1103 4733 Latinis
1133 4678 1388 4750 apprime
1414 4679 1612 4735 litteris
1641 4680 1828 4735 erudi-

277 4939 396 5011 (12)
427 4942 583 4995 Anno
618 4938 1335 4997 Dominictelncarnationis
1357 4941 1485 5007 967,
1516 4941 1646 4996 ldus
1682 4941 1835 5009 Julii,

203 5013 321 5066 dux
354 5011 657 5085 Bohemize,
705 5011 793 5066 cui
843 5028 1119 5085 agnomen
1150 5014 1338 5068 Saavus
1366 5013 1660 5079 Bolizlaus,
1694 5014 1838 5085 male

205 5091 514 5156 mercatum
538 5082 779 5156 fraterno
825 5082 1120 5156 sanguine,
1174 5085 1387 5139 scilicet
1408 5085 1551 5139 beati
1584 5084 1840 5156 martyris

202 5154 516 5217 Weuezlai,
552 5154 829 5208 Bohemiae
868 5154 1125 5209 duCatum
1177 5170 1300 5209 cum
1331 5156 1442 5209 vita
1495 5154 1699 5209 amisit.
1744 5155 1838 5209 Cui

206 5224 362 5280 ﬁlius
392 5226 515 5292 ejus
545 5225 863 5295 zequivocus
920 5241 1056 5279 suus
1109 5227 1164 5279 in
1207 5226 1517 5296 principatu
1550 5226 1837 5293 successit,

209 5297 451 5351 multum
474 5295 760 5350 dissimilis
801 5297 940 5365 patri
991 5295 1242 5351 moribus
1281 5295 1443 5352 bonis
1474 5306 1529 5352 et
1549 5314 1847 5353 conversa-

212 5370 372 5423 tione
413 5367 710 5437 spirituali.
750 5368 871 5421 Erat
910 5369 1060 5422 enim
1080 5368 1161 5422 vir
1192 5368 1711 5429 Christianissimus,
1739 5369 1846 5422 ﬁde

211 5439 551 5498 catholicus,
583 5446 740 5507 pater
769 5440 1165 5509 orphanorum,
1199 5439 1461 5494 defensor
1477 5441 1765 5494 viduarum
1795 5448 1849 5494 et

217 5512 592 5582 clericorum,_
633 5521 688 5563 et
720 5526 1162 5582 peregrinorum,
1216 5510 1636 5581 praecipuusque
1668 5511 1849 5565 eccle-

216 5583 431 5637 siarum
461 5580 724 5654 fiigndator
762 5580 918 5654 Nam,
951 5589 1010 5635 ut
1040 5582 1095 5635 in
1128 5580 1679 5654 privilegioecclesize
1713 5583 1852 5636 San-

218 5654 290 5708 cti
317 5650 547 5726 Georgii
581 5651 662 5726 in_
683 5651 854 5726 Praga
883 5652 1106 5726 legitur,
1129 5650 1139 5652 ⁷
1166 5669 1234 5706 xx
1265 5650 1531 5726 ecclesias
1559 5654 1772 5726 erexit,
1798 5661 1853 5726 et

218 5741 315 5779 eas
356 5722 518 5780 omni
549 5722 1195 5779 ecclesiastica‘utilitate
1222 5723 1509 5796 ampliavit
1558 5724 1728 5794 Hujus
1749 5724 1855 5779 fuit

1911 3152 2008 3206 sed
2039 3168 2069 3206 e
2099 3152 2446 3207 multimodis
2475 3151 2908 3207 lacerationibus
2939 3150 3237 3204 eviscerata
3283 3150 3448 3220 jacet,
3483 3156 3537 3205 et

1912 3240 2287 3295 eonculcatam
2340 3240 2458 3295 fore
2512 3241 2846 3307 audivimus,
2888 3241 3169 3310 impletam
3210 3242 3267 3294 in
3295 3257 3361 3295 ea
3404 3256 3534 3312 pro-

1914 3330 2091 3400 phetae
2122 3330 2456 3384 sententiam
2496 3330 2752 3384 dicentis.
2774 3331 2931 3385 Sedet
2962 3333 3020 3384 in
3045 3333 3277 3385 tristitia
3310 3331 3540 3385 domina

1913 3422 2155 3487 gentium
2185 3436 2200 3483 ;
2231 3426 2575 3489 quapropter
2622 3419 2765 3474 votis
2795 3427 2851 3473 et
2919 3420 3138 3475 cunctis
3168 3419 3538 3475 Ecclesiarum

1916 3507 2011 3562 Dei
2051 3508 2311 3563 ﬁdelibus
2349 3508 2591 3580 propriis
2642 3508 2899 3580 apicibus
2930 3509 3221 3582 designare
3274 3508 3538 3579 cupimus

1917 3600 2199 3671 querelam
2231 3600 2367 3655 tanti
2414 3600 2712 3671 sacrilegii,
2781 3616 2881 3655 cur
2920 3603 3220 3672 praedictus
3287 3602 3538 3669 ejusdem

1922 3692 2177 3746 Ecclesiae
2206 3693 2439 3747 antistes
2483 3692 2737 3763 nequiter
2783 3693 3008 3748 assidua
3042 3694 3541 3764 conﬂigaturinju-

1917 3784 2015 3839 ria.
2071 3784 2142 3839 Ea
2223 3800 2461 3856 namque
2528 3784 2814 3852 juvamina
2890 3802 3013 3856 quae
3095 3803 3127 3840 a
3186 3786 3543 3861 largitoribus

1919 3880 2118 3927 nostme
2159 3872 2414 3927 Ecclesiae
2470 3879 2618 3937 sunt,
2689 3887 2909 3943 semper
2964 3872 3214 3927 cedenda
3271 3874 3461 3927 sciatis
3512 3888 3545 3927 a

1921 3962 2084 4017 nobis
2153 3963 2478 4033 plenissime
2528 3962 2645 4019 fore
2704 3963 3011 4033 largienda.
3077 3964 3230 4018 Hunc
3291 3964 3463 4036 igitur
3517 3981 3548 4018 a

1926 4054 2202 4129 clavigero
2257 4055 2413 4129 regni
2470 4055 2731 4116 caelestis,
2794 4062 3107 4127 nostraeque
3174 4055 3398 4127 inclytae
3451 4070 3557 4127 po-

1927 4144 2143 4199 testatis
2199 4152 2446 4211 auctore,
2498 4152 2797 4216 nostraque
2855 4144 3203 4215 providentia
3252 4160 3368 4200 suae
3408 4160 3553 4216 quo-

1929 4253 2039 4309 que
2094 4236 2363 4291 cessionis
2420 4238 2616 4301 coacti,
2678 4237 2945 4311 largimus
3002 4237 3051 4293 ei
3116 4237 3389 4310 integram
3451 4238 3556 4291 ha-

1931 4326 2063 4380 bere
2093 4325 2394 4387 licentiam,
2453 4334 2509 4380 et
2566 4334 2891 4397 potestatem
2950 4326 3334 4392 abominandi,
3367 4325 3556 4398 gladio

1932 4432 2155 4488 quoque
2176 4416 2766 4472 excommunicationis
2786 4415 3021 4471 feriendi
3053 4433 3171 4483 eos,
3205 4416 3299 4488 qui
3341 4416 3393 4470 ei
3435 4431 3562 4472 con-

1933 4505 2100 4559 trario
2131 4504 2477 4561 obstiterint.
2502 4504 2655 4568 Quod
2687 4520 2788 4560 nos
2815 4522 2941 4560 vere
2986 4514 3046 4561 ut
3072 4506 3331 4561 omnibus
3353 4504 3546 4577 cogni-

1933 4600 2047 4648 tum
2077 4602 2160 4647 est
2186 4594 2465 4665 abnegare
2496 4609 2608 4649 non
2665 4594 2933 4649 valemus.
2993 4594 3359 4659 Quamobrem
3392 4594 3557 4650 obse-

1929 4681 2135 4737 crando
2164 4681 2325 4737 vobis
2347 4681 2719 4752 praecipimus,
2749 4688 2914 4753 atque
2941 4681 3181 4738 fraterne
3221 4681 3559 4755 ﬂagitamus,

1938 4957 2115 5016 soror,
2149 4942 2373 4997 nomine
2425 4940 2625 5016 Mlada,
2671 4943 2826 5016 virgo
2847 4957 3049 5016 _sacra,
3092 4939 3292 5016 litteris
3321 4938 3557 4994 erudita.

1939 5014 2067 5078 Quae
2123 5029 2247 5068 cum
2305 5012 2573 5067 orationis
2629 5010 2793 5068 causa
2846 5013 3071 5068 Romam
3121 5010 3385 5077 venisset,
3430 5019 3485 5065 et
3532 5026 3563 5065 a

1940 5100 2084 5164 papa
2125 5084 2547 5164 Ioanneﬂhpjus
2603 5084 2855 5164 nominis
2876 5083 3039 5164 tertio
3069 5082 3288 5137 decimo
3320 5081 3564 5164 benigne

1940 5151 2279 5226 suscipitur:
2339 5151 2529 5226 ibique
2575 5155 2899 5226 aliquandiu
2943 5156 3181 5226 degens,
3214 5151 3566 5226 Amonast'icis

1947 5223 2260 5297 disciplinis
2290 5223 2574 5280 imbuitur.
2610 5223 2816 5281 Dehinc
2862 5223 3265 5297 papa—consilio
3311 5224 3566 5277 cardinao

1948 5294 2106 5364 lium,
2146 5298 2255 5352 imo
2296 5298 2490 5351 volens
2519 5314 2674 5352 novae
2712 5294 2970 5352 Ecclesiae
3012 5294 3328 5359 subvenire,
3364 5310 3564 5349 conse-

1948 5376 2063 5423 crat
2116 5384 2235 5422 cam
2308 5368 2664 5434 abbatissam,
2720 5374 2928 5422 mutato
3004 5364 3250 5429 nomine,
3319 5365 3567 5432 Mariam,

1949 5439 2090 5493 dans
2121 5439 2171 5513 ei
2202 5439 2374 5513 sancti
2404 5439 2962 5513 Benedictiregulam
3008 5436 3420 5513 et_abbatialem
3453 5437 3567 5491 vir-

1950 5510 2260 5585 gain._Quze
2317 5510 2543 5585 Pragam
2590 5506 2847 5585 rediens,
2890 5516 2944 5585 et
2988 5527 3020 5561 ει
3069 5506 3234 5561 fratre
3284 5515 3566 5585 suscepta.

1953 5578 2174 5647 obtulit,
2234 5588 2288 5635 et
2338 5578 2548 5635 litteras
2607 5580 2928 5652 Apostolici,
2988 5594 3218 5650 quarum
3278 5578 3568 5635 formulam

1955 5652 2127 5708 habes
2143 5668 2327 5724 supra.
2808 5680 2817 5685 τ
