3924 6396
373 415 481 470 999

1151 412 1205 465 S.
1255 410 1626 466 UDALRICUS
1667 409 1999 465 AUGUSTAI‘

2141 409 2513 465 EPISCOPUS.
2562 441 2631 451 —
2670 410 2951 466 NOTlTlA.

3593 415 3614 467 1
3624 414 3738 467 000

375 556 649 603 utomnes
671 547 765 617 qui
798 563 935 599 ausu
966 544 1258 599 temerario
1284 548 1491 597 terram
1540 545 1851 597 sanctuarii
1878 540 2004 597 fue-
2050 561 2068 606 \
2101 548 2361 605 aeternus,
2395 543 2501 597 nisi
2524 559 2583 598 se
2612 543 2681 598 ad
2714 542 3162 597 emendationem
3196 542 3655 614 praeparaverint,
3679 556 3735 597 et

377 636 488 690 rint
518 636 635 688 ausi
669 635 1022 707 contingere,
1091 633 1172 686 vel
1205 633 1259 686 in
1286 632 1472 703 aliquo
1515 631 1738 697 lzedere,
1771 637 1825 684 et
1848 630 2001 698 inju-

380 730 490 784 rias
521 730 570 783 ei
594 728 819 793 inferre,
850 728 1054 781 nullius
1083 726 1425 780 admirantes
1466 740 1758 795 personam
1794 723 2005 793 plenis-

379 822 579 875 simum
613 835 1014 891 usquequaque
1043 817 1254 873 faciatis
1307 817 1513 890 legere,
1570 827 1625 871 et
1660 832 1822 870 secus
1874 830 2005 869 san-

379 921 589 969 ctorum
623 927 896 966 canonum
957 917 1231 980 praecepta
1288 910 1529 980 graviter
1587 924 1686 963 eos
1717 906 1995 981 corrigite.

382 1005 723 1059 Postremum
768 1018 897 1057 vero
939 1005 984 1055 si
1018 1018 1246 1056 necesse
1280 1001 1444 1055 tuerit
1475 1010 1722 1070 tempore
1762 1007 1817 1053 et
1866 999 2000 1053 hora

376 1113 483 1168 qua
508 1096 625 1166 ipse
656 1112 751 1150 vos
771 1095 1121 1165 deprecando
1147 1093 1518 1158 admonuerit,
1551 1108 1674 1147 cum
1703 1093 1821 1162 ipso
1845 1091 1994 1163 pari-

376 1201 456 1246 ter
493 1190 677 1260 gladio
697 1189 1284 1245 excommunicationis
1337 1189 1630 1259 percutite,
1674 1196 1835 1242 tenor
1904 1203 2003 1241 au-

378 1291 485 1336 tem
537 1289 739 1335 nostra:
798 1279 1386 1334 exeommunicationis
1418 1279 1516 1333 iste
1565 1285 1648 1333 est
1706 1293 1869 1349 quem
1904 1292 2003 1331 vos

374 1375 630 1430 volumus
661 1373 921 1429 roborare
944 1380 1106 1445 atque
1147 1373 1494 1429 confirmare.

448 1462 782 1517 Auctoritate
806 1470 1010 1517 sanctze
1069 1470 1122 1517 et
1160 1461 1461 1518 ineffabilis
1490 1460 1788 1527 Trinitatis,
1836 1460 1890 1515 id
1921 1468 2003 1516 est

376 1550 568 1614 Patris,
604 1561 662 1603 et
692 1550 834 1614 Filii,
862 1560 917 1607 et
958 1551 1196 1622 Spiritus
1228 1551 1422 1616 sancti,
1466 1550 1577 1604 sint
1608 1550 1997 1605 excommuni-

375 1643 501 1703 cati.
533 1652 743 1713 partem
779 1640 1020 1695 habeant
1077 1656 1202 1694 cum
1263 1641 1470 1694 Dathan
1503 1651 1557 1694 et
1623 1640 1825 1694 Abiron
1860 1655 2001 1711 quos

376 1746 519 1790 terra
575 1734 730 1789 vivos
788 1732 1076 1787 absorbuit
1125 1750 1139 1795 ;
1200 1748 1323 1786 cum
1397 1732 1538 1786 Juda
1593 1748 1842 1803 quoque,
1902 1731 1995 1802 qui

378 1824 672 1877 Dominum
702 1822 953 1888 tradidit,
982 1822 1208 1876 alternis
1236 1821 1509 1874 incendiis
1531 1830 1957 1875 concrementur
1982 1837 1994 1884 ;

369 1911 570 1966 domus
627 1926 852 1982 quoque
918 1924 1110 1964 eorum
1200 1916 1502 1973 vastentur,
1569 1908 1795 1979 sintque
1872 1924 1995 1963 cum

372 2000 663 2055 diaboloin
694 2000 843 2073 igne,
877 1998 1038 2066 cujus
1088 1997 1235 2070 ignis
1285 2012 1396 2052 non
1426 1997 1683 2065 moritur,
1709 2007 1761 2052 et
1793 1998 1999 2052 vermi-

375 2090 481 2144 bus
510 2089 604 2161 qui
626 2104 737 2143 non
767 2087 1094 2142 moriuntur.
1128 2087 1187 2140 In
1234 2087 1493 2157 praesenti
1521 2088 1725 2141 saaculo
1755 2088 2000 2142 sentiant

1982 1861 1995 1931 ἶ
2031 1864 2080 1931 Β

2106 635 2216 688 sint
2245 641 2450 689 sanctae
2487 632 2578 687 Dei
2617 632 2871 687 Ecclesia;
2912 632 3199 687 liminibus
3228 633 3584 704 sequestrati,
3618 645 3671 687 et
3702 651 3731 687 a

2105 728 2383 782 consortio
2411 726 2656 781 tidelium
2690 725 3118 779 Christianorum
3152 725 3397 780 omnium
3422 725 3731 798 segregati,

2104 831 2159 876 et
2197 822 2427 892 insuper
2457 822 2743 892 perpetuis
2762 822 3130 876 anathematis
3174 821 3407 876 vinculis
3444 822 3727 888 innodati,

2104 914 2178 968 ita
2209 920 2267 967 ut
2296 928 2405 967 non
2420 920 2625 985 queant
2652 912 2794 967 solvi
2818 929 2991 984 usque
3005 913 3441 984 pervenerintad
3458 915 3731 968 emenda—

2102 1002 2309 1057 tionem
2340 1018 2663 1075 congruam.
2699 1001 2969 1056 Maledicti
2990 1002 3099 1056 sint
3129 1001 3491 1067 dormientes,
3524 1010 3580 1056 et
3606 1020 3731 1056 ma-

2103 1092 2287 1146 ledicti
2317 1092 2609 1165 vigilantes
2654 1092 2972 1157 ;ma|edicti
3024 1092 3398 1166 egredientes,
3459 1100 3513 1145 et
3540 1092 3725 1145 male-

2105 1183 2235 1238 dicti
2297 1184 2676 1258 regredientes
2723 1202 2737 1248 ;
2799 1182 3077 1238 maledicti
3132 1184 3364 1238 edentes
3418 1189 3473 1237 et
3524 1183 3732 1237 biben-

2104 1282 2206 1343 tes,
2263 1284 2317 1331 et
2394 1276 2673 1331 maledicti
2746 1275 3056 1332 esurientes
3132 1283 3188 1331 et
3277 1276 3547 1331 sitientes.
3612 1276 3729 1330 Ma-

2105 1367 2288 1423 ledicti
2353 1369 2464 1424 sint
2530 1377 2847 1440 operantes,
2934 1376 2989 1424 et
3074 1369 3353 1424 maledicti
3417 1368 3486 1422 ab
3550 1383 3727 1439 opere

2104 1469 2389 1516 cessantes
2446 1478 2459 1527 ;
2517 1461 2795 1516 maledicti
2864 1460 2919 1515 in
2987 1461 3171 1529 domo,
3234 1460 3509 1516 maledicti
3570 1469 3729 1517 extra

2103 1549 2325 1604 domum
2388 1590 2402 1613 ,
2471 1549 2748 1605 maledicti
2811 1549 2921 1604 sint
2987 1549 3043 1603 in
3112 1549 3373 1613 civitate,
3441 1549 3729 1603 maledicti

2102 1646 2253 1693 extra
2312 1638 2586 1693 civitatem
2646 1658 2662 1705 ;
2713 1639 2995 1693 maledicti
3078 1638 3189 1693 sint
3236 1638 3291 1692 in
3335 1638 3501 1703 villis,
3549 1640 3731 1692 male-

2101 1728 2232 1783 dicti
2260 1729 2315 1783 in
2350 1729 2631 1784 montibus
2660 1748 2673 1795 ;
2705 1729 2981 1784 maledicti
3009 1729 3062 1783 in
3093 1729 3345 1793 vallibus,
3367 1728 3651 1784 maledicti
3672 1730 3728 1782 in

2102 1821 2256 1875 silvis
2288 1839 2302 1886 ;
2332 1821 2614 1877 maledicti
2635 1822 2689 1876 in
2714 1823 2881 1892 pratis
2908 1840 2921 1885 ;
2949 1821 3228 1876 maledicti
3251 1822 3305 1875 in
3333 1820 3524 1892 aquis;
3551 1822 3730 1873 male-

2104 1909 2234 1963 dicti
2264 1910 2322 1963 in
2343 1911 2604 1966 omnibus
2636 1912 2792 1975 locis,
2845 1911 2949 1965 nisi
2980 1927 3038 1965 se
3069 1910 3429 1966 correxerint.
3456 1909 3728 1963 Auferan-

2103 2010 2191 2055 tur
2228 2002 2299 2057 de
2358 2003 2608 2073 partibus
2664 2004 2985 2059 meritorum
3044 2010 3246 2059 sancta).
3287 2003 3381 2057 Dei
3437 2002 3732 2075 genitricis

2100 2089 2281 2146 Maria:
2306 2093 2670 2165 omniumque
2691 2094 2920 2149 aliorum
2943 2101 3259 2149 sanctorum
3293 2112 3309 2156 ;
3344 2092 3730 2147 recludantur-

376 2185 627 2241 eamdem
643 2200 865 2255 poenam
895 2199 1059 2254 quam
1074 2182 1999 2254 sentitHerodes,quiconsumptus
2099 2193 2207 2247 que
2239 2182 2293 2237 in
2326 2182 2544 2237 baratro
2575 2181 2793 2237 inferni.
2831 2181 2909 2235 Ad
2962 2189 3295 2252 postremum
3328 2189 3511 2235 autem
3536 2180 3726 2255 gladio

376 2292 406 2328 ει
437 2273 720 2328 vermibus
741 2272 1057 2342 exspiravit.
1116 2272 1392 2343 Adjungat
1430 2272 1510 2326 eis
1540 2272 1804 2327 Dominus
1828 2271 2002 2342 pesti-

374 2364 625 2430 lentiam,
655 2366 835 2420 donec
858 2371 1087 2436 pereant
1108 2365 1176 2419 de
1194 2373 1334 2420 terra
1356 2372 1409 2419 et
1426 2364 1496 2418 de
1514 2364 1600 2419 his
1617 2380 1739 2436 quae
1785 2371 1913 2419 sunt
1944 2364 1998 2417 in

373 2472 456 2510 ea.
503 2456 776 2511 Percutiat
806 2473 904 2511 eos
939 2456 1202 2512 Dominus
1249 2464 1516 2529 egestate,
1552 2455 1713 2518 febri,
1772 2455 1997 2530 frigore,

374 2552 569 2607 ardore
626 2560 681 2607 et
734 2563 891 2615 testu,
926 2559 979 2607 et
1040 2561 1448 2624 persequentur
1506 2567 1602 2607 eos
1641 2551 1828 2607 omnia
1858 2552 2001 2605 mala

381 2641 522 2705 haec,
558 2641 738 2695 donec
767 2641 1117 2695 evellantura
1140 2641 1365 2696 sedibus
1397 2641 1635 2711 paradisi
1664 2658 1677 2706 ;
1711 2640 1870 2696 feriat
1909 2656 2006 2697 eos

375 2743 597 2799 quoque
656 2730 922 2783 Dominus
980 2730 1187 2795 ulcere,
1263 2738 1318 2783 et
1366 2737 1520 2799 parte
1601 2729 1849 2800 corporis
1907 2745 2006 2799 per

374 2834 541 2889 quam
572 2828 817 2873 stercora
845 2819 1189 2890 digeruntur.
1220 2818 1415 2873 Seabie
1464 2834 1705 2891 quoque,
1736 2828 1791 2874 et
1820 2820 2004 2890 pruri-

378 2913 531 2985 gine,
566 2912 640 2967 ita
668 2920 729 2967 ut
758 2914 937 2968 curari
960 2929 1070 2968 non
1103 2914 1319 2984 possint
1394 2915 1645 2970 Amentia
1676 2922 1731 2970 et
1757 2915 2001 2970 caacitate

375 3006 662 3060 aDomino
711 3006 1033 3072 feriantur;
1084 3006 1323 3062 habeant
1375 3024 1599 3080 quoque
1660 3010 1997 3065 consortium

374 3110 500 3148 cum
537 3095 687 3163 Ario,
755 3095 913 3164 cuius
980 3096 1243 3152 intestina
1318 3097 1373 3150 in
1428 3114 1706 3153 secessum
1771 3115 1998 3174 egressa

378 3193 527 3241 sunt.
580 3186 967 3243 Maledictione
1016 3195 1305 3259 perpetua,
1356 3188 1650 3245 maledicat
1691 3205 1788 3246 eos
1838 3190 1998 3246 Pater

2105 2275 2427 2345 perenniter
2483 2272 3073 2329 excommunicationis
3124 2279 3342 2336 nostrae,
3374 2279 3429 2326 et
3461 2272 3728 2327 Romana:

2104 2368 2361 2424 Ecclesia:
2393 2384 2490 2423 eos
2521 2366 2880 2439 percutimus,
2913 2374 2969 2421 et
3010 2365 3270 2421 omnibus
3317 2364 3735 2419 maledictioni-

2104 2464 2209 2520 bus
2236 2479 2358 2536 quaa
2391 2463 2447 2517 in
2480 2462 2659 2518 Veteri
2700 2479 2765 2517 ac
2793 2462 2941 2517 Novo
2967 2461 3318 2516 Testamento
3345 2458 3731 2521 continentur,

2103 2551 2881 2625 eosjugulamus,perpetuali
2912 2565 3135 2621 quoque
3159 2549 3436 2622 gehennae
3468 2547 3734 2601 incendio

2105 2641 2727 2698 concremandosetiam
2761 2639 3048 2705 tradimus,
3079 2638 3181 2693 nisi
3201 2638 3268 2691 ad
3293 2636 3735 2691 satisfactionem

2107 2732 2480 2802 pervenerint.
2516 2730 2778 2785 Volumus
2808 2736 2989 2783 autem
3024 2735 3084 2781 ut
3140 2726 3434 2781 audientes
3455 2726 3574 2779 haec
3605 2741 3737 2795 pro-

2104 2833 2407 2899 sequantur
2428 2824 2677 2879 dicentes
2709 2840 2722 2875 :
2762 2805 2897 2889 Fiat,
2957 2819 3070 2886 ﬁat,
3106 2818 3218 2877 tiat.
3259 2818 3359 2884 Qui
3387 2826 3579 2872 autem
3609 2819 3737 2872 huic

2103 2916 2393 2972 sententia:
2438 2920 2639 2969 nostra:
2689 2911 2921 2968 obedire
2974 2908 3237 2975 noluerit,
3301 2907 3372 2962 sit
3410 2908 3736 2973 anathema,

2102 3003 2444 3068 maranatha,
2502 3001 2732 3070 cujusve
2780 2998 2993 3054 ordinis
3040 2998 3125 3052 sit.
3181 2998 3312 3051 ltem
3343 2996 3496 3049 enim
3529 2994 3739 3050 dicitur

2102 3094 2342 3168 perditio
2370 3094 2441 3150 sit
2462 3093 2572 3148 illis
2611 3093 2667 3147 in
2696 3091 2994 3148 adventum
3023 3088 3263 3146 Domini.
3297 3089 3491 3142 Amen.

385 3381 3736 3413 Μ

1571 3559 1753 3604 ANNO
1801 3560 2041 3604 DOMINI
2087 3558 2532 3611 DCCCCLXXIII.

560 3750 1816 3911 SANCTUS
1956 3746 3552 3911 UDALRICUS

1491 4001 2094 4110 AUGUSTANUS
2154 4043 2660 4107 EPISCOPUS.

855 4414 1265 4495 NOTITIA
1344 4415 1879 4500 HISTORICA
1944 4418 2039 4500 ΙΝ
2106 4417 2573 4501 SANCTUM
2641 4417 3240 4499 ULDARICUM.

422 4807 1500 4892 nUdalricusnlilpiseOpusdegustans,
1530 4813 1811 4892 secundus
1829 4815 1996 4892 huius
2023 4816 2266 4892 nominis
2289 4827 2438 4892 [nam
2465 4816 2734 4892 deprime
2761 4815 2871 4892 jam
2904 4834 3070 4892 supra
3097 4818 3207 4892 egit
3225 4816 3512 4892 Fabricius
3547 4825 3739 4892 noster

398 4876 712 4963 liva‘i‘nnp.
745 4876 859 4963 .303
890 4883 955 4963 s_.)
979 4876 1444 4963 reait‘l'leclesiam
1479 4876 1733 4963 ἐπιδεξιέώ
1765 4901 1848 4963 a.__
1870 4876 1971 4963 924
2023 4888 2091 4941 ad
2144 4876 2471 4963 97§.'Vitam
2498 4876 2619 4963 ejus
2649 4876 2876 4963 exhibet
2907 4876 3225 4961 An'onyn‘i’us
3264 4889 3563 4963 a__Vels_ero
3594 4889 3732 4963 Opp.

395 4950 587 5030 p._§15
633 4951 806 5030 Surio_
826 4952 878 5006 4.
907 4951 1012 5006 Jul.
1044 4952 1371 5030 Mabillonio
1411 4955 1615 5030 sine]
1644 4955 2025 5030 Denedictino,
2087 4976 2139 5030 p.
2169 4959 2293 5019 M5.
2351 4965 2406 5013 et
2460 4950 2708 5030 in'Actis
2761 4950 3085 5015 Sanctorum
3131 4970 3260 5016 tom.
3296 4960 3339 5014 ll
3370 4959 3528 5019 Julii.
3565 4978 3621 5030 p.
3644 4950 3734 5023 97,

393 5019 743 5108 ςίξίῑμειςρξξι
774 5021 1175 5108 Commentario
1210 5025 1412 5108 praevio
1428 5026 1508 5108 Jo'.
1545 5026 1686 5108 Pinii
1730 5045 1790 5108 Ρ2
1962 5019 2221 5108 97;_ltem
2278 5030 2612 5108 Benedictus
2660 5029 2975 5108 Gullmann,
3011 5032 3378 5108 Augustanus.
3412 5031 3468 5108 in
3503 5019 3729 5108 Dissert.

398 5089 719 5175 Lips.ﬂl69.3
760 5093 997 5175 praeside
1029 5095 1094 5149 M.
1128 5089 1441 5175 Godofredo
1483 5089 1747 5175 Ludovici
1776 5089 1981 5175 habita
2031 5100 2089 5154 Ei
2120 5102 2627 5175 Seprtqsynodalis
2650 5089 3011 5175 parochianis
3038 5089 3395 5175 presbyteris
3415 5105 3478 5157 in
3507 5103 3735 5171 synodis

393 5165 762 5218 enuntianda:
799 5165 1111 5231 ascribitur,
1136 5167 1316 5223 editus
1347 5168 1584 5238 primum
1616 5175 1648 5223 t.
1686 5170 1747 5223 IX
1779 5170 2145 5227 Conciliorum
2187 5170 2331 5226 Binii
2352 5165 2483 5228 e'dit.
2516 5165 2774 5229 secunda!
2802 5190 2927 5248 pag.
2956 5165 3079 5229 803:

1641 5649 1735 5663 ἐκ
1746 5650 1943 5677 --η--οιη-
1952 5648 2029 5676 τι(
2038 5639 2387 5679 HW—
2402 5656 2498 5666 -σι
