3924 6390
189 396 335 454 1001

1412 396 1579 451 VITA.
1624 427 1691 436 —
1730 396 2003 452 OBSERV.
2048 397 2349 451 PRA‘JVUE.

3406 402 3545 459 1002

1656 734 2092 861 VITA

636 996 1639 1159 SANCTI
1773 999 3110 1172 UDALBICI

1120 1311 1374 1369 Auctore
1417 1309 1678 1369 Gerardo
1718 1311 2077 1387 presbytero,
2126 1313 2255 1388 ejus
2295 1312 2628 1389 familiari.

418 1515 596 1585 (Apud
630 1513 830 1568 Mabill.
866 1516 994 1568 Arta
1022 1515 1119 1570 SS.
1150 1513 1269 1569 ord.
1303 1514 1361 1569 S.
1394 1515 1584 1570 Bone/.1.
1620 1515 1757 1570 Szec.
1788 1515 1850 1580 V,
1886 1534 1937 1586 p.
1969 1516 2094 1581 415,
2130 1516 2376 1572 editione
2406 1517 2724 1572 Velseriana
2755 1525 2807 1572 et
2837 1518 3127 1573 codicibus
3157 1522 3313 1590 mss.)

1715 1748 2033 1767 —-——

1069 1926 1528 2013 OBSERV
1544 1926 1909 2014 ATION
1922 1927 2045 2014 ES
2123 1927 2661 2017 ΡΒίίΕνἹλίΕ.

266 2184 312 2236 t.
348 2182 610 2235 Auctores
641 2179 850 2251 antiqui
884 2182 1032 2247 (nam
1067 2182 1405 2235 recentiores
1435 2180 1653 2235 interim
1683 2180 1816 2235 sile-
1842 2178 1891 2245 Α
1919 2174 2011 2227 riae
2069 2168 2375 2240 venientes,
2417 2176 2537 2229 ham
2589 2175 2752 2231 nobis
2806 2177 3300 2232 annuntiaverunl:
3370 2177 3539 2246 Primi

182 2276 337 2332 mus)
385 2268 613 2324 omnino
664 2276 793 2335 tres,
845 2268 939 2339 qui
998 2270 1170 2324 sancti
1218 2269 1456 2323 Udalrici
1508 2270 1586 2340 (S.
1648 2270 1814 2339 Ulric)

180 2356 445 2428 episcopi
484 2357 845 2428 Augustensis
883 2364 1035 2431 gesta
1077 2358 1311 2427 posteris
1339 2357 1703 2423 tradiderunt,
1731 2357 1817 2410 in-

181 2449 511 2514 veniuntur,
541 2464 733 2503 omnes
773 2465 803 2501 a
832 2448 1007 2504 Marco
1067 2449 1309 2514 Velsero,
1362 2449 1678 2519 reipublicae
1708 2450 1813 2502 Au-

182 2546 443 2612 gustanaa
474 2539 766 2594 duumviro
805 2539 1129 2605 clarissimo,
1166 2540 1309 2611 typis
1344 2540 1546 2614 vulgati
1602 2539 1815 2593 Primus

183 2630 297 2683 sub
329 2630 589 2701 anonymi
623 2630 818 2696 titulo;
852 2630 1131 2685 secundus
1161 2632 1541 2695 Gebeliardus,
1578 2630 1813 2685 Udalrici

181 2721 245 2774 in
293 2721 490 2777 eadem
542 2722 676 2776 sede
717 2738 1008 2777 successor
1060 2730 1319 2793 quartus;
1391 2723 1581 2776 tertius
1639 2723 1813 2777 Bemo

182 2814 489 2888 Augiensis
530 2815 723 2883 abbas,
753 2831 862 2887 quo
910 2815 1263 2871 Ekkeliardus
1290 2817 1478 2885 junior
1503 2817 1815 2887 suppressis

180 2907 514 2963 nominibus
569 2910 754 2964 laudat
815 2910 869 2963 in
925 2910 999 2964 lib
1080 2911 1150 2964 de
1208 2910 1436 2964 Casibus
1492 2910 1814 2964 monasterii

179 2997 365 3051 sancti
398 2997 531 3052 Galli
558 3014 680 3069 cap.
721 2999 776 3065 5,
809 2998 904 3052 ubi
949 2999 1199 3069 quaedam
1238 2998 1306 3051 ab
1340 2999 1419 3052 eis
1451 2997 1817 3068 praetermissa

184 3090 381 3145 refert.
420 3091 621 3147 Praeter
662 3093 761 3149 hos
782 3093 1077 3160 Ditmarus,
1112 3093 1419 3149 (llironicon
1443 3095 1817 3165 Augustanum

184 3181 401 3252 aliique
484 3199 668 3237 rerum
762 3182 1209 3239 Germanicarum
1272 3184 1817 3239 Alamannicarumve

188 3273 441 3328 historici
472 3275 542 3329 de
574 3276 827 3330 Udalrico
874 3276 1176 3331 honorifice
1209 3283 1411 3348 agunt;
1444 3276 1587 3331 inter
1618 3291 1815 3330 recen-

182 3368 359 3423 tiores
408 3368 808 3425 illustrissimus
846 3372 1142 3427 cardinalis
1174 3373 1457 3427 Baronius.
1515 3374 1577 3426 At
1608 3373 1675 3426 de
1708 3371 1817 3443 pri-

183 3457 293 3511 mis
323 3457 447 3512 vitae
474 3458 837 3529 scriptoribus
868 3460 954 3516 hic
976 3461 1257 3532 praecipue
1288 3462 1614 3517 dicendum.

1919 2266 2074 2320 istius
2124 2267 2365 2322 auctoris
2419 2283 2619 2321 nomen
2676 2268 2959 2340 ignorasse
2996 2270 3215 2325 videtur
3258 2270 3538 2325 secundus

1917 2358 2040 2412 vita:
2079 2359 2315 2429 scriptor
2361 2358 2734 2425 Gebehardus,
2794 2360 2886 2431 qui
2949 2362 3179 2431 primam
3232 2365 3298 2415 de
3362 2364 3538 2418 sancti

1920 2446 2153 2503 Udalrici
2194 2447 2364 2520 gestis
2402 2447 2864 2514 lucubrationem,
2910 2470 2936 2499 (ι
2980 2465 3010 2502 a
3050 2450 3287 2520 quodam
3337 2449 3538 2504 illustri

1916 2539 2033 2593 viro
2058 2539 2438 2609 compositam,
2482 2560 2506 2590 »
2549 2540 2603 2593 in
2630 2541 2856 2614 prologo
2877 2556 2979 2595 suo
3002 2540 3155 2596 dicit.
3181 2540 3287 2595 Sed
3316 2541 3532 2596 tandem

1917 2630 2072 2685 istius
2101 2630 2358 2701 anonymi
2392 2647 2596 2686 nomen
2636 2631 2691 2685 in
2745 2632 2941 2687 itinere
2973 2640 3162 2688 nostro
3210 2633 3534 2687 Germanico

1917 2722 2212 2778 didicimus
2241 2740 2305 2777 ex
2340 2729 2554 2777 vetusto
2585 2723 2775 2777 codice
2807 2723 3228 2794 Ratisponensis
3258 2731 3535 2779 monaste-

1918 2819 1984 2873 rii
2033 2819 2211 2873 Sancti
2291 2818 2698 2884 Emmerammi,
2767 2825 2894 2873 ante
2958 2836 3135 2875 annos
3203 2820 3538 2891 quingentos

1918 2912 2146 2981 scripto,
2180 2912 2235 2965 in
2267 2927 2378 2983 quo
2417 2912 2591 2983 prima
2621 2912 2740 2966 hac
2779 2912 2897 2967 Vita
2926 2914 3199 2984 reperitur
3228 2913 3329 2967 sub
3379 2913 3537 2967 titulo

1920 3012 2045 3076 post
2074 3005 2590 3076 capitulationesita
2613 3021 2905 3077 expresso:
2951 3029 2975 3056 ιι
3020 3007 3078 3062 ιη
3102 3006 3327 3062 nomine
3352 3006 3538 3062 Domi-

1921 3094 1976 3148 ni
2009 3094 2203 3165 incipit
2237 3095 2350 3148 Vita
2380 3095 2551 3149 sancti
2588 3094 2825 3149 Udalrici
2865 3095 3112 3166 episcopi
3155 3102 3208 3149 et
3246 3094 3535 3150 confesso-

1919 3185 1996 3239 ris
2023 3184 2243 3252 Christi,
2273 3186 2421 3240 edita
2465 3202 2496 3239 a
2525 3184 2784 3250 Gerardo,
2828 3185 2922 3257 qui
2948 3186 3018 3240 ab
3071 3201 3138 3241 eo
3170 3186 3270 3241 fuit
3299 3185 3534 3258 presby-

1919 3283 2003 3328 ter
2027 3275 2330 3330 ordinatus.
2377 3299 2400 3323 υ
2445 3274 2742 3329 Gerardum
2777 3275 2961 3345 itaque
2995 3276 3045 3329 in
3080 3283 3358 3346 posterum
3400 3277 3535 3333 lice-

1918 3364 1999 3419 bit
2020 3366 2301 3436 appellare
2332 3381 2689 3437 anonymum,
2723 3366 2815 3437 qui
2836 3367 3023 3422 nescio
3047 3383 3117 3420 an
3144 3366 3289 3421 idem
3320 3367 3531 3423 sitcum

1917 3453 2156 3509 Gerardo
2199 3454 2434 3509 Udalrici
2493 3454 2801 3524 capellano,
2864 3455 2932 3509 de
2973 3471 3083 3526 quo
3113 3455 3168 3509 in
3212 3455 3329 3510 Vita
3376 3472 3530 3510 num.

262 3554 317 3609 2.
351 3557 449 3620 Qui
496 3557 706 3628 primus
755 3530 994 3614 Udalrici
1039 3530 1159 3615 acta
1206 3559 1403 3615 litteris
1449 3559 1810 3634 consignavit,
1845 3530 1918 3596 B‘

1919 3546 2007 3607 63,
2035 3562 2132 3600 seu
2165 3546 2481 3617 praeposito,
2514 3545 2583 3601 de
2611 3561 2725 3618 quo
2754 3563 2904 3603 num.
2936 3546 3025 3614 70,
3057 3556 3221 3620 atque
3254 3548 3535 3620 presbyte-

187 3662 505 3719 anonymus
535 3666 567 3704 a
597 3650 817 3706 Velsero
857 3651 1181 3722 caeterisque
1225 3652 1429 3719 dictus,
1472 3653 1718 3723 pluribus
1758 3651 1813 3705 in

182 3739 325 3794 locis
355 3756 414 3794 se
445 3740 681 3796 Udalrici
711 3742 982 3813 mqualem
1011 3759 1074 3797 ac
1105 3742 1430 3798 familiarem
1465 3742 1640 3798 fuisse
1672 3742 1817 3796 indi-

185 3841 295 3902 cat,
329 3841 388 3890 ut
414 3852 543 3889 num
604 3837 709 3890 18:
753 3858 783 3888 α
825 3837 898 3892 Ea
919 3839 1011 3909 qui
1044 3839 1284 3894 vidimus
1311 3855 1422 3893 non
1450 3838 1611 3893 decet
1641 3844 1813 3891 totum

186 3924 465 3980 omittere.
512 3947 533 3975 ι
580 3926 641 3979 Et
666 3928 945 3981 num.54:
994 3948 1014 3977 ι
1062 3928 1331 3983 Haacvero
1352 3927 1578 3982 nemine
1597 3926 1815 3980 dicente

184 4017 621 4087 comperiebam,
668 4020 765 4072 sed
800 4019 1039 4089 propriis
1091 4020 1265 4075 oculis
1297 4019 1352 4073 in
1392 4018 1816 4090 quamplurimis

188 4115 414 4178 peracta
462 4110 902 4180 conspiciebam.
950 4137 973 4157 η
1018 4112 1394 4168 Udalscalcum
1437 4127 1557 4166 esse
1590 4110 1859 4182 quidam»

193 4200 407 4270 Opinati
438 4209 594 4263 sunt;
626 4203 723 4257 sed
755 4203 880 4274 quis
918 4204 987 4257 sit
1018 4204 1366 4260 Udalscalcus
1418 4203 1511 4257 ille
1543 4218 1655 4258 non
1685 4203 1817 4257 satis

191 4290 492 4361 explicant.
532 4292 682 4347 Unus
712 4291 813 4348 fuit
850 4309 918 4349 eo
947 4295 1171 4349 nomine
1210 4295 1518 4351 monachus
1545 4296 1815 4365 Augusta-

194 4398 303 4437 nus
328 4382 397 4436 ad
428 4390 670 4438 sanctam
719 4383 920 4451 Afram,
964 4402 1062 4441 seu
1093 4386 1161 4441 ad
1194 4394 1444 4441 sanctum
1477 4385 1814 4452 Udalricum,

192 4471 240 4524 is
257 4470 353 4541 qui
372 4471 442 4525 de
462 4472 1178 4530 discidiointerHeinricum
1199 4475 1522 4546 episcopum
1548 4482 1602 4529 et
1618 4476 1816 4548 Egino-

191 4578 322 4616 nem
349 4562 606 4618 abbatem
630 4571 818 4619 exorto
852 4565 1053 4621 librum
1082 4557 1355 4642 insignem
1386 4567 1626 4638 scripsit,
1651 4567 1706 4622 in
1740 4574 1818 4621 to~

193 4669 287 4709 mo
342 4655 387 4710 ll
422 4654 638 4711 Henrici
673 4655 875 4711 Canisii
922 4659 1153 4725 editum,
1183 4659 1277 4714 ubi
1330 4659 1584 4731 quaedam
1642 4658 1814 4714 sancti

195 4744 433 4800 Udalrici
463 4747 726 4802 miracula
768 4756 1181 4806 commemorat.
1239 4749 1387 4805 Idem
1431 4757 1623 4821 postea
1665 4750 1819 4818 ejus-

190 4834 322 4888 dem
356 4834 461 4889 loci
491 4836 666 4891 abbas
694 4836 798 4892 fuit
817 4838 886 4891 ab
911 4854 1058 4893 anno
1089 4838 1229 4894 M26
1259 4839 1324 4894 ad
1350 4839 1507 4894 1148.
1538 4838 1814 4894 Udalscal-

1916 3658 1996 3704 ro.
2033 3658 2185 3696 num.
2213 3642 2303 3697 83.

1987 3731 2039 3787 3.
2075 3732 2239 3787 Binos
2263 3731 2487 3786 Gerardi
2521 3731 2691 3786 libros
2721 3731 2791 3785 de
2815 3730 2949 3785 Vitze
2980 3737 3034 3785 et
3059 3730 3337 3786 Miraculis
3373 3732 3531 3787 Udal-

1915 3820 2012 3876 rici
2046 3837 2168 3875 cum
2219 3820 2456 3891 simplici
2487 3820 2627 3890 stylo
2659 3819 2894 3890 scriptos
2921 3818 3147 3892 legisset
3177 3819 3533 3875 Gcbehardus

1916 3910 2232 3979 episcopus,
2283 3924 2379 3964 eos
2432 3924 2574 3963 novo
2604 3908 2870 3963 orationis
2921 3923 3128 3982 genere
3159 3908 3407 3978 expolire
3432 3924 3531 3979 ag-

1914 4017 2141 4075 gressus
2191 4008 2292 4065 est,
2326 4000 2401 4055 uti
2431 4000 2547 4071 ipse
2579 4000 2648 4054 in.
2691 3999 2922 4072 Prologo
2966 4014 3066 4054 suo
3118 4005 3379 4062 testatur;
3432 4000 3532 4054 sed

1917 4097 2091 4146 morte
2123 4097 2455 4161 praeventus,
2486 4106 2626 4161 opus
2656 4088 2924 4161 perficere
2956 4104 3067 4145 non
3099 4089 3295 4160 potuit.
3339 4089 3459 4144 Fuit
3488 4090 3534 4144 is

1915 4182 1984 4235 ab
2017 4181 2266 4237 Udalrico
2321 4181 2678 4254 Augustensis
2724 4181 3018 4251 episcopus
3066 4187 3314 4252 quartus,
3344 4187 3533 4251 utpote

1915 4274 2010 4346 qui
2045 4281 2163 4345 post
2195 4274 2487 4328 Henricum
2521 4272 2758 4328 Udalrici
2791 4287 3187 4339 successorem,
3221 4288 3366 4327 anno
3405 4272 3530 4337 982,

1918 4378 2148 4441 postque
2200 4369 2451 4424 Ethicum
2507 4384 2654 4424 anno
2710 4367 2816 4422 988
2884 4367 3207 4429 exstinctos,
3270 4367 3533 4422 successit

1918 4461 2150 4517 Liutolfo
2199 4468 2321 4532 post
2360 4468 2569 4532 septem
2611 4459 2897 4533 regiminis
2940 4475 3135 4525 annos,
3192 4468 3358 4530 atque
3403 4460 3523 4530 ipse

1917 4566 2064 4606 anno
2112 4558 2236 4623 post
2284 4550 2635 4605 millesimum
2690 4549 2932 4604 secundo
2987 4556 3042 4603 et
3086 4548 3226 4603 vivis
3275 4549 3528 4605 excessit.

1918 4642 2229 4698 Gebebardi
2279 4642 2588 4697 lucubratio
2648 4640 2968 4712 imperfecta
3018 4640 3224 4695 desinit
3256 4640 3311 4694 in
3368 4641 3532 4696 laude

1918 4736 2108 4791 activae
2146 4740 2199 4789 et
2228 4734 2484 4789 theoricze
2513 4732 2750 4787 Udalrici
2802 4732 2927 4787 vitae
2958 4732 3026 4786 ab
3059 4731 3217 4787 initio
3240 4732 3358 4802 ejus
3393 4749 3533 4804 pon-

1920 4827 2176 4884 tificatus.

191 4940 293 4979 cus
335 4924 474 4979 alter
502 4925 604 4980 fuit
660 4926 956 4998 episcopus
1013 4928 1374 5003 Augustensis
1404 4934 1525 4998 post
1573 4930 1816 4985 medium
1845 4905 1893 4971 Ο
1986 4918 2039 4973 4·
2076 4916 2242 4972 Ρδυιο
2278 4922 2403 5003 Ρθδι
2434 4914 2613 4986 ipsum
2649 4915 2823 4970 Βθτηο
2850 4931 2882 4968 ⁸
2923 4913 3272 4977 Fridebaldor
3307 4930 3533 4969 monas'

187 5011 456 5067 saeculum
509 5014 932 5082 duodecimum;
964 5016 1062 5071 sed
1095 5024 1327 5088 uterque
1376 5016 1538 5090 longe
1579 5016 1647 5070 ab
1677 5030 1810 5071 ano-

189 5105 343 5175 nymi
375 5107 548 5161 nostri
578 5113 758 5164 aetate.
791 5109 942 5165 Hunc
984 5108 1233 5165 ecclesiae
1282 5108 1615 5164 cathedralis
1646 5122 1813 5163 cano-

189 5194 377 5249 nicum
409 5196 682 5251 exstitisse
724 5204 874 5268 patet
911 5214 979 5253 ex
1020 5198 1160 5254 libro
1218 5198 1289 5253 de
1320 5196 1596 5252 Miraculis
1626 5195 1812 5267 (quem

189 5287 358 5341 unius
397 5287 758 5362 ejusdemque
783 5291 1025 5347 auctoris
1057 5306 1180 5347 esse
1211 5291 1488 5359 existimo)
1520 5290 1650 5346 huic
1680 5290 1813 5345 Vitae

187 5376 463 5445 subjecto.
500 5377 655 5446 Nam,
687 5395 808 5450 cap.
849 5379 920 5435 28
950 5379 1120 5436 relato
1161 5379 1400 5451 quodam
1450 5378 1717 5434 miraculo
1747 5378 1815 5432 ad

185 5465 362 5520 sancti
408 5465 648 5522 Udalrici
692 5468 961 5523 tumulum
995 5469 1051 5523 in
1094 5468 1331 5524 ecclesia
1371 5467 1428 5523 S.
1462 5467 1599 5523 Afra
1628 5472 1814 5537 patra-

187 5561 266 5620 to,
300 5553 457 5610 addit
487 5556 688 5613 exinde
720 5574 1046 5614 concursum
1081 5558 1271 5629 populi
1303 5557 1504 5612 factum
1529 5558 1583 5612 in
1616 5557 1818 5628 princi-

185 5663 313 5718 pem
376 5662 473 5701 seu
548 5649 923 5721 episcopalem
990 5649 1282 5706 ecclesiam
1340 5649 1552 5704 Sanctae
1611 5648 1813 5703 Mariae.

187 5760 214 5784 α
260 5736 400 5791 Inde
430 5736 488 5790 in
515 5737 812 5802 civitatem,
842 5738 1044 5809 inquit,
1070 5740 1137 5794 ad
1160 5738 1449 5795 ecclesiam
1476 5738 1691 5793 Sancta)
1710 5736 1818 5791 Ma.

492 5887 793 5950 Parnm“
848 5887 1185 5952 CXXXV.

1914 5006 2036 5060 terii
2069 5005 2282 5060 Sanctae
2330 5002 2470 5059 Afrae
2496 5003 2641 5073 apud
2670 5003 2965 5077 Augustam
2995 5003 3406 5059 Vindelicorum
3440 5004 3538 5057 ab-

1915 5098 2043 5153 bate
2075 5105 2271 5169 quarto
2304 5102 2547 5171 rogatus,
2580 5094 2841 5166 anonymi
2870 5094 3226 5166 scriptionem
3260 5095 3366 5150 alia
3408 5094 3536 5150 item

1918 5186 2090 5244 forma
2127 5186 2498 5243 exornandam
2553 5183 2817 5254 suscepit,
2859 5182 3028 5253 idque
3064 5200 3123 5239 re
3155 5201 3283 5239 vera
3312 5199 3540 5239 exsecu-

1915 5274 2005 5338 tus
2059 5288 2142 5336 est
2193 5286 2320 5334 ante
2364 5295 2567 5334 annum
2626 5276 2785 5345 1030,
2829 5278 2922 5349 qui
2955 5276 3269 5331 Fridebaldi
3326 5275 3539 5330 abbatis

1917 5386 2210 5443 supremus
2287 5369 2408 5424 fuit.
2466 5370 2540 5424 De
2598 5368 2849 5422 Bernone
2914 5366 3253 5421 Hermannus
3313 5365 3379 5419 ad
3440 5381 3541 5419 an-

1920 5476 2051 5514 num
2100 5459 2222 5514 108.
2287 5479 2311 5509 α
2365 5458 2489 5529 Ipso
2564 5472 2730 5519 anno,
2791 5456 2990 5529 inquit,
3075 5454 3363 5509 ileinricus
3419 5470 3538 5522 rex,

1919 5551 2139 5624 cognita
2167 5549 2389 5604 tandem
2413 5556 2539 5620 post
2561 5548 2703 5604 duos
2732 5565 2908 5605 annos
2940 5546 3199 5603 Immonis
3239 5545 3538 5600 crudelita-

1920 5650 1996 5710 te,
2039 5651 2254 5698 remoto
2285 5657 2375 5709 eo,
2412 5642 2744 5708 Bernonem,
2775 5641 2950 5696 virum
2992 5641 3233 5704 doctum,
3269 5644 3323 5692 et
3363 5639 3540 5710 primo

1922 5734 2299 5790 Prumiensem
2344 5732 2698 5800 monachum,
2731 5734 2918 5804 Augize
2956 5729 3238 5788 constituit
3261 5730 3544 5806 abbatem.

3162 5882 3244 5943 32
