3924 6418
428 430 572 486 1003

1518 426 1574 481 S.
1618 424 1921 480 UDALRlCl
1962 425 2333 481 AUGUSTANI
2377 426 2691 481 EPISCOPl.

3628 430 3763 486 1004

426 564 521 636 qui
554 569 831 636 gratanter
864 565 1173 631 susceptus,
1197 557 1390 613 fratres
1420 557 1705 628 dispersos
1736 557 2041 631 recollegit,
2069 562 2124 630 Α
2217 558 2270 619 6,
2308 556 2593 613 Udalricus
2641 556 2895 629 quaedam
2940 565 3069 611 ante
3123 556 3502 629 pontificatum
3542 562 3711 634 gessit
3735 580 3764 616 a

426 665 480 714 et
510 675 540 713 a
564 656 848 711 Lamberto
879 652 1280 709 Constantiensi
1302 652 1567 722 episcopo
1591 650 1762 704 abbas
1791 649 2042 718 ejusdem

425 746 531 802 loci
570 745 866 800 vicesimus
916 757 1097 797 nonus
1123 749 1500 804 consecratus,
1558 756 1759 813 magna
1807 739 2043 811 insignis

421 834 655 890 scientia
676 834 988 906 pietateque
1012 830 1230 903 praefuit
1250 829 1783 903 annisquadraginta
1822 849 1847 880 η
1896 828 2043 884 Obiit

421 942 567 983 anno
597 927 757 983 1048.
788 927 914 995 Ejus
944 924 1185 997 elogium
1214 923 1349 978 alias
1379 924 1487 979 Deo
1515 923 1683 978 dante
1712 921 2032 978 referemus.

424 1022 495 1075 Ex
530 1021 617 1075 his
664 1020 843 1075 tribus
887 1017 1208 1073 auctoribus
1249 1033 1419 1071 unum
1466 1016 1556 1071 hic
1583 1016 1798 1080 damus,
1842 1014 2038 1071 Gerar-

420 1112 571 1177 dum,
597 1118 889 1182 pr0pterea
906 1110 1054 1181 quod
1080 1126 1142 1163 ex
1174 1108 1298 1163 aliis
1314 1109 1450 1163 nihil
1477 1107 1595 1163 fere
1613 1107 1757 1163 scitu
1783 1107 2035 1181 dignum,

420 1200 567 1273 quod
599 1200 667 1254 ab
692 1200 814 1269 ipso
848 1214 958 1253 non
987 1198 1324 1268 acceperint,
1354 1198 1571 1252 discere
1601 1195 1781 1251 liceat.
1816 1196 2038 1267 Anony-

416 1294 489 1348 mi
520 1307 706 1363 porro,
737 1290 790 1344 id
822 1297 906 1343 est
926 1287 1173 1353 Gcrardi,
1204 1286 1598 1342 commentatio
1630 1286 1866 1356 primum
1891 1286 2037 1358 typis

416 1402 617 1442 excusa
673 1392 756 1438 est
802 1397 865 1437 ac
912 1380 1058 1436 notis
1096 1380 1364 1433 illustrata
1415 1377 1484 1432 ab
1526 1376 1877 1432 ornatissimo
1914 1377 2031 1432 viro

413 1482 593 1536 Marco
620 1479 841 1549 Velsero
879 1477 1132 1549 Augustae
1162 1472 1571 1528 Vindelicorum
1604 1487 1751 1527 anno
1778 1470 1939 1537 1595,
1963 1487 2028 1527 ex

412 1586 522 1643 quo
544 1572 867 1639 sequentem
887 1563 1192 1618 editionem
1223 1560 1632 1616 adornavimus.

483 1661 537 1714 5.
572 1658 703 1722 Sed,
761 1664 1057 1726 antequam
1103 1668 1224 1706 eam
1257 1650 1637 1715 exhibeamus,
1686 1650 1938 1722 quaedam
1970 1648 2025 1702 in

410 1762 757 1811 antecessum
786 1752 855 1807 ad
887 1751 1007 1821 ejus
1051 1749 1473 1805 illustrationem
1509 1747 1839 1820 praemittere
1873 1746 2029 1815 juvat

409 1860 464 1906 et
494 1850 672 1922 primo
703 1847 927 1922 quidem
976 1842 1370 1916 inquirendum
1402 1858 1469 1895 an
1516 1840 1820 1896 monachus
1861 1839 2028 1893 fuerit

407 1940 713 2006 Udalricus,
764 1954 927 2010 quem
968 1936 1059 1991 alii
1111 1933 1462 1997 Vodalricum
1508 1948 1609 1987 seu
1664 1928 2022 1997 0thalricum,

405 2032 497 2088 alii
528 2030 829 2087 Wolricum
855 2025 1159 2098 appellant.
1192 2023 1518 2078 Monachum
1552 2027 1681 2075 ante
1730 2021 2024 2092 episcopa-

404 2134 517 2183 tum
563 2125 737 2180 fuisse
767 2128 973 2197 negant
1011 2128 1265 2176 auctores
1294 2118 1427 2173 Vitae
1474 2125 1678 2172 sanctae
1711 2115 2022 2172 Wiboradze

403 2218 551 2289 apud
583 2217 639 2272 S.
668 2215 879 2270 Gallum
909 2211 1137 2267 reclusze
1187 2207 1300 2275 cui,
1333 2223 1455 2263 cum
1486 2223 1646 2261 suum
1677 2206 1746 2261 de
1778 2205 2025 2262 ineunda

402 2307 708 2364 monastica
749 2302 1090 2377 professione
1117 2297 1409 2354 consilium
1443 2296 1771 2367 aperuisset,
1802 2294 1952 2350 aliud
1991 2309 2023 2348 a

403 2398 514 2453 Deo
542 2403 804 2451 statutum
836 2393 906 2447 de
948 2391 1071 2462 ipso
1111 2387 1281 2443 fuisse
1308 2385 1660 2462 significavit,
1708 2401 1910 2456 nempe
1939 2384 2025 2440 fu-

402 2498 582 2545 turum
627 2488 953 2559 episcopum
996 2480 1249 2536 Ecclesiae
1289 2479 1669 2554 Augustensis,
1702 2485 1759 2533 ut
1805 2477 1860 2531 in
1903 2478 2024 2547 ejus

402 2578 548 2634 Actis
590 2574 849 2648 superius
890 2572 958 2627 ad
988 2586 1194 2626 annum
1243 2567 1367 2624 925.
1428 2567 1534 2622 Sed
1565 2574 1728 2622 antea
1773 2566 2023 2635 ejusdem

399 2667 650 2724 ecclesiae
705 2662 1035 2721 canonicum
1093 2659 1266 2714 fuisse
1320 2657 1478 2712 testis
1534 2662 1618 2710 est
1667 2656 2022 2711 Ekkehardus

393 2762 585 2830 junior
614 2758 671 2813 in
714 2757 837 2813 loco
886 2771 1012 2810 mox
1051 2754 1240 2809 citato.
1292 2751 1402 2805 Etsi
1447 2764 1577 2805 vero
1618 2748 1871 2804 Udalrico
1897 2764 2021 2803 esse

398 2852 674 2908 monacho
704 2865 815 2905 non
849 2847 1024 2910 licuit,
1056 2851 1211 2900 veste
1241 2850 1424 2897 tamen
1462 2841 1770 2897 monastica
1800 2839 2022 2910 episco-

398 2965 501 3020 pus
531 2964 664 3002 usus
695 2953 797 3011 est,
830 2943 1103 3007 addictus,
1127 2948 1402 3012 quatenus
1418 2936 1753 3008 episc0palis
1779 2937 2019 3010 dignitas

394 3038 627 3103 ferebat,
660 3035 834 3091 sancti
872 3029 1154 3088 Benedicti
1206 3029 1432 3103 regulae,
1464 3026 1622 3095 cujus
1652 3027 1928 3082 elementa
1960 3026 2016 3081 in

393 3130 568 3185 sancti
598 3129 730 3183 Galli
762 3124 1097 3183 monasterio
1132 3120 1396 3177 educatus
1421 3117 1709 3173 didicerat.
1745 3116 1835 3172 Sic
1866 3117 2013 3172 enim

393 3220 667 3278 Gerardus
690 3219 935 3292 loquitur
965 3234 1116 3272 num.
1158 3216 1259 3270 i7:
1307 3236 1331 3265 α
1375 3214 1607 3284 Semper
1642 3213 1750 3267 cuti
1796 3227 1909 3266 suae
1940 3211 2019 3266 la-

393 3327 559 3367 neum
590 3325 879 3382 apponens
917 3306 1328 3370 vestimentum,
1380 3311 1434 3358 et
1488 3303 1731 3375 regulam
1774 3317 2018 3373 sequens

392 3401 809 3456 monachorum.
858 3422 880 3442 -ο
926 3397 1103 3451 Bcrno
1127 3394 1278 3450 addit
1301 3410 1428 3449 eum
1446 3410 1478 3448 a
1498 3393 1757 3449 carnibus
1780 3391 2015 3463 perinde

391 3491 746 3548 abstinuisse.
799 3487 935 3553 Quia
984 3502 1114 3542 vero
1166 3501 1418 3541 severum
1458 3484 1574 3539 suis
1628 3483 1909 3539 silentium
1943 3483 2014 3537 de

393 3592 555 3642 nocte
586 3582 891 3656 praescribit
919 3588 1143 3636 sanctus
1200 3579 1550 3646 Benedictus,
1602 3578 1656 3633 id
1688 3579 1922 3633 maxime
1956 3578 2014 3633 in

392 3676 825 3753 Quadragesima
862 3674 1194 3730 servandum
1224 3671 1329 3727 sibi
1366 3671 1652 3744 proposuit
1690 3670 2012 3742 Udalricus)

392 3785 503 3841 quo
533 3776 780 3838 tempore
825 3787 846 3816 ι
888 3780 1053 3820 omne
1081 3762 1443 3835 colloquium,
1481 3760 1590 3816 nisi
1640 3776 1763 3815 cum
1807 3761 1918 3817 Deo
1959 3768 2015 3815 et

389 3857 616 3923 sanctis,
670 3871 844 3927 usque
887 3855 956 3909 ad
1006 3852 1237 3909 alterius
1287 3851 1399 3907 diei
1441 3850 1673 3923 primam
1732 3859 2007 3920 peractam

387 3950 615 4006 omnino
631 3947 910 4004 devitavit.
956 3967 984 3997 α
1030 3946 1299 4017 Denique,
1324 3960 1448 4000 cum
1469 3943 1804 4015 episc0palis
1819 3942 2010 3998 oneris

386 4038 660 4094 sarcinam
694 4037 750 4092 in
778 4035 1178 4091 Adalberoncm
1211 4041 1470 4105 nepotem
1502 4048 1664 4087 suum
1689 4032 1792 4087 sub
1834 4039 2011 4087 extre-

389 4148 537 4186 mum
568 4130 693 4185 vitae
734 4145 847 4185 sum
896 4139 1113 4198 tempus
1151 4126 1380 4195 rejicerc
1420 4125 1606 4180 animo
1648 4125 2002 4190 destinasset,

389 4250 410 4269 -
454 4224 751 4294 episcOpus
794 4221 1120 4276 indumento
1151 4236 1303 4275 more
1334 4221 1733 4275 monachorum
1763 4220 2002 4278 formato

383 4312 735 4377 induebatur,
766 4327 999 4383 quorum
1031 4319 1195 4366 antea
1219 4310 1466 4384 regulam
1518 4310 1861 4366 multimodis
1892 4312 2006 4367 viro

381 4404 595 4460 tuiibus
632 4403 790 4476 sequi
819 4408 1202 4466 consueverat,
1246 4422 1271 4454 ιο
1313 4402 1458 4473 apud
1504 4401 1805 4459 Gerardum
1849 4421 2000 4459 num.

380 4494 471 4549 62.
506 4493 567 4548 Et
595 4493 652 4548 in
692 4494 906 4564 synodo
955 4491 1385 4566 Ingelheimensi
1429 4491 1670 4548 Gerardo
1715 4493 2004 4565 capellano

382 4598 484 4638 suo
529 4581 693 4653 jussit
727 4580 1019 4637 consilium
1053 4596 1213 4634 suum
1268 4580 1337 4635 de
1376 4579 1744 4652 relinquendo
1799 4582 2003 4638 saeculo

381 4688 684 4745 exponere.
716 4669 870 4737 Quod
903 4671 1021 4741 ipse
1072 4669 1344 4725 Gerardus
1393 4670 1643 4741 praestitit
1670 4671 1756 4726 his
1785 4670 2004 4726 verbis:

382 4791 410 4820 ι
460 4765 921 4823 Excellentissimi
982 4766 1346 4836 imperatores
1403 4776 1458 4821 et
1519 4766 1867 4840 religiossimi
1913 4783 2007 4822 an-

381 4860 602 4927 tistites,
635 4858 972 4914 desiderium
990 4857 1199 4913 domini
1228 4857 1338 4913 mei
1368 4864 1452 4914 est
1484 4858 1803 4931 relinquere
1830 4875 2005 4915 saecu-

378 4951 514 5020 lum,
547 4958 602 5007 et
626 4949 932 5007 secundum
958 4948 1204 5024 regulam
1234 4950 1410 5005 sancti
1444 4950 1728 5005 Benedicti
1755 4958 2003 5006 sanctam

381 5048 521 5103 inire
552 5048 744 5113 vitam,
786 5054 841 5101 et
893 5045 949 5099 in
981 5044 1413 5117 contemplativa
1442 5044 1554 5100 vita
1591 5045 1738 5100 diem
1771 5061 2007 5116 exspec-

379 5149 493 5195 tare
522 5138 710 5195 obitus
737 5137 842 5194 sui.
879 5137 938 5192 In
972 5136 1301 5192 indumento
1334 5152 1432 5207 pro
1469 5143 1620 5192 certo
1658 5136 1882 5192 habitus
1908 5153 2004 5192 ex—

376 5231 597 5287 terioris
628 5230 861 5302 potestis
890 5244 1228 5304 cognoscere
1258 5227 1598 5311 voluntatem
1646 5228 1816 5283 animi
1858 5227 2001 5284 inte-

377 5325 554 5381 rioris.
599 5344 624 5375 ι)
669 5324 750 5379 Ita
780 5323 1053 5379 Gerardus
1084 5339 1235 5378 num.
1290 5323 1376 5379 63.
1410 5321 1527 5376 Non
1557 5322 1735 5377 visum
1787 5331 1869 5377 est
1900 5322 2003 5377 Pa-

377 5414 551 5469 tribus
573 5413 828 5469 Udalrico
857 5412 910 5466 id
945 5412 1132 5478 licere,
1164 5411 1265 5466 sed
1295 5418 1481 5465 tamen
1514 5411 1570 5465 in
1602 5411 1793 5466 habitu
1825 5410 2000 5467 semel

377 5512 634 5577 suscepto
667 5506 846 5576 ipsum
876 5504 1185 5560 decessisse
1212 5503 1338 5573 jure
1364 5500 1639 5559 afﬁrmare
1674 5519 1998 5575 possumus;

377 5601 539 5665 atque
564 5596 704 5650 adeo
732 5611 844 5649 non
878 5593 1153 5648 immerito
1184 5608 1309 5647 eum
1343 5592 1487 5647 inter
1518 5600 1735 5648 nostros
1766 5607 1998 5663 compu-

377 5688 557 5738 tamus
612 5682 948 5738 Trithemius
998 5680 1055 5735 in
1098 5681 1331 5736 Historia
1371 5682 1746 5755 Hirsaugiensi
1800 5680 1998 5736 asserit

376 5787 503 5828 eum
534 5774 588 5829 in
620 5773 875 5829 coenobio
915 5773 1125 5828 Sanctae
1164 5770 1304 5827 Afrae
1330 5773 1399 5828 ab
1430 5773 1629 5829 eodem
1675 5779 1995 5831 constructo

376 5862 708 5916 monachum
741 5860 941 5916 factum
971 5859 1142 5916 fuisse
1172 5865 1298 5912 ante
1326 5860 1554 5915 obitum.

2144 650 2321 707 tribus
2378 651 2700 706 auctoribus
2764 650 2994 715 omissa,
3065 667 3186 723 quae
3243 652 3330 706 hic
3381 654 3761 723 praemittenda

2142 748 2269 793 sunt
2300 755 2366 793 ex
2388 739 2696 793 Ekkehardi
2728 754 2848 809 cap.
2873 738 2936 793 5:
2987 761 3004 785 ι
3052 739 3126 792 De
3152 748 3342 795 sancto
3372 741 3623 797 Udalrico
3660 759 3759 796 au-

2142 831 2251 880 tem
2307 826 2546 898 qualiter
2584 825 2871 881 nobiscum
2921 827 3116 902 egerit,
3157 828 3302 882 dicta
3342 829 3557 884 Patrum
3615 846 3763 901 quaa-

2140 916 2266 970 dam
2301 917 2631 984 audivimus,
2665 933 2787 988 quae
2818 917 3044 989 quidem
3081 918 3137 972 in
3166 919 3277 973 vita
3313 920 3436 987 ejus
3464 921 3549 974 vel
3600 924 3760 978 tertio

2133 1006 2245 1076 jam
2272 1007 2477 1078 scripta
2504 1023 2617 1062 non
2649 1007 2982 1064 invenimus.
3032 1009 3108 1064 De
3136 1010 3423 1065 nobilibus
3452 1012 3604 1066 enim
3650 1014 3758 1077 ille,

2138 1109 2197 1156 ut
2225 1109 2279 1156 et
2313 1101 2382 1156 ab
2410 1102 2536 1164 aliis
2559 1102 2674 1171 jam
2701 1102 2906 1157 dictum
2941 1112 3048 1167 est,
3080 1111 3264 1173 natus,
3309 1104 3457 1176 apud
3490 1116 3760 1161 nostrates

2138 1196 2406 1251 educatus
2444 1203 2596 1251 estet
2625 1197 2840 1251 doctus.
2878 1197 2972 1252 Hic
3002 1198 3170 1265 viam,
3202 1215 3310 1270 qua
3332 1201 3386 1253 in
3424 1199 3601 1255 caelos
3621 1201 3761 1257 vola-

2137 1284 2232 1351 vit,
2256 1285 2549 1340 subvolare
2580 1286 2806 1346 didicit;
2839 1286 2928 1340 hic
2960 1286 3255 1342 virtutibus
3287 1304 3424 1360 quas
3453 1304 3605 1344 nunc
3628 1304 3759 1360 ope-

2136 1386 2285 1432 ratur
2312 1378 2640 1448 praeludium
2683 1378 2831 1433 fecit.
2885 1378 3210 1435 Sanctorum
3246 1381 3393 1435 enim
3447 1390 3757 1437 nostrorum

2134 1471 2268 1525 Galli
2291 1478 2345 1526 et
2374 1472 2599 1539 Otmari,
2628 1488 2769 1545 quos
2800 1475 3065 1544 puerulus
3096 1482 3282 1545 patres
3314 1476 3506 1550 elegit,
3545 1492 3613 1547 se
3646 1493 3759 1532 mo-

2134 1567 2327 1622 nachis
2344 1569 2590 1640 jungens
2606 1585 2731 1625 cum
2754 1570 2960 1626 sanctis
2982 1571 3362 1628 sanctissimus
3378 1581 3576 1629 etcum
3611 1575 3760 1629 elec-

2132 1658 2200 1713 tis
2231 1660 2541 1735 ingreditur
2568 1662 2957 1718 eloctissimus.
2995 1663 3311 1720 Hartmanni
3341 1666 3487 1720 enim
3518 1667 3761 1736 junioris

2130 1752 2437 1824 discipulus
2470 1755 2659 1810 divina
2688 1773 2801 1827 prae
2824 1757 3088 1813 omnibus
3116 1759 3323 1830 Spiritu
3352 1769 3545 1815 sancto
3576 1761 3758 1832 preli-

2056 1892 2104 1960 Β
2131 1847 2289 1950 batus
2328 1849 2533 1904 hausit.
2579 1851 2636 1905 ln
2668 1851 2959 1908 refectorio
2999 1869 3182 1909 coram
3227 1855 3496 1926 patribus,
3543 1856 3645 1910 ubi
3677 1858 3759 1911 vel

2129 1940 2183 1993 in
2241 1947 2448 2011 puncto
2481 1957 2713 2012 peccare
2753 1944 2989 2014 capitale
3044 1953 3181 2012 erat,
3227 1945 3401 2002 lector
3450 1946 3760 2003 inoffensus

2123 2031 2319 2085 creber
2355 2040 2490 2100 erat,
2544 2035 2794 2106 quamvis
2848 2037 3151 2092 canonicus
3236 2037 3391 2104 Quod
3435 2048 3623 2094 tamen
3683 2039 3757 2094 illi

2123 2124 2538 2195 progenitorum
2587 2141 2811 2181 suorum
2852 2127 3125 2183 indultum
3157 2135 3244 2183 est
3294 2129 3467 2205 gratia
3498 2130 3759 2187 Widora-

2123 2212 2247 2267 dam
2303 2213 2593 2281 inclusam,
2627 2216 2889 2270 cozevulis
2937 2232 2995 2271 se
3043 2216 3269 2272 licentia
3310 2217 3438 2274 data
3475 2219 3543 2274 ad
3598 2219 3758 2275 ludos

2126 2306 2466 2375 parantibus,
2496 2306 2707 2363 feriatis
2747 2309 2946 2364 diebus
2997 2310 3180 2367 furtim
3212 2312 3436 2369 visitare
3467 2314 3755 2377 a‘ssolitus,

2124 2398 2327 2454 divinis
2348 2400 2416 2455 ab
2448 2401 2541 2456 illa
2571 2401 2849 2479 interdum
2881 2404 3067 2460 verbis
3108 2412 3163 2462 et
3202 2407 3467 2479 exemplis
3503 2409 3750 2464 instruc-

2125 2500 2212 2547 tus
2239 2502 2322 2548 est
2376 2493 2613 2568 paginis.
2668 2495 2798 2550 Nam
2835 2497 3073 2568 quadam
3106 2499 3196 2553 die
3254 2515 3377 2554 cum
3420 2501 3576 2556 illum
3631 2509 3755 2556 ante

2125 2583 2468 2640 fenestellam
2500 2587 2766 2643 clausulae
2806 2596 3045 2646 stantem
3080 2590 3363 2648 levissimo
3392 2593 3613 2650 videret
3635 2595 3755 2649 cin-

2124 2675 2255 2745 gulo
2289 2677 2670 2747 praecinctum,
2705 2679 2773 2735 de
2802 2697 2901 2737 suo
2932 2682 2982 2737 ei
3018 2693 3267 2754 paratum
3300 2683 3562 2751 offerens,
3600 2687 3756 2742 casti-

2123 2766 2271 2833 tatis,
2325 2766 2503 2840 inquit
2545 2767 2619 2823 fili
2685 2770 2782 2836 mi,
2835 2770 2933 2826 tibi
3002 2773 3284 2849 cingulum
3346 2776 3451 2831 hoc
3522 2775 3751 2833 laneum

2123 2872 2306 2910 meum
2334 2872 2364 2910 a
2395 2857 2506 2913 Deo
2538 2859 2748 2930 accipe,
2778 2860 3250 2936 continentiaeque
3280 2864 3541 2934 stropheo
3574 2866 3650 2927 (id
3676 2873 3755 2921 est

2121 2947 2344 3020 cingulo
2373 2948 2648 3022 virginali)
2691 2951 2759 3005 ab
2792 2952 2895 3007 hac
2933 2952 3199 3026 deinceps
3231 2955 3321 3009 die
3352 2971 3454 3026 per
3482 2956 3752 3012 Wibora-

2120 3039 2244 3094 dam
2299 3048 2447 3096 tuam
2492 3051 2548 3098 te
2593 3044 2949 3114 praecinctum
2999 3052 3276 3102 memento
3359 3046 3496 3103 Cave
3537 3057 3754 3113 autem,

2119 3147 2207 3185 me
2235 3132 2334 3187 tibi
2388 3149 2418 3187 a
2473 3133 2704 3190 Domino
2750 3151 2875 3191 meo
2922 3137 3162 3192 edictum
3219 3137 3452 3204 ferente,
3487 3155 3560 3194 ne
3623 3139 3753 3194 ullis

2047 3261 2094 3331 ρ
2120 3220 2324 3277 abhinc
2353 3223 2649 3295 colloquiis
2676 3225 2834 3279 vanis
2881 3225 3224 3282 mulierculis
3262 3228 3581 3295 miscearis;
3631 3230 3753 3292 etsi,

2082 3305 2096 3327 Ι
2162 3320 2172 3331 .
2237 3313 2261 3331 ι·
2306 3314 2401 3331 κοιι·
2550 3314 2600 3331 n.
2706 3316 2737 3331 ι·
3027 3318 3039 3329 .
3113 3319 3125 3329 .
3273 3319 3284 3331 .
3565 3319 3589 3331 ι.
3693 3321 3704 3330 .

2122 3320 2179 3368 ut
2236 3313 2497 3370 facillime
2549 3314 2627 3381 fit,
2668 3316 2856 3388 aliquo
2887 3318 3072 3373 carnis
3112 3319 3239 3391 igne
3270 3319 3535 3375 incensus
3563 3319 3754 3383 fueris,

2116 3400 2239 3457 loco
2270 3402 2325 3457 in
2357 3419 2467 3475 quo
2490 3402 2663 3459 fueris
2686 3411 2913 3470 mutato,
2941 3410 3095 3472 Deus,
3122 3411 3182 3462 in
3204 3408 3551 3477 adjutorium
3574 3426 3750 3464 meum

2113 3496 2370 3561 intende;
2420 3498 2664 3562 Domine,
2703 3498 2778 3551 ad
2820 3498 3196 3567 adjuvandum
3223 3516 3309 3555 me
3347 3503 3579 3569 festina,
3623 3517 3748 3557 mox

2114 3584 2439 3640 cantaveris.
2472 3586 2563 3640 Sin
2613 3593 2796 3641 autem
2826 3586 2908 3642 sic
2938 3603 3128 3658 pacem
3189 3588 3377 3660 aliquo
3430 3589 3542 3645 alio
3592 3591 3750 3663 lapsu

2118 3680 2209 3729 tuo
2238 3681 2458 3730 vetante
2480 3691 2591 3730 non
2623 3675 2902 3741 habueris,
2930 3676 3184 3731 titionem
3208 3693 3307 3732 seu
3334 3679 3631 3734 candelam
3665 3697 3752 3735 ar-

2114 3766 2363 3834 dentem,
2410 3767 2568 3839 quasi
2616 3768 2767 3822 aliud
2797 3767 3008 3839 aliquid
3063 3784 3214 3839 agas,
3267 3786 3547 3841 quaerens,
3603 3774 3749 3847 digi-

2114 3865 2228 3913 tum
2257 3858 2342 3913 vel
2374 3858 2571 3914 leviter
2587 3859 2781 3927 adure,
2814 3860 3124 3931 eodemque
3148 3875 3307 3916 versu
3340 3861 3490 3918 dicto
3513 3879 3749 3919 securus

2113 3946 2242 4001 eris.
2292 3946 2380 4002 Sic
2431 3948 2691 4021 magistra
2724 3948 3033 4019 praedurata
3063 3948 3395 4020 discipulum
3458 3954 3750 4007 sanctissi-

2112 4057 2259 4096 mum
2304 4040 2573 4109 futurum,
2607 4049 2668 4098 ut
2726 4041 2849 4114 ipse
2903 4043 3154 4114 patribus
3211 4047 3491 4112 narrabat,
3552 4055 3748 4103 contra

2108 4131 2295 4205 ignem
2340 4134 2468 4207 igne
2548 4134 2975 4205 prmduraverat.
3059 4136 3221 4191 Multa
3282 4144 3413 4193 sunt
3465 4155 3595 4211 quae
3680 4141 3748 4195 de

2108 4221 2358 4278 doctrina
2418 4223 2652 4279 nutricis
2721 4239 2837 4279 suae
2893 4224 2989 4293 (sic
3069 4225 3218 4280 enim
3281 4226 3447 4281 etiam
3523 4229 3748 4284 vetulus

2107 4324 2228 4364 eam
2259 4311 2547 4366 nominare
2597 4311 2831 4381 solebat)
2865 4312 3114 4383 patribus
3163 4314 3255 4367 ille
3300 4314 3538 4377 dixerat.
3594 4334 3745 4388 quae,

2108 4402 2235 4474 quia
2273 4410 2491 4458 austera
2527 4403 2696 4473 hujus
2748 4404 3017 4473 temporis
3046 4405 3253 4460 sanctis
3300 4405 3474 4460 videri
3507 4417 3748 4477 possunt

2107 4497 2165 4546 et
2191 4491 2579 4562 impossibilia,
2612 4507 2683 4547 ne
2706 4492 2842 4563 quid
2866 4493 2949 4546 eis
2974 4492 3627 4565 suboleatpraaterimus.
3665 4498 3741 4552 De

2105 4578 2285 4635 cilicio
2315 4580 2501 4645 etiam,
2531 4596 2641 4651 quo
2673 4580 2795 4650 ipsa
2820 4580 3095 4646 utebatur,
3123 4582 3280 4651 cujus
3315 4582 3481 4637 hodie
3515 4585 3745 4654 asperi-

2108 4677 2273 4726 tatem
2298 4686 2397 4741 pro
2420 4670 2670 4743 reliquiis
2708 4671 2764 4725 id
2796 4671 3069 4727 habentes
3104 4672 3498 4737 horrescimus,
3534 4674 3747 4743 pulvil-

2106 4758 2279 4813 lulum
2310 4757 2424 4814 filio
2455 4775 2580 4826 suo,
2611 4767 2671 4814 ut
2700 4766 2753 4813 et
2793 4760 2915 4829 ipsa
2939 4776 3066 4814 eum
3099 4760 3443 4827 nominabat,
3476 4762 3533 4815 in
3563 4762 3740 4817 absti-

2106 4855 2308 4910 nentiae
2347 4855 2547 4910 diebus
2593 4854 2860 4910 utendum
2891 4862 3265 4920 connexerat;
3316 4855 3465 4926 quod
3493 4855 3739 4911 interdiu

2106 4947 2162 5001 in
2199 4947 2326 5003 sinu
2360 4954 2603 5022 gestans,
2633 4947 2891 5003 noctibus
2920 4947 3012 5002 ille
3044 4947 3281 5002 maxillis
3307 4947 3493 5018 lapide
3520 4963 3733 5019 suppo-

2102 5037 2209 5092 sito
2231 5045 2422 5109 aptare
2440 5037 2673 5093 solebat.
2706 5037 2818 5091 'l‘ali
2866 5037 2958 5092 ille
2989 5037 3333 5093 lectisternio
3378 5052 3478 5107 pro
3508 5037 3737 5092 deliciis

2103 5142 2278 5198 usque
2316 5142 2501 5183 coram
2533 5125 2714 5195 ianuis
2751 5126 3000 5181 ecclesia:
3049 5134 3450 5181 nocturnorum
3483 5127 3733 5181 sonitum

2101 5225 2195 5273 aut
2226 5218 2282 5272 in
2312 5217 2496 5284 sedili,
2541 5224 2637 5272 aut
2676 5218 2824 5271 nuda
2857 5216 3084 5288 quidem
3110 5224 3431 5287 exspectare
3463 5223 3613 5271 terra
3637 5232 3731 5273 so-

2103 5309 2269 5365 lebat.
2314 5310 2405 5364 His
2428 5316 2484 5364 et
2522 5309 2645 5364 aliis
2685 5309 2961 5364 similibus
2993 5325 3119 5364 eum
3179 5325 3210 5363 a
3266 5308 3506 5379 pueritia
3537 5325 3732 5364 assue-

2100 5408 2369 5467 scentem,
2392 5417 2517 5457 cum
2548 5410 2602 5456 et
2632 5400 2961 5457 feminarum
2990 5401 3231 5472 alloquia
3269 5408 3325 5456 et
3354 5400 3517 5456 solita
3545 5401 3729 5456 socio-

2101 5509 2220 5548 rum
2265 5492 2549 5566 fugitasset
2595 5491 2827 5557 ludicra,
2879 5491 3191 5547 sanctulum
3244 5491 3400 5545 illum
3458 5491 3727 5546 derisorie

2095 5584 2210 5654 jam
2237 5584 2306 5640 ab
2338 5585 2470 5640 inde
2499 5591 2790 5656 coeperunt
2829 5584 3189 5640 vocitare.....
3235 5581 3506 5656 Figuratis
3536 5594 3592 5637 et
3638 5582 3727 5637 in-

2100 5674 2315 5729 terdum
2369 5673 2532 5728 etiam
2564 5673 2733 5727 risum
2782 5672 3158 5737 moventibus,
3192 5687 3303 5727 non
3358 5681 3540 5725 tamen
3573 5671 3725 5725 falsis

2097 5773 2154 5821 et
2201 5765 2484 5834 inanibus,
2537 5764 2736 5822 crebro
2789 5780 2925 5820 usus
3000 5772 3095 5819 est
3139 5762 3416 5819 verbis...
3476 5765 3722 5834 ldipsum

2096 5858 2259 5914 etiam
2294 5857 2400 5912 sibi
2450 5871 2550 5928 pro
2591 5857 2902 5915 reverentia
2954 5857 3061 5925 sui,
3112 5863 3175 5913 ut
3206 5855 3370 5911 nobis
3416 5857 3723 5912 canonicus
