3924 6428
177 471 320 527 1005

1371 458 1539 514 νιτΑ.
1586 487 1649 499 -—
1691 456 1966 512 OBSERV.
2008 456 2307 513 PRA'IVUE.

3380 472 3518 529 1006

173 573 540 678 Evangelium
591 599 824 673 legeret,
875 609 1225 649 concessum.
1286 592 1417 647 Nam
1473 592 1643 647 frater
1668 594 1876 660 con-A
1905 599 1961 646 ut
1992 608 2181 662 parem
2211 595 2385 650 aviro
2431 595 2525 650 Dei
2576 606 2810 669 peteret;
2856 604 3188 674 perduxerat
3250 605 3373 676 Ipsa
3420 623 3522 663 au-

173 700 419 770 scriptns
447 703 563 751 tum
590 693 742 749 vocis
776 690 1164 762 pulcherrimae
1200 688 1430 762 gratiam
1482 687 1737 741 habebat.
1770 708 1797 731 ιο

177 791 243 845 Et
296 786 521 859 quidem
579 783 726 837 inter
777 780 972 834 fratres
1029 777 1373 847 conscriptos
1422 775 1607 829 Sancti
1663 772 1799 827 Galli

177 880 328 951 apud
368 877 686 933 Goldastum
720 873 776 927 in
800 871 933 926 tomi
971 869 1014 923 ll
1071 886 1195 941 pag.
1246 869 1343 923 185
1365 867 1566 941 legitur
1604 866 1803 921 Oadal-

179 971 300 1025 rich
330 967 648 1039 episcopus.
690 961 852 1015 Addit
883 959 1236 1015 Ekkehardns
1270 976 1334 1012 ια
1364 958 1579 1012 Diutius
1619 963 1801 1010 autem

181 1075 349 1132 quam
363 1053 549 1111 caeteri
583 1051 751 1107 coaevi
786 1050 1000 1105 snitum
1034 1065 1132 1119 pro
1162 1046 1461 1101 Wiborada
1518 1063 1617 1100 sua
1639 1046 1804 1099 scho-

183 1148 609 1205 lis'iuhaeserat.
650 1143 794 1207 Quas
844 1149 1026 1195 tamen
1060 1138 1281 1194 tandem
1315 1138 1654 1208 relinquens,
1688 1135 1803 1190 sui-

182 1257 293 1314 que
340 1240 482 1309 juris
542 1236 597 1289 in
646 1231 1098 1304 possessionibus
1153 1229 1295 1284 facta
1372 1230 1651 1299 Augusta),
1706 1226 1800 1281 ubi

179 1327 486 1384 canonicus
519 1324 588 1377 ab
621 1321 872 1377 infantia
909 1328 1049 1389 erat,
1109 1319 1163 1372 in
1221 1317 1482 1371 virtutum
1538 1314 1806 1384 exemplis

180 1421 544 1485 clarissimus,
578 1416 791 1471 Gallum
845 1430 1007 1468 suum
1064 1412 1257 1468 crebro
1304 1411 1581 1476 visitabat,
1611 1408 1808 1463 fratres

181 1527 316 1567 suos
345 1508 693 1578 conscriptos
721 1513 806 1559 ter
835 1504 891 1557 in
921 1519 1068 1558 anno
1097 1502 1215 1571 ipse
1242 1500 1493 1554 minister
1524 1503 1747 1569 paverat
1782 1520 1807 1541 ι»

187 1604 399 1659 Deinde
456 1599 785 1655 miraculum
856 1595 1023 1651 refert
1069 1595 1138 1649 de
1195 1610 1327 1649 vase
1384 1592 1619 1654 vinario,
1660 1588 1811 1661 quod

185 1693 446 1753 vehiculo
479 1708 510 1746 e
540 1699 709 1762 ponte
731 1689 886 1759 lapso
917 1688 1191 1761 integrum
1229 1683 1500 1755 superfuit
1556 1702 1580 1731 α
1618 1682 1812 1755 Egerat

185 1784 416 1857 quidem
448 1779 750 1851 aliquando
796 1783 853 1831 tn
885 1777 1007 1831 loco
1058 1773 1243 1829 Sancti
1276 1772 1456 1847 Magni
1479 1771 1641 1825 etiam
1662 1770 1811 1823 diem

183 1879 292 1935 sibi
317 1892 541 1947 semper
582 1873 896 1935 amabilem,
944 1869 1323 1941 reliquiasque
1372 1868 1512 1935 ejus,
1574 1874 1634 1919 ut
1691 1879 1811 1918 mos

188 1968 358 2025 nobis
388 1976 495 2033 est,
518 1979 693 2036 cappa
720 1963 812 2017 illa
843 1959 1134 2033 aquilifera
1157 1959 1401 2023 indutns,
1431 1971 1663 2027 vespere
1696 1954 1806 2007 diei

186 2057 370 2114 sancti
424 2056 546 2126 ipse
591 2054 816 2108 domum
867 2047 1181 2119 reportabat
1235 2053 1340 2109 ;et
1379 2061 1503 2100 cum
1557 2041 1810 2097 infirmus

188 2155 327 2203 tunc
350 2150 580 2208 esset,ut
612 2157 758 2212 saepe
800 2138 1023 2210 quidem
1075 2134 1553 2206 rrat.paralyticus
1585 2131 1807 2204 quidam

188 2235 468 2305 adjutorio
514 2247 742 2287 suorum
798 2230 855 2283 iu
893 2229 1036 2283 viam
1066 2242 1148 2289 se,
1204 2235 1262 2280 ut
1292 2226 1411 2296 ipse
1463 2238 1630 2293 super
1684 2237 1810 2275 eum

191 2332 543 2407 graderetur,
576 2331 963 2397 prostraverat.
997 2324 1060 2376 At
1090 2321 1183 2374 ille
1216 2319 1426 2374 homini
1454 2316 1810 2388 apprOpians,

191 2422 357 2497 quasi
388 2422 456 2475 de
513 2419 797 2475 obstaculo
857 2415 1194 2490 indignatus,
1251 2413 1445 2483 Surge.
1481 2410 1574 2474 ait,
1607 2408 1737 2479 quia
1767 2412 1820 2460 et

192 2530 303 2589 ego
338 2511 577 2584 pedibus
624 2507 878 2564 infirmus
906 2521 1074 2577 super
1115 2514 1164 2558 te
1199 2499 1459 2575 progredi
1488 2512 1723 2569 nequeo.
1756 2497 1820 2551 At

192 2610 289 2664 ille
356 2615 617 2678 tanquam
673 2604 740 2658 ad
802 2600 1143 2672 increpantis
1181 2596 1411 2652 verbum
1469 2592 1818 2648 velocissime

195 2714 438 2773 surgens
482 2694 775 2751 incolumis
828 2694 986 2757 abiit,
1050 2697 1387 2759 secutusque
1439 2686 1638 2741 fratres
1693 2684 1814 2737 sine

192 2792 368 2847 ullius
388 2787 685 2859 adjutorio,
727 2785 909 2841 Sancti
944 2784 1122 2857 Magni
1165 2783 1455 2839 ecclesiam
1495 2796 1620 2835 cum
1649 2786 1815 2833 caste-

195 2884 275 2939 ris
293 2898 464 2938 sanus
522 2880 733 2935 introiit
820 2879 881 2932 Et
929 2878 1227 2949 episcopus
1257 2873 1458 2944 capitio
1484 2887 1675 2942 cappze
1707 2870 1814 2924 im-

195 2977 384 3051 posito
415 2992 538 3031 cum
557 2974 790 3030 anhelus
837 2973 1104 3037 stetisset,
1161 2979 1214 3026 et
1250 2970 1319 3024 de
1368 2968 1455 3023 via
1486 2968 1681 3029 lassus,
1717 2981 1815 3018 au-

194 3071 363 3125 diens
418 3066 707 3122 sanitatem
758 3064 1023 3129 hominis,
1085 3062 1286 3118 acriter
1330 3061 1386 3114 in
1440 3059 1688 3114 dicentes
1733 3057 1816 3109 in-

191 3166 413 3221 vectus,
454 3171 621 3227 super
663 3154 941 3211 cancellos
997 3152 1219 3207 tandem
1248 3149 1505 3205 innititur
1538 3147 1817 3217 :signum-

194 3268 309 3326 que
328 3257 436 3305 tam
461 3246 813 3303 manifestum
844 3246 912 3300 ab
964 3261 1025 3298 se
1078 3243 1381 3303 excutiens,
1427 3239 1600 3295 sancti
1634 3236 1813 3310 Magni
1842 3281 1891 3350 Ο

192 3345 482 3405 virtutem,
513 3356 674 3411 quam
708 3337 965 3394 manibus
1016 3336 1266 3410 gerebat,
1298 3335 1439 3388 hanc
1479 3348 1602 3387 esse
1632 3337 1817 3385 astan-

196 3436 353 3493 tibus
401 3432 706 3505 przedicans
744 3430 981 3485 asseruit
1011 3447 1025 3493 ;
1060 3443 1240 3498 neque
1280 3435 1463 3481 tamen
1497 3424 1575 3477 sic
1625 3422 1729 3484 eis,
1758 3429 1819 3474 nt

194 3524 488 3581 hominem
545 3521 613 3575 ab
644 3521 767 3591 ipso
800 3529 1049 3573 sanatum
1085 3531 1205 3571 esse
1254 3513 1656 3569 discrederent.
1692 3525 1821 3581 per—

194 3614 437 3671 suadere
465 3610 690 3683 quidem
724 3610 835 3664 ullo
865 3607 1030 3663 modo
1058 3606 1254 3677 potuit.
1291 3605 1414 3659 Haec
1444 3603 1512 3657 de
1547 3600 1819 3673 pluribus,

198 3722 329 3780 quae
370 3704 516 3775 apud
548 3702 804 3757 Sanctum
836 3699 1048 3754 Gallum
1096 3711 1457 3752 commanens
1505 3692 1696 3768 gessit,
1725 3691 1824 3745 tri-

201 3799 315 3853 bus
339 3797 463 3851 vitae
488 3795 609 3863 ejus
636 3791 1001 3864 scriptoribus
1017 3805 1126 3846 non
1159 3787 1587 3859 przejudicantes
1607 3782 1827 3854 scripsi-

201 3906 350 3945 mus.
381 3887 569 3958 Neque
599 3884 748 3940 enim
777 3883 1043 3937 miramur
1076 3896 1193 3946 eos,
1240 3895 1362 3933 cum
1408 3876 1609 3949 quibus
1639 3875 1696 3928 in
1722 3889 1830 3927 sre-

204 3978 338 4034 cnlo
368 3983 618 4032 versatus
670 3981 774 4039 est,
815 3987 879 4027 ea
938 3987 1063 4041 qua)
1110 3984 1233 4023 cum
1262 3965 1607 4037 spiritalibus
1636 3962 1827 4038 gessit,

210 4067 347 4142 quia
376 4067 557 4120 minus
594 4064 893 4127 sciverant,
928 4076 1037 4116 non
1071 4058 1360 4129 scripsisse
1389 4074 1403 4122 ;
1430 4055 1527 4110 secl
1558 4054 1715 4125 plura
1735 4069 1831 4108 eos

209 4141 341 4229 quae
372 4155 439 4210 de
470 4170 537 4209 eo
570 4151 975 4208 concinnantur
992 4149 1157 4223 vulgo
1188 4152 1241 4201 et
1272 4150 1543 4200 canuntur
1569 4141 1830 4204 tacuisse,

210 4267 340 4307 cum
402 4248 593 4303 infima
632 4245 886 4318 quaedam
940 4244 1060 4311 ejus
1115 4256 1320 4316 magna
1373 4237 1626 4303 fecerint,
1668 4235 1833 4291 etiam

212 4339 499 4394 miramur.
548 4360 573 4383 »
636 4335 697 4389 Et
746 4341 870 4405 post
928 4332 1196 4387 nonnulla
1250 4330 1319 4383 de
1352 4327 1543 4382 facetis
1598 4323 1832 4380 Udalrici

209 4425 401 4491 dictis,
425 4431 477 4479 et
499 4424 568 4478 de
600 4421 896 4479 obsidione
954 4422 1208 4492 Augustae
1269 4433 1370 4488 per
1418 4414 1629 4486 Ungros
1672 4411 1837 4483 (quod

213 4520 562 4585 postremum
622 4511 677 4565 in
727 4509 933 4565 notnlis
979 4508 1302 4564 referemusl
1340 4503 1697 4560 Bkkehardus
1724 4502 1841 4556 haec

213 4604 409 4660 subdit
439 4622 452 4658 :
487 4603 685 4675 «Hngo
729 4603 893 4657 etiam
927 4602 1180 4673 quidam,
1214 4598 1352 4674 regii
1418 4595 1639 4669 generis
1675 4594 1841 4649 homo

214 4696 538 4770 primarius,
570 4701 797 4765 propter
847 4710 1094 4749 sororem
1139 4692 1240 4747 viri
1292 4690 1387 4745 Dei
1435 4689 1707 4762 virginem
1758 4703 1845 4742 sa-

214 4805 397 4854 cram,
430 4788 648 4843 incestu
680 4786 921 4858 agnitam
954 4784 1023 4839 ab
1042 4784 1182 4856 ipso,
1215 4783 1344 4855 quia
1375 4797 1523 4852 saepe
1551 4780 1849 4835 inclinatus

213 4886 325 4945 est,
359 4876 676 4932 insolenter
716 4875 764 4931 ei
821 4874 1081 4930 inimicus
1128 4872 1366 4946 quadam
1399 4871 1488 4926 die
1529 4869 1670 4924 carri
1693 4868 1851 4923 vehi-

217 4967 372 5032 culo,
410 4974 474 5021 nt
559 4971 677 5019 erat
726 4962 1063 5018 infirmitalis
1113 4978 1251 5028 suae,
1328 4959 1568 5015 occurrit
1609 4959 1845 5013 invecto.

217 5060 394 5125 Quem
437 5073 562 5113 cum
583 5057 792 5112 milites
821 5055 1068 5127 episcopi
1120 5069 1508 5127 praecessores,
1541 5052 1621 5108 uti
1661 5051 1709 5107 ei
1734 5066 1845 5106 non

217 5157 558 5216 occurreret,
600 5155 1032 5221 praamonerent,
1084 5146 1480 5212 carrucarium,
1521 5145 1721 5216 inquit,
1777 5143 1844 5198 il-

217 5241 341 5295 lum
364 5239 653 5294 abitinere
694 5254 820 5293 meo
850 5254 1133 5310 nunquam
1187 5236 1500 5292 declinabo.
1562 5234 1716 5300 Quod
1750 5233 1841 5288 ille

218 5344 254 5384 a
274 5327 594 5383 dicentibns
621 5335 744 5398 post
759 5326 1015 5390 audiens,
1045 5341 1309 5392 carruca),
1330 5325 1531 5396 inquit,
1562 5323 1840 5391 vehiculo,

216 5418 441 5484 scitote,
476 5414 573 5472 filii
606 5418 736 5485 mei,
763 5416 885 5487 ipse
918 5418 1042 5487 plus
1089 5432 1253 5487 quam
1284 5430 1413 5487 ego.
1448 5414 1676 5488 indigus
1729 5413 1850 5468 erit.

222 5508 479 5579 Necpost
532 5508 764 5562 multum
811 5513 973 5562 nocte
1021 5507 1259 5578 quadam
1298 5506 1489 5576 sopori
1516 5522 1574 5560 se
1608 5505 1850 5570 tradens,

219 5616 348 5658 cum
380 5600 715 5676 evigilasset,
750 5601 971 5657 tnmbos
996 5600 1054 5655 in
1083 5601 1287 5673 quibus
1314 5607 1659 5671 peccaverat,
1693 5616 1851 5655 acer-

217 5692 359 5747 rime
383 5690 601 5757 dolens,
638 5690 689 5744 in
726 5689 1085 5746 inferioribus
1117 5689 1186 5744 ab
1237 5689 1331 5744 illa
1361 5696 1523 5745 nocte
1554 5695 1629 5744 tta
1660 5689 1866 5746 decre-

218 5788 397 5847 verat,
428 5788 487 5837 ut
512 5788 716 5853 praeter
744 5789 928 5838 cutem
951 5789 1006 5835 et
1023 5797 1152 5837 ossa
1174 5781 1401 5855 gracilia
1429 5780 1570 5835 nihil
1611 5781 1864 5837 haberet.

1837 1915 1884 1981 Β

1906 686 2013 735 tem
2044 684 2483 740 sanctimonialis
2515 687 2609 742 illa
2623 699 2936 747 sanctorum
2967 696 3343 767 exemplorum
3368 709 3522 771 post-

1904 772 2127 826 modum
2162 774 2277 829 visa
2307 785 2390 829 est
2432 776 2638 834 femina
2672 798 2685 834 :
2734 783 2940 854 quippe
2972 802 3135 856 quam
3175 787 3340 844 frater
3367 794 3523 849 novis

1904 863 2193 917 sententiis
2246 863 2374 917 dum
2416 866 2568 933 vixit,
2608 872 2890 926 annuatim
2952 875 3264 944 puniverat.
3326 881 3525 956 Ungris

1905 958 2085 1005 autem
2108 968 2139 1005 a
2169 968 2228 1006 se
2281 956 2693 1025 recedentibus,
2739 977 2862 1015 cum
2897 962 3222 1023 Buchowam
3247 969 3391 1039 illos,
3428 975 3523 1031 ubi

1906 1058 2061 1098 soror
2085 1044 2203 1114 ipsa
2230 1052 2364 1111 erat,
2423 1056 2718 1121 partesque
2769 1061 3005 1123 nostras,
3042 1059 3135 1113 ubi
3167 1060 3520 1122 Wiboradam

1906 1140 2134 1194 matrem
2161 1135 2392 1203 sciebat,
2449 1138 2711 1195 invadere
2738 1143 2879 1197 velle
2924 1149 3302 1218 comperisset,
3336 1169 3526 1211 orasse

1907 1222 2079 1278 fertur
2112 1241 2125 1278 :
2157 1225 2385 1279 Domine
2416 1227 2512 1293 mi,
2546 1246 2723 1284 seram
2785 1232 2849 1303 [/.
2893 1238 3123 1308 servam]
3160 1239 3316 1295 istam
3346 1244 3529 1303 adhuc

1909 1319 2236 1389 impunitam
2266 1321 2402 1375 mihi
2443 1322 2610 1391 dona,
2633 1333 2693 1379 ut
2718 1326 2901 1400 gladio
2931 1347 3039 1386 non
3074 1344 3263 1403 pereat
3296 1357 3310 1406 ;
3344 1341 3444 1395 sed
3474 1350 3529 1398 et

1910 1406 2057 1460 illam
2080 1407 2266 1481 gladio
2319 1425 2539 1499 semper
2595 1421 2859 1483 paratam,
2921 1426 2980 1473 nt
3008 1421 3245 1491 palmam
3278 1429 3525 1499 martyrii

1912 1503 2207 1559 mereatur,
2242 1497 2561 1554 confortans
2616 1502 2815 1558 robora
2881 1504 3079 1563 Cellam
3130 1527 3354 1584 quoque
3394 1497 3530 1572 Galli

1915 1585 1991 1638 tui
2024 1585 2291 1659 integram
2350 1603 2471 1642 cum
2541 1590 2933 1650 famulantibus
2986 1598 3077 1668 pie
3118 1608 3174 1655 et
3215 1603 3531 1661 misericors

1913 1688 2199 1737 conserva,
2233 1676 2409 1747 Atque
2442 1678 2516 1733 ita
2569 1682 2827 1751 precibus
2867 1685 2987 1756 ejus
3015 1695 3220 1743 sanctis
3274 1690 3530 1749 effectum

1914 1767 2059 1822 Deus
2088 1770 2334 1841 undique
2364 1773 2534 1830 dedit.
2571 1799 2595 1821 ιο
2625 1776 2898 1834 Hactenus
2919 1796 2984 1835 ex
3017 1782 3364 1841 Ekkehardo.

1985 1864 2038 1918 7.
2093 1864 2390 1938 Augustam
2455 1868 2867 1926 Vindelicorum
2921 1874 2988 1929 ad
3046 1875 3244 1947 Lycum
3296 1883 3366 1950 (le
3416 1883 3533 1954 Lee)

1914 1954 2137 2011 fluvium
2171 1958 2352 2022 sitam,
2385 1963 2699 2032 complures
2752 1973 3008 2022 rexerunt
3059 1970 3309 2043 episcopi
3341 1990 3408 2029 ex
3434 1991 3537 2031 no-

1912 2046 2055 2109 stris,
2088 2063 2227 2117 quos
2254 2048 2343 2102 hic
2373 2060 2524 2105 certo
2556 2052 2850 2127 designare
2901 2056 3045 2111 haud
3100 2058 3262 2115 facile
3295 2071 3400 2130 est,
3431 2065 3538 2120 de-

1915 2132 2230 2191 ﬁcientibus
2259 2154 2359 2193 nos
2406 2141 2625 2196 idoneis
2669 2145 3008 2217 argumentis
3062 2146 3398 2220 Simpertnm
3421 2153 3533 2221 jam

1913 2227 2257 2286 laudavimus
2295 2232 2352 2287 in
2379 2233 2652 2304 superiori
2685 2241 2833 2291 tomo
2857 2254 2980 2312 pag.
3013 2240 3147 2297 533.
3190 2242 3347 2300 Hunc
3374 2245 3537 2306 Caro-

1921 2322 2006 2378 lus
2042 2323 2275 2397 Magnus
2298 2342 2390 2381 rex
2424 2348 2448 2374 ‹ι
2481 2328 2768 2383 constituit
2824 2331 3147 2403 episcopum
3180 2335 3234 2389 in
3264 2337 3379 2408 ipsa
3401 2342 3536 2398 civi-

1921 2418 2030 2466 tate
2066 2432 2088 2462 η
2140 2414 2400 2487 Augusta,
2444 2424 2582 2472 teste
2639 2417 2954 2477 Ermenrico
3011 2423 3391 2500 Elewangensi
3435 2449 3538 2488 sae-

1921 2501 2027 2556 culi
2058 2518 2111 2555 Ix
2142 2505 2435 2570 monacho,
2483 2506 2861 2579 crestitnitque
2901 2511 3108 2577 omnia,
3159 2530 3281 2584 quae
3334 2516 3403 2571 ab
3438 2535 3537 2573 an-

1920 2599 2193 2647 tecessore
2220 2609 2321 2648 suo
2352 2594 2587 2666 Pippino
2618 2596 2751 2652 illuc
2794 2599 2991 2654 tradita
3044 2600 3287 2672 fuerant,
3316 2605 3541 2680 insuper

1919 2695 1973 2741 et
2001 2688 2217 2743 addidit
2256 2689 2510 2760 plurima.
2542 2691 2809 2764 Suscepto
2861 2695 3204 2767 episcopatu,
3234 2701 3541 2773 Simpertns

1918 2776 2196 2846 profectus
2219 2786 2303 2832 est
2331 2779 2399 2832 ad
2427 2779 2725 2851 Augustam
2757 2782 3117 2839 Vindeliciam
3153 2795 3207 2842 et
3234 2804 3334 2858 per
3360 2806 3538 2848 annos

1912 2864 2031 2932 fere
2058 2867 2280 2941 triginta
2312 2870 2450 2924 rexit
2477 2871 2595 2941 ipsa
2642 2874 2997 2937 monasteria,
3027 2897 3051 2925 υ
3091 2892 3293 2949 nempe
3328 2879 3545 2953 Campi-

1916 2955 2187 3024 donense,
2217 2960 2399 3014 Sancti
2432 2961 2589 3028 Galli,
2615 2971 2670 3016 et
2700 2965 2894 3019 cellam
2925 2965 3136 3022 Sanctae
3164 2968 3322 3035 Afrae,
3357 2991 3382 3021 α
3416 2987 3547 3027 con-

1920 3056 2141 3103 struens
2168 3050 2454 3113 basilicam
2489 3053 2704 3109 Sanctae
2736 3055 2900 3123 Afrze,
2932 3067 2986 3112 et
3017 3068 3337 3117 restanrans
3360 3078 3546 3120 cmno-

1920 3136 2070 3191 binm
2103 3137 2286 3191 Sancti
2347 3139 2547 3214 Magni,
2601 3164 2628 3191 ιο
2691 3159 2890 3215 nempe
2951 3146 3229 3204 Fancense
3278 3154 3541 3224 (Fuessen)

1917 3230 1989 3299 (v.
2021 3245 2174 3295 num,
2195 3229 2262 3284 46
2293 3229 2457 3299 hujus
2488 3232 2666 3303 Vitae),
2698 3234 2766 3288 de
2817 3252 2926 3307 quo
2957 3240 3173 3310 egimus
3229 3243 3283 3298 in
3332 3248 3541 3305 seculo

1917 3317 2184 3383 secundo,
2218 3318 2309 3372 ubi
2337 3319 2403 3373 de
2451 3321 2650 3378 Sancto
2719 3324 2934 3397 Magno.
2972 3347 2997 3377 α
3063 3329 3327 3388 Defuncto
3361 3342 3542 3391 autem

1920 3407 2210 3477 Simperto.
2272 3408 2444 3463 Hanto
2508 3412 2608 3479 (sic
2664 3412 2985 3485 legendum,
3051 3434 3163 3473 non
3236 3422 3427 3487 Lanto,
3488 3436 3547 3479 ut

1921 3506 2110 3569 postea
2140 3499 2366 3569 patebit)
2422 3501 2800 3572 episcopatum
2860 3509 3123 3579 suscepit,
3185 3511 3302 3582 ipse
3344 3513 3399 3569 in
3433 3516 3545 3570 Ba-

1917 3593 2094 3664 joaria
2116 3601 2295 3650 natus.
2330 3594 2635 3652 Transactis
2669 3606 2790 3669 post
2847 3610 3132 3673 acceptum
3165 3608 3542 3681 episcOpatum

1924 3692 2137 3755 septem
2164 3684 2345 3751 annis,
2375 3702 2726 3742 successores
2765 3690 2904 3756 ejus,
2935 3692 3029 3762 qui
3064 3693 3117 3747 in
3152 3696 3270 3765 ipsa
3304 3697 3546 3754 Ecclesia

1932 3775 2211 3830 constituti
2242 3778 2631 3848 sunt,primus
2660 3779 2933 3834 Nitkarins
2958 3783 3127 3853 C(Bpil
3155 3800 3186 3839 a
3217 3787 3548 3845 fundamen-

1930 3867 2000 3921 tis
2024 3868 2316 3922 ecclesiam
2343 3869 2523 3924 Sancti
2553 3870 2725 3944 Magni
2777 3879 3098 3928 construere
3141 3893 3155 3942 ;
3188 3880 3374 3933 caeteri
3408 3898 3537 3936 vero

1933 3957 2198 4027 praesules
2222 3958 2781 4029 enmsubsequentes,
2821 3972 2982 4030 prout
3027 3970 3348 4032 potuerunt,
3392 3969 3552 4023 simi-

1935 4048 2059 4103 liter
2084 4056 2526 4105 construxerunt.
2581 4051 2781 4107 Tamen
2836 4068 2946 4108 non
3008 4053 3112 4110 fuit
3151 4057 3274 4112 aula
3308 4058 3549 4115 basilicas

1935 4137 2003 4191 ad
2044 4137 2440 4208 perfectionem
2476 4139 2661 4210 operis
2713 4141 2996 4210 perducta,
3051 4142 3251 4211 donec,
3316 4147 3548 4203 Domino

1935 4238 2236 4295 annuente,
2270 4248 2299 4286 a
2328 4231 2727 4306 gloriosissimo
2756 4249 2888 4307 rege
2910 4235 3206 4299 Ludovico,
3233 4236 3347 4293 lilio
3370 4238 3553 4295 Ludo-

1935 4323 2040 4379 vici
2107 4324 2399 4378 clarissimi
2445 4325 2815 4396 imperatoris,
2883 4326 3048 4382 Lanto
3100 4328 3273 4399 ipsam
3306 4339 3553 4387 sanctam

1940 4415 2129 4471 sedem
2189 4415 2421 4487 adaptns
2478 4427 2581 4472 est.
2642 4438 2663 4468 ι
2732 4418 2867 4473 Hinc
2894 4419 3258 4493 corrigendus
3303 4422 3554 4478 Bruschii

1941 4504 2241 4579 catalogus,
2284 4505 2377 4576 qui
2404 4505 2641 4562 Hantoni
2688 4506 3029 4562 Walthernm
3082 4508 3281 4578 primo,
3312 4513 3557 4568 secundo

1942 4599 2295 4672 Adelgerum,
2328 4615 2393 4654 ac
2416 4600 2576 4657 tertio
2604 4607 2814 4657 tantum
2856 4603 2975 4658 loco
3002 4602 3403 4677 Neodegarium
3435 4606 3562 4659 sub-

1947 4693 2142 4753 stituit.
2169 4709 2292 4749 cum
2352 4711 2419 4749 ex
2473 4696 2707 4752 adverso
2745 4697 3108 4765 Ermenricus,
3164 4707 3355 4754 auctor
3409 4700 3558 4756 illius

1951 4785 2240 4856 temporis,
2300 4786 2536 4844 Hantoni
2595 4788 2843 4858 proxime
2906 4789 3229 4856 Nitkarium,
3283 4791 3375 4863 qui
3435 4808 3559 4846 cum

1950 4877 2296 4952 Neodegario
2325 4879 2472 4934 idem
2525 4886 2627 4947 est,
2656 4881 2895 4949 subjicit.
2945 4881 3263 4938 Ermenrico
3294 4881 3566 4954 suifraga-

1951 4973 2040 5021 tnr
2061 4974 2217 5022 vetus
2242 4966 2411 5022 index
2463 4968 2892 5047 Angustensium
2925 4970 3337 5044 episcoporum,
3366 4972 3421 5026 in
3458 4970 3567 5028 fine

1949 5053 2110 5121 hujus
2137 5055 2261 5110 vitae
2292 5057 2493 5124 editus,
2528 5058 2582 5112 in
2616 5073 2725 5130 quo
2747 5059 2995 5130 episcopi
3025 5061 3132 5116 hoc
3164 5061 3359 5117 ordine
3382 5076 3572 5117 recen-

1944 5155 2154 5202 sentur.
2190 5146 2517 5220 Simpertns,
2579 5149 2772 5213 Hanto,
2829 5150 3054 5224 Nidger,
3106 5152 3391 5221 Odalman,
3424 5153 3575 5227 Wig-

1943 5254 2062 5310 ger,
2124 5237 2318 5305 Lanto,
2372 5240 2668 5310 Adalpero,
2721 5242 2945 5310 lliltine,
3000 5243 3344 5300 0ndalricus.
3405 5245 3575 5301 Lanto

1957 5332 2240 5387 basilicam
2266 5332 2449 5387 Sancti
2499 5333 2680 5409 Magni
2740 5335 2967 5407 «quinto
3019 5352 3165 5393 anno
3229 5337 3580 5410 episcOpatus

1958 5420 2042 5474 sui
2098 5418 2350 5490 perfecit,
2401 5439 2431 5470 ι
2482 5420 2730 5490 ejusdem
2792 5424 2967 5479 sancti
3027 5425 3205 5497 Magni
3265 5441 3466 5496 corpus
3523 5423 3580 5477 iu

1955 5509 2331 5565 decentiorem
2392 5509 2576 5565 locum
2637 5512 2936 5580 transtulit,
2973 5538 2997 5561 «ι
3025 5517 3261 5572 consilio
3293 5517 3432 5572 inito
3456 5528 3581 5571 cum

1970 5598 2393 5670 archiepiscopo
2443 5598 2901 5671 Magontiacensis
2957 5601 3217 5659 Ecclesiae
3285 5605 3501 5661 Otkario
3532 5610 3587 5659 et

1974 5688 2186 5745 caeteris
2223 5688 2503 5759 episcopis
2532 5689 2650 5743 suis
2679 5688 3062 5761 suﬁ‘raganeis.
3095 5710 3125 5741 ι)
3154 5691 3279 5749 Haec
3308 5694 3428 5749 fuse
3491 5692 3589 5748 de-

1975 5777 2167 5836 scribit
2198 5777 2606 5845 llcrmenricus,
2638 5778 2733 5850 qui
2762 5793 3006 5850 praesens
3043 5779 3257 5850 aderat,
3288 5783 3435 5854 apud
3465 5782 3593 5838 Gol—

222 5871 432 5942 Sicqne
461 5870 828 5944 longaevitatis
859 5877 1138 5941 tempora,
1193 5886 1481 5940 nunquam
1525 5870 1648 5943 cogi
1681 5870 1877 5927 valens
1944 5869 2191 5924 sdastum
2224 5868 2279 5922 in
2311 5873 2461 5922 tomo
2494 5868 2534 5923 l.
2560 5868 2761 5924 Rerum
2791 5867 3272 5926 Alamannicarum
3304 5887 3429 5943 pag.
3463 5870 3590 5931 315,
