3924 6396
368 442 510 499 1007

369 587 437 626 ex
466 584 578 641 quo
609 563 826 638 potiora
856 558 912 612 in
944 555 1039 610 Elo

370 620 634 716 Liuiam;
661 652 871 709 obitum
900 620 1199 700 Bruschius
1226 631 1517 704 consignat
1536 638 1680 681 anno
1706 620 1846 685 877;
1879 630 1989 688 quo

369 707 960 808 sanet-lidelmannum
1010 733 1062 788 ei
1104 729 1384 801 subrogat.
1418 718 1763 777 Udelmanno
1802 707 1989 763 «\Vid-

370 802 695 917 garius‘seu
741 832 1072 901 Widogerus
1115 820 1289 877 abbas
1338 807 1662 869 monasterii
1719 802 1989 860 Uttenbu-

373 893 491 988 ἓιηὶ
516 920 867 998 (Ottcnbour),
898 914 1099 973 eximie
1131 910 1328 965 doctus
1372 910 1427 959 et
1465 893 1923 955 humanissimus,
1959 908 1987 938 ι)

375 976 491 988 ......
518 976 749 998 wn---“
832 976 866 991 ι,

373 1016 709 1077 successisse
739 1009 944 1065 dicitur
973 1016 1118 1058 anno
1158 998 1281 1053 888.
1326 992 1577 1047 Vidimus
1599 985 1821 1058 insigne
1845 976 1991 1033 istud

375 1108 631 1168 dioecesis
684 1105 1011 1175 Augustam:
1069 1084 1486 1147 monasterium.
1523 1080 1579 1134 in
1623 1086 1843 1131 amoeno
1873 1070 1993 1125 loco

375 1209 542 1263 situm
585 1202 651 1257 ad
682 1195 950 1254 Gunzium
1011 1186 1227 1255 (Gnutz)
1271 1194 1511 1241 amnem,
1565 1164 1998 1244 elegantissimis

376 1297 627 1358 aedificiis
656 1296 1001 1350 instructum,
1035 1282 1191 1351 cujus
1213 1277 1321 1333 loci
1358 1271 1590 1328 basilica
1617 1264 1823 1322 sanctis
1860 1275 2000 1315 mar-

377 1395 590 1468 tyribus
649 1384 956 1443 Alexandro
1015 1386 1069 1433 et
1116 1371 1685 1438 Theodoro,quorum
1746 1352 1995 1426 reliquiae

1016 1467 1019 1468 '
1381 1457 1416 1468 “
1455 1455 1465 1465 ”
1656 1447 1760 1468 ι--ξ
1826 1442 1995 1468 ..ιιιεηη

376 1442 499 1539 istic
546 1479 843 1539 habentur,
899 1467 1152 1525 dedicata
1209 1467 1311 1517 est.
1381 1455 1598 1511 Primus
1656 1447 1765 1503 loci
1825 1442 1998 1498 abbas

375 1577 553 1639 Totto,
578 1586 741 1642 quem
772 1581 872 1638 pro
921 1566 1113 1617 saneto
1147 1555 1374 1617 habent,
1426 1542 1644 1603 tametsi
1678 1538 1996 1595 anniversa-

378 1669 462 1724 rio
491 1627 622 1721 huic
647 1627 832 1717 ofﬁcio
862 1649 1164 1727 quotannis
1194 1646 1502 1717 parentant.
1540 1637 1613 1691 De
1629 1648 1696 1689 eo
1721 1632 1774 1686 in
1806 1627 1996 1684 Calen-

378 1720 532 1811 dario
565 1720 964 1808 Uttenburano,
999 1760 1023 1790 ii
1054 1754 1147 1793 xm
1178 1733 1291 1790 Kal.
1329 1726 1563 1785 Decemb
1593 1767 1606 1786 .
1628 1722 1785 1776 Totto
1814 1720 2001 1771 noster

379 1838 691 1910 abbas,qui
733 1804 959 1904 corpus
996 1825 1169 1883 sancti
1220 1815 1512 1877 Alexandri
1574 1813 1680 1866 huc
1710 1804 1915 1869 attulit,
1944 1808 1999 1855 et

378 1936 537 2004 cujus
585 1934 846 2001 parentes
884 1924 1065 1977 locum
1120 1916 1282 1970 istum
1339 1906 1731 1965 fundaverunt.
1778 1921 1803 1943 ι»

332 2017 337 2029 ’
562 1985 833 2080 Chronico
866 2017 934 2072 ad
963 2012 1147 2084 cyclos
1176 2003 1506 2081 paschales:
1563 2024 1586 2045 σι
1640 1998 1796 2085 Anno
1857 1985 1998 2085 ιιεξδ

378 2119 556 2180 Τοιιο,
589 2110 877 2183 sepelitur,
913 2127 934 2156 ι
972 2075 1132 2157 idest
1160 2075 1507 2154 transfertur,
1552 2108 1575 2133 α
1620 2092 1675 2139 et
1694 2075 2001 2154 principale

381 2213 552 2266 altare
602 2204 909 2260 dedicatur.
981 2216 1010 2246 π
1079 2190 1383 2248 Fuudatum
1465 2187 1549 2237 est
1611 2169 2005 2232 monasterium

382 2316 530 2357 anno
585 2298 713 2351 764.
766 2292 902 2347 lluic
949 2284 1236 2343 Udalricus
1273 2279 1587 2333 libertatem
1642 2262 1904 2322 restituit.
1935 2275 2000 2314 ex

382 2389 670 2463 sequentis
726 2384 860 2438 Vitae
908 2394 1030 2449 cap.
1078 2374 1170 2428 25.
1200 2371 1391 2433 Porro,
1442 2373 1502 2418 ut
1533 2360 1601 2413 ad
1658 2354 1999 2428 prepositum

386 2441 1157 2547 redeam,Widgarius-auno
1187 2461 1311 2526 898,
1369 2464 1427 2512 ut
1478 2456 1631 2508 notat
1681 2441 1999 2504 Bruscbius,

388 2576 758 2634 Helvetiorum
810 2563 1082 2637 reliquiis,
1143 2554 1461 2632 gentilismo
1517 2546 1681 2602 etiam
1733 2547 1862 2593 tunc
1911 2534 2000 2589 in-

389 2670 569 2736 fectis,
612 2662 995 2723 Christianam,
1052 2652 1338 2709 veritatem
1374 2640 1704 2715 praedicasse
1734 2641 2009 2686 memora-

393 2820 734 2923 Widgarium
766 2855 913 2897 anno
942 2837 1049 2893 902
1081 2828 1298 2899 excepit
1354 2820 1648 2923 Adalbero,
1681 2827 1843 2909 quem
1890 2820 2010 2923 mo-

392 2896 629 2997 naclriini
698 2933 1168 3001 Elewangensem,
1228 2922 1393 2987 atque
1446 2908 1700 2963 abbatem
1760 2896 2009 2968 ejusdem

394 3034 498 3091 loci
543 3027 792 3086 simulet
832 3020 1153 3092 episcopum
1207 3009 1373 3064 fuisse
1434 2996 1729 3057 Bruschius
1760 2996 2011 3047 testatur.

402 3149 426 3177 ιι
459 3122 579 3180 Fuit
601 3119 698 3176 vir.
736 3112 918 3185 inquit
970 3108 1115 3163 idem
1166 3106 1378 3163 auctor,
1418 3090 1619 3149 eximie
1663 3088 1879 3146 doctus,
1911 3096 2013 3135 ex-

393 3216 602 3275 cellens
639 3207 906 3268 musicus,
935 3190 1346 3255 San-Gallensis
1388 3177 1709 3240 monasterii
1746 3172 2018 3230 liberalis-
2045 3224 2096 3292 C

1137 3286 1146 3292 ·
1174 3285 1232 3292 -··
1272 3283 1282 3292 ι
1327 3281 1337 3291 ο
1499 3276 1536 3292 n
1563 3269 1734 3292 I_i_:-:
1763 3267 2016 3292 -I........,,_.

394 3309 571 3363 simus
602 3298 945 3359 benefactor,
978 3286 1151 3344 sancti
1174 3281 1341 3340 Ulrici
1367 3295 1466 3334 seu
1499 3269 1736 3330 Udalrici
1762 3267 2019 3320 alumnus

397 3356 828 3453 etninf‘ormator.
862 3404 889 3433 ι»
933 3356 1334 3435 Ᾰόθὶὶιεγοῐιοηι
1385 3365 1557 3421 sancti
1603 3359 1739 3415 Galli
1791 3356 2015 3411 fratrem

399 3482 773 3552 conscriptum
864 3462 1433 3527 beneﬁcentissimum
1519 3449 1796 3508 exstitisse
1854 3441 2020 3499 tradit

331 3615 347 3630 ο
403 3536 758 3635 flli‘liehardus
783 3584 883 3638 cap
945 3567 1000 3631 5,
1043 3559 1350 3632 probatque
1380 3548 1607 3606 libellus
1644 3543 1715 3597 de
1740 3536 2020 3594 Fratribus

404 3628 734 3741 conscriptis
765 3628 913 3721 torno
948 3628 995 3714 ll.
1022 3628 1170 3727 apud
1202 3649 1517 3706 Goldastum
1569 3656 1695 3713 pag.
1759 3634 1884 3699 181,

406 3723 676 3825 illatae
714 3773 861 3815 anno
899 3754 1003 3810 903
1060 3723 1129 3805 ad
1170 3748 1431 3801 Sanctum
1463 3735 1675 3825 Gallum
1735 3730 1793 3784 in
1838 3723 2027 3800 vigilia

408 3861 579 3933 ipsius
616 3852 790 3910 sancti
818 3846 1035 3904 venisse
1066 3841 1290 3902 dicitur,
1324 3860 1349 3882 α
1377 3834 1568 3901 juncto
1593 3823 1700 3880 sibi
1732 3818 2027 3876 mitissimo

1112 3932 1117 3933 ,
1176 3930 1224 3933 __
1550 3919 1607 3933 ,η
1642 3917 1656 3933 ,
1688 3912 1751 3933 Α
1810 3911 1856 3933 ru
1919 3922 2000 3933 mn

407 3911 746 4007 gebonensis
774 3936 1027 3996 Ecclesiae
1083 3930 1503 4003 (Sabionensem
1550 3912 1752 3990 [Seben]
1810 3911 1878 3982 [υ.
1918 3922 2029 3962 me-

406 4004 527 4115 trop
574 4042 780 4109 S-zlips.
814 4052 870 4107 p.
903 4029 1026 4101 439]
1080 4026 1174 4082 alii
1207 4021 1491 4094 appellant
1527 4027 1675 4067 nunc
1730 4004 2022 4061 Brixinen-

406 4142 545 4207 sem)
580 4133 821 4189 antistite
865 4124 1210 4198 Meginberto
1259 4137 1274 4173 :
1307 4136 1331 4167 ii
1362 4131 1427 4169 ac
1463 4111 1643 4165 locum
1676 4101 1840 4159 variis
1867 4096 2028 4153 donis

409 4192 796 4299 locu'pletasse.
822 4219 901 4275 En
926 4192 1159 4271 sedente
1194 4206 1476 4264 Udalricus
1505 4212 1651 4254 anno
1669 4193 1774 4249 909
1798 4192 2023 4245 Romam

410 4283 711 4389 profectus,
758 4311 880 4380 ejus
945 4310 1178 4359 mortem
1218 4295 1415 4352 didicit
1441 4308 1472 4347 a
1515 4283 1797 4360 pontiﬁce,
1829 4297 1859 4334 a
1892 4291 2026 4349 quo,

408 4425 533 4463 cum
565 4407 633 4461 ad
663 4398 1081 4472 suscipiendum
1125 4391 1505 4462 episcOpatum
1534 4378 1723 4434 induci
1784 4387 1896 4427 non
1932 4385 2029 4440 po-

410 4497 623 4557 tuisset,
658 4460 896 4546 lliltin-us
926 4460 1510 4540 interim—substitutus
1548 4472 1651 4523 est.
1715 4460 1815 4527 Qui
1886 4471 2032 4513 anno

408 4591 515 4645 925
544 4596 816 4647 mortuus,
858 4580 1081 4636 tandem
1135 4574 1316 4629 locum
1371 4566 1503 4622 fecit
1554 4558 1832 4621 Udalrico,
1866 4568 2031 4626 quem

410 4694 524 4751 prie
553 4641 814 4730 manibus
835 4668 1127 4725 habemus.
1165 4664 1215 4716 ls
1243 4660 1291 4715 si
1321 4657 1457 4731 quid
1490 4650 1716 4709 humani
1762 4649 1818 4702 in
1850 4641 2034 4700 studio

410 4785 538 4844 erga
578 4771 839 4837 nepotem
870 4774 1031 4815 suum
1085 4753 1509 4814 Adalberonem,
1552 4759 1717 4817 quem
1748 4749 2035 4795 successo-

412 4877 531 4917 rem
557 4835 890 4928 designavit,
955 4863 1154 4921 passus
1212 4853 1315 4909 est,
1364 4837 1596 4895 indubie
1642 4844 1769 4889 ante
1803 4835 2035 4884 mortem

413 4949 596 5016 diluit,
627 4961 751 5000 cum
792 4940 969 5013 ipsius
1020 4933 1240 5007 nepotis
1295 4938 1679 5003 praematuram
1716 4928 1947 4976 mortem
1984 4916 2038 4970 in

417 5037 762 5113 ptenitentiae
800 5029 1107 5088 remedium
1141 5022 1430 5081 convertit.

487 5130 541 5184 8.
574 5127 843 5181 Caeterum
877 5117 1162 5174 Udalricus
1209 5111 1393 5168 statim
1438 5124 1469 5162 a
1498 5120 1598 5160 suo
1643 5101 1817 5174 ipsius
1882 5096 2038 5154 obitu

419 5223 614 5279 merito
645 5226 872 5275 sanctus
901 5214 1081 5269 dictus
1135 5206 1495 5275 creditusque
1534 5211 1638 5254 est.
1681 5197 1813 5252 Nam
1844 5197 2042 5264 praeter

415 5317 537 5386 ejus
574 5313 700 5368 vita:
727 5308 1046 5378 scriptores,
1105 5301 1472 5357 Hartmannus
1530 5293 1585 5347 in
1644 5287 1792 5343 Actis
1840 5289 2043 5340 sancta:

418 5407 729 5464 Wiboradze
757 5400 1016 5472 superius
1078 5393 1354 5462 adductis,
1408 5386 1638 5460 aequalis
1670 5388 1879 5443 auctor,
1912 5392 2044 5432 san-

417 5511 565 5556 ctum
599 5494 911 5553 Udalricum
955 5508 969 5555 ;
1023 5488 1318 5549 Ditmarus,
1378 5496 1525 5547 anno
1575 5476 1711 5532 1018
1773 5478 2046 5533 mortuus,

418 5599 670 5647 sanctum
728 5593 936 5656 patrem
998 5579 1333 5634 Ollialricuin
1392 5578 1550 5628 vocat
1608 5569 1664 5622 in
1694 5565 1771 5620 lib
1850 5568 1970 5626 i,et
1993 5559 2047 5613 in

420 5681 517 5740 lib.
553 5694 609 5732 ιιι
660 5650 971 5729 Othelricus
1036 5684 1257 5741 gemina
1307 5660 1657 5717 sacerdotum
1719 5654 1790 5709 ab
1849 5650 2045 5708 eodem

420 5769 753 5842 appellatur.
797 5763 908 5818 Nec
946 5763 1143 5815 mirum
1173 5772 1330 5821 sane,
1364 5769 1488 5808 cum
1541 5764 1688 5804 anno
1717 5746 1844 5812 993,
1878 5743 1931 5797 id
1963 5746 2047 5795 est

421 5865 490 5918 ab
520 5860 696 5931 ipsius
732 5855 889 5912 obitu
918 5851 1204 5926 vigesimo.
1241 5848 1299 5902 in
1329 5851 1642 5900 sanctorum
1687 5838 1873 5893 album
1901 5834 2046 5889 rela-

427 5956 513 6003 tus
544 5921 622 6001 sit
651 5961 682 5998 a
706 5943 920 5996 Joanne
951 5921 1093 6007 papa
1137 5934 1247 6000 XV,
1308 5935 1466 6000 cujus
1492 5929 1597 5983 hac
1625 5927 1695 5980 de
1728 5939 1785 5978 re
1832 5921 2043 5976 litteras

1454 412 1509 465 S.
1555 402 1862 462 UDALRlCl
1902 398 2274 455 AUGUSTANI
2315 395 2633 452 EPISCOPI.

1043 552 1134 623 gio
1173 543 1351 603 sancti
1389 538 1571 615 Magni
1600 530 1988 590 delibavimus.
2015 529 2070 597 Α
2096 533 2221 597 post
2242 526 2407 580 vitam
2439 533 2495 578 rt
2517 521 2784 577 miracula
2833 518 3155 574 referemus.
3208 515 3494 572 Liudolfus
3532 524 3719 570 autem

3578 387 3719 445 1008

2092 620 2410 691 episcOpus,
2430 618 2524 689 qui
2555 614 2837 687 pontificis
2855 615 3013 683 jussu
3046 629 3248 683 corpus
3303 612 3480 666 sancti
3552 610 3723 664 Udal-

2090 709 2190 765 rici
2217 708 2426 764 tumulo
2455 706 2673 773 extulit,
2720 704 3018 760 oratorium
3072 703 3128 756 in
3180 702 3300 770 ejus
3337 701 3553 756 honore
3582 713 3724 754 eon-

2090 801 2305 866 struxit,
2340 806 2476 854 teste
2519 797 2949 871 Chronegrapho
2989 792 3472 867 Magdeburgeusi.
3524 790 3589 844 Et
3619 789 3712 843 hic

2090 909 2223 948 sane
2246 893 2500 946 honoreo
2532 888 2724 956 majori
2755 883 3423 956 considerationedignus
3455 888 3539 936 est
3563 878 3719 951 quod

2090 982 2357 1038 solemnis
2412 980 2515 1034 iste
2554 975 2921 1034 canonizandi
2982 983 3055 1029 .ut
3112 972 3430 1043 loquuntur)
3496 968 3638 1023 ritus
3686 984 3720 1022 a

2097 1083 2289 1128 sancto
2317 1069 2569 1126 Udalrico
2602 1067 2820 1122 initium
2842 1064 3080 1135 coepisse
3120 1062 3393 1125 videatur,
3438 1066 3497 1114 ut
3524 1059 3582 1113 in
3617 1058 3726 1111 bu-

2092 1164 2248 1233 jusce
2278 1160 2410 1216 tomi
2440 1157 2764 1231 prafatione
2787 1152 3166 1223 exposuimus,
3198 1146 3501 1220 praehabita
3536 1144 3726 1217 inqui-

2099 1259 2303 1313 sitione
2331 1272 2439 1311 non
2466 1253 2761 1324 indignum
2789 1248 2940 1320 quod
2966 1245 3263 1318 Gregorius
3291 1258 3433 1314 papa
3461 1242 3551 1295 Vll
3584 1240 3728 1293 Hen—

2096 1348 2465 1421 sequentibus
2492 1344 2649 1399 libris
2680 1341 3057 1414 proferuntur.
3093 1335 3235 1390 illud
3267 1333 3431 1389 etiam
3462 1331 3730 1387 observa—

2098 1444 2248 1497 tione
2282 1456 2391 1496 non
2425 1436 2712 1510 indignum
2754 1431 2905 1505 quod
2937 1427 3235 1501 Gregorius
3266 1440 3407 1496 papa
3447 1422 3539 1476 Vll
3573 1422 3727 1475 lien—

2101 1534 2213 1586 rico
2243 1526 2582 1601 Aquileiensi
2612 1524 2897 1595 episcOpo,
2931 1518 3025 1590 qui
3065 1525 3226 1571 antea
3264 1512 3566 1569 canonicus
3599 1514 3720 1563 Au-

2098 1630 2364 1697 gustanus
2396 1617 2590 1683 fuerat,
2622 1629 2781 1669 usum
2814 1610 2968 1682 pallii
2991 1607 3271 1668 concedit,
3322 1611 3520 1675 prmter
3562 1602 3730 1667 alias,

2107 1691 2128 1762 ξ
2160 1713 2214 1765 in
2245 1707 2632 1764 festivitatibus
2665 1703 2807 1759 beati
2863 1700 3101 1756 Udalrici
3128 1695 3465 1753 confessoris
3521 1691 3729 1747 Christi

2101 1811 2265 1875 atque
2299 1798 2598 1873 pontiﬁcis,
2632 1803 2687 1851 et
2744 1795 2919 1849 beatae
2960 1791 3098 1845 Afra:
3150 1787 3465 1858 martyris,»
3505 1792 3563 1839 ut
3590 1783 3734 1856 legi-

1847 1894 1910 1949 Εἰ
1943 1892 1999 1946 in
2022 1851 2076 1921 B
2104 1851 2193 1951 tu;
2215 1895 2270 1948 in
2299 1851 2376 1947 lib
2425 1908 2477 1945 vi
2514 1888 2748 1960 epistola
2801 1886 2888 1942 38.
2956 1884 3037 1938 Ita
3075 1897 3203 1936 vero
3236 1851 3475 1935 Udalrici
3522 1851 3732 1931 nomen

2100 1983 2320 2039 celebre
2365 1979 2555 2045 evasit,
2616 1989 2677 2032 ut
2724 1973 3055 2031 vocabulum
3110 1978 3164 2025 et
3210 1969 3424 2023 titulum
3476 1965 3724 2036 primum

2107 2072 2372 2130 indiderit
2411 2070 2661 2127 ecclesiae
2692 2083 2757 2122 ac
2788 2064 3119 2120 monasterio
3160 2056 3546 2115 Sanctae'Afrae
3580 2055 3735 2127 apud

2106 2160 2787 2242 Augustamperinsigni,
2843 2157 2993 2230 quod
3077 2154 3243 2210 modo
3315 2150 3499 2206 Sancti
3560 2148 3734 2203 Udal-

2108 2262 2205 2316 rici
2237 2262 2315 2330 (S.
2354 2259 2527 2327 Ulric)
2558 2263 2613 2311 et
2667 2256 2880 2309 Sanctae
2933 2250 3071 2305 Afrae
3121 2254 3471 2317 nuncupatur
3500 2242 3573 2297 ob
3608 2242 3734 2310 ejus

2104 2355 2160 2407 in
2192 2369 2259 2407 eo
2291 2352 2411 2405 loco
2426 2350 2764 2420 sepulturam
2797 2361 2861 2399 ac
2881 2340 3318 2399 venerationem.
3357 2338 3511 2391 Hunc
3541 2335 3730 2388 locum

2105 2444 2389 2501 monachis
2425 2438 2796 2496 Benedictinis
2822 2450 2968 2490 anno
3020 2431 3157 2488 101‘2
3206 2428 3481 2486 concessit
3547 2427 3737 2480 Bruno

2104 2539 2400 2609 episcopus
2430 2536 2797 2603 Auguslanus,
2833 2525 3129 2598 praeposito
3185 2522 3384 2576 abbate
3414 2519 3596 2591 primo
3626 2516 3741 2570 Re-

2107 2629 2387 2703 ginbaldo,
2422 2641 2586 2696 quem
2613 2620 2925 2677 Bernardus
2985 2614 3359 2671 Hertfelderus
3411 2607 3738 2665 monasterii

2111 2723 2260 2794 prior
2289 2726 2538 2775 sanetum
2572 2721 2730 2770 vocat
2762 2713 2817 2767 in
2846 2727 2943 2765 sua
2970 2707 3198 2763 basilica
3227 2710 3545 2759 sanctorum
3580 2699 3745 2755 Udal-

2112 2791 2207 2868 rici
2234 2820 2288 2867 et
2318 2810 2480 2874 Afrae,
2535 2815 2591 2863 et
2623 2822 2687 2861 ex
2736 2799 3173 2875 Kiburgensibus
3220 2793 3536 2855 comitibus,
3569 2791 3627 2846 id
3658 2798 3746 2844 est

2115 2903 2350 2961 Udalrici
2382 2908 2568 2976 gente,
2602 2896 2919 2952 oriundum.
2986 2887 3329 2965 Reginbaldo
3370 2883 3559 2941 abbati
3614 2898 3746 2937 suc-

2115 2997 2280 3053 cessit
2318 2974 2461 3066 Dego
2516 3007 2664 3046 anno
2696 2988 2854 3050 1015,
2900 2983 3108 3059 Degoui
3139 2987 3261 3052 post
3287 2976 3590 3033 triennium
3634 2974 3744 3029 Go-

2118 3091 2416 3163 desgenus,
2446 3093 2501 3142 et
2527 3090 2650 3156 post
2679 3080 2966 3137 biennium
3007 3072 3373 3132 Frideboldus
3422 3084 3571 3125 anno
3603 3067 3749 3123 1030

2121 3158 2369 3235 mortuus
2401 3194 2412 3231 :
2449 3190 2559 3247 quo
2593 3170 2905 3245 postulante
2962 3166 3140 3220 Berno
3197 3161 3418 3217 tertiam
3451 3158 3518 3213 de
3548 3163 3747 3211 sancto

2119 3268 2370 3325 Udalrico
2391 3264 2745 3335 scriptionem
2778 3272 3072 3332 aggressus
3101 3263 3201 3310 est.
3245 3254 3306 3307 In
3336 3250 3531 3305 eadem
3591 3247 3748 3302 basi-

2120 3356 2224 3412 lica
2247 3362 2595 3410 asservantur
2647 3348 2823 3406 sancti
2880 3342 3121 3401 Udalrici
3160 3339 3655 3411 reliquiae,magna
3688 3352 3752 3389 ex

2121 3454 2276 3519 parte
2298 3444 2400 3499 sub
2425 3443 2544 3511 ejus
2573 3456 2686 3504 ara,
2729 3438 2782 3492 in
2843 3451 2950 3507 qua
3000 3447 3213 3486 sacrum
3247 3427 3429 3483 facere
3460 3424 3628 3480 nobis
3649 3424 3751 3478 da-

2122 3512 2235 3589 tum
2269 3540 2370 3597 est,
2402 3528 2724 3593 recouditze,
2791 3533 2990 3596 praeter
3016 3526 3199 3591 caput,
3233 3517 3450 3588 aliaque
3481 3512 3753 3576 nonnulla

2129 3620 2502 3696 peculiaribus
2548 3614 2826 3672 scriniolis
2895 3610 3130 3672 inclusa,
3182 3620 3417 3678 quorum
3486 3608 3752 3671 ectypum

2127 3692 2350 3770 exhibet
2382 3709 2773 3771 Hertfelderus,
2795 3703 2873 3759 uti
2904 3709 2959 3757 et
2987 3699 3197 3765 calicis,
3256 3695 3480 3758 casulae,
3510 3692 3668 3747 stola:
3702 3697 3755 3744 et

2129 3804 2395 3876 manipuli
2428 3810 2592 3874 atque
2633 3796 2959 3857 dalmaticae,
3017 3791 3221 3865 quibus
3250 3789 3334 3843 vir
3361 3791 3592 3841 sanctus
3622 3798 3757 3836 usus

2131 3906 2231 3953 est.
2256 3896 2309 3950 ln
2334 3890 2671 3951 monasterio
2709 3884 2951 3943 Murensi
2984 3884 3116 3938 item
3159 3880 3281 3949 ejus
3307 3876 3450 3932 stola
3504 3880 3561 3928 et
3600 3887 3757 3943 quae-

2127 3988 2251 4042 dam
2285 3985 2536 4057 reliquiae
2575 3987 2880 4036 servantur.
2920 3976 2993 4028 De
3026 3970 3201 4043 ipsius
3262 3964 3594 4022 inventione
3626 3968 3754 4033 post

2131 4076 2328 4131 librum
2362 4070 2750 4129 Miraculorum
2780 4063 3080 4141 agendum.

2199 4192 2252 4245 9.
2288 4190 2362 4243 De
2393 4183 2725 4257 quibusdam
2753 4176 2992 4248 scriptis,
3015 4186 3139 4245 quae.
3171 4168 3427 4225 Udalrico
3486 4163 3756 4219 tribuun-

2131 4288 2236 4346 tur,
2267 4252 2452 4333 dubiie
2481 4271 2779 4328 admodum
2808 4276 2863 4322 et
2893 4265 3118 4320 incertae
3147 4266 3278 4315 sunt
3304 4256 3663 4325 conjectura.
3698 4252 3759 4306 In

2134 4369 2218 4425 his
2247 4375 2328 4423 est
2363 4378 2577 4419 «sermo
2610 4356 2897 4432 synodalis
2943 4349 3299 4424 parochianis
3330 4342 3675 4419 presbyteris
3704 4342 3760 4395 in

2133 4459 2360 4532 synodis
2390 4451 2785 4510 enuntiandus.
2819 4471 2833 4493 -
2872 4446 3044 4511 Quem
3067 4441 3278 4496 Marcus
3310 4436 3573 4492 Velserus
3602 4432 3764 4487 Udal-

2137 4554 2372 4610 riciesse
2402 4545 2753 4611 existimavit,
2813 4547 3107 4613 propterea
3160 4531 3310 4605 quod
3360 4527 3645 4600 plemque
3676 4525 3764 4578 in-

2137 4643 2560 4719 terrogationes,
2604 4652 2741 4710 quas
2802 4629 3089 4689 Udalricus
3146 4620 3487 4696 presbyteris
3516 4620 3574 4673 in
3606 4618 3766 4688 ejus-

2138 4708 2549 4806 modiwsynodis
2604 4708 2788 4783 facere
2834 4720 3069 4786 solebat,
3124 4723 3261 4771 teste
3315 4708 3561 4767 Gerardo
3592 4708 3653 4762 in
3673 4722 3767 4761 se-

2140 4797 2368 4901 quentis
2416 4821 2545 4877 libri
2587 4835 2711 4889 cap.
2771 4814 2827 4881 6,
2879 4807 3128 4882 praedicti
3206 4799 3484 4859 sermonis
3536 4797 3658 4869 (qui
3713 4797 3768 4851 in

2140 4886 2289 4973 tbmo
2310 4914 2374 4969 1x
2403 4886 2773 4966 Conciliorum
2835 4901 3131 4957 Labbeano
3169 4894 3355 4950 editus
3385 4896 3471 4945 est
3498 4887 3606 4945 col.
3639 4886 3769 4953 805)

2142 4998 2671 5077 interrogationibus
2728 4989 3117 5063 respondeant.
3182 4984 3387 5038 Verum
3437 4978 3547 5034 dici
3587 4982 3774 5048 potest

2144 5099 2198 5154 id
2220 5070 2395 5170 genus
2426 5087 2924 5165 interrogationum
2984 5077 3227 5150 capitula
3279 5074 3348 5129 ab
3378 5070 3637 5127 Udalrico
3679 5085 3775 5123 ac—

2144 5193 2308 5257 cepta
2338 5182 2507 5237 fuisse
2533 5195 2600 5233 ex
2643 5159 2861 5249 vulgari
2927 5167 3165 5225 fortnula
3232 5161 3535 5227 sermonis,
3587 5159 3687 5230 qui
3718 5159 3772 5212 in

2146 5249 2466 5347 huiusmodi
2505 5267 2734 5341 synodis
2767 5262 2956 5319 haberi
3026 5258 3262 5314 solebat.
3325 5253 3390 5308 Et
3436 5262 3593 5307 certe
3623 5249 3771 5305 idem

2146 5380 2351 5429 sermo,
2386 5338 2575 5433 paucis
2607 5352 2930 5411 immutatis.
2973 5347 3142 5403 Leoni
3195 5358 3353 5417 papae
3386 5340 3448 5396 ιν
3478 5338 3776 5395 ascribitur

2152 5457 2208 5511 in
2238 5429 2535 5511 tomo'Vlll
2593 5445 2963 5503 Conciliorum
3021 5438 3107 5494 col
3158 5436 3250 5493 55.
3286 5431 3495 5489 Similis
3524 5438 3613 5486 est
3644 5429 3772 5484 item

2154 5550 2396 5608 Ratherii
2419 5561 2602 5604 sermo
2632 5542 2931 5615 synodicus
2972 5536 3028 5592 in
3069 5529 3354 5606 Spicilegii
3387 5536 3538 5583 torno
3573 5527 3617 5581 ll
3649 5541 3771 5599 pag.

2148 5645 2273 5700 “256.
2316 5642 2465 5697 Alius
2496 5634 2734 5693 Udalrici
2775 5645 2956 5688 sermo
3011 5627 3080 5681 ad
3121 5621 3389 5696 populum
3450 5616 3694 5673 refertur
3722 5616 3773 5668 in

2149 5729 2583 5807 sequentisVitae
2610 5741 2734 5797 cap.
2783 5724 2818 5777 9
2895 5720 2971 5773 Ad
3029 5716 3147 5770 hmo
3196 5710 3451 5783 quaedam
3498 5703 3776 5777 superiori

2146 5792 2349 5879 saeculo
2382 5814 2621 5874 Udalrici
2679 5792 2907 5868 nomine
2946 5802 3231 5861 venditata
3294 5806 3381 5854 est
3434 5794 3680 5868 epistola
3708 5792 3773 5848 ad

2145 5914 2429 5971 Nicolaum
2471 5921 2670 5979 papam
2698 5901 2823 5959 :cui
2874 5895 3256 5955 auctoritatem
3310 5887 3616 5947 conciliare
3683 5900 3775 5942 co-
