3924 6388
203 386 345 443 1009

1798 392 1966 446 νιτΑ.

3416 397 3555 453 1010

198 514 316 570 nati
355 521 485 569 sunt
529 524 827 571 novatorcs
879 531 944 570 ex
993 515 1176 571 Encas
1230 514 1385 571 Silvii
1438 517 1706 592 ApOIOgia
1759 518 1825 573 ad
1851 525 1900 591 Α
1931 520 2161 587 curavit,
2215 535 2337 575 cum
2370 519 2690 593 frequenter
2726 521 3040 576 admonitus
3097 522 3426 594 resipiscere
3453 539 3557 581 no—

195 600 501 671 Mayerum,
531 601 630 655 ubi
673 601 995 673 pontificem
1046 602 1115 656 ab
1170 603 1424 659 Udalrico
1464 605 1532 659 de
1564 605 1831 661 concubi-

193 694 289 747 nis
330 694 734 764 reprehcnsum
770 695 925 750 dicit.
960 696 1036 750 Ad
1071 711 1267 766 purum
1304 705 1680 752 commentum
1705 714 1831 753 cen-

196 794 287 839 set
316 786 599 850 Velserus;
631 793 745 841 tum
777 787 907 859 quia
946 787 1133 841 nullus
1166 793 1278 842 toto
1311 788 1545 843 Udalrici
1580 796 1829 859 tempore

193 874 462 929 Nicolaus
502 890 645 945 papa
677 874 931 929 Ecclesize
964 875 1223 931 Romana:
1263 876 1511 947 praefuit;
1546 885 1657 933 tum
1701 879 1830 950 quia

199 964 323 1018 haec
359 964 545 1018 Aineae
574 963 745 1018 verba
774 964 830 1018 in
862 964 1140 1035 aliquibus
1170 965 1457 1021 codicibus
1495 982 1604 1023 non
1633 968 1833 1041 legun-

191 1065 309 1121 tur,
340 1054 656 1127 absuntque
676 1056 745 1109 ab
775 1055 1021 1111 editione
1054 1056 1297 1111 Romana
1324 1057 1456 1112 anni
1489 1058 1663 1122 1584;
1695 1072 1831 1127 pra:-

190 1156 351 1204 terea
402 1149 679 1204 Gerardus
723 1150 930 1204 nullam
969 1150 1133 1221 hujus
1183 1152 1638 1223 reprehensionis
1671 1167 1832 1206 men-

198 1236 414 1292 tionem
448 1237 583 1292 facit
635 1238 871 1293 Tametsi
913 1254 1024 1293 non
1080 1239 1282 1308 injuria
1323 1241 1459 1296 dicit
1515 1248 1715 1313 potest,
1775 1242 1828 1296 id

186 1327 398 1383 cadere
430 1344 596 1399 posse
628 1329 685 1383 in
731 1330 1001 1385 Joannem
1045 1330 1163 1397 XII,
1214 1348 1377 1403 quem
1415 1332 1636 1405 ﬂagitiis
1668 1333 1825 1387 dedi-

187 1436 310 1481 tum
348 1421 471 1476 Otto
505 1421 733 1494 Magnus
790 1421 848 1476 in
894 1422 1169 1494 frequenti
1218 1424 1431 1495 synodo
1481 1426 1821 1481 exauctorari

1192 1682 1975 1690 -—_——_—_—_—_~

1932 608 2147 663 luisset.

2004 700 2089 755 10.
2133 700 2239 754 Sed
2265 700 2376 771 jam
2410 700 2631 755 tandem
2674 699 2964 755 referenda
3004 707 3093 755 est
3138 702 3400 774 anonymi
3453 719 3551 758 seu

1930 791 2149 846 Gerardi
2185 792 2513 857 lucubratio,
2570 810 2734 865 quam
2790 794 3056 848 Baronius
3094 796 3313 851 caeteris
3355 797 3550 852 merito

1932 880 2171 951 prmtulit
2200 882 2273 937 ob
2293 881 2730 952 simplicitatem,
2760 899 2888 954 qua:
2919 884 3162 939 veritatis
3194 885 3387 958 magis,
3415 902 3550 942 con-

1929 976 2192 1023 sentanea
2232 976 2354 1034 est;
2413 970 2708 1042 laudatque
2762 971 3000 1026 Marcum
3055 972 3361 1038 Velserum,
3402 976 3548 1046 apud

1930 1059 2276 1132 Augustanos
2335 1060 2502 1114 duum
2562 1061 2736 1115 virum
2793 1062 3240 1129 celeberrimum,
3287 1063 3381 1134 qui
3409 1064 3550 1119 hanc

1930 1148 2286 1217 scriptioncm
2332 1168 2356 1198 α
2393 1149 2505 1217 jam
2529 1149 2808 1205 oblivione
2836 1151 3105 1221 sepultam
3134 1151 3277 1221 typis
3291 1152 3550 1208 cudendo

1929 1248 1985 1293 et
2035 1239 2181 1294 notis
2227 1239 2574 1306 illustrando,
2612 1242 2888 1298 revocavit
2935 1242 3004 1296 ad
3048 1242 3212 1297 vitam
3278 1262 3303 1293 ι
3348 1242 3428 1298 lta
3466 1243 3551 1299 vir

1925 1331 2329 1386 illustrissimus
2358 1333 2424 1386 ad
2456 1348 2662 1387 annum
2691 1334 2816 1389 9‘24.

2002 1686 2007 1689 .
2016 1684 2465 1692 *-_-—.——_
2490 1686 3361 1695 v-._—__———_——.——_—
3378 1690 3530 1697 .—

1661 1929 2105 2054 VITA

624 2168 1626 2405 SANCTI
1769 2246 3109 2406 UDALRICI
3255 2187 3261 2191 ’

1369 2552 1892 2668 ΑυάΠΞΤΑΝΙ
1949 2607 2370 2670 EPISCOPI.

1228 2855 1570 2917 AUCTORE
1620 2858 1958 2920 GERARDO
2006 2862 2496 2923 PRESBYTERO.

798 3095 976 3165 (Apud
1008 3095 1212 3151 Mabill.
1252 3099 1396 3153 Acin
1423 3105 1733 3155 sanctorum
1761 3101 1974 3157 ordinis
2014 3105 2070 3159 S.
2117 3107 2311 3161 Bencd.
2349 3108 2484 3163 Seec.
2522 3109 2580 3175 V,
2614 3128 2737 3182 pztg.
2780 3112 2880 3164 ll7
2914 3114 2929 3179 )

1648 3364 2062 3374 ————_—_

266 3609 441 3664 Aures
495 3610 856 3681 plurimorum
885 3626 1009 3666 cum
1060 3610 1206 3667 fama
1238 3614 1624 3671 miraculorum
1660 3617 1814 3671 Chri—
1842 3622 1893 3688 Β
1918 3625 1976 3672 ut
2002 3617 2368 3693 diligentibus
2406 3619 2573 3673 Deum
2609 3620 2863 3690 exempla
2896 3617 3281 3675 aedificationis
3308 3631 3543 3692 antepo-

191 3700 290 3765 sti,
324 3716 451 3771 quae
484 3717 585 3771 per
623 3716 843 3756 servum
883 3717 1043 3757 suum
1088 3710 1337 3759 sanctum
1389 3706 1702 3762 Udalricum
1758 3709 1815 3763 in

194 3794 472 3847 honorem
503 3792 989 3848 suaasanctissimaa
1019 3793 1306 3866 genitricis
1322 3794 1507 3851 Mariae
1530 3796 1651 3853 fieri
1681 3813 1819 3853 con-

187 3880 388 3945 cessit,
444 3879 893 3951 frequentissime
932 3882 1195 3952 pulsaret,
1269 3891 1325 3938 et
1373 3885 1557 3941 adhuc
1606 3895 1821 3942 mentes

191 3984 390 4024 eorum
416 3968 687 4024 dubitatio
718 3977 1033 4040 occuparet,
1075 3971 1261 4025 missis
1293 3972 1362 4026 ad
1389 3990 1479 4028 me
1511 3974 1708 4048 legatis
1734 3991 1820 4030 re-

195 4079 322 4118 rum
372 4063 631 4119 veritates
684 4082 749 4118 ex
789 4065 931 4119 meis
986 4066 1446 4137 responsionibus
1483 4084 1821 4143 cOgnoscerc

193 4157 520 4228 cupiebant,
553 4168 812 4233 rogantes
825 4175 915 4213 me
928 4166 987 4214 ut
1007 4176 1072 4215 ea
1087 4177 1211 4232 qua:
1229 4176 1332 4233 ego
1355 4161 1411 4216 in
1433 4164 1545 4217 veri
1555 4171 1663 4219 tate
1682 4166 1821 4221 scire

196 4253 527 4324 potuissem,
581 4253 765 4309 lucida
834 4254 1209 4326 descriptione
1246 4257 1333 4311 eis
1390 4258 1817 4315 manifestarem.

193 4348 448 4419 Cumque
481 4348 938 4423 interrogantium
994 4355 1144 4405 tanta
1183 4351 1417 4423 pluritas
1449 4369 1536 4409 me
1576 4356 1822 4427 undique

193 4439 736 4512 interrogationibus
774 4439 1059 4509 cinxisset,
1096 4448 1156 4497 ut
1181 4444 1441 4500 omnibus
1469 4446 1823 4521 singulariter

190 4542 465 4598 responsa
496 4529 719 4600 scriptis
747 4529 881 4584 dare
925 4545 1033 4585 non
1065 4546 1225 4602 posse
1272 4534 1624 4602 aestimarem,
1667 4537 1821 4609 cogi-

189 4627 314 4673 tare
345 4619 540 4673 tacitus
569 4619 713 4691 coepi
767 4620 910 4676 intra
945 4623 1359 4694 memetipsum,
1406 4632 1467 4680 ut
1495 4642 1617 4682 cum
1660 4628 1820 4683 tacita

189 4708 541 4777 experientia
563 4709 803 4780 experiri
830 4711 1166 4767 studuissem
1197 4714 1470 4789 originem
1499 4725 1651 4773 ortus
1678 4718 1819 4787 ejus,

193 4808 281 4866 ut,
298 4799 576 4872 descripto
600 4802 720 4870 ejus
731 4810 877 4870 ortu,
905 4804 1071 4859 vitam
1086 4805 1516 4880 subsequentem
1532 4822 1585 4866 et
1608 4811 1819 4866 obitum

1920 3715 2076 3775 nant,
2136 3713 2189 3760 et
2248 3707 2341 3760 Dei
2402 3714 2677 3778 prtecepta
2715 3707 3110 3777 spernentibus
3162 3708 3545 3763 conversionis

1920 3794 2381 3861 emolumentum,
2404 3794 2489 3849 vel
2512 3794 2886 3849 damnationis
2905 3794 3410 3849 interminationcm
3444 3795 3542 3850 ad-

1924 3890 2181 3957 augeant.
2220 3884 2324 3937 [sta
2354 3898 2453 3953 pro
2483 3890 2633 3938 certo
2672 3883 2727 3937 in
2758 3897 2945 3938 amore
2969 3882 3166 3938 Christi
3207 3883 3541 3956 legentibus,

1921 3973 2185 4027 auxilium
2210 3972 2305 4027 Dei
2333 3972 2734 4044 omnipotentis
2763 3973 2960 4027 adesse
2982 3972 3335 4037 confidimus,
3362 3979 3421 4027 ut
3445 3989 3543 4043 per

1923 4079 2147 4118 servum
2167 4080 2326 4119 suum
2356 4064 2468 4120 sint
2488 4065 2546 4118 in
2579 4064 2683 4119 isto
2698 4065 2904 4119 saeculo
2929 4064 3078 4131 freti,
3102 4072 3178 4131 et,
3210 4064 3539 4136 eojuvantc,

1924 4155 2058 4210 fiant
2081 4157 2150 4211 ad
2191 4165 2400 4213 aeterna
2424 4157 2626 4230 gaudia
2664 4157 2934 4229 perducti.

1995 4256 2221 4328 Oportet
2243 4257 2520 4328 imprimis
2545 4273 2613 4312 ne
2642 4258 2974 4313 reticeamus
3001 4256 3133 4312 tanti
3157 4255 3393 4329 talisque
3414 4256 3539 4324 viri,

1923 4346 2131 4417 Spiritu
2187 4353 2378 4401 sancto
2411 4346 2662 4418 juvante,
2700 4346 2941 4402 nominis
2997 4346 3541 4417 interpretationem.

1922 4436 2186 4493 Theutica
2216 4438 2402 4510 itaque
2443 4438 2629 4512 lingua
2677 4438 2971 4493 haereditos
3022 4454 3053 4492 a
3092 4438 3308 4509 proavis
3338 4437 3542 4492 dereli-

1920 4538 2006 4585 cta
2048 4531 2314 4585 Altuodal
2363 4530 2582 4597 dicitur,
2641 4533 2737 4587 Ric
2773 4530 2993 4586 divitias
3033 4537 3214 4596 sonat,
3270 4530 3397 4586 ideo
3428 4546 3540 4586 non

1923 4619 2227 4694 incongrue
2256 4618 2578 4675 Vodalricus
2608 4635 2637 4672 a
2666 4626 2894 4690 paterna
2927 4619 3245 4675 haereditate
3277 4619 3539 4674 divesin-

1922 4710 2213 4782 terpretari
2241 4716 2445 4782 potest,
2477 4724 2601 4763 nam
2633 4710 2824 4764 interni
2848 4710 3025 4765 Patris
3047 4709 3370 4765 haereditate
3395 4710 3538 4765 dita-

1926 4814 2012 4862 tus
2041 4806 2247 4874 floruit,
2276 4808 2345 4861 de
2377 4822 2487 4879 quo
2526 4808 2677 4862 Patre
2709 4805 2960 4878 quotidie
2993 4806 3050 4859 in
3078 4805 3325 4860 oratione
3354 4813 3541 4860 nostra

191 4891 382 4947 veraci
423 4893 597 4948 relatu
653 4894 1119 4969 interrogantibus
1173 4907 1229 4953 et
1284 4899 1467 4974 legere
1508 4904 1822 4958 volentibus
1854 4963 1891 4974 Α
1923 4897 2195 4952 dicimus:
2223 4920 2246 4948 α
2268 4899 2428 4953 Pater
2447 4906 2659 4963 noster.
2681 4898 2774 4970 qui
2798 4914 2858 4951 es
2880 4897 2935 4951 in
2964 4896 3139 4963 ϐαξιίδν
3160 4918 3188 4946 ν
3216 4904 3319 4951 οιε·
3343 4897 3419 4951 Ad
3442 4913 3541 4952 ευ-

194 4983 465 5040 omnibus
518 4986 575 5040 in
606 5003 902 5043 commune
936 4989 1117 5047 facere
1175 4993 1505 5063 potuissem,
1539 5012 1648 5052 non
1683 4997 1823 5052 meis
1845 4963 1894 5032 Ο
1918 4991 2010 5062 jus
2038 4989 2377 5045 haereditatis
2414 4997 2637 5045 sanctus
2669 4988 2869 5044 Paulus
2901 4989 3313 5060 possessionem
3356 4987 3412 5042 in
3446 4987 3539 5043 Dei

193 5076 669 5133 antecedentibus
689 5080 900 5135 meritis
912 5081 1223 5149 confidens,
1243 5101 1348 5139 nec
1374 5086 1656 5161 sagacitati
1676 5104 1825 5144 men-

195 5168 269 5223 tis
318 5183 480 5232 meze,
536 5170 635 5223 sed
676 5169 734 5224 in
789 5171 886 5227 Dei
941 5174 1376 5231 miscricordiam
1427 5179 1825 5250 omnipotentis

195 5274 456 5328 sperans,
474 5260 569 5330 qui
600 5259 764 5315 dixit:
797 5283 824 5313 ι
848 5262 1085 5334 Aperios
1106 5274 1282 5335 tuum,
1307 5275 1361 5323 et
1381 5285 1485 5344 ego
1506 5271 1825 5343 adimplebo

194 5346 335 5401 illud
369 5364 383 5411 ;
435 5368 453 5395 ι
499 5354 557 5403 ut
586 5364 684 5419 per
736 5350 931 5407 merita
960 5354 1170 5424 praefati
1201 5357 1449 5429 episcOpi
1505 5360 1825 5435 irrigatione

192 5435 438 5507 Spiritus
464 5437 641 5491 sancti
674 5446 729 5493 et
758 5438 930 5495 divini
961 5441 1105 5514 ignis
1136 5443 1353 5501 fervore
1384 5464 1608 5505 sensum
1638 5469 1821 5508 meum

191 5525 438 5600 dirigere
464 5524 744 5597 dignetur,
797 5535 857 5584 ut
884 5529 939 5585 id
979 5532 1129 5603 quod
1182 5533 1251 5588 ad
1291 5536 1643 5611 cogitandum
1684 5542 1820 5598 mihi

195 5613 509 5685 inspiravit,
538 5630 603 5669 ac
635 5614 1039 5686 perficiendum
1073 5621 1220 5677 vires
1248 5639 1357 5679 non
1382 5626 1685 5697 subtrahat,
1715 5631 1819 5686 nisi

196 5705 597 5778 praedestinata
615 5710 800 5765 animo
819 5708 1021 5767 idonea
1045 5714 1319 5773 taxatione
1342 5717 1509 5775 edere
1528 5722 1820 5791 concedat,

1925 5082 2238 5136 voluntates
2268 5089 2691 5153 perseverantes
2731 5080 3064 5136 consolatur.
3106 5079 3325 5135 dicens:
3358 5082 3545 5135 Hare-

1926 5174 2017 5227 des
2047 5175 2267 5243 quidem
2300 5176 2418 5239 Dei,
2448 5173 2743 5228 coheredes
2768 5176 2947 5227 autem
2980 5172 3169 5229 σὴνίτί
3216 5174 3389 5239 (Rom.
3422 5187 3544 5238 VIII;

1929 5267 1947 5321 l
1980 5268 2097 5324 Cor.
2131 5270 2229 5338 It);
2281 5265 2349 5321 de
2381 5283 2489 5339 qua
2528 5267 2692 5321 etiam
2745 5266 3069 5321 haereditate
3120 5265 3383 5337 scriptum
3416 5272 3499 5321 est
3528 5284 3540 5321 :

1926 5359 2078 5426 Quot
2103 5359 2285 5414 oculus
2316 5374 2423 5413 non
2452 5360 2612 5421 vidit,
2646 5374 2739 5413 nec
2769 5360 2922 5413 auris
2953 5358 3190 5425 audivit,
3226 5374 3320 5412 nec
3350 5359 3409 5411 in
3451 5374 3545 5413 cor

1925 5450 2158 5505 hominis
2188 5450 2428 5505 ascendit
2445 5467 2559 5520 qua:
2582 5452 2917 5519 praeparavit
2948 5453 3086 5504 Deus
3115 5450 3468 5517 diligentibus
3489 5467 3545 5505 se

1926 5544 1975 5614 (Ι
2003 5546 2124 5600 Cor.
2184 5544 2283 5616 n);
2343 5545 2500 5614 cujus
2539 5543 2870 5615 compendio
2939 5560 3051 5599 non
3105 5545 3280 5599 solum
3320 5544 3542 5600 sibimet

1924 5634 2141 5702 fruitur,
2171 5652 2360 5691 verum
2385 5636 2548 5690 etiam
2582 5633 2850 5706 plurimos
2871 5634 3212 5689 multimodis
3234 5635 3540 5693 beneficio-

1924 5742 2044 5781 rum
2075 5726 2549 5783 consolationibus
2594 5725 2652 5780 in
2695 5726 2800 5781 hac
2848 5724 3298 5801 peregrinatione
3346 5727 3536 5783 vivens
