3924 6412
374 364 505 419 1011

1457 365 1510 417 S.
1560 359 1866 416 UDALRICI
1907 358 2278 415 AUGUSTANI
2318 363 2636 418 EPISCOPI.

3586 370 3725 425 1012

374 510 556 576 traxit,
572 508 916 566 multimodis
938 508 1313 580 juvaminibus
1330 516 1386 565 et
1404 507 1685 565 continuis
1703 505 1993 562 miraculis
2015 554 2017 559 .

2136 489 2263 557 itus,
2297 491 2553 549 inducias
2580 493 2956 565 respondendi
2997 496 3315 566 postulavit.
3344 496 3500 553 Tunc
3529 497 3723 569 itaque

376 600 443 654 ad
468 600 610 655 hanc
630 599 964 662 introducet,
986 598 1129 653 sicut
1160 599 1214 652 in
1229 599 1597 671 sequentibus
1625 598 1917 668 reperitur.

450 691 490 746 Ι.
533 692 711 745 Beata:
742 690 910 764 igitur
954 690 1236 746 memoriae
1284 698 1509 746 sanctus
1559 689 1844 745 Udalricus
1898 705 1994 743 ex-

376 784 523 839 celsa
553 782 808 854 prosapia
849 782 1273 838 Alamannorum
1304 799 1369 837 ex
1403 782 1679 856 religiosis
1707 789 1763 837 et
1793 780 1995 837 nobili-

379 877 482 931 bus
510 876 831 946 parentibus
859 882 1035 942 ortus,
1069 884 1221 947 patre
1251 876 1465 932 scilicet
1496 875 1745 946 Hupaldo
1777 875 1853 943 (1)
1940 880 1996 929 et

381 973 555 1019 matre
605 962 901 1037 Thetpirga
949 964 1021 1034 (2)
1068 971 1421 1035 nuncupata;
1471 964 1567 1036 qui
1624 963 1789 1019 solito
1842 978 1994 1018 more

380 1052 628 1117 laetatus,
662 1061 717 1106 et
740 1067 957 1108 summo
997 1053 1180 1108 studio
1207 1053 1466 1120 nutritus,
1499 1052 1751 1124 quamvis
1789 1059 1996 1107 statura

382 1141 697 1213 corpusculi
730 1144 978 1217 elegans,
1027 1142 1118 1197 tali
1150 1151 1331 1197 tamen
1370 1142 1685 1199 macilentia
1715 1140 2002 1197 confectus

382 1241 516 1297 erat,
576 1240 637 1287 ut
687 1232 1053 1288 nutritoribus
1102 1232 1436 1287 verecundia
1490 1237 1636 1287 esset
1696 1230 1742 1285 si
1801 1230 2003 1302 aliquis

384 1325 695 1399 ignotorum
735 1324 932 1380 faciem
965 1324 1085 1393 ejus
1126 1325 1477 1397 inspexisset.
1513 1324 1836 1380 Mirantibus
1870 1339 2002 1378 vero

387 1420 540 1486 patre
572 1419 627 1468 et
656 1420 828 1469 matre
874 1431 1045 1487 quare
1092 1422 1239 1471 tanta
1285 1416 1553 1472 tenuitate
1582 1425 1637 1471 et
1666 1414 2002 1471 informitate

386 1510 636 1580 corporis
674 1518 1057 1581 occuparetur,
1118 1519 1173 1566 et
1227 1528 1376 1584 saepe
1432 1513 1562 1567 inde
1608 1510 2001 1587 cogitantibus,

390 1601 741 1657 hebdomada
780 1603 1002 1658 interim
1031 1604 1362 1659 duodecima
1390 1604 1510 1672 ejus
1545 1603 1849 1658 nativitatis
1877 1602 2005 1674 qui-

389 1692 514 1746 dam
546 1691 768 1767 ignotus
799 1693 1054 1760 clericus,
1079 1709 1209 1749 casu
1229 1694 1551 1761 adveniens,
1580 1691 1930 1763 supplicabat
1947 1700 2007 1745 ut

391 1779 459 1831 ab
485 1779 568 1833 eis
597 1779 809 1852 aliquot
838 1781 1028 1836 diesin
1061 1782 1359 1852 hospitium
1392 1782 1760 1853 reciperetur;
1789 1781 1882 1854 qui
1915 1781 2007 1835 be-

500 1832 505 1833 ,
634 1832 647 1833 -
681 1832 805 1852 Ἰ---
844 1832 1028 1836 _------
1062 1832 1359 1852 ----r---_-__
1393 1832 1722 1853 ----,-----_-
1747 1832 1760 1847 ,
1794 1832 1881 1854 Ἰὼ
1917 1832 1976 1835 --

393 1869 562 1940 nigne
615 1876 924 1940 susceptus,
966 1876 1021 1925 et
1072 1887 1195 1925 cum
1228 1871 1311 1926 eis
1366 1870 1420 1925 in
1471 1872 1609 1927 atrio
1659 1872 1857 1926 domus
1897 1832 2085 1926 suaeB

394 1961 529 2016 hora
553 1962 874 2018 refectionis
902 1963 1125 2028 sedens,
1151 1964 1413 2019 audiebat
1451 1963 1507 2019 in
1530 1964 1785 2020 cubiculo
1818 1963 2009 2019 infan-

395 2052 568 2107 tulum
596 2054 929 2127 vagientem,
967 2053 1357 2109 sciscitabatur
1386 2054 1511 2125 quis
1537 2062 1630 2110 aut
1658 2055 1816 2124 cujus
1845 2061 2011 2121 esset,

398 2160 509 2215 pm
540 2144 755 2215 pudore
784 2160 917 2199 vero
956 2144 1171 2211 maciei,
1226 2145 1335 2201 illis
1379 2146 1697 2202 nolentibus
1745 2146 2013 2213 indicare,

397 2236 565 2290 dixit:
589 2261 613 2282 κ
637 2237 692 2290 Si
707 2236 919 2292 salvum
937 2236 1089 2291 illum
1102 2253 1225 2293 esse
1238 2239 1495 2310 cupiatis,
1513 2240 1771 2295 celeriter
1781 2240 2019 2296 ablacte-

404 2341 492 2386 tur
545 2352 565 2380 ρ
598 2331 699 2395 Qui
730 2329 1198 2401 parvipendentes
1223 2330 1720 2401 ejuslocutionem,
1744 2332 2016 2388 eumlacti

401 2440 510 2479 non
543 2423 945 2478 subduxerunt.
977 2424 1158 2478 Altero
1179 2440 1309 2479 vero
1341 2423 1432 2478 die
1464 2440 1591 2478 eum
1622 2423 1879 2488 audiens,
1911 2424 2019 2479 ite-

399 2530 517 2567 rum
542 2513 714 2577 dixit;
757 2533 780 2561 α
812 2512 988 2576 Quare
1010 2528 1119 2568 non
1152 2512 1362 2568 fecistis
1388 2513 1694 2568 secundum
1726 2512 2016 2568 consilium

398 2618 581 2657 meum
597 2602 624 2655 ?
642 2622 661 2653 ι
690 2601 788 2666 Qui
806 2601 985 2656 adhuc
1006 2610 1427 2658 contemnentes
1450 2603 1571 2671 ejus
1588 2603 1877 2658 consilium
1907 2618 2019 2658 non

400 2696 757 2750 crediderunt
789 2695 862 2749 ei.
890 2693 1072 2749 Tertia
1113 2701 1297 2749 autem
1330 2694 1441 2761 die,
1499 2695 1732 2749 audiens
1779 2694 2016 2768 vagitum

400 2786 522 2854 ejus
549 2784 906 2839 infirmiorem
937 2799 1102 2855 quam
1133 2793 1316 2850 antea,
1350 2783 1572 2839 dicebat
1598 2784 1666 2838 ad
1695 2799 1819 2839 eos:
1865 2804 1889 2834 α
1916 2785 2019 2839 Pro

402 2877 618 2931 incuria
659 2883 840 2930 vestra
884 2875 1182 2946 perditioni
1237 2875 1469 2930 traditur
1520 2874 1824 2930 infantulus
1878 2876 2014 2940 iste;

404 2982 503 3038 pro
531 2972 685 3020 certo
711 2964 895 3019 sciatis
938 2964 1090 3036 quia,
1119 2980 1179 3018 se
1211 2964 1479 3019 uberibus
1520 2981 1629 3021 non
1657 2965 2017 3033 subtrahitur,

402 3061 456 3115 in
489 3060 590 3114 ista
610 3067 771 3113 nocte
800 3058 1095 3114 morietur:
1123 3059 1168 3112 si
1223 3068 1403 3114 autem
1434 3060 1764 3127 subtractus,
1784 3060 2019 3115 salvabi-

2094 582 2160 636 ad
2186 584 2481 655 quamdam
2505 585 2580 639 ibi
2611 592 3047 641 commorantem
3077 586 3343 643 inclusam
3371 588 3620 643 Wiberat
3647 590 3723 655 (3)

2094 674 2455 743 nominatam,
2511 675 2805 733 consilium
2862 676 3166 747 qumrendo
3202 718 3217 744 ,
3273 678 3534 741 accessit;
3593 696 3724 750 qua:

2096 769 2465 839 respondens,
2489 770 2627 824 dixit
2652 770 2739 824 ei:
2776 794 2802 817 «ε
2834 770 2961 825 Post
2985 770 3226 826 triduum
3244 772 3313 825 ad
3342 788 3431 825 me
3460 772 3725 837 veniens,

2096 857 2142 911 si
2174 858 2282 912 Deo
2314 858 2513 928 placet,
2548 873 2731 913 meum
2786 859 2996 929 poteris
3054 859 3495 915 animadvertere
3524 861 3726 916 consi-

2097 951 2230 1006 lium
2287 971 2312 1001 υ
2349 951 2503 1017 Inde,
2538 950 2631 1007 illo
2662 952 2985 1017 recedente,
3035 952 3154 1023 ipsa
3201 953 3414 1007 devotae
3457 953 3733 1009 orationis

2098 1039 2282 1095 studio
2337 1040 2629 1095 Dominum
2687 1041 2968 1114 ﬂagitabat
3019 1048 3096 1107 ut,
3160 1048 3365 1097 statuto
3410 1042 3523 1108 die,
3589 1042 3731 1097 certi

2101 1128 2426 1201 veracisque
2475 1129 2694 1184 consilii
2738 1129 3004 1184 indicium
3054 1129 3159 1185 sibi
3214 1130 3572 1186 manifestare
3614 1147 3731 1202 po-

2104 1223 2320 1277 tuisset.
2363 1221 2609 1294 Cumque
2664 1222 2781 1289 ille,
2837 1239 3162 1293 responsum
3217 1231 3567 1295 accepturus,
3619 1224 3731 1277 ad-

2103 1312 2519 1377 venisset,dixit
2541 1313 2651 1367 illi:
2683 1337 2707 1360 «
2734 1313 2879 1368 Ultra
2904 1314 3174 1370 haesitatio
3196 1322 3344 1370 tuam
3363 1332 3473 1371 non
3495 1324 3737 1387 occupet

2105 1413 2371 1463 mentem.
2401 1403 2545 1475 (quia
2576 1404 2736 1459 istius
2764 1404 3009 1460 caenobii
3038 1405 3341 1476 spiritualis
3370 1416 3528 1479 pater
3558 1424 3589 1462 a
3618 1408 3734 1463 Deo

2106 1495 2360 1550 decretus
2392 1495 2458 1549 ad
2490 1496 2793 1569 regendum
2826 1496 2978 1551 nullo
3014 1498 3178 1552 modo
3206 1500 3594 1565 constitueris;
3628 1500 3735 1554 sed

2106 1589 2160 1642 in
2195 1589 2450 1645 orientali
2489 1597 2659 1659 parte,
2711 1590 2805 1644 ubi
2838 1590 3062 1662 quidam
3103 1591 3303 1646 fluvius
3347 1595 3417 1663 (4)
3464 1594 3602 1649 duas
3641 1593 3735 1646 di-

2105 1681 2242 1735 vidit
2264 1682 2543 1756 regiones,
2585 1682 2640 1736 in
2671 1681 2914 1737 futurum
2943 1683 3248 1754 episcopali
3276 1685 3586 1740 ministerio
3619 1686 3737 1739 Deo

2108 1771 2346 1825 militare
2378 1771 2633 1838 debebis,
2664 1781 2718 1828 et
2749 1774 2802 1827 in
2835 1775 3033 1829 eodem
3075 1775 3196 1830 loco
3226 1777 3398 1830 multa
3427 1777 3559 1831 talia
3590 1793 3731 1846 per-

2113 1883 2373 1937 pessurus
2405 1874 2457 1921 et
2486 1868 2779 1937 laboriosa,
2812 1869 2999 1940 qualia
3031 1886 3314 1941 nunquam
3346 1879 3737 1927 antecessores

2113 1958 2190 2015 tui
2219 1959 2603 2015 sustinuerunt
2632 1976 2664 2014 a
2694 1961 2924 2033 paganis
2954 1968 3009 2016 et
3037 1962 3196 2017 malis
3229 1963 3569 2031 Christianis,
3610 1981 3741 2035 quze

2113 2058 2297 2106 tamen
2328 2050 2533 2118 omnia,
2566 2052 2675 2106 Deo
2720 2051 2971 2118 juvante,
3003 2051 3059 2107 in
3106 2053 3319 2107 ultimis
3344 2053 3743 2109 dbcentissime

2113 2146 2403 2217 superabis
2428 2165 2442 2212 ;
2478 2167 2499 2194 ιι
2535 2147 2654 2202 haec
2683 2147 2871 2202 audita
2900 2148 3283 2203 secretissimis
3312 2148 3574 2204 fratribus
3602 2149 3744 2204 inti-

2116 2238 2304 2303 mavit,
2335 2244 2388 2293 et
2416 2253 2606 2294 eorum
2635 2237 2952 2293 suasionem
2984 2239 3135 2293 suavi
3178 2238 3460 2310 colloquio
3505 2240 3742 2313 mitiga-

2116 2328 2219 2395 vit,
2251 2336 2534 2399 totamque
2585 2344 2739 2398 spem
2787 2328 3031 2398 pristinm
3087 2329 3481 2385 destinationis
3536 2330 3590 2383 in
3639 2347 3747 2385 sua

2118 2431 2303 2478 mente
2335 2422 2626 2493 deposuit;
2658 2432 2711 2477 et
2742 2423 2812 2477 ob
2845 2423 2950 2478 hoc
2981 2431 3163 2478 tamen
3197 2424 3448 2479 discendi
3494 2424 3745 2479 studium

2120 2530 2232 2569 non
2263 2514 2466 2577 omisit,
2495 2513 2594 2568 sed
2624 2511 2761 2566 inibi
2793 2529 2914 2567 cum
2945 2512 3207 2569 omnibus
3249 2512 3578 2567 charitative
3607 2529 3746 2566 ver—

2120 2602 2372 2668 sabatur;
2404 2603 2603 2663 donec,
2637 2616 2881 2673 congruo
2941 2609 3213 2672 tempore,
3244 2600 3488 2671 duplicis
3548 2601 3749 2676 sagina

2119 2695 2365 2751 scienti-ce
2396 2710 2460 2750 ac
2511 2694 2798 2769 religionis
2850 2694 3112 2764 repletus,
3171 2693 3451 2747 communi
3491 2693 3746 2749 omnium

2121 2788 2376 2845 oratione
2439 2786 2777 2853 consolatus,
2838 2792 2892 2841 et
2947 2785 3303 2841 fraternitatis
3375 2801 3566 2840 amore
3641 2785 3750 2841 fre-

2124 2884 2229 2943 tus,
2291 2882 2551 2948 parentes
2626 2890 2758 2930 suos
2831 2874 3065 2929 amative
3134 2875 3333 2929 missus
3417 2874 3749 2929 revisitavit.

2124 2970 2221 3035 Qui
2271 2977 2421 3035 tunc,
2479 2967 2717 3039 sapienti
2766 2976 2926 3037 capto
2985 2967 3237 3031 consilio,
3311 2984 3438 3022 eum
3498 2968 3755 3038 praesulis

2124 3060 2490 3136 Augustensis
2538 3057 2790 3115 Ecclesiae
2823 3058 3186 3113 Adalberonis
3216 3059 3289 3125 (5)
3335 3057 3588 3112 dominio
3617 3059 3756 3112 sub-

408 3157 521 3216 tur;
558 3151 611 3205 in
644 3156 927 3220 posterum
956 3164 987 3202 a
1018 3148 1250 3203 Domino
1298 3148 1507 3220 aliquid
1551 3166 1811 3223 magnum
1871 3149 1925 3203 in
1958 3165 2099 3249 eoC
2127 3152 2409 3216 diderunt,
2468 3166 2656 3221 quem,
2724 3148 2895 3203 multa
2969 3155 3099 3202 tunc
3160 3146 3424 3244 temporis
3472 3147 3757 3249 sapientia

406 3246 878 3300 manifestabatur.
907 3268 932 3291 ››
951 3244 1103 3299 Tunc
1123 3244 1342 3299 demum
1360 3245 1410 3299 ei
1429 3245 1881 3316 obtemperantes
1898 3246 2025 3300 aliis

404 3355 531 3393 eum
570 3337 711 3391 escis
763 3343 1073 3391 sustentare
1104 3344 1413 3407 cmperunt.
1451 3337 1550 3401 Qui
1578 3336 1764 3393 statim
1810 3353 2025 3392 recrea-

405 3426 614 3490 tus,"de
648 3425 740 3481 die
767 3426 824 3479 in
864 3425 1012 3480 diem
1046 3423 1363 3496 proficiens,
1407 3427 1569 3481 talem
1625 3426 1875 3498 corporis
1921 3427 2026 3482 for-

410 3516 720 3571 mositatem
753 3513 987 3584 accepit,
1039 3522 1098 3567 ut
1146 3514 1250 3585 ipsi
1312 3514 1396 3569 sui
1450 3522 1708 3585 parentes
1745 3524 2028 3590 gratantes

408 3622 533 3661 cum
569 3604 937 3668 intuerentur,
969 3609 1024 3656 et
1051 3602 1173 3658 aliis
1200 3603 1577 3658 ostenderent.
1609 3604 1707 3668 Qui
1738 3604 2029 3660 laudantes

410 3701 703 3755 Dominum
730 3697 821 3753 die
837 3709 1110 3770 nocteque
1134 3714 1234 3768 pro
1262 3698 1528 3768 sospitate
1558 3700 1734 3769 pueri,
1760 3707 1815 3754 et
1838 3716 1938 3770 pro
1959 3717 2026 3757 eo

410 3788 559 3860 quod
590 3787 752 3842 talem
801 3787 870 3840 ad
904 3801 1001 3841 eos
1030 3786 1228 3841 direxit
1273 3786 1546 3857 hospitem
1594 3787 1688 3858 qui
1739 3787 1900 3843 istius
1949 3789 2028 3844 rei

411 3878 802 3935 discretionem
834 3878 1224 3952 cognoscebat,
1255 3885 1309 3932 et
1356 3878 1464 3934 illis
1516 3878 1921 3935 innotescebat.
1954 3882 2028 3936 De

411 3970 705 4044 praeteritis
736 3985 869 4043 ergo
910 3969 1094 4025 futura
1146 3970 1457 4038 credentes,
1517 3979 1885 4029 tractaverunt
1931 3973 2027 4028 ubi

410 4064 577 4117 vitam
603 4061 1078 4136 religiosissimam
1095 4068 1150 4116 et
1169 4061 1406 4118 docendi
1437 4063 1848 4119 studiossimam
1876 4065 2034 4120 inve-

413 4153 531 4207 nire
558 4151 892 4222 potuissent,
939 4157 1280 4222 acceptoque
1330 4152 1562 4206 consilio
1615 4153 2035 4209 commendave-

411 4251 540 4299 runt
569 4260 696 4298 eum
719 4243 788 4297 ad
819 4242 1005 4296 Sancti
1039 4242 1175 4297 Galli
1208 4242 1629 4311 monasterium,
1661 4244 1791 4316 quia
1828 4245 1902 4299 ibi
1932 4262 2032 4301 no-

411 4337 608 4393 bilium
641 4333 736 4389 Dei
771 4349 1055 4390 servorum
1108 4334 1426 4401 multitudo,
1469 4342 1522 4390 ct
1561 4336 1894 4410 religiositas
1946 4338 2031 4392 di-

414 4430 606 4487 scendi
628 4429 981 4501 docendique
994 4429 1238 4484 studium
1262 4435 1394 4483 tunc
1415 4430 1684 4500 temporis
1702 4431 2031 4487 habebatur.

415 4523 843 4580 Commendatus
870 4538 1002 4578 vero
1047 4521 1267 4577 cuidam
1300 4521 1559 4595 religioso
1600 4523 1716 4579 viro
1752 4540 2029 4599 gramma-

416 4613 535 4667 tica)
568 4612 699 4667 artis
729 4611 946 4676 edocto,
990 4611 1228 4683 Waning
1280 4620 1621 4683 nuncupato,
1662 4629 1693 4667 a
1726 4629 1834 4684 quo
1888 4612 2033 4671 bene

414 4712 742 4776 procuratus
795 4704 1172 4775 quotidianam
1213 4704 1499 4779 religionis
1551 4712 1715 4777 atque
1783 4706 2034 4762 lectionis

415 4800 721 4856 doctrinam
754 4800 985 4870 accepit,
1016 4808 1071 4854 et
1108 4800 1164 4855 in
1206 4800 1414 4856 intimis
1443 4801 1530 4856 sui
1559 4801 1744 4857 cordis
1776 4801 2030 4868 inseruit,

416 4890 556 4946 adeo
595 4898 656 4944 ut
686 4889 947 4960 paulatim
980 4888 1176 4944 fratres
1224 4889 1279 4944 in
1313 4905 1380 4945 eo
1413 4890 1681 4945 doctrina:
1734 4889 2035 4947 fructiﬁca-

418 4982 622 5038 tionem
652 4982 820 5037 nimis
851 4981 1120 5053 proficere
1165 4983 1456 5051 sentirent,
1487 4991 1541 5038 et
1579 4984 1651 5038 ob
1683 4984 1789 5040 hoc
1817 5001 1943 5041 eum
1981 4987 2036 5043 in

417 5088 530 5127 sua:
590 5070 950 5126 fraternitatis
993 5072 1330 5127 consortium
1400 5071 1697 5146 ﬂagitando
1756 5091 2039 5133 assumere

418 5171 770 5220 conarentur.
797 5163 996 5218 Horum
1023 5163 1208 5234 itaque
1235 5163 1599 5235 petitionibus
1618 5181 1766 5238 saepe
1791 5183 2037 5225 commo-

490 5317 562 5385 (1)
592 5319 711 5383 AL,
737 5316 1039 5388 Hucpaldo.

488 5388 556 5456 (2)
588 5389 860 5457 Diepirch.

488 5461 566 5527 (3)
589 5460 867 5514 Wiberata
887 5461 1119 5517 inclusa.

491 5530 562 5599 (4)
593 5531 766 5600 Lycus
795 5531 901 5587 Sue
926 5533 1067 5589 viam
1102 5541 1158 5589 et
1179 5533 1459 5589 Bavariam
1491 5535 1851 5591 discriminat.

420 5601 1020 5725 taCommendatur
1082 5605 1413 5661 Adalberoni
1475 5608 1738 5679 episcopo
1819 5608 2033 5682 Augus-

492 5740 565 5813 (6)
589 5741 737 5813 Rege
759 5741 1033 5800 Ludovico
1056 5747 1140 5801 IV.

494 5810 569 5884 (7)
600 5810 838 5885 On'ulph.
886 5814 963 5871 De
1009 5816 1191 5873 vocib.
1236 5816 1493 5875 Ecclesiae
1534 5818 1808 5887 obscuris,
1859 5837 2035 5878 came-

2051 4572 2107 4640 Ι)

2127 3242 2419 3313 repletum,
2484 3239 2804 3309 musicaque
2853 3243 2967 3292 arte
2996 3253 3109 3308 prae
3165 3234 3381 3290 caeteris
3429 3236 3752 3306 praeditum,

2127 3331 2612 3408 gubernaculaque
2666 3329 2821 3402 regni
2874 3344 3016 3400 pene
3073 3328 3259 3382 omnia
3309 3344 3434 3383 cum
3493 3343 3630 3401 rege
3683 3329 3756 3398 (6)

2129 3426 2517 3496 disponentem
2548 3430 2908 3497 agnoverunt.
2943 3421 3064 3492 Ipse
3094 3436 3245 3487 vero,
3287 3426 3516 3492 propter
3542 3420 3756 3475 nobili-

2128 3520 2292 3568 tatem
2322 3518 2633 3583 parentum,
2667 3519 2722 3565 et
2773 3510 2974 3565 bonam
3006 3509 3127 3577 ejus
3157 3508 3400 3563 indolem
3444 3515 3501 3562 et
3544 3506 3759 3563 formo-

2127 3602 2367 3669 sitatem,
2401 3601 2525 3655 lzeto
2556 3599 2740 3653 animo
2794 3597 3128 3668 suscipiens,
3161 3595 3532 3650 ministerium
3567 3612 3759 3651 came-

2129 3693 2257 3748 rarii
2288 3694 2354 3764 (7)
2387 3691 2495 3746 sibi
2541 3690 2966 3745 commendavit.
3025 3690 3140 3754 Quo
3179 3696 3460 3759 suscepto,
3511 3694 3571 3742 et
3631 3688 3757 3742 aliis

2131 3788 2438 3844 secundum
2493 3803 2647 3842 suam
2694 3785 3016 3860 dignitatem
3059 3783 3366 3849 beneficiis,
3419 3783 3588 3838 sicuti
3613 3800 3760 3853 prae-

2131 3898 2341 3952 coquus
2370 3887 2488 3935 erat
2527 3879 2582 3933 in
2621 3878 2901 3943 omnibus,
2945 3893 3210 3948 prospere
3240 3892 3410 3950 agens
3447 3876 3518 3930 de
3567 3876 3665 3930 die
3702 3876 3757 3930 in

2131 3970 2277 4025 diem
2321 3967 2664 4040 proficiebat.
2715 3967 2941 4022 [nterim
3003 3981 3133 4022 vero
3185 3965 3349 4019 libuit
3384 3979 3509 4019 eum
3566 3964 3765 4019 limina

2134 4059 2356 4115 visitare
2381 4058 2667 4113 beatorum
2700 4055 3075 4128 apostolorum
3110 4054 3252 4108 Petri
3277 4060 3331 4109 et
3369 4053 3548 4107 Pauli.
3580 4053 3758 4107 Cum-

2135 4172 2242 4228 que
2273 4155 2403 4210 illuc
2439 4154 2802 4225 pervenisset,
2846 4169 2876 4207 a
2901 4151 3219 4207 venerando
3252 4166 3393 4221 papa
3434 4149 3651 4204 Marino
3683 4150 3762 4218 (8)

2136 4252 2277 4306 bene
2334 4257 2623 4320 susceptus
2650 4255 2754 4315 est,
2801 4254 2857 4303 et
2885 4248 2954 4301 ab
3002 4261 3070 4302 eo
3116 4246 3487 4319 interrogatus
3537 4244 3609 4298 de
3652 4261 3764 4315 qua

2134 4343 2419 4415 provincia
2472 4343 2559 4397 vel
2599 4341 2819 4396 civitate
2876 4345 3026 4394 esset
3080 4338 3317 4393 nativus.
3381 4337 3479 4401 Qui
3523 4352 3763 4408 respon-

2135 4433 2275 4487 dens
2306 4431 2476 4486 dixit:
2527 4451 2550 4480 α
2591 4431 2664 4483 De
2720 4427 3005 4500 provincia
3043 4424 3385 4488 Alamannia,
3428 4424 3578 4478 etde
3611 4423 3759 4477 civi-

2137 4532 2246 4579 tate
2292 4524 2529 4599 Augusta
2569 4521 2838 4577 oriundus
2888 4536 3029 4585 sum,
3078 4534 3378 4590 versorque
3428 4516 3482 4570 in
3525 4515 3759 4571 servitio

2134 4617 2501 4673 Adalberonis
2524 4616 2772 4685 ejusdem
2799 4613 3036 4671 civitatis
3066 4612 3337 4683 episcopi.
3364 4636 3387 4657 ιι
3411 4640 3479 4651 -
3514 4632 3539 4661 α
3557 4610 3633 4665 Ne
3647 4616 3764 4664 tur-

2134 4710 2319 4775 beris,
2371 4709 2581 4780 inquit,
2642 4708 2860 4772 animo,
2915 4722 2948 4762 ο
3001 4706 3171 4761 frater
3216 4706 3307 4769 (9),
3358 4703 3450 4758 ille
3516 4702 3590 4756 de
3649 4716 3763 4772 quo

2135 4799 2270 4855 mihi
2351 4798 2586 4862 dixisti,
2668 4796 2856 4851 senior
2937 4802 3065 4849 tuus
3152 4793 3419 4848 Adalbero
3498 4789 3762 4863 migravit

2138 4910 2168 4948 a
2223 4891 2448 4952 saeculo,
2521 4898 2595 4954 et,
2654 4888 2765 4944 Deo
2820 4886 3071 4955 iubente,
3134 4893 3188 4940 te
3246 4883 3493 4953 ejusdem
3565 4882 3763 4936 matri-

2139 4983 2275 5038 culae
2307 4980 2409 5051 (10)
2459 4980 2620 5035 decet
2648 4993 2773 5034 esse
2834 4985 3132 5048 pastorem.
3175 4994 3199 5024 »
3250 4974 3322 5029 Eo
3378 4971 3605 5044 quidem
3663 4987 3759 5025 re-

2140 5079 2345 5127 nuente
2392 5069 2538 5125 infit:
2586 5089 2611 5118 α
2654 5068 2761 5123 Cur
2799 5083 3020 5122 recusas
3065 5064 3487 5119 destinationem
3547 5060 3689 5115 Dei?
3718 5060 3761 5114 si

2142 5183 2288 5223 nunc
2346 5166 2729 5221 inconcussam
2785 5172 2841 5218 et
2886 5162 3253 5217 indesolatam
3282 5159 3532 5230 accipere
3587 5156 3762 5211 refra-

2130 5326 2341 5400 rgrium
2392 5318 2937 5400 interpretatur‘qui
2963 5318 3326 5400 pecuniarum
3364 5330 3551 5400 curam
3591 5315 3756 5389 gerit,

2132 5394 2413 5449 Welserus
2439 5386 2570 5448 vero
2602 5392 2692 5446 hic
2722 5386 3120 5446 cubicularium
3154 5386 3432 5461 intelligit.

2209 5466 2285 5540 (_8)
2317 5465 2625 5540 Welserus_
2660 5469 2813 5540 p_u_lat
2867 5461 3130 5540 Maripum
3178 5456 3373 5540 papam
3427 5456 3760 5540 perna‘ntici-

2135 5528 2431 5609 pationem
2446 5528 3052 5609 vocari,'iden_i_sent_it_
3071 5528 3506 5609 Baroniusanno

2211 5610 2276 5677 (9)
2308 5608 2548 5662 Marinus
2587 5605 2632 5660 si
2675 5604 2923 5676 pontifex
2981 5603 3191 5672 fuisset,
3224 5600 3539 5656 Udalricum
3582 5598 3754 5653 filium

2135 5695 2245 5736 non
2276 5678 2498 5735 fratrem
2525 5684 2795 5733 vocasset.

2209 5751 2296 5821 (10
2328 5751 2583 5806 Ecclesia:
2621 5746 2953 5805 cathedralis
