3924 6388
130 367 270 424 1013

1723 362 1896 418 νιτΑ.

3359 356 3497 412 1014

122 498 275 572 garis
296 498 355 553 in
384 496 812 570 tranquillitate,
841 496 899 551 in
953 504 1118 551 antea
1168 510 1300 551 vero
1333 496 1667 551 destructam
1707 500 1763 549 et
1791 498 1841 565 Α
1870 499 1956 547 tur
1992 508 2075 559 se,
2117 490 2261 546 sicut
2306 487 2539 555 solebat,
2582 503 2705 543 cum
2765 486 2861 541 illo
2925 484 3168 555 psalmos
3197 484 3495 563 decantare

122 586 507 659 depradatam
538 586 595 641 in
654 583 1077 658 perturbatione
1119 583 1387 653 accipies,
1419 590 1475 638 et
1523 599 1646 638 cum
1679 582 1763 636 la-

122 682 262 738 bore
294 678 646 755 gubernabis
673 684 729 733 et
785 675 1176 733 readiﬁcabis.
1229 697 1254 727 α
1301 676 1487 730 Altera
1517 690 1646 729 vero
1674 674 1764 729 dic

124 776 251 830 sine
282 773 509 829 licentia
555 788 739 843 papa.
799 777 1025 842 propter
1054 769 1330 825 tristitiam
1395 768 1642 824 defuncti
1664 768 1766 824 do-

120 866 265 922 mini
290 866 399 930 sui,
429 873 486 919 et
529 880 600 918 ne
643 864 714 917 ab
768 877 835 918 eo
890 862 1014 933 plus
1044 861 1231 917 verbis
1263 861 1759 934 constringeretur,

116 963 294 1019 exivit
333 963 529 1025 Roma,
579 962 995 1034 Augustamque
1047 957 1372 1024 revisitavit,
1433 964 1488 1012 et
1551 956 1763 1011 invenit

120 1057 197 1111 ita
217 1056 364 1111 sicut
396 1052 658 1125 prafatus
688 1067 833 1123 papa
890 1049 1166 1121 pradixit.
1218 1050 1371 1104 Tunc
1408 1048 1610 1103 Hiltine
1651 1049 1759 1118 (11)

116 1162 417 1204 successor
443 1143 812 1200 Adalberonis
839 1142 1071 1198 effectus
1119 1151 1220 1197 est.
1254 1141 1354 1206 Qui
1383 1148 1567 1196 tamen
1596 1147 1760 1195 tanta

118 1256 237 1296 non
271 1239 380 1295 fuit
407 1236 757 1295 celsitudinis
785 1241 844 1290 ut
882 1249 985 1290 suo
1014 1251 1075 1291 se
1120 1234 1289 1289 vellet
1320 1233 1602 1303 applicare
1641 1248 1759 1287 ser-

115 1327 275 1383 vitio.
340 1327 570 1382 Interim
624 1340 758 1380 vero
816 1331 969 1395 patre
1033 1324 1156 1392 ejus
1199 1321 1482 1387 defuncto,
1536 1321 1761 1376 rediens

114 1421 375 1493 suscepit
405 1418 852 1492 procurationem
883 1418 1074 1472 matris
1112 1433 1250 1483 sua,
1284 1416 1582 1471 recordans
1613 1431 1759 1486 pra-

116 1513 273 1584 cepti
302 1512 520 1568 Domini
548 1509 789 1566 dicentis
821 1526 834 1563 :
881 1511 1105 1564 Honora
1132 1513 1345 1577 patrem
1382 1513 1533 1560 tuum
1562 1512 1610 1559 et
1638 1522 1756 1559 ma-

113 1612 258 1660 trem
299 1604 501 1674 (Εωοά.
534 1603 652 1672 xx),
687 1608 797 1656 etc.
848 1600 1023 1655 Tanta‘
1074 1600 1261 1671 itaque
1317 1614 1439 1653 eam
1469 1596 1757 1672 diligentia

112 1705 176 1752 et
202 1695 397 1752 omnia
416 1710 517 1749 sua
539 1691 838 1748 custodivit
876 1708 941 1747 ac
991 1690 1289 1761 disposuit,
1333 1695 1499 1760 prout
1526 1696 1582 1743 et
1608 1689 1754 1743 vires

112 1783 414 1840 aDomino
443 1796 730 1837 concessa
785 1780 1175 1850 suppetebant.
1243 1778 1371 1832 Post
1428 1777 1749 1848 quindecim

112 1891 299 1932 annos
328 1875 589 1930 defuncto
629 1873 830 1928 lliltine
880 1872 1169 1943 episcOpo,
1201 1870 1613 1926 machinatione
1647 1885 1746 1924 nc-

111 1969 270 2041 potis
295 1966 404 2033 sui,
438 1964 739 2021 Burchardi
768 1965 946 2029 ducis,
974 1971 1030 2019 et
1051 1964 1285 2019 aliorum
1308 1962 1745 2035 propinquorum

107 2076 363 2118 suorum.
398 2058 653 2113 Heinrico
683 2057 930 2129 (l2)regi
966 2062 1351 2126 prasentatus,
1394 2056 1627 2125 ejusque
1650 2070 1749 2108 su-

109 2148 375 2205 blimitati
406 2155 537 2203 nota
566 2146 709 2202 facta
737 2152 822 2201 est
873 2146 1126 2201 decessio
1173 2145 1442 2216 episcopi,
1468 2144 1748 2213 supplica-

111 2252 350 2313 tumque
387 2246 556 2295 estut
595 2237 821 2310 praefato
851 2238 1078 2293 domino
1111 2236 1368 2292 Udalrico
1409 2235 1747 2305 episcOpalis

114 2334 365 2395 potestas
390 2326 460 2380 ab
490 2340 558 2381 eo
606 2325 1027 2380 concederetur.
1076 2324 1181 2379 Rex
1238 2339 1370 2379 vero
1405 2324 1625 2378 intuens
1648 2323 1746 2377 he-

118 2419 384 2473 rilitatem
412 2424 638 2474 statura
663 2418 832 2484 illius,
866 2427 922 2473 et
951 2418 1302 2489 comperiens
1336 2417 1601 2472 doctrina
1631 2433 1745 2474 sua

116 2508 431 2572 scientiam,
457 2506 713 2578 petitioni
740 2522 931 2562 eorum
956 2523 1246 2563 assensum
1281 2508 1553 2577 prabens,
1590 2509 1746 2583 regio

116 2613 274 2653 more
306 2596 365 2651 in
390 2612 591 2651 manus
631 2612 758 2651 eum
780 2596 1015 2667 accepit,
1072 2612 1417 2667 munereque
1460 2596 1750 2667 pontifica-

124 2698 215 2745 tus
244 2690 562 2746 honoravit.
598 2690 689 2744 llis
744 2704 875 2744 vero
934 2689 1008 2743 ita
1059 2688 1322 2759 peractis,
1376 2689 1535 2743 hilari
1567 2691 1753 2745 animo

119 2778 189 2832 de
250 2792 383 2850 rege
450 2784 813 2843 revertentes,
866 2783 923 2831 et
977 2777 1276 2847 Augustam
1338 2778 1751 2847 pervenientes,

116 2866 431 2921 secundum
488 2865 635 2937 regis
711 2865 952 2919 edictum
1026 2863 1355 2934 potestativa
1440 2881 1605 2920 manu
1665 2866 1750 2920 in-

116 2958 436 3013 vestitatum
512 2957 867 3028 episcOpatus
938 2955 1045 3010 sibi
1120 2954 1490 3026 perfecerunt.
1550 2958 1752 3013 Succe-

116 3051 293 3104 dente
331 3064 464 3103 vero
496 3056 745 3120 tempore
802 3049 1108 3106 Nativitatis
1165 3048 1379 3104 Domini
1439 3049 1495 3103 in
1545 3050 1636 3103 die
1663 3066 1756 3105 so-

119 3138 433 3193 lemnitatis
470 3138 582 3210 (l3)

1867 585 2150 649 debuisse,
2200 590 2257 639 et
2314 581 2535 637 interim
2592 578 2995 635 Adalberonem
3056 577 3380 649 episcOpum
3437 579 3494 634 in

1864 679 2172 753 aquilonari
2206 685 2361 751 parte
2402 683 2625 748 crypta,
2680 673 2965 730 missatico
3021 682 3293 745 apparatu
3320 674 3494 729 vesti-

1866 772 2124 841 tum,sibi
2141 776 2981 841 apparentem,annuentemque
2996 772 3053 820 ut
3074 765 3142 819 ad
3164 781 3225 819 se
3252 765 3488 829 veniret;

1865 860 1965 913 sed
1998 860 2089 915 ille
2115 860 2345 931 ancipiti
2376 861 2573 935 timore
2603 867 2794 930 septus
2823 858 3061 913 viventis
3092 863 3258 928 atque
3288 855 3489 913 defun-

1863 948 1933 1003 cti
1964 948 2199 1015 domini,
2221 949 2390 1019 capit
2420 948 2597 1003 oculis
2638 962 2845 1019 pavens
2876 946 2932 1001 in
2965 962 3091 1001 eum
3125 944 3440 1015 conspicari
3468 962 3483 1011 ;

1864 1037 2347 1110 interrogatusque
2391 1037 2461 1091 ab
2508 1052 2597 1101 eo,
2625 1052 2797 1107 quare
2844 1035 2925 1089 sic
2977 1034 3169 1089 oculos
3228 1033 3282 1087 in
3311 1050 3369 1088 se
3400 1033 3488 1088 in-

1862 1130 2127 1198 flecteret,
2152 1132 2245 1186 ille
2264 1131 2630 1202 respondens,
2656 1130 2793 1184 dixit
2827 1146 2840 1183 :
2879 1150 2898 1177 ο
2935 1129 3071 1184 Ecce
3112 1128 3274 1183 video
3305 1127 3487 1184 senio-

1863 1238 1977 1277 rem
2010 1240 2193 1278 meum
2229 1224 2635 1279 Adalberonem
2676 1220 3065 1292 episcopaliter
3105 1226 3354 1292 paratum
3416 1219 3485 1274 ad

1861 1313 2108 1379 missam,
2136 1330 2336 1385 meque
2362 1323 2649 1368 vocantem
2674 1313 2741 1367 ad
2770 1327 2848 1367 se.
2881 1331 2906 1361 ι)
2940 1315 3005 1365 At
3036 1310 3127 1365 ille
3153 1328 3165 1364 :
3199 1332 3218 1358 ι
3246 1310 3485 1376 Festina,

1860 1404 2057 1476 inquit,
2084 1407 2395 1474 jussionem
2429 1408 2551 1477 ejus
2578 1406 2830 1477 implere.
2869 1425 2890 1455 ι
2924 1404 3018 1462 Cui
3050 1404 3294 1459 venienti
3324 1404 3394 1459 ad
3426 1421 3486 1460 se

1856 1498 1995 1553 dixit
2023 1517 2037 1553 :
2064 1524 2086 1545 ιι
2135 1500 2448 1561 Ramberte,
2484 1500 2809 1555 dicdomino
2835 1506 2929 1554 tuo
2964 1498 3252 1569 episc0po,
3275 1514 3487 1554 merce-

1856 1589 1982 1644 dem
2013 1606 2044 1645 a
2085 1592 2316 1646 Domino
2346 1600 2704 1662 accepturum
2739 1606 2837 1662 pro
2878 1590 3222 1646 orationibus
3253 1598 3308 1645 et
3337 1590 3488 1646 elec-

1857 1682 2104 1751 mosynis
2142 1698 2282 1751 quas
2303 1681 2434 1735 mihi
2479 1680 2714 1735 fideliter
2782 1680 3102 1746 transmisit,
3145 1680 3335 1734 ethoc
3372 1680 3483 1751 sig-

1853 1790 1985 1829 num
2009 1774 2177 1829 dicito
2212 1774 2313 1839 illi,
2338 1775 2485 1847 quod
2515 1775 2844 1829 Fortunatus
2867 1774 2976 1843 )H)
3000 1780 3054 1828 et
3075 1789 3180 1847 ego
3215 1772 3269 1826 in
3303 1772 3484 1844 proxi-

1850 1879 1936 1916 ma
1963 1880 2116 1917 cana
2145 1864 2383 1929 Domini,
2418 1864 2649 1919 Domino
2672 1862 3042 1929 concedente,
3073 1878 3196 1915 cum
3225 1861 3318 1915 illo
3335 1861 3482 1916 chri-

1847 1969 1964 2007 sma
1994 1951 2482 2017 sanctiticabimus,
2526 1959 2581 2007 et
2608 1951 2758 2023 quod
2789 1951 3040 2021 Operatio
3072 1950 3234 2018 hujus
3263 1959 3469 2021 crypta

1848 2052 1931 2099 est
1960 2045 2173 2099 ruitura
2208 2062 2222 2111 ;
2256 2045 2325 2099 ob
2359 2045 2464 2099 hoc
2494 2051 2679 2098 tamen
2703 2059 2813 2097 non
2846 2043 3013 2097 debet
3040 2042 3295 2097 omittere
3324 2042 3475 2114 :quin

1845 2136 2067 2190 studeat
2094 2135 2148 2189 in
2203 2142 2482 2205 posterum
2540 2135 2813 2189 stabiliter
2868 2140 3206 2204 perpetrare.
3264 2133 3477 2188 Fratres

1846 2241 2067 2297 quoque
2118 2226 2392 2281 recordari
2445 2233 2690 2292 moneto,
2760 2225 2909 2297 quod
2965 2224 3086 2279 sine
3145 2223 3219 2291 vi,
3276 2231 3329 2279 et
3378 2240 3478 2279 sua

1845 2326 2064 2389 sponte.
2092 2318 2287 2373 sedula
2318 2325 2372 2372 et
2402 2318 2622 2373 assidua
2651 2324 2900 2373 oratione
2962 2332 3061 2388 pro
3092 2333 3182 2371 me
3220 2316 3476 2371 laborare

1845 2413 2286 2483 sp0ponderunt,
2346 2421 2402 2467 et
2445 2413 2593 2484 quod
2634 2414 2714 2467 sic
2747 2428 2858 2467 non
2905 2411 3180 2476 fecerunt,
3207 2418 3260 2466 et
3294 2411 3338 2465 si
3372 2411 3478 2466 hoc

1845 2504 2191 2559 emendaturi
2250 2519 2361 2560 non
2421 2503 2647 2570 fuerint,
2704 2504 2881 2558 sciant
2911 2519 2970 2557 se
3024 2519 3146 2557 esse
3179 2504 3247 2557 de
3281 2503 3387 2558 hoc
3420 2503 3475 2558 in

1854 2602 2157 2666 conspectu
2185 2595 2402 2650 Domini
2450 2596 2716 2650 rationem
2759 2594 3123 2661 reddituros(
3161 2602 3217 2649 et
3247 2601 3300 2649 tu
3335 2611 3475 2666 quo-
3574 2580 3579 2583 ⁷

1855 2685 1990 2739 tidie
2021 2698 2193 2739 unum
2228 2700 2327 2755 pro
2349 2700 2438 2739 me
2469 2685 2739 2755 psalmum
2772 2683 3041 2749 cantabis,
3084 2683 3206 2737 sine
3239 2684 3477 2748 cautela,

1859 2784 1915 2832 et
1953 2777 2060 2831 hoc
2083 2783 2133 2831 te
2156 2777 2452 2831 emendare
2509 2776 2772 2831 monebo.
2811 2800 2834 2821 ι»
2868 2777 2990 2846 lpse
3020 2790 3150 2830 vero
3179 2776 3479 2847 cpiscopus

1856 2867 2078 2923 interim
2111 2867 2279 2942 regiis
2324 2873 2627 2938 occupatus
2686 2865 2972 2938 obsequiis
3027 2882 3243 2921 cursum
3286 2866 3485 2921 direxit

1855 2959 1923 3012 ad
1950 2965 2181 3020 curtem.
2237 2958 2428 3030 ibique
2485 2957 2631 3029 apud
2671 2958 2879 3012 aulicos
2927 2957 3097 3032 digno
3149 2958 3358 3012 honore
3388 2957 3482 3012 diu

1856 3054 2121 3113 retentus,
2153 3049 2489 3120 tandemque
2544 3047 2813 3118 requisita
2878 3047 3086 3102 salubri
3126 3047 3350 3102 licentia
3382 3048 3483 3103 do-

657 3140 1039 3195 lnnocentium
1098 3138 1587 3195 consuetudinario
1646 3140 1754 3194 ritu
1788 3197 1825 3207 Λ
1855 3152 2004 3190 mum
2036 3136 2339 3207 repedavit,
2363 3151 2616 3206 Opusque
2646 3136 2807 3203 cujus
2820 3134 3075 3191 effectum
3105 3151 3229 3191 sese
3254 3153 3481 3191 cernere

116 3227 404 3282 ordinatio
442 3197 578 3295 ejus,
624 3237 847 3298 peracta
878 3235 980 3284 est.
1027 3229 1158 3283 Inde
1205 3243 1337 3283 vero
1369 3244 1636 3299 prospero
1665 3245 1755 3283 re-
1779 3197 1827 3264 Ο
1854 3197 2118 3298 speravit,
2149 3197 2337 3281 totumv
2353 3197 2575 3296 penitus
2605 3197 2879 3296 dilapsum
2913 3227 3121 3297 reperit
3158 3243 3223 3282 ac
3252 3228 3480 3282 subver-

118 3319 242 3373 ditu
291 3318 521 3373 domum
553 3320 804 3386 veniens,
845 3318 1315 3391 conspiciensque
1356 3333 1541 3373 muros
1571 3319 1754 3374 eccle-

117 3410 218 3465 sia
280 3410 534 3481 undique
581 3410 886 3481 depositas,
954 3410 1252 3483 omniaque
1300 3409 1534 3465 aediﬁcia
1592 3412 1755 3466 nimis

121 3505 378 3575 delapsa,
419 3504 561 3559 sicut
598 3506 701 3560 sub
757 3506 926 3577 priori
959 3506 1208 3561 antistite
1263 3505 1390 3578 igne
1445 3513 1573 3560 sunt
1620 3522 1756 3561 con-

119 3605 424 3661 summata,
454 3597 624 3651 nimia
670 3606 801 3653 tunc
858 3598 1065 3653 mentis
1121 3598 1400 3653 anxietate
1458 3599 1752 3665 fluctuans,

121 3688 412 3761 cogitabat
455 3689 694 3755 qualiter
774 3690 1296 3745 convenientissimc
1381 3698 1489 3745 tam
1534 3692 1755 3761 penitus

123 3781 412 3835 destructa
441 3779 779 3837 readiﬁcare
834 3783 1137 3853 potuisset:
1194 3781 1327 3854 quia
1364 3782 1601 3837 maxima
1631 3800 1756 3854 pars

122 3868 357 3923 familia
387 3885 417 3922 a
449 3870 681 3943 paganis
718 3869 892 3925 fuerat
921 3872 1124 3937 occisa,
1159 3882 1214 3926 et
1240 3872 1447 3942 oppida
1475 3880 1669 3928 exusta
1704 3880 1757 3929 et

123 3960 475 4030 depradata,
508 3977 635 4031 pars
659 3971 844 4016 autem
898 3962 1119 4018 familia
1172 3978 1297 4035 qua
1338 3972 1678 4020 remanserat
1702 3966 1755 4019 in

130 4067 338 4126 magno
368 4052 633 4126 egestatis
689 4053 878 4109 labore
916 4061 1035 4110 erat
1082 4054 1305 4110 afﬂicta.
1352 4056 1645 4126 Acquisitis
1675 4067 1759 4112 ta-

128 4157 263 4196 men
294 4141 608 4196 architectis
637 4150 692 4197 et
742 4143 1101 4200 multitudine
1152 4154 1483 4219 congregata
1515 4144 1760 4213 familia,

128 4229 310 4301 coepit
356 4231 633 4304 sagaciter
676 4232 858 4287 diruta
918 4240 1250 4298 restaurare,
1302 4234 1552 4305 satisque
1583 4236 1761 4290 sensi-

128 4321 321 4375 hiliter
350 4322 629 4387 ordinare,
689 4340 1004 4400 magnoque
1057 4324 1228 4381 animi
1282 4324 1495 4381 fervore
1532 4327 1763 4383 studens

132 4420 192 4465 ut
240 4421 426 4482 capta
485 4412 751 4483 perficere
812 4430 923 4469 non
977 4414 1285 4470 desisteret.
1350 4414 1482 4471 Cum
1514 4433 1647 4473 vero
1677 4418 1760 4472 vir

135 4512 357 4577 magna
377 4501 666 4557 suavitatis
704 4501 1023 4559 inchoatum
1076 4519 1238 4575 Opus,
1270 4505 1524 4575 quamvis
1569 4522 1756 4577 pressa

129 4594 508 4665 supellectile,
536 4593 727 4650 divino
772 4603 886 4649 tum
935 4594 1107 4650 fretus
1135 4597 1471 4653 adminiculo
1502 4598 1760 4653 ardenter

132 4686 721 4758 implevit,omniaque
748 4686 921 4758 ipsius
943 4688 1133 4760 templi
1163 4689 1760 4763 interioraomnigeno,

132 4785 409 4850 quantum
451 4778 642 4845 valuit,
684 4778 1041 4834 decoramine
1062 4796 1260 4835 ornare
1291 4782 1575 4837 contendit
1605 4800 1620 4843 ;
1661 4796 1763 4836 nec

137 4885 250 4924 non
284 4868 453 4924 etiam
489 4867 807 4938 frequenter
836 4868 1018 4940 sagaci
1061 4870 1344 4925 oculorum
1376 4870 1495 4924 acie
1535 4869 1682 4924 intus
1709 4879 1763 4926 et

134 4961 451 5017 forinsecus
470 4959 772 5029 positiones
800 4960 1051 5015 ecclesia
1076 4968 1233 5016 caute
1252 4961 1614 5032 perlustrans,
1638 4981 1764 5035 par-

134 5051 363 5105 vitatem
396 5063 508 5105 non
539 5047 734 5103 lucida
782 5056 990 5119 crypta
1021 5048 1402 5121 vilitatemquc
1441 5050 1549 5105 sibi
1597 5052 1764 5107 nimis

135 5143 438 5214 displicere
470 5148 827 5211 conquostus,
862 5157 1035 5212 seque
1087 5142 1368 5212 professus
1424 5154 1507 5198 cst
1534 5160 1761 5216 compe-

136 5229 348 5283 tentius
384 5227 809 5301 deccntiusque,
848 5229 895 5283 si
940 5230 1085 5285 Deus
1118 5232 1374 5286 annuerit
1433 5233 1757 5303 positurum.

133 5316 386 5392 Cumque
435 5336 578 5390 opus
630 5331 871 5392 captum
931 5322 1063 5377 satis
1143 5340 1396 5379 crescere
1455 5325 1763 5394 videretur,

134 5412 439 5468 Ramberto
469 5412 688 5467 cuidam
720 5411 875 5469 fratri
934 5414 991 5468 in
1040 5415 1240 5471 exstasi
1277 5418 1480 5473 mentis
1538 5419 1767 5476 videba-

197 5598 280 5658 tl‘l
298 5600 315 5667 )
336 5596 595 5661 lliltinus,
622 5596 909 5653 lliltenius.

206 5670 316 5735 (12)
338 5667 585 5740 Henrico
604 5669 834 5740 Aucupi.

204 5740 314 5808 (l3)
345 5741 506 5794 Anno
534 5738 795 5795 nimirum
816 5741 887 5795 24
916 5740 1144 5798 ineunte

1854 3338 1996 3387 sum,
2028 3320 2333 3375 secundum
2371 3319 2689 3390 pradictam
2753 3320 3019 3375 rationem
3062 3321 3275 3392 prafati
3314 3322 3481 3377 Ram-

1855 3412 2018 3468 berti.
2048 3412 2184 3466 Tum
2238 3426 2374 3466 vero
2432 3410 2783 3467 cautioribus
2838 3410 3216 3468 fundamentis
3261 3413 3479 3485 positis,

1854 3505 2125 3560 stabiliter
2156 3502 2408 3575 perfecit.

1927 3595 2044 3649 Alia
2081 3602 2263 3648 autem
2292 3592 2409 3647 vice
2432 3608 2556 3647 cum
2589 3591 2643 3645 in
2676 3593 2885 3664 Oppido
2916 3593 3194 3667 Waringa,
3233 3596 3473 3653 vocitato

1858 3691 2038 3762 primo
2092 3704 2253 3743 mane
2300 3686 2791 3743 consuetudinario
2844 3703 2998 3743 more
3032 3729 3046 3756 ,
3119 3690 3483 3760 psalmodiam

1856 3795 1980 3835 cum
2010 3779 2206 3833 eodem
2240 3777 2531 3830 llamberto
2572 3775 2877 3831 studuisset
2899 3777 3147 3848 explere,
3188 3777 3336 3833 idem
3371 3778 3486 3834 fra-

1858 3877 1940 3923 ter
1968 3868 2137 3939 ccepit
2167 3866 2384 3921 reflexis
2423 3865 2596 3921 oculis
2654 3865 2847 3920 timide
2904 3867 3135 3922 moveri.
3170 3866 3482 3941 lnterroga-

1858 3966 2054 4031 tusque
2081 3959 2149 4014 ab
2187 3974 2275 4023 eo,
2301 3956 2694 4028 respondebat,
2723 3957 2917 4014 dicens
2944 3976 2957 4012 :
2989 3979 3015 4009 (ι
3048 3959 3186 4014 Ecce
3209 3960 3373 4016 video
3392 3977 3484 4015 se-

1864 4056 2074 4110 niorem
2116 4069 2299 4108 meum
2331 4052 2733 4107 Adalberonem
2776 4054 2973 4109 eodem
3006 4054 3171 4109 modo
3202 4055 3346 4110 sicut
3384 4072 3484 4111 an-

1863 4156 1947 4203 tea
1968 4164 2096 4203 eum
2119 4145 2229 4201 vidi
2262 4144 2677 4216 pracipientem
2698 4146 2833 4201 mihi
2850 4147 3000 4201 utilli
3020 4146 3388 4203 ministrarem
3413 4150 3480 4204 ad

1861 4238 2109 4291 missam.
2145 4259 2169 4282 η
2206 4235 2306 4299 Qui
2333 4234 2514 4288 statim
2545 4250 2799 4307 surgens,
2830 4237 3081 4293 retractis
3130 4236 3370 4305 foribus,
3396 4255 3483 4293 re-

1861 4328 2025 4383 cessit
2048 4327 2118 4381 de
2144 4326 2380 4381 ecclesia
2418 4325 2599 4379 donec
2652 4326 2770 4382 hac
2798 4327 2935 4383 visio
2993 4326 3269 4383 finiretur.
3301 4329 3475 4385 Aliam

1862 4431 1991 4470 vero
2009 4415 2300 4480 visionem,
2337 4431 2499 4486 quam
2529 4415 2597 4469 de
2638 4416 2826 4470 multis
2856 4415 3114 4472 fratribus
3147 4417 3205 4472 in
3254 4418 3479 4474 veritate

1860 4507 2174 4562 dicentibus
2199 4506 2467 4561 accidisse
2520 4506 2852 4572 dedicimus,
2895 4508 3160 4565 oblivioni
3204 4525 3306 4565 nos
3363 4516 3479 4564 tra-

1862 4600 1996 4655 dere
2026 4614 2137 4654 non
2166 4604 2402 4669 Oportet.
2455 4598 2588 4662 Quia
2614 4614 2739 4653 cum
2779 4599 3074 4671 religiosus
3116 4600 3195 4655 vir
3236 4601 3328 4656 die
3355 4601 3484 4657 l'as-

1863 4694 1981 4749 cha
2010 4691 2371 4747 ministerium
2430 4698 2897 4747 sacramentorum
2938 4692 3185 4748 studiose
3214 4693 3483 4764 perficere

1864 4786 2190 4849 decertaret,
2214 4782 2565 4837 multitudine
2589 4781 2915 4837 clericorum
2932 4782 3353 4847 adveniente,et
3371 4784 3484 4839 cui-

1864 4874 1988 4928 dam
2016 4872 2371 4943 lleilrico(l5}
2414 4869 2737 4943 presbytero
2776 4878 3002 4926 cantore
3041 4872 3316 4926 existente
3343 4873 3481 4942 (sic),

1866 4961 2120 5034 apparuit
2148 4961 2371 5015 dextera
2409 4976 2531 5015 cum
2590 4960 2813 5015 dextera
2851 4960 3098 5030 episcopi
3139 4966 3484 5014 sacramenta

1866 5052 2238 5109 sanctificans.
2275 5052 2498 5122 Expleta
2536 5067 2666 5106 vero
2696 5050 2885 5118 missa,
2917 5051 3009 5104 ille
3043 5050 3302 5121 praefatus
3336 5051 3486 5106 Heil-

1866 5145 2011 5200 ricus
2050 5160 2293 5216 sequens
2346 5159 2472 5197 eum
2533 5142 2589 5196 in
2620 5142 2937 5198 cubiculum
2997 5158 3156 5196 suum
3190 5141 3389 5197 cecidit
3417 5142 3486 5196 ad

1866 5235 2040 5305 pedes
2070 5233 2280 5303 ejus,et
2309 5232 2583 5287 incautius
2613 5248 2778 5303 quam
2799 5230 3156 5286 debuissetin
3189 5232 3486 5303 prasentia

1867 5326 2133 5382 laicorum
2163 5328 2307 5381 hanc
2336 5324 2606 5380 visionem
2666 5322 2999 5396 explanavit.
3057 5322 3185 5377 Cum
3243 5323 3336 5379 ille
3391 5341 3486 5380 rc-

1865 5419 2170 5490 spondens,
2204 5418 2341 5473 dixit
2374 5436 2386 5472 :
2422 5438 2445 5469 ι)
2494 5417 2692 5473 Utilius
2743 5416 2843 5472 tibi
2894 5414 3089 5471 fuisset
3119 5415 3225 5471 ista
3256 5416 3487 5473 reticere

1902 5606 2046 5728 μά)
2078 5601 2432 5728 fortunatum
2464 5602 2864 5658 Pictaviensem
2902 5600 3231 5673 episcopum
3266 5601 3481 5658 intelli-

1902 5695 1913 5728 l
2047 5692 2077 5728 e
2101 5692 2277 5728 serus.

1860 5676 1940 5750 git
1967 5676 2277 5750 AWelserus.

1931 5748 2042 5818 (15)
2087 5746 2339 5802 Henrico.
