3924 6410
454 388 596 443 1015

1536 385 1589 438 S.
1636 380 1942 437 UDALRICI
1987 380 2361 437 AUGUSTANI
2407 382 2719 438 EPISCOPI.

3663 396 3775 459 1016

453 535 617 590 quam
649 517 798 590 loqui
828 534 841 570 :
876 536 902 567 η
933 515 1001 569 dc
1033 516 1134 569 hac
1166 528 1293 569 vero
1325 512 1689 584 responsione
1728 510 2069 582 stupefactus
2100 516 2148 584 Α
2173 528 2302 567 cum
2329 510 2554 584 populis
2583 510 2931 568 diversarum
2984 515 3396 584 provinciarum
3429 519 3620 576 habuit
3649 542 3662 586 ;
3697 528 3772 583 ubi

453 606 683 662 recessit
711 607 779 659 ab
801 620 889 671 eo,
934 611 987 659 ct
1015 603 1073 657 in
1105 618 1256 657 caena
1282 618 1406 673 quae
1432 610 1561 655 ante
1593 600 1909 655 cubiculum
1950 600 2072 670 ejus

454 709 535 754 est
560 707 667 752 snta
694 694 967 757 consedit,
1001 700 1056 748 et
1076 692 1258 747 statim
1287 691 1433 746 oculi
1463 691 1583 758 ejus
1638 706 1837 764 magna
1870 689 2075 744 nimie-

457 800 565 847 tate
603 794 891 860 eruperunt
921 786 1188 857 lacrymas
1215 782 1523 849 effundere,
1554 782 1679 837 etin
1704 798 1772 836 ea
1803 780 2074 836 effusione

457 881 881 952 permanserunt
904 889 1082 944 usque
1122 873 1251 927 dum
1286 871 1341 925 in
1368 877 1540 927 totum
1577 870 1837 941 praesenti
1865 869 2073 924 lumine

457 971 653 1043 privati
684 978 833 1023 sunt.

528 1063 594 1117 ll.
636 1062 752 1115 Alio
784 1066 1056 1130 tempore,
1084 1058 1143 1112 in
1176 1064 1340 1112 nocte
1372 1056 1740 1112 antecedente
1770 1054 1917 1109 diem
1950 1070 2077 1109 san-

457 1162 603 1209 ctum
634 1153 813 1207 Crenaz
847 1149 1082 1214 Domini,
1116 1149 1273 1220 quasi
1322 1149 1378 1202 in
1408 1147 1621 1202 somnis
1647 1145 1860 1201 audivit
1886 1160 2075 1201 vocem

455 1247 559 1301 sibi
591 1247 911 1317 loquentem
946 1260 1000 1297 :«
1032 1242 1287 1297 Udalrice
1306 1242 1594 1313 episc0pe,
1626 1241 1772 1295 scias
1803 1248 1856 1295 te
1912 1239 2078 1295 hodie

457 1335 705 1405 hospites
728 1349 850 1387 esse
878 1338 1286 1402 suscepturum.
1319 1353 1338 1381 ι
1374 1330 1434 1384 Et
1455 1328 1877 1404 expergefactus
1899 1343 2078 1383 avoce

456 1430 551 1502 qui
582 1437 769 1483 essent
796 1427 873 1481 illi
913 1425 1163 1496 hospites
1214 1425 1385 1495 ccepit
1429 1430 1682 1478 tractare.
1718 1422 1854 1476 Cum
1895 1428 2079 1477 autem

457 1520 745 1584 dormiret,
767 1517 1045 1591 loquentis
1071 1517 1179 1571 sibi
1240 1516 1408 1571 verba
1441 1514 1648 1569 audivit
1685 1532 1698 1568 :
1742 1533 1767 1565 α
1792 1514 2081 1569 Orationes

459 1621 577 1668 tuas
605 1619 660 1667 et
688 1612 1074 1681 eleemosynas
1104 1615 1224 1662 tuas
1262 1607 1407 1663 oculi
1464 1606 1680 1662 Domini
1714 1621 2077 1675 conspexere,

457 1713 511 1759 et
551 1705 677 1759 ideo
709 1703 855 1756 binis
907 1698 1354 1756 antecessoribus
1420 1698 1528 1753 tuis
1559 1698 1669 1767 (16)
1705 1697 2004 1752 Fortunato
2027 1702 2081 1750 et

465 1797 794 1854 Adalberoni
818 1813 877 1851 es
932 1795 1376 1859 commendatus,
1432 1801 1491 1847 ut
1529 1792 1629 1848 tibi
1673 1791 1840 1846 hodie
1872 1799 1926 1848 et
1958 1800 2082 1864 post

426 1870 673 1950 .hincin
728 1893 849 1947 istis
907 1890 1077 1946 sacris
1131 1888 1577 1945 solemnitatibus
1620 1905 1775 1945 sacra
1824 1888 2083 1960 mysteria

461 1985 764 2044 celebranti
798 1985 1081 2050 assistant,
1113 1990 1166 2038 et
1203 1998 1267 2037 ea
1310 1990 1488 2037 tecum
1508 1982 1862 2038 benedicant.
1888 2003 1913 2033 »δ
1933 1982 2089 2036 Mane

462 2088 643 2134 autem
675 2077 840 2143 facto,
873 2075 1017 2140 aliis,
1047 2074 1188 2129 sicut
1215 2089 1338 2128 mos
1369 2079 1477 2139 est,
1512 2073 1751 2143 peractis
1782 2071 2087 2144 mysteriis,

460 2167 949 2225 circumstantibus
975 2165 1354 2220 ministrorum
1388 2163 1703 2231 ordinibus,
1744 2180 1866 2218 cum
1899 2179 2088 2217 sacra-

460 2268 649 2315 menta
671 2262 1049 2319 consecraret,
1090 2256 1211 2326 ipse
1236 2260 1291 2309 et
1332 2254 1555 2325 quidam
1604 2255 1673 2310 de
1720 2255 2089 2310 circumstan-

462 2348 607 2404 tibus
637 2346 955 2402 devotiores
1004 2344 1265 2399 viderunt
1295 2344 1577 2399 dexteram
1627 2343 1845 2399 Domini
1873 2360 1996 2399 cum
2025 2358 2092 2398 eo

461 2442 808 2489 sacramenta
840 2447 1191 2496 consecrare,
1228 2436 1281 2486 et
1309 2432 1526 2504 signum
1559 2431 1741 2486 crucis
1767 2432 2091 2501 imponere;

461 2523 687 2594 quibus,
730 2522 860 2593 quia
906 2539 1006 2592 per
1042 2522 1293 2593 spiritum
1346 2538 1441 2577 eos
1473 2523 1702 2586 sciebat,
1754 2539 1877 2577 cum
1918 2521 2083 2576 viati-

461 2635 584 2673 cum
616 2618 684 2672 ab
718 2633 784 2672 eo
815 2617 1097 2689 accepturi
1138 2618 1488 2683 accederent,
1514 2618 1746 2691 digitum
1778 2617 1859 2672 ori
1883 2633 2086 2687 super-

464 2707 721 2776 posuitut
743 2706 813 2761 de
843 2706 1057 2760 visione
1118 2712 1384 2767 tacerent,
1420 2706 1621 2778 quibus
1674 2706 1862 2770 etiam,
1897 2712 2086 2773 postea

461 2797 530 2850 ad
555 2813 616 2850 se
646 2796 875 2862 vocatis,
908 2811 1031 2867 quae
1062 2796 1113 2850 ei
1173 2797 1228 2849 in
1259 2803 1420 2850 nocte
1473 2795 1619 2850 dicta
1669 2804 1819 2862 sunt,
1871 2802 2085 2851 secreto

464 2887 758 2951 nuntiavit,
791 2894 843 2940 et
870 2887 1133 2957 praecepit
1181 2895 1261 2951 ut,
1304 2902 1370 2941 eo
1429 2887 1671 2952 vivente,
1726 2903 1906 2957 neque
1948 2887 2083 2953 visa,

466 2996 645 3050 neque
676 2979 744 3033 ab
774 2996 841 3033 eo
890 2986 1101 3033 secrete
1150 2979 1337 3032 audita
1381 2978 1546 3033 alicui
1585 2978 2084 3045 manifestarent,si

464 3075 791 3140 praesentem
823 3068 1004 3122 adhuc
1033 3067 1199 3122 vitam
1235 3068 1438 3123 habere
1472 3068 1795 3123 voluissent.

536 3159 754 3227 Majoris
786 3159 950 3212 etiam
977 3157 1208 3212 visionis
1240 3158 1574 3228 sibimetipsi
1609 3156 1957 3212 manifestata
1986 3158 2084 3211 mi-
2110 3178 2158 3241 (ξ

465 3252 648 3304 racula
680 3251 782 3304 sub
813 3249 1035 3304 silentio
1081 3250 1495 3303 recondendum
1549 3250 1757 3303 bonum
1809 3266 1933 3304 esse
1971 3266 2081 3304 non

462 3343 693 3398 aestimo.
729 3343 861 3406 Quia
880 3343 1116 3414 quadam
1166 3351 1347 3408 nocte,
1386 3358 1509 3395 cum
1546 3358 1748 3413 corpus
1779 3342 1980 3397 lectulo
2014 3342 2083 3395 ad

464 3431 852 3485 dormiendum
917 3432 1261 3497 collocasset,
1311 3432 1447 3485 vidit
1500 3437 1744 3485 sanctam
1793 3431 1971 3485 Afrani
2025 3431 2080 3485 in

464 3535 663 3592 magna
696 3519 1058 3585 formositate,
1094 3520 1320 3589 pulchra
1375 3521 1560 3575 tunica
1614 3520 1863 3575 indutam
1919 3528 2084 3592 atque

465 3610 827 3676 succinctam,
860 3617 1098 3664 stantem
1124 3620 1250 3665 ante
1278 3611 1483 3681 ipsum,
1517 3612 1909 3684 dicentemque
1932 3613 2038 3667 sibi
2070 3631 2082 3667 :

466 3702 697 3775 «Surge,
722 3709 776 3756 et
793 3717 1027 3773 sequere
1052 3720 1158 3757 me.
1190 3724 1218 3753 »
1235 3703 1298 3758 Et
1319 3704 1436 3758 haec
1457 3704 1670 3769 dicens,
1691 3706 2086 3761 eduxiteumin

464 3811 717 3866 campum
740 3796 836 3867 qui
875 3797 1040 3871 vulgo
1079 3797 1284 3851 dicitur
1327 3796 1607 3853 Lechfeld.
1668 3799 1750 3853 lbi
1778 3799 1931 3854 enim
1957 3816 2087 3854 san-

463 3894 609 3941 ctum
639 3885 879 3950 Petrum,
930 3887 1235 3958 principem
1286 3889 1689 3958 apostolorum,
1723 3890 1936 3945 invenit
1962 3906 2087 3946 cum

463 3976 818 4031 multitudine
850 3994 1047 4052 magna
1077 3979 1462 4050 cpisc0porum
1496 3987 1551 4035 et
1601 3980 1835 4036 aliorum
1867 3991 2088 4038 sancto—

464 4084 608 4136 rum,
638 4078 692 4123 et
722 4085 913 4123 eorum
946 4085 1086 4140 quos
1143 4070 1237 4126 ille
1285 4079 1412 4126 ante
1464 4088 1575 4127 non
1604 4073 1852 4140 videbat,
1887 4084 1941 4129 et
1971 4082 2083 4129 tum

464 4164 599 4211 nutu
628 4157 724 4211 Dei
788 4158 1160 4229 cognoscebat
1216 4158 1382 4225 bene,
1442 4161 1710 4232 synodale
1742 4163 2083 4234 colloquium

465 4268 587 4305 cum
614 4251 697 4305 eis
729 4250 1045 4317 facientem,
1073 4259 1128 4307 et
1158 4269 1356 4328 magna
1371 4264 1424 4309 et
1444 4254 1874 4311 innumerabilia
1896 4256 2087 4327 dispo-

466 4351 712 4410 nentem,
753 4344 1214 4417 Arnolphumque
1262 4346 1462 4401 ducem
1518 4348 1869 4403 Bavariorum
1903 4349 2086 4405 adhuc

464 4439 836 4501 viventem,de
854 4439 1233 4496 destructione
1264 4442 1563 4498 multorum
1600 4444 2085 4511 monasteriorum,

466 4551 589 4605 quas
621 4535 677 4589 in
707 4532 980 4589 beneﬁcia
1008 4536 1273 4592 laicorum
1307 4536 1517 4602 divisit,
1552 4537 1620 4593 de
1652 4538 1844 4593 multis
1884 4541 2090 4595 sanctis

464 4632 783 4680 accusatum
814 4625 1445 4699 legaliterjudicantem,
1489 4638 1544 4683 et
1575 4646 1737 4684 enses
1766 4630 1907 4684 duos
1932 4631 2089 4685 valde

467 4714 689 4779 heriles,
723 4730 894 4769 unum
938 4732 1062 4770 cum
1118 4718 1336 4788 capulo,
1379 4726 1433 4773 et
1463 4719 1693 4773 alterum
1723 4719 1845 4774 sine
1893 4721 2088 4791 capulo

466 4809 571 4863 sibi
603 4809 1013 4875 ostendentem,
1045 4819 1101 4866 et
1130 4812 1210 4867 sic
1241 4812 1591 4884 loquentem:
1614 4835 1634 4862 ι
1669 4814 1762 4869 Dic
1794 4815 1908 4885 regi
1940 4816 2087 4870 Hen-

467 4900 715 4964 rico,illc
741 4902 889 4956 ensis
915 4903 1008 4974 qui
1037 4910 1120 4958 est
1170 4904 1291 4959 sine
1334 4905 1550 4975 capulo,
1594 4905 1867 4979 signiﬁcat
1901 4924 2085 4978 regem

468 4993 562 5065 qui
594 4994 715 5048 sine
742 4995 1135 5052 benedictione
1177 4996 1479 5067 pontificali
1529 5015 1760 5072 regnum
1822 5000 2037 5056 tenebit
2071 5018 2085 5066 ;

468 5087 753 5156 capulatus
784 5096 993 5149 autem,
1023 5089 1114 5158 qui
1173 5089 1566 5145 benedictione
1619 5089 1806 5145 divina
1833 5091 1989 5163 regni
2017 5098 2091 5147 te-

467 5178 1030 5254 nebitgubernacula.
1066 5201 1090 5231 »
1149 5181 1326 5237 Finita
1358 5183 1544 5254 itaque
1587 5182 1805 5252 synodo
1837 5181 2085 5253 praefata,

468 5266 561 5322 Dei
593 5274 797 5339 martyr
826 5270 1149 5325 monstravit
1196 5270 1272 5325 illi
1330 5272 1448 5326 loca
1478 5279 1781 5326 castrorum
1833 5271 1928 5326 ubi
1988 5287 2089 5343 po-

470 5365 583 5413 stea
604 5359 745 5425 Otto,
793 5376 886 5416 rex
916 5362 1097 5417 adhuc
1140 5378 1391 5429 manens,
1451 5365 1691 5437 regalem
1745 5363 2081 5418 locutionem

539 5513 646 5637 ‘16)
696 5514 809 5569 Hoc
870 5517 1101 5572 verbum
1164 5518 1271 5572 late
1324 5519 1653 5574 sumendum
1701 5517 1938 5580 videtur,
1962 5531 2085 5570 cum

539 5601 542 5636 l
571 5584 655 5637 Ius
680 5585 1002 5637 Fortunatus
1039 5589 1385 5637 Angustanns
1430 5591 1727 5637 enisnnnus
1757 5589 2083 5637 reneriatur.

470 5584 655 5669 nullus
680 5585 1002 5669 [fortunatus
1033 5589 1385 5669 §u_gustanus
1406 5668 1411 5669 γ
1430 5591 1727 5661 episcopus
1756 5589 2083 5659 reperiatur.

544 5654 650 5731 (1_
677 5655 777 5731 alii
811 5672 996 5731 regem
1033 5654 1199 5713 [taliae
1221 5668 1435 5715 vocant.

550 5724 654 5808 '13)
684 5724 1171 5808 Ιὲεηεξιξέενίυεῑρξ
1199 5746 1307 5808 usa
1352 5748 1477 5788 cum
1510 5732 1722 5808 fuisse
1770 5729 2085 5808 ρςιοηίέυ-

471 5801 645 5867 gustae
686 5795 922 5868 dedidit,
951 5814 1022 5853 an
1067 5801 1191 5855 951.
1226 5799 1493 5859 Contract.
1520 5804 1744 5860 Witich.
1770 5805 1905 5861 Dict.
1951 5800 2081 5866 Mar.

2108 4582 2160 4649 Ι)

2175 618 2269 659 rex
2290 604 2660 677 Berengarius
2714 605 2782 659 de
2839 604 3224 680 Longobardia
3279 607 3391 679 (17)
3423 617 3477 664 et
3509 610 3651 668 ﬁlius
3677 617 3772 685 ejus

2176 692 2501 747 Adalbertus
2532 708 2654 747 cum
2684 692 2872 748 multis
2899 694 3177 765 episcOpis
3213 711 3274 749 se
3300 706 3766 771 prmsentaverunt,

2178 791 2233 840 et
2271 784 2520 839 dominio
2562 784 2676 852 (18)
2728 784 3119 840 subdiderunt.
3171 786 3553 861 lndicavitque
3580 793 3626 846 ei
3658 811 3771 850 ven-

2180 884 2354 932 turam
2401 876 2914 951 supergressionem
2978 877 3346 951 Ungarorum,
3397 889 3453 936 et
3481 882 3603 939 loca
3645 885 3774 953 belli,

2179 971 2233 1020 et
2258 965 2509 1037 quamvis
2548 964 2844 1031 laboriose,
2903 974 3090 1021 tamen
3158 967 3445 1023 victoriam
3476 970 3776 1030 Christianis

2179 1075 2500 1115 concessam
2534 1073 2657 1114 esse
2698 1058 2992 1115 nuntiavit.
3051 1060 3158 1116 Hac
3200 1062 3420 1119 visione
3443 1073 3680 1135 peracta,
3704 1085 3775 1123 re-

2180 1154 2402 1210 ductum
2455 1169 2581 1209 eum
2627 1153 2683 1207 in
2737 1153 2941 1209 lectulo
2999 1156 3330 1211 collocatum
3388 1159 3617 1215 dimisit.
3674 1163 3770 1232 lpse

2178 1258 2309 1299 vero
2334 1243 2403 1298 ad
2458 1259 2519 1297 se
2578 1256 2834 1297 reversus
2879 1242 3171 1317 c0gitabat.
3226 1254 3554 1303 reverenter
3608 1250 3657 1304 in
3708 1268 3780 1306 re-

2180 1333 2559 1389 cordationem
2582 1346 2737 1386 suam
2769 1332 2982 1388 ducens
3013 1333 3148 1388 illud
3178 1334 3410 1390 illustris
3448 1337 3780 1394 verbisatoris

2180 1428 2320 1499 rapti
2345 1429 2411 1483 ad
2438 1434 2649 1483 secreta
2696 1428 2837 1482 tertii
2882 1427 3007 1483 coeli
3060 1428 3298 1484 dicentis
3355 1448 3369 1485 :
3430 1434 3559 1488 Sive
3605 1436 3660 1488 in
3686 1451 3781 1489 cor-

2178 1531 2325 1584 pore,
2357 1518 2469 1570 sive
2497 1520 2657 1570 extra
2685 1532 2878 1585 corpus
2918 1519 2983 1583 (II
3041 1518 3159 1572 Cor.
3224 1519 3344 1585 xu),
3377 1528 3485 1576 etc.
3527 1522 3646 1577 Hmc
3674 1539 3781 1577 vero

2181 1606 2319 1660 visio
2351 1605 2420 1660 ab
2438 1621 2506 1660 eo
2529 1606 2720 1677 paucis
2772 1606 3142 1676 prudentibus
3178 1624 3241 1663 ac
3290 1609 3400 1663 sibi
3444 1610 3784 1668 familiaribus

2182 1693 2528 1748 manifestata
2545 1701 2645 1748 est.
2683 1693 2878 1748 Postea
2933 1704 3117 1750 autem
3165 1705 3373 1753 curtem
3417 1702 3569 1775 regis
3594 1704 3780 1769 adiens,

2110 1823 2158 1889 Β
2183 1785 2345 1840 solito
2370 1801 2523 1841 more
2554 1786 2780 1840 servitio
2805 1787 2929 1855 ejus
2955 1787 3322 1857 subdebatur,
3355 1808 3537 1863 usque
3569 1794 3691 1849 dum
3708 1812 3783 1850 rex

2194 1879 2461 1933 Henricus
2512 1887 2839 1949 praesentem
2886 1880 3054 1934 vitam
3104 1880 3285 1937 ﬁniret
3326 1884 3460 1954 (19).
3497 1888 3676 1942 Ottoni
3708 1889 3786 1941 ita-

2191 1984 2298 2039 que
2338 1966 2453 2022 ﬁlio
2473 1967 2593 2038 ejus
2615 1970 2668 2021 in
2702 1984 2933 2043 regnum
2988 1971 3308 2040 sublimato,
3342 1977 3600 2031 eamdem
3645 1995 3785 2049 quam

2193 2059 2332 2130 patri
2358 2059 2713 2114 sedulitatem
2737 2060 3024 2139 servitiiet
3054 2060 3184 2117 ﬁdei
3208 2062 3535 2121 ﬁrmitatem
3580 2067 3634 2122 in
3671 2084 3788 2122 cuu-

2191 2152 2577 2223 ctisimpertiri
2618 2153 2892 2208 studebat.
2943 2155 3096 2210 Tunc
3116 2171 3246 2211 vero
3278 2161 3550 2229 temporis
3581 2162 3788 2217 habebat

2193 2245 2488 2314 cpiscopus
2534 2244 2821 2300 Udalricus
2870 2244 3042 2301 ﬁlium
3097 2249 3304 2303 sororis
3346 2267 3460 2306 suae
3507 2252 3787 2326 Luitgardzr

2194 2334 2356 2388 bonae
2384 2334 2613 2398 indolis,
2637 2334 3041 2390 Adalberonem
3096 2338 3344 2405 nomine,
3366 2341 3589 2395 cuidam
3612 2344 3789 2397 doctis-

2194 2425 2334 2481 simo
2366 2426 2650 2499 magistro,
2680 2426 2981 2481 Benedicto
3014 2430 3307 2497 monacho,
3348 2432 3418 2486 ad
3448 2435 3788 2489 erudiendum

2187 2514 2473 2570 scientiam
2516 2517 2887 2589 grammatica:
2932 2518 3077 2572 artis
3134 2526 3190 2573 et
3250 2520 3488 2576 aliorum
3552 2524 3788 2579 librorum

2188 2605 2656 2661 commendatum.
2693 2606 2937 2677 Cumque
2962 2606 3055 2662 ille
3081 2607 3152 2663 ab
3187 2623 3254 2664 eo
3282 2608 3339 2662 in
3392 2613 3654 2667 omnibus
3683 2629 3790 2684 pro-

2188 2698 2429 2754 fectibus
2473 2700 2634 2755 bonae
2673 2700 2922 2756 scientiae
2965 2712 3023 2756 et
3051 2702 3363 2773 disciplinas
3405 2705 3607 2761 doctus
3648 2715 3791 2778 atque

2188 2788 2454 2844 educatus
2484 2790 2538 2843 in
2559 2789 2718 2845 virile
2748 2792 2916 2846 robur
2940 2791 3281 2861 devenissct,
3305 2795 3492 2849 statim
3516 2798 3586 2851 de
3625 2798 3788 2853 schola

2188 2884 2502 2947 exemptus,
2547 2877 2617 2932 ab
2662 2881 2937 2935 avunculo
2995 2897 3094 2936 suo
3155 2881 3420 2953 episcopo
3495 2886 3789 2956 imperatori

2188 2974 2572 3034 praesentatus,
2614 2976 2669 3022 et
2720 2969 2776 3023 in
2821 2986 3018 3025 manus
3071 2970 3192 3039 ejus
3246 2971 3643 3029 misericordia)
3665 2991 3793 3029 com-

2186 3057 2497 3120 mendatus,
2528 3057 2697 3131 regali
2734 3059 2957 3114 servitio
2990 3066 3098 3113 tam
3129 3060 3375 3116 studiose
3408 3070 3579 3134 atque
3606 3065 3791 3119 decen-

2187 3149 2270 3197 ter
2296 3143 2604 3210 insistebat,
2635 3161 2808 3216 usque
2861 3148 2992 3200 dum
3053 3149 3375 3219 imperatori
3415 3152 3541 3219 ejus
3567 3153 3795 3207 ministe-

2188 3232 2324 3287 rium
2348 3234 2403 3287 in
2425 3234 2816 3290 ecclesiasticis
2844 3246 2901 3290 et
2924 3237 3289 3293 saecularibus
3333 3240 3479 3295 bene.
3502 3242 3791 3312 placuisset.

2187 3328 2259 3383 De
2291 3330 2392 3383 hac
2421 3345 2518 3400 pro
2548 3336 2698 3385 certo
2727 3331 3022 3386 sedulitate
3059 3334 3181 3401 ejus
3207 3336 3445 3390 ‘servitii
3480 3337 3795 3417 quotidiani,

2181 3437 2508 3477 concessum
2532 3432 2615 3478 est
2666 3424 2787 3493 ejus
2816 3426 3091 3480 avunculo
3146 3437 3337 3482 sancto
3406 3429 3661 3485 Udalrico
3695 3432 3796 3500 epi-

2186 3533 2378 3588 scopo,
2435 3525 2495 3572 ut
2524 3517 2785 3589 praefatus
2852 3520 3125 3575 Adalbero
3180 3522 3237 3575 in
3293 3524 3414 3593 ejus
3469 3525 3593 3580 vice
3624 3525 3795 3579 itinera

2188 3612 2410 3666 hostilia
2432 3628 2554 3666 cum
2579 3612 2780 3667 militia
2807 3613 3114 3684 episc0pali
3159 3614 3217 3668 in
3267 3617 3613 3673 voluntatem
3645 3620 3796 3689 impe-

2188 3703 2384 3757 ratoris
2416 3709 2724 3775 perageret,
2766 3712 2825 3758 et
2854 3704 2908 3758 in
2936 3715 3091 3759 curte
3141 3705 3497 3776 imperatoris
3546 3708 3667 3777 ejus
3694 3709 3793 3762 vice

2188 3798 2514 3852 assiduitate
2538 3798 2746 3853 servitii
2795 3806 3123 3863 moraretur,
3182 3816 3249 3854 ea
3277 3801 3542 3856 videlicet
3571 3818 3726 3857 causa
3750 3808 3796 3854 ut

2190 3890 2417 3961 praefato
2473 3890 2713 3960 praesuli,
2748 3891 2843 3945 Dei
2900 3891 3145 3959 servitio,
3205 3901 3258 3947 et
3303 3896 3576 3950 custodiae
3629 3895 3794 3969 gregis

2191 3982 2586 4050 commendati,
2619 3989 2674 4037 et
2701 3982 3035 4038 utilitatibus
3064 3984 3335 4046 ecclesiae,
3363 3994 3418 4041 et
3449 3988 3794 4045 orationibus.

2192 4080 2247 4126 et
2276 4071 2644 4143 eleemosynis
2672 4071 2980 4125 secundum
3037 4088 3196 4126 suum
3252 4073 3600 4127 desiderium
3624 4073 3796 4127 immo-

2189 4166 2295 4220 rari
2322 4166 2585 4221 licuisset.
2608 4165 2705 4219 Ille
2731 4182 2882 4231 vero,
2907 4173 3174 4237 quantum
3207 4183 3282 4221 sas
3297 4167 3735 4222 cularibuscuris
3750 4180 3797 4217 se.

2186 4258 2583 4314 absolutiorem
2603 4272 2723 4313 esse
2754 4258 3051 4328 persensiit
3081 4260 3224 4327 (sic),
3256 4266 3466 4314 tantum
3490 4260 3729 4331 seipsum
3752 4257 3796 4309 in

2188 4352 2283 4408 Dei
2315 4353 2596 4408 voluntate
2623 4350 2804 4405 facere
2846 4350 3127 4407 nitebatur
3168 4351 3590 4422 obligatiorem.
3621 4350 3797 4406 Cursus

2190 4446 2406 4502 scilicet
2461 4444 2821 4517 quotidianus
2899 4461 3024 4500 cum
3109 4446 3508 4502 matriculariis
3582 4444 3696 4515 (20)
3750 4443 3795 4495 in

2189 4537 2360 4592 choro
2379 4535 2627 4604 ejusdem
2660 4535 2960 4591 matriculae
3016 4535 3086 4590 ab
3143 4551 3211 4592 eo
3268 4547 3429 4591 caute
3472 4534 3795 4593 observaba-

2195 4634 2300 4690 tur,
2360 4626 2810 4696 quandocunque
2849 4624 2902 4677 ei
2958 4624 3106 4680 domi
3165 4625 3508 4680 manendum
3550 4625 3669 4680 alias
3717 4638 3796 4677 oc-

2192 4721 2489 4790 cupatione
2565 4731 2990 4785 consenserunt,
3063 4720 3297 4789 Insuper
3372 4724 3560 4773 autem
3646 4730 3793 4770 unum

2190 4816 2483 4873 cursumin
2517 4816 2727 4871 honore
2780 4822 2983 4871 sanctae
3032 4814 3212 4870 Mariae
3262 4814 3553 4889 genitricis
3610 4811 3719 4875 Dei,
3749 4817 3795 4863 et

2191 4909 2424 4965 alterum
2472 4908 2539 4963 de
2571 4913 2759 4962 sancta
2808 4923 2988 4970 cruce,
3043 4907 3259 4962 tertium
3290 4904 3358 4961 de
3397 4906 3656 4961 omnibus
3682 4918 3794 4957 san-

2193 4999 2317 5065 ctis,
2346 4998 2557 5053 etalios
2584 4996 2825 5068 psalmos
2849 4996 3138 5067 plurimos,
3170 5003 3462 5066 totumque
3496 4992 3789 5066 psalterium

2193 5087 2343 5144 omni
2377 5086 2469 5141 die
2515 5086 2739 5157 explere
2777 5086 2972 5142 solitus
3004 5094 3141 5150 erat,
3186 5084 3291 5139 nisi
3324 5084 3367 5139 si
3399 5100 3529 5138 eum
3578 5079 3790 5152 impedi-

2194 5191 2274 5239 ret
2325 5183 2508 5254 aliqua
2560 5181 2897 5237 inevitabilis
2967 5180 3311 5253 necessitas,
3373 5179 3567 5234 Missas
3630 5185 3789 5231 autem

2190 5280 2302 5329 tres
2341 5273 2449 5339 (‘21)
2505 5273 2592 5328 vel
2647 5273 2783 5327 duas
2829 5279 2924 5326 aut
2977 5286 3164 5335 unam,
3221 5269 3531 5324 secundum
3564 5265 3781 5337 Spatium

2187 5362 2471 5433 temporis,
2504 5368 2725 5417 cantare
2751 5361 2997 5434 quotidie
3046 5374 3157 5416 non
3199 5359 3384 5424 desiit,
3441 5358 3486 5413 si
3522 5353 3788 5412 inﬁrmitas

2189 5522 2243 5571 et
2270 5517 2384 5584 alii,

2264 5588 2482 5664 (19MB
2526 5590 2652 5664 936:
2715 5660 2746 5664 η
2826 5660 2838 5664 _
2913 5658 2978 5664 -_
3157 5656 3166 5664 .
3211 5657 3221 5664 .
3384 5654 3396 5664 .
3471 5655 3481 5664 .

2260 5654 2368 5729 ('20)
2400 5660 2772 5727 Matricularii,
2792 5658 2981 5715 clerici
3013 5654 3609 5734 matricis_ecclesiaa.m
3652 5721 3662 5731 .

2258 5716 2370 5803 (21')
2399 5716 2627 5790 Sublata
2644 5740 2727 5790 est
2756 5716 2823 5787 ea
2842 5728 3205 5787 consuetudo.
3234 5729 3367 5783 Vide
3394 5744 3440 5782 c.
3478 5721 3707 5785 Sufficit,
3735 5716 3785 5769 de

2210 5810 2482 5861 consecrat
2511 5807 2566 5861 d.
2602 5807 2655 5860 1.
