3924 6386
240 385 376 438 1017

1833 392 1999 445 νιτΑ.

3450 391 3584 445 1018

231 514 488 585 corporis
546 522 641 568 aut
671 514 898 585 aliquod
950 515 1193 569 studium
1226 515 1430 570 bonum
1489 516 1537 571 ei
1583 533 1691 572 non
1721 518 1860 571 sub-
1892 526 1937 589 Α
1970 518 2091 585 ejus
2121 526 2337 582 ornatu,
2369 518 2453 571 vel
2480 518 2548 570 de
2586 518 2857 587 paraturis
2880 517 3127 572 altarium
3158 525 3212 572 et
3236 517 3588 586 clericorum,

231 604 416 658 traxit.

315 702 402 755 ιιι.
440 701 618 755 Multis
678 700 1021 771 temporibus
1063 716 1229 755 carne
1286 700 1571 767 abstinuit,
1629 702 1725 757 sed
1785 713 1866 757 ta-

230 811 367 848 men
410 794 532 849 aliis
561 810 686 848 cum
720 809 787 848 eo
821 792 1286 847 manducantibus
1316 794 1664 849 abundanter
1690 796 1864 850 dona-

234 882 349 935 vit.‘
375 881 431 934 ln
471 881 816 953 quotidianis
859 880 1275 945 refectionibus,
1331 884 1554 953 quando
1598 899 1719 938 cum
1753 885 1866 939 suis

229 971 306 1025 ad
349 986 595 1024 mensam
637 969 893 1035 sedebat,
951 970 1126 1040 prima
1153 971 1427 1041 appositio
1470 988 1672 1043 panum
1701 981 1865 1045 atque

231 1061 512 1126 ciborum,
554 1076 619 1113 ex
677 1060 911 1113 maxima
945 1070 1117 1131 parte,
1146 1077 1245 1130 per
1299 1061 1544 1132 aliquem
1601 1064 1862 1119 clericum

236 1153 332 1207 cui
376 1153 492 1206 Ι]ωο
517 1154 907 1207 commendata
940 1161 1088 1219 sunt,
1123 1154 1461 1223 pauperibus
1494 1155 1864 1223 dividebatur,

233 1244 494 1313 exceptis
524 1244 609 1297 his
639 1245 849 1298 mancis
874 1252 1036 1314 atque
1068 1244 1347 1298 debilibus
1376 1246 1491 1317 qui,
1526 1246 1580 1300 in
1613 1248 1869 1319 grabatu-

235 1333 311 1386 lis
353 1340 407 1385 et
462 1333 516 1385 in
552 1331 773 1386 lectulis
802 1339 855 1385 et
900 1332 953 1385 in
987 1333 1265 1386 scamellis
1312 1334 1677 1399 ambulantes,
1710 1344 1763 1391 et
1812 1336 1866 1389 in

234 1426 540 1497 sperulatis
565 1426 804 1487 lectulis,
829 1426 1217 1497 quotidianum
1241 1428 1442 1482 victum
1478 1430 1532 1482 in
1565 1431 1685 1497 ejus
1718 1446 1865 1500 prte-

233 1522 418 1575 sentia
450 1528 789 1591 acceperunt
816 1521 884 1574 de
925 1521 1157 1591 eptimis
1182 1522 1324 1575 escis
1356 1531 1407 1576 et
1442 1525 1680 1593 potilius.
1715 1527 1863 1580 Alio-

238 1630 359 1667 rum
396 1622 579 1667 autem
627 1613 733 1681 (22)
770 1628 955 1672 nemo.
1000 1613 1094 1683 qui
1140 1614 1195 1667 in
1244 1630 1343 1667 sua
1385 1617 1700 1685 pra'sentia,
1748 1618 1862 1672 sive

240 1716 410 1758 notus
454 1705 650 1760 fuisset
712 1705 827 1759 sive
885 1706 1149 1775 ignotus,
1219 1707 1403 1760 cibum
1459 1716 1859 1779 sumpserunt,

240 1798 498 1851 esuriens
528 1804 620 1851 aut
651 1797 844 1850 sitiens
874 1797 1186 1859 recededat,
1230 1798 1333 1850 nisi
1366 1798 1665 1870 aliquando
1707 1801 1864 1856 incu-

236 1891 319 1943 ria
352 1896 446 1942 aut
479 1889 694 1942 tenacia
725 1888 1100 1942 ministrorum
1156 1889 1481 1958 contigisset
1508 1898 1698 1945 contra
1744 1894 1863 1963 epi-

234 1979 393 2047 sc0pi
453 1978 811 2032 voluntatem.
887 1978 1143 2047 Hospites
1202 1988 1385 2033 autem
1435 1995 1556 2034 cum
1616 1981 1681 2034 ad
1739 1998 1863 2037 eum

238 2070 623 2133 devenissent,
676 2069 920 2139 tripudio
978 2076 1034 2123 et
1074 2075 1222 2125 tanta
1268 2071 1545 2125 hilaritate
1585 2074 1765 2127 vultus
1812 2085 1867 2129 et

241 2161 417 2214 animi
453 2160 692 2230 suscepti
726 2167 851 2214 sunt
882 2168 936 2214 et
984 2160 1034 2214 in
1067 2161 1325 2215 omnibus
1360 2164 1651 2232 procurati,
1694 2166 1861 2220 veluti

239 2251 326 2303 eis
358 2252 569 2320 optime
628 2251 1015 2316 conveniebat,
1064 2252 1247 2305 sciens
1277 2251 1331 2305 in
1364 2252 1445 2306 eis
1491 2253 1761 2308 Christum
1803 2271 1863 2309 se

233 2340 577 2409 suscepisse,
611 2338 704 2393 illo
744 2339 999 2393 dicente:
1048 2343 1249 2410 Hospes
1291 2344 1399 2408 fui,
1457 2347 1506 2395 et
1553 2346 1864 2412 suscepistis

234 2447 318 2484 me
358 2432 559 2499 (Matii.
590 2434 733 2485 xxvi
782 2431 954 2483 Vasali
996 2439 1179 2485 autem
1237 2434 1352 2502 (9.3)
1404 2434 1747 2503 imperatoris
1794 2436 1863 2489 ab

232 2535 302 2573 eo
340 2526 640 2589 pergentes
672 2519 757 2571 vel
791 2520 857 2571 ad
891 2535 1017 2573 eum
1049 2521 1369 2585 redeuntes,
1404 2538 1618 2577 summo
1654 2524 1859 2577 honore

236 2611 511 2680 suscepti,
549 2617 603 2664 et
659 2610 713 2663 in
758 2617 966 2665 tantum
1015 2619 1141 2665 sunt
1166 2613 1469 2682 epulentati
1517 2623 1573 2667 ut
1623 2614 1674 2667 in
1710 2616 1861 2669 nullo

234 2718 337 2755 eos
369 2708 462 2755 aut
490 2701 738 2767 iumenta
765 2717 954 2756 eorum
987 2702 1096 2755 ulla
1131 2702 1436 2775 indigentia
1470 2704 1738 2775 fatigaret,
1773 2721 1860 2760 ac-

235 2793 531 2862 ceptisque
581 2807 770 2847 secum
802 2793 1096 2862 stipendiis
1123 2794 1340 2849 itineris
1374 2811 1562 2850 eorum
1608 2812 1859 2850 necessa-

236 2883 356 2946 riis,
416 2884 519 2937 laeti
566 2884 635 2937 ab
694 2898 761 2937 eo
808 2884 1071 2939 redirent.
1120 2885 1417 2940 Monachos
1467 2896 1649 2941 autem
1702 2896 1863 2959 atque

236 2974 478 3029 clericos
531 2982 583 3029 et
654 2976 1101 3030 sanctimoniales
1184 2993 1305 3031 eum
1366 2978 1649 3033 visitantes
1711 2996 1863 3034 more

238 3062 485 3117 ﬁliorum
521 3063 743 3127 amavit,
773 3071 823 3116 et
854 3064 1235 3133 spiritualibus
1279 3081 1374 3120 eos
1409 3075 1575 3138 atque
1605 3084 1866 3137 corpora-

229 3152 385 3206 libus
415 3152 557 3206 escis
605 3152 956 3207 abundanter
995 3155 1282 3221 recreavit,
1332 3167 1539 3211 etcum
1600 3160 1692 3214 illo
1747 3177 1857 3213 ma—
1884 3195 1928 3221 ,η

231 3259 371 3297 nere
426 3244 700 3299 concessit
757 3245 1004 3316 quandiu
1053 3262 1245 3302 eorum
1301 3249 1565 3304 voluntati
1614 3251 1860 3321 compla-
1883 3239 1931 3261 υ

222 3335 361 3396 cuit,
400 3342 452 3388 et
496 3350 741 3409 congruo
781 3343 1032 3407 tempore
1064 3338 1120 3392 in
1175 3340 1433 3394 omnibus
1489 3342 1746 3398 hilaratos
1780 3344 1857 3398 ire

221 3424 462 3477 dimisit.
500 3424 742 3478 Cleric0s
781 3432 961 3478 autem
986 3441 1116 3480 suos
1157 3442 1221 3479 ex
1278 3426 1506 3495 familia,
1539 3430 1624 3483 vel
1654 3430 1859 3486 liberos

226 3513 547 3569 medioeres
582 3512 669 3567 vel
709 3514 1033 3581 nobiliores,
1075 3531 1290 3571 summa
1331 3517 1616 3591 diligentia
1650 3520 1857 3575 nutrire

232 3610 292 3656 et
335 3603 539 3656 docere
590 3604 877 3673 praecepit,
931 3613 985 3659 et
1023 3622 1405 3678 quoscumque
1452 3608 1595 3662 inter
1634 3625 1731 3664 eos
1766 3611 1859 3666 ho-

232 3715 375 3753 nore
406 3699 606 3769 dignos
644 3702 924 3775 cognovit,
953 3703 1279 3758 ministeriis
1307 3713 1361 3759 et
1398 3707 1658 3778 congruis
1683 3707 1857 3762 bene-

237 3790 383 3845 ﬁciis
435 3790 666 3847 ditiores
711 3792 860 3847 fecit.
905 3794 1047 3849 Laici
1102 3805 1283 3851 autem
1325 3813 1439 3852 suae
1494 3799 1857 3855 dominationi

228 3883 494 3951 subjecti,
547 3901 767 3955 semper
816 3902 939 3941 cum
983 3903 1048 3942 eo
1103 3889 1251 3943 omni
1306 3890 1513 3943 honore
1566 3898 1619 3944 et
1672 3891 1859 3948 laetitia

226 3974 738 4041 commorabantur,
769 3977 976 4031 nullam
1008 3979 1354 4049 deceptionis
1380 3980 1625 4035 fraudem
1658 3983 1726 4037 ab
1758 3983 1853 4039 illo

228 4064 352 4119 fieri
409 4065 689 4132 timentes,
729 4068 827 4121 sed
875 4067 1103 4124 firmiter
1150 4072 1442 4126 credentes
1489 4082 1653 4143 atque
1703 4082 1853 4129 certe

226 4157 475 4211 scientes
499 4158 686 4228 [quod]
708 4158 975 4230 quidquid
1009 4161 1091 4215 eis
1117 4163 1462 4231 promiserat,
1490 4165 1594 4219 hoc
1628 4166 1855 4222 Domino

229 4254 517 4301 annuente
557 4248 954 4317 compendiose
974 4250 1300 4320 perfecerat.
1334 4254 1406 4307 De
1440 4254 1645 4309 familia
1675 4264 1855 4311 autem

231 4336 285 4389 ei
319 4336 611 4390 commissa
656 4337 991 4409 quicumque
1024 4346 1149 4393 ante
1190 4356 1314 4395 eum
1347 4350 1572 4397 venerat
1594 4360 1652 4398 se
1675 4346 1859 4400 excla-

238 4422 447 4477 mando
479 4422 684 4490 injuste
712 4440 836 4478 esse
868 4440 1192 4495 Oppressum
1236 4430 1318 4483 vel
1348 4433 1736 4501 exspoliatum,
1769 4442 1861 4489 aut

234 4511 426 4582 aliquo
458 4513 623 4567 modo
670 4513 989 4581 injuriatum
1041 4516 1112 4570 de
1151 4517 1377 4573 domino
1418 4521 1641 4591 prOprio
1686 4524 1772 4578 cui
1805 4524 1859 4578 in

237 4601 570 4656 beneﬁcium
618 4620 920 4659 concessus
948 4615 1085 4672 erat,
1142 4609 1257 4663 sive
1295 4612 1363 4665 de
1415 4628 1681 4670 conservo
1713 4616 1857 4683 ejus,

231 4695 319 4748 vel
341 4695 411 4748 de
433 4695 541 4749 alio
563 4696 772 4766 aliquo,
788 4698 853 4751 ad
877 4699 1149 4754 rationem
1179 4702 1300 4770 ejus
1322 4711 1479 4758 caute
1500 4707 1856 4773 auscultavit;

231 4793 285 4838 et
342 4784 438 4838 ubi
477 4787 738 4857 cognovit
778 4787 980 4855 injuste
1028 4798 1219 4845 contra
1268 4809 1394 4846 eum
1427 4794 1629 4849 factum
1663 4796 1856 4863 fuisse,

235 4871 468 4926 tirmiter
496 4875 785 4929 confestim
822 4881 1083 4949 przecepit
1117 4889 1175 4935 ut
1208 4882 1469 4954 iniquitas
1495 4887 1545 4939 ei
1578 4886 1718 4941 facta
1750 4890 1859 4944 cito

232 4964 648 5032 emendaretur,
707 4975 760 5021 et
817 4985 926 5024 non
986 4972 1173 5027 omisit
1233 4975 1411 5030 donec
1476 4976 1855 5047 perﬁceretur.

235 5054 569 5128 Legitimum
593 5072 720 5113 vero
742 5059 833 5128 jus
866 5062 1031 5115 totius
1063 5064 1305 5129 familiae,
1337 5084 1445 5137 quo
1478 5087 1576 5141 pro
1606 5082 1856 5127 anteces-

229 5146 457 5199 soribus
486 5146 603 5199 suis
630 5147 907 5215 utebatur,
933 5151 1161 5207 firmiter
1191 5170 1310 5208 eam
1341 5164 1531 5212 tenere
1562 5162 1857 5228 concessit,

234 5244 291 5291 et
322 5237 529 5291 nullius
565 5241 850 5307 potestatis
881 5242 1159 5298 hominem
1193 5247 1296 5300 sub
1327 5264 1427 5303 suo
1461 5252 1731 5325 regimine
1759 5254 1858 5307 de-

231 5340 460 5407 gentem
499 5334 601 5388 hoc
640 5334 690 5387 ei
752 5336 942 5392 tollere
1003 5342 1272 5410 permisit.
1334 5343 1453 5400 Otio
1503 5347 1655 5401 inani
1705 5349 1857 5405 nullo

231 5430 486 5491 tempore
534 5425 778 5478 animum
838 5442 1000 5481 suum
1046 5430 1330 5498 subjacere
1379 5436 1708 5505 patiebatur,
1750 5441 1852 5495 nisi

228 5511 449 5582 aliquid
490 5513 738 5569 utilitatis
788 5524 1127 5590 excogitaret
1180 5529 1271 5576 aut
1326 5534 1689 5596 perpetraret,
1740 5531 1855 5586 sive

231 5603 302 5657 de
335 5604 575 5658 ecclesia
605 5622 769 5677 quam
802 5610 1050 5682 undique
1096 5612 1363 5683 dilapsam
1407 5617 1639 5686 invenit,
1676 5622 1761 5677 vel
1784 5624 1853 5678 de

439 5744 738 5874 fragino
769 5820 957 5890 habet,
1016 5824 1215 5882 Vasalli
1244 5834 1425 5884 autem
1458 5832 1580 5900 ejus
1637 5834 1692 5888 in
1727 5853 1857 5905 pro-

1969 617 2023 662 et
2064 610 2133 662 de
2177 608 2469 680 disciplina
2501 608 2890 663 eanonicorum
2924 618 2977 663 et
3026 609 3236 676 schola,
3269 611 3338 664 de
3370 620 3588 666 susten-

1967 698 2171 751 tatione
2210 707 2264 751 et
2294 697 2597 751 salvatione
2647 698 2887 762 familiae,
2923 705 2977 752 et
3009 699 3246 769 qualiter
3288 700 3586 767 civitatem,

1966 806 2128 860 quam
2164 789 2366 859 ineptis
2397 790 2666 843 valliculis
2715 799 2768 843 et
2800 790 2963 862 lignis
3018 790 3250 859 putridis
3277 790 3589 845 circumda-

1968 886 2073 933 tam
2109 879 2339 939 invenit,
2401 878 2571 932 inuris
2619 879 2844 952 cingere
2887 878 3167 941 valuisset,
3228 880 3361 950 quia
3400 880 3456 933 in
3503 881 3586 936 his

1969 971 2317 1041 temporibus
2371 970 2712 1045 Ungarorum
2754 970 2960 1024 saevitia
3010 970 3064 1023 in
3121 970 3240 1026 istis
3289 972 3589 1042 provinciis

1967 1080 2122 1118 more
2161 1065 2558 1119 daemoniorum
2608 1065 2978 1141 grassabatur.
3043 1065 3167 1120 Haec
3223 1080 3353 1119 vero
3403 1066 3589 1120 omnia

1968 1172 2090 1209 cum
2119 1156 2362 1210 exterius
2389 1171 2615 1209 suorum
2642 1156 2892 1209 tidehum
2925 1158 3177 1210 consultu
3206 1164 3587 1226 pertractaret,

1967 1256 2103 1301 testu
2138 1256 2318 1301 tamen
2353 1248 2584 1301 interius
2625 1248 2799 1301 Divini
2842 1248 3049 1302 amoris
3083 1264 3406 1313 succensus,
3437 1248 3586 1323 vigi-

1972 1332 2058 1385 liis
2090 1343 2145 1387 et
2182 1334 2528 1388 orationibus
2559 1342 2611 1388 et
2637 1335 2868 1403 jejuniis
2890 1344 2942 1388 et
2981 1336 3351 1404 eleemOSynis
3382 1335 3504 1390 Deo
3525 1352 3585 1390 se

1969 1424 2180 1478 sociare
2221 1424 2626 1478 studiosissime
2676 1425 2988 1489 festinabat,
3044 1440 3265 1494 semper
3318 1426 3430 1479 cuti
3470 1441 3585 1481 suae

1968 1518 2184 1570 laneum
2216 1533 2504 1587 apponens
2534 1518 2943 1583 vestimentum,
2978 1527 3032 1572 et
3064 1519 3306 1591 regulam
3344 1534 3586 1589 sequens

1964 1610 2383 1663 monachorum.
2435 1609 2561 1663 Post
2612 1610 3041 1679 (Iompletorium
3096 1625 3401 1679 nunquam,
3458 1626 3588 1681 pro-

1962 1709 2087 1773 pter
2128 1702 2294 1755 ullius
2329 1702 2563 1755 hominis
2622 1702 2966 1771 petitionem,
3022 1718 3201 1756 escam
3252 1705 3336 1757 vel
3372 1710 3584 1773 potum,

1964 1794 2316 1848 delectationi
2351 1795 2599 1864 corporis
2644 1810 2758 1847 suae
2806 1795 3185 1861 consentiens,
3233 1795 3488 1865 sumpsit.
3526 1796 3583 1848 ln

1966 1886 2195 1940 mollitia
2223 1886 2476 1956 plumarii
2514 1902 2621 1939 non
2677 1886 2958 1954 dormivit,
2991 1888 3088 1941 sed
3129 1887 3364 1957 psiathio
3395 1888 3499 1957 (2f)
3528 1894 3583 1941 et

1967 1997 2098 2053 sago
2129 1988 2221 2034 aut
2251 1982 2471 2051 tapetiis
2512 1982 2816 2051 suppositis
2856 1981 3146 2052 requievit.
3192 1982 3249 2034 ln
3283 1991 3443 2036 nocte
3476 1981 3584 2052 pri-

1968 2090 2116 2127 mum
2176 2080 2406 2127 sonante
2437 2073 2595 2143 signo
2648 2073 2903 2137 surrexit,
2949 2080 3003 2127 et
3045 2074 3335 2144 praedictos
3390 2089 3582 2128 cursus

1966 2165 2199 2218 maxima
2232 2166 2442 2219 cautela
2472 2166 2786 2236 complevit.

2039 2257 2121 2310 ιν.
2156 2258 2395 2326 Tempus
2424 2274 2554 2313 vero
2574 2254 3017 2331 Quadragesimaa
3048 2265 3255 2327 quanta
3285 2257 3582 2311 devotione

1966 2346 2288 2410 celebraret,
2322 2362 2503 2401 sermo
2546 2348 2677 2400 mihi
2712 2362 2821 2400 non
2863 2345 3066 2399 sufficit
3102 2346 3167 2398 ad
3212 2344 3583 2404 narrandum;

1964 2439 2059 2493 sed
2093 2449 2273 2494 tamen
2306 2457 2370 2495 ea
2392 2456 2514 2512 qua:
2544 2440 2782 2494 vidimus
2804 2457 2914 2495 non
2938 2440 3097 2494 decet
3129 2440 3291 2494 nobis
3322 2441 3374 2493 in
3408 2446 3582 2494 totum

1964 2534 2240 2589 omittere.
2296 2535 2571 2590 Matutinis
2625 2552 2863 2606 namque
2894 2534 3150 2589 laudibus
3198 2534 3451 2604 expletis,
3481 2549 3581 2588 au-

1966 2640 2083 2679 rora
2114 2623 2223 2677 diei
2256 2624 2431 2693 prima
2463 2623 2871 2685 illuscescente,
2892 2624 3014 2677 aliis
3036 2622 3580 2693 Orationibusexple-

1965 2713 2033 2767 tis
2064 2712 2297 2782 psallere
2330 2712 2646 2782 psalterium
2678 2713 2869 2783 cmpit,
2912 2727 3021 2782 quo
3051 2713 3271 2782 expleto
3298 2720 3350 2766 et
3381 2711 3585 2766 lctania

1968 2803 2202 2873 expleta,
2254 2803 2375 2856 aliis
2413 2802 2760 2857 orationibus
2790 2803 3019 2857 firmiter
3057 2803 3370 2869 insistebat,
3411 2817 3585 2873 usque

1967 2895 2096 2948 dum
2129 2894 2346 2968 signum
2406 2895 2472 2948 ad
2503 2895 2719 2969 vigilias
2772 2894 3159 2950 defunctorum
3206 2900 3443 2959 sonaret,
3475 2908 3587 2965 quo

1966 2987 2154 3042 audito
2206 2987 2387 3041 statim
2446 2988 2703 3057 surrexit,
2756 2995 2807 3042 et
2863 3004 2985 3043 cum
3040 2987 3297 3042 fratribus
3336 2986 3587 3059 Vigiliam

1966 3077 2268 3132 celebravit
2298 3085 2351 3133 et
2384 3078 2647 3142 Primam;
2681 3079 2860 3132 Prima
2895 3096 3025 3134 vero
3058 3081 3294 3150 expleta,
3326 3078 3588 3132 fratribus

1958 3166 2119 3220 solito
2161 3181 2313 3220 more
2344 3181 2562 3219 crucem
2610 3165 2978 3236 portantibus,
3032 3165 3154 3236 ipse
3182 3181 3476 3220 remanens
3530 3164 3583 3218 in

1959 3260 2194 3313 ecclesia
2224 3258 2536 3313 codiculum
2581 3258 2886 3312 breviatum
2923 3274 2986 3312 ex
3029 3258 3256 3327 psalmis
3298 3274 3420 3313 cum
3463 3257 3587 3312 aliis

1958 3349 2306 3404 orationibus
2339 3349 2560 3402 interim
2618 3350 2950 3415 decantavit,
2998 3366 3174 3420 usque
3230 3351 3358 3403 dum
3390 3348 3588 3403 fratres

1958 3456 2079 3495 cum
2122 3456 2283 3495 cruce
2339 3440 2587 3494 redirent
2627 3447 2680 3495 et
2720 3441 2943 3494 missam
2996 3439 3415 3496 sacrificationis
3441 3440 3589 3494 cele-

1960 3536 2117 3588 brare
2151 3534 2472 3604 coepissent,
2518 3533 2636 3604 ipse
2694 3536 2931 3605 primum
2974 3536 3171 3590 devote
3211 3536 3323 3590 Deo
3379 3533 3589 3590 sacriﬁ-

1959 3630 2103 3683 cium
2153 3627 2413 3695 ot’ferens,
2465 3645 2684 3683 manum
2726 3629 3036 3684 sacerdotis
3097 3628 3379 3683 humiliter
3415 3644 3585 3684 oscu-

1960 3717 2094 3770 lans.
2156 3716 2379 3785 Expleta
2435 3732 2564 3771 vero
2611 3716 2799 3779 missa,
2849 3715 3085 3769 Tertiam
3127 3731 3249 3769 cum
3324 3714 3584 3768 fratribus

1961 3808 2243 3878 explevit;
2292 3806 2549 3861 fratribus
2575 3825 2704 3863 vero
2745 3808 2813 3862 ad
2854 3807 3153 3878 capitulum
3187 3806 3579 3877 pergentibus.

1961 3901 2081 3971 ipse
2107 3901 2271 3956 solito
2301 3917 2453 3956 more
2488 3902 2537 3956 in
2570 3901 2802 3956 ecclesia
2835 3899 3124 3964 remansit,
3155 3900 3331 3954 donec
3353 3899 3575 3972 signum

1955 3996 2019 4049 ad
2042 3996 2255 4049 Sextam
2290 4004 2511 4049 sonaret
2563 3995 2724 4049 Sexta
2766 4002 2948 4048 autem
3002 3994 3134 4049 hora
3165 3994 3404 4064 expleta,
3440 3992 3579 4047 alta-

1956 4087 2033 4140 ria
2063 4087 2304 4141 cicuibat
2342 4103 2462 4140 cum
2494 4088 2674 4151 venia,
2708 4094 2937 4141 cantans
2968 4088 3223 4141 Miserere
3251 4087 3377 4150 mei,
3425 4086 3580 4148 Deus,

1958 4182 2012 4228 et
2042 4175 2464 4244 deprofundt's;
2506 4182 2636 4229 tunc
2689 4175 2909 4229 demu'u
2945 4176 3011 4229 ad
3064 4174 3377 4230 cubiculum
3420 4175 3584 4230 rediit

1960 4266 2027 4321 ad
2076 4266 2364 4321 lavandam
2399 4266 2588 4322 faciem
2624 4284 2777 4321 suam
2822 4274 2875 4321 et
2903 4268 2969 4321 ad
3017 4267 3238 4322 missam
3272 4284 3332 4321 se
3368 4284 3586 4339 praepa-

1960 4359 2211 4413 randum.
2262 4359 2546 4413 Missarum
2601 4368 2782 4413 autem
2817 4358 3294 4414 celebrationibus
3354 4359 3589 4430 expletis

1962 4454 2015 4501 et
2068 4448 2324 4517 Vesperis
2374 4448 2698 4509 decantatis,
2760 4449 2827 4502 ad
2885 4449 3239 4518 hospitiolum
3285 4465 3584 4520 pauperum

1885 4573 1936 4640 Β
1963 4536 2235 4606 pervenit,
2254 4543 2308 4589 et
2339 4536 2634 4591 duodecim
2663 4553 2967 4607 pauperum
3004 4538 3177 4608 pedes
3204 4537 3353 4601 lavit,
3381 4545 3433 4592 et
3461 4538 3589 4591 uni-

1961 4626 2163 4699 cuique
2217 4645 2407 4683 eorum
2468 4628 2535 4682 de
2600 4629 2789 4683 accolo
2861 4629 3096 4699 pretium
3155 4629 3319 4684 unius
3373 4630 3585 4685 denarii

1961 4713 2205 4768 donavit.
2242 4714 2374 4768 inde
2405 4715 2655 4780 rediens,
2682 4716 2749 4769 ad
2773 4732 3022 4770 mensam
3054 4733 3355 4787 pransurus
3383 4733 3583 4772 conse-

1962 4808 2061 4874 dit,
2105 4808 2180 4862 ibi
2214 4809 2377 4864 lectio
2410 4826 2520 4864 non
2554 4809 2752 4877 defuit,
2806 4827 2909 4866 nec
2940 4812 3327 4881 praedictorum
3378 4827 3582 4882 paupe-

1961 4915 2079 4952 rum
2115 4899 2407 4955 multitudo
2437 4901 2663 4971 copiosa
2728 4902 2993 4972 Apposita
3025 4919 3168 4957 tcum
3204 4902 3406 4974 gaudio
3434 4919 3586 4957 sum-

1963 4993 2092 5062 psit,
2134 5002 2189 5048 et
2218 5011 2338 5049 cum
2373 5010 2440 5049 eo
2480 4996 2836 5050 manentibus
2883 4998 3120 5051 maxima
3158 4996 3433 5051 hilaritate
3469 4996 3586 5051 dis-

1961 5083 2175 5151 tribuit,
2209 5086 2507 5140 recordans
2527 5086 2661 5141 illud
2695 5087 2970 5158 Apostoli:
2997 5089 3241 5142 Hilarem
3257 5091 3405 5142 enim
3426 5090 3583 5142 dato-

1960 5192 2076 5229 rem
2105 5177 2291 5244 diligit
2321 5178 2462 5232 Deus
2493 5182 2567 5247 (II
2593 5178 2712 5234 Cor.
2754 5182 2846 5248 ιχ).
2896 5180 3205 5252 Unicuique
3260 5180 3409 5235 enim
3443 5197 3583 5251 prae-

1960 5265 2129 5322 bebat
2175 5270 2321 5339 quod
2378 5286 2504 5324 eum
2556 5270 2919 5326 libentissime
2968 5288 3188 5327 sumere
3250 5271 3579 5327 aestimabat.
3668 5327 3677 5336 ,

1960 5354 2093 5409 Cibo
2123 5371 2251 5411 vero
2285 5365 2639 5429 consumpto,
2692 5366 2746 5413 et
2774 5361 3034 5415 omnibus
3066 5378 3190 5417 cum
3237 5377 3304 5417 eo
3335 5377 3581 5418 commo—

1960 5445 2232 5514 rantibus,
2266 5446 2572 5515 laetiﬁcatis,
2608 5466 2853 5526 congruo
2878 5459 3125 5524 tempore
3149 5452 3578 5526 Completorium

1957 5538 2225 5607 recitavit,
2260 5540 2490 5612 insuper
2519 5543 2644 5599 aliis
2682 5546 3029 5601 orationibus
3075 5548 3338 5618 peractis,
3368 5554 3580 5603 secreta

1886 5688 1889 5689 ν
1956 5627 2197 5684 cubiculi
2226 5647 2351 5686 cum
2382 5632 2605 5689 silentio
2641 5635 2920 5705 repetivit,
2956 5644 3012 5691 et
3049 5652 3215 5693 omne
3247 5638 3581 5711 colloquium

1964 5769 2081 5839 pria
2103 5772 2173 5825 ab
2207 5789 2290 5827 eo.

2032 5841 2145 5909 (24)
2174 5846 2366 5910 ψίαθος,
2398 5855 2576 5901 storca
2606 5855 2779 5919 teges.
