3924 6396
360 366 502 423 1019
580 438 587 441 γ

1441 370 1496 424 S.
1541 366 1848 424 UDALRIGI
1891 365 2264 420 AUGUSTANI
2307 365 2619 420 EPISCOPI.

3562 366 3717 422 1020

362 495 470 550 nisi
493 512 616 552 cum
652 497 763 550 Deo
788 502 843 550 et
873 496 1081 551 sanctis
1127 498 1273 564 ejus,
1313 511 1490 568 usque
1519 497 1587 551 ad
1614 496 1839 551 alterius
1867 491 1980 551 diei
2003 496 2060 566 Α
2083 491 2439 559 desisterent,
2466 500 2841 565 caeterumque
2880 494 3146 565 populum
3175 496 3336 550 Pater
3373 499 3554 550 noster
3584 510 3715 549 cum

366 584 597 639 Primam
631 592 905 655 peractam
937 585 1164 640 omnino
1193 584 1475 641 devitavit.
1527 585 1637 640 Hoc
1667 585 1832 641 modo
1864 584 1984 639 dies

367 676 809 747 Quadragesimaa
835 676 1096 747 explevit,
1129 692 1305 748 usque
1345 676 1401 730 in
1442 676 1587 731 diem
1623 676 1984 751 indulgentiae

367 784 538 838 quem
592 767 783 822 dicunt
813 767 1017 821 Pascha
1048 767 1376 838 palmarum,
1409 784 1477 823 eo
1534 768 1622 822 die
1655 784 1819 822 mane
1848 767 1988 822 dilu-

365 857 490 913 culo
522 858 591 912 ad
636 857 894 913 Sanctam
924 857 1104 913 Afram
1140 859 1245 929 (25)
1277 859 1555 925 veniebat,
1588 858 1632 912 si
1664 859 1720 912 in
1747 865 1987 929 'praeter-

368 949 443 1003 ita
491 956 651 1004 nocte
710 949 785 1003 ibi
842 964 953 1004 non
1006 950 1311 1017 manebat,
1380 950 1605 1005 missam
1666 951 1737 1006 de
1790 950 1989 1006 Sancta

366 1040 623 1095 Trinitate
652 1041 928 1107 cantabat,
973 1050 1030 1097 et
1063 1057 1244 1097 ramos
1274 1042 1579 1113 palmarum
1607 1042 1986 1097 diversarum-

367 1150 474 1204 que
503 1131 778 1188 frondium
832 1133 1221 1201 benedicebat,
1260 1134 1670 1209 Evangelioque
1725 1141 1781 1189 ct
1813 1131 1993 1188 cruci.-

369 1231 470 1283 bus
499 1236 553 1282 et
576 1227 876 1283 fanonibus
903 1230 1033 1300 (26),
1068 1239 1271 1284 etcum
1305 1228 1488 1302 efﬁgie
1519 1228 1770 1284 sedentis
1798 1227 1989 1284 Domi-

370 1318 425 1373 ni
478 1334 645 1390 super
684 1318 921 1385 asinum,
948 1334 1072 1374 cum
1112 1318 1331 1373 clericis
1383 1325 1438 1373 et
1465 1318 1819 1373 multitudine
1880 1332 1986 1388 po-

369 1413 483 1483 puli
514 1428 695 1468 ramos
719 1413 1024 1483 palmarum
1057 1414 1113 1467 in
1146 1413 1405 1468 manibus
1446 1413 1738 1483 portantis,
1772 1420 1827 1469 et
1864 1430 1988 1469 cum

368 1501 780 1557 cantationibus
820 1501 873 1555 in
906 1501 1172 1556 honorem
1206 1502 1455 1570 ejusdem
1501 1502 1612 1557 diei
1643 1503 1985 1574 compositis,

367 1600 573 1648 etcum
620 1607 821 1665 magno
863 1592 1069 1647 decore
1126 1591 1393 1665 pergebat
1448 1608 1627 1664 usque
1667 1593 1734 1647 ad
1786 1593 1987 1647 collem

366 1698 489 1753 quze
542 1681 746 1737 dicitur
800 1680 1066 1745 Pcrleich,
1124 1679 1313 1751 ibique
1348 1679 1567 1734 obviam
1618 1680 1669 1734 ei
1731 1679 1990 1735 veniebat

366 1774 570 1826 chorus
623 1771 1019 1825 canonicorum
1050 1786 1174 1825 cum
1215 1768 1627 1838 pulchritudine
1657 1785 1876 1841 magna,
1936 1775 1991 1823 et
2016 1798 2065 1866 Β

367 1882 492 1922 cum
520 1865 733 1920 civibus
759 1865 855 1936 qui
904 1864 958 1917 in
990 1864 1209 1918 civitate
1241 1869 1639 1930 remanserant,
1672 1868 1725 1917 et
1777 1862 1871 1934 qui
1922 1863 1990 1917 de

371 1958 592 2028 Oppidis
614 1956 1136 2024 circumiacentibus
1167 1955 1306 2026 ipsis
1328 1971 1387 2010 se
1412 1954 1650 2027 jungere
1676 1955 1989 2021 voluerunt,

370 2047 470 2107 ibi,
502 2047 568 2100 ad
614 2046 946 2100 imitandum
995 2045 1364 2099 humilitatem
1425 2060 1720 2115 puerorum
1762 2052 1995 2100 caetero-

366 2158 604 2213 rumquc
638 2141 991 2212 p0pulorum,
1018 2141 1184 2194 ramis
1216 2141 1519 2211 palmarum
1563 2149 1618 2195 et
1646 2139 1993 2195 vestimentis

364 2231 479 2285 suis
520 2229 665 2284 viam
712 2228 1102 2284 sternentium.
1163 2229 1235 2282 lis
1289 2228 1565 2299 expletis,
1632 2227 1714 2282 vir
1769 2234 1993 2282 sanctus

360 2320 914 2394 congruentissimam
973 2320 1411 2375 admonitionem
1474 2320 1543 2374 de
1584 2319 1844 2391 passione
1886 2320 1994 2374 Do-

358 2416 491 2470 mini
526 2416 594 2469 ad
652 2431 847 2471 omnes
897 2414 1046 2481 fecit,
1094 2429 1344 2485 eousque
1375 2431 1523 2483 szepe
1582 2421 1637 2468 et
1679 2414 1773 2468 ille
1806 2413 1988 2478 ﬂeret,

360 2508 606 2579 fletuque
637 2523 736 2562 suo
764 2507 968 2562 multos
997 2507 1131 2561 ﬁere
1161 2506 1408 2562 fecisset.
1444 2505 1835 2561 Admonitione
1864 2522 1995 2576 per-

361 2605 481 2650 acta
528 2612 725 2651 omnes
780 2595 946 2650 simul
996 2596 1165 2650 Deum
1224 2596 1512 2650 laudantes
1562 2595 1628 2649 ad
1699 2594 1991 2650 ecclesiam

364 2684 710 2739 matriculam
746 2692 1137 2754 pervenerunt,
1170 2684 1359 2756 ibique
1388 2684 1613 2739 missam
1632 2700 1759 2738 cum
1792 2698 1859 2738 eo
1891 2700 1992 2738 ce-

368 2775 739 2837 lebraverunt,
774 2780 827 2827 et
857 2773 988 2826 inde
1018 2788 1215 2827 omnes
1246 2772 1302 2827 in
1333 2788 1431 2827 sua
1459 2773 1762 2827 redierunt.
1802 2772 1997 2827 Postea

368 2876 550 2923 autem
580 2867 635 2920 in
660 2867 745 2919 his
776 2866 951 2920 tribus
980 2866 1180 2921 diebus
1211 2866 1491 2941 contiguis
1524 2866 1789 2936 synodale
1823 2866 1998 2921 collo-

369 2959 557 3030 quium
599 2956 803 3010 habere
851 2955 1159 3021 consuevit,
1199 2970 1266 3010 eo
1305 2956 1454 3027 quod
1483 2971 1731 3011 canones
1770 2955 1877 3026 (27)
1910 2956 2000 3011 his

370 3050 426 3103 in
485 3062 631 3102 anno
685 3046 1075 3116 episcoporum
1146 3045 1381 3100 concilia
1450 3044 1567 3099 ﬁeri
1628 3044 1995 3115 przccipiunt:

2086 595 2282 651 magna
2310 580 2621 635 humilitate
2652 581 2948 637 decantare
2976 582 3209 655 rogavit.
3236 584 3353 647 Quo
3385 583 3715 645 benedicto.

2085 681 2140 729 et
2167 676 2373 748 populo
2402 692 2558 733 sacro
2590 677 2789 733 viatico
2830 687 3103 745 recreato,
3134 679 3484 750 Vesperaque
3517 678 3721 749 exple-

2089 774 2160 834 ta,
2218 768 2285 822 ad
2316 769 2615 824 sacrarium
2655 770 2805 824 venit
2859 770 3102 824 chrisma
3168 778 3223 825 et
3265 770 3450 826 oleum
3492 770 3721 825 clericis

2089 855 2547 926 dispensandum.
2594 857 2685 911 His
2740 858 3098 929 dispensatis,
3131 859 3200 913 ad
3252 859 3554 930 hospitium
3588 875 3727 930 pau-

2091 963 2284 1018 perum
2318 946 2488 1013 venit,
2520 953 2574 1002 et
2615 946 2696 1002 eis
2722 948 2888 1004 solito
2940 965 3093 1004 more
3136 949 3551 1004 mininistravit.
3589 950 3727 1004 Inde

2090 1045 2275 1094 autem
2306 1038 2362 1092 in
2412 1039 2700 1094 ecclesiam
2764 1040 3086 1107 ambulavit,
3120 1051 3179 1096 et
3236 1049 3361 1096 ante
3416 1041 3725 1097 sacrarium

2091 1129 2263 1194 venit,
2295 1128 2486 1201 ibique
2511 1146 2543 1185 a
2568 1131 2869 1186 camerario
2901 1131 3081 1187 allatis
3108 1133 3355 1187 vestibus
3384 1133 3547 1187 novis
3579 1133 3726 1187 duo-

2092 1222 2271 1278 decim
2304 1238 2581 1294 pauperes
2620 1224 2860 1290 vestivit,
2900 1232 2956 1280 et
2984 1225 3301 1280 acervulum
3350 1225 3529 1280 aceoli
3598 1225 3728 1280 aliis

2093 1317 2451 1387 dispensavit,
2487 1324 2542 1373 et
2572 1333 2640 1373 eo
2680 1318 2774 1373 die
2831 1318 3040 1374 nullum
3072 1319 3143 1375 ab
3173 1335 3240 1375 eo
3298 1336 3534 1374 vacuum
3568 1320 3730 1374 abire

2094 1404 2322 1470 dimisit,
2355 1405 2611 1476 quamvis
2650 1421 2844 1461 eorum
2894 1407 3193 1463 multitudo
3226 1411 3426 1480 magna
3474 1409 3728 1462 adesset.

2092 1496 2287 1552 Postea
2316 1497 2382 1551 ad
2411 1497 2595 1552 cibum
2628 1498 2798 1561 venit,
2833 1498 3144 1571 cibatisque
3173 1500 3436 1555 omnibus
3478 1517 3611 1556 cum
3661 1516 3727 1555 eo

2091 1588 2462 1644 manentibus.
2514 1591 2770 1660 exemplo
2827 1591 3043 1645 Domini
3096 1592 3270 1662 pedes
3318 1592 3727 1663 discipulorum

2090 1696 2315 1736 suorum
2349 1680 2530 1736 lavare
2570 1681 2760 1753 cmpit.
2801 1682 3206 1754 Lavationeque
3236 1701 3359 1739 cum
3401 1685 3735 1755 antiphonis

2090 1772 2524 1847 congruentibus
2538 1783 2593 1828 et
2618 1774 2870 1828 versibus
2889 1781 2943 1829 et
2968 1775 3306 1830 lectionibus
3330 1776 3731 1831 decentissime

2096 1875 2340 1935 peracta,
2374 1865 2573 1936 pocula
2601 1865 2811 1936 optima
2864 1866 2918 1920 iu
2977 1866 3093 1920 suis
3138 1867 3377 1922 cellariis
3436 1868 3733 1922 recondita

2094 1973 2216 2012 cum
2250 1973 2450 2032 magna
2481 1957 2747 2013 charitate
2779 1968 2833 2012 et
2864 1958 3178 2013 humilitate
3211 1958 3558 2015 sufﬁcienter
3594 1976 3729 2030 por-

2095 2045 2253 2110 rexit,
2285 2053 2362 2111 et,
2414 2044 2785 2116 Completorio
2817 2047 3059 2117 expleto,
3107 2046 3352 2101 membra
3382 2047 3439 2101 in
3477 2048 3573 2101 Dei
3610 2064 3734 2102 ser-

2096 2136 2226 2192 vitio
2257 2136 2480 2210 fatigata
2506 2136 2677 2207 quieti
2713 2136 2898 2191 lectuli
2926 2137 3355 2192 commendavit.
3409 2137 3507 2192 Die
3538 2147 3733 2193 autem

2095 2249 2414 2303 paresceve,
2445 2233 2597 2287 horis
2642 2233 2948 2287 secundum
2982 2232 3235 2288 ordinem
3275 2241 3437 2288 caute
3468 2235 3735 2304 expletis.

2093 2321 2313 2376 omissis
2342 2321 2464 2376 aliis
2503 2321 2780 2386 cursibus,
2836 2320 2997 2376 sicuti
3027 2320 3084 2375 iu
3142 2336 3303 2375 cmna
3344 2321 3588 2384 Domini,
3625 2322 3735 2375 nisi

2094 2413 2161 2467 ad
2194 2413 2451 2468 eumdem
2479 2413 2624 2467 diem
2651 2412 3087 2482 pertinentibus,
3112 2428 3276 2467 mane
3307 2412 3559 2468 diluculo
3586 2413 3736 2483 psal-

2098 2504 2294 2559 terium
2345 2503 2571 2573 explere
2629 2501 2933 2565 festinavit,
2984 2509 3060 2565 et,
3114 2516 3271 2556 sacro
3327 2501 3420 2555 Dei
3461 2503 3737 2570 mysterio

2097 2598 2437 2664 perpetrato,
2463 2590 2785 2661 populoque
2810 2604 2969 2644 sacro
2983 2590 3182 2644 Christi
3200 2605 3433 2661 corpore
3450 2592 3737 2663 saginato,

2097 2693 2171 2752 et,
2204 2684 2694 2741 consuetudinario
2720 2698 2895 2749 more,
2928 2684 3080 2754 quod
3114 2691 3455 2739 remanserat
3480 2685 3737 2755 sepulto,

2098 2779 2296 2833 iterum
2340 2779 2484 2832 inter
2514 2776 2781 2831 ecclesias
2807 2776 3144 2831 ambulando
3176 2777 3499 2847 psalterium
3531 2778 3736 2849 exple-

2097 2868 2177 2922 vit
2230 2865 2601 2930 decantando,
2661 2874 2736 2927 et,
2793 2864 3114 2935 vespertina
3145 2865 3300 2928 hora,
3359 2865 3482 2919 sine
3541 2880 3740 2919 mensa

2098 2966 2263 3030 atque
2295 2958 2655 3030 mensalibus,
2700 2958 2757 3011 in
2790 2958 3045 3013 cubiculo
3098 2972 3198 3012 suo
3230 2972 3373 3027 pane
3400 2964 3456 3011 et
3502 2957 3741 3011 cervisia

2098 3065 2159 3102 se
2192 3034 2443 3103 recreare
2499 3047 2687 3117 coepit,
2740 3054 2794 3100 et
2850 3046 3155 3116 unicuique
3194 3044 3286 3116 qui
3344 3061 3532 3100 secum
3582 3054 3743 3100 erant

368 3156 539 3194 unum
572 3156 637 3192 xv
662 3138 772 3193 Kal.
809 3137 948 3202 06L,
992 3143 1046 3191 et
1083 3135 1232 3190 aliud
1263 3144 1457 3207 quarta
1493 3135 1845 3190 hebdomada
1873 3143 2069 3223 pOSlC
2094 3159 2298 3220 panem
2331 3151 2385 3194 et
2441 3139 2730 3194 rervisiam
2760 3139 2911 3205 juxta
2955 3154 3145 3193 eorum
3189 3137 3527 3192 voluntatem
3566 3139 3731 3194 exhi-

373 3232 610 3303 pascha;
648 3232 750 3286 hoc
801 3231 855 3284 in
890 3230 993 3285 isto
1041 3237 1287 3300 tempore
1318 3227 1587 3299 perﬁcere
1626 3228 1892 3292 decrevit,
1924 3244 1997 3283 ne

375 3327 430 3380 in
485 3332 644 3379 antea
699 3323 750 3377 ei
800 3322 1023 3393 aliquod
1081 3320 1427 3375 obstaculum
1493 3320 1627 3373 illud
1671 3318 1996 3390 perﬁciendi

376 3415 835 3486 impedimentum
888 3412 1111 3477 faceret,
1143 3422 1197 3467 et
1226 3420 1287 3467 ut
1312 3411 1381 3481 ,in
1414 3427 1572 3466 coena
1600 3410 1817 3466 Domini
1871 3426 1994 3466 cum

377 3504 574 3559 eadem
606 3501 966 3556 multitudine
1005 3500 1333 3556 clericorum
1376 3509 1431 3554 et
1460 3499 1652 3570 populi
1680 3499 1901 3569 plenius
1942 3508 1998 3554 et

377 3593 836 3650 honoriﬁcentius
893 3592 1133 3647 chrisma
1198 3600 1252 3647 et
1297 3593 1479 3647 oleum
1538 3590 1994 3647 sanctiﬁcaretur.

376 3691 450 3745 Eo
489 3704 622 3744 vero
652 3689 766 3755 die,
806 3689 939 3743 hora
971 3688 1131 3744 tertia
1168 3703 1364 3744 omnes
1406 3687 1619 3753 clerici,
1651 3686 1999 3742 solemnissi-

373 3782 480 3836 mis
506 3782 776 3853 paraturis
806 3780 1007 3847 induti,
1038 3789 1309 3835 venerunt
1338 3778 1395 3833 in
1427 3778 1738 3841 ecclesiam,
1773 3785 1828 3832 et
1854 3778 1992 3848 ipse,

374 3887 477 3927 suo
521 3886 676 3926 more
731 3871 1130 3941 gloriosissime
1178 3872 1245 3925 ad
1285 3870 1382 3925 Dei
1434 3870 1716 3925 servitium
1750 3876 1994 3940 paratus,

376 3979 498 4017 cnm
551 3962 633 4017 eis
662 3978 875 4017 sacrum
932 3961 1257 4028 mysterium
1289 3976 1455 4032 agere
1485 3960 1840 4016 devotissimc
1881 3976 1998 4015 cm-

379 4051 477 4122 pit,
506 4053 865 4122 perlectoque
897 4050 1212 4124 Evangelio,
1260 4057 1316 4105 et
1341 4050 1722 4106 admonitione
1764 4048 1904 4103 facta
1926 4049 1995 4103 ad

378 4144 665 4214 pupulum,
711 4150 764 4197 et
795 4143 1144 4198 confessione
1175 4141 1368 4213 populi
1418 4151 1664 4212 accepta,
1695 4140 1996 4213 indulgen-

378 4237 507 4290 tiam
538 4236 847 4290 bumillimc
882 4236 962 4290 eis
995 4235 1144 4301 fecit,
1189 4242 1244 4290 et
1265 4242 1379 4290 tota
1410 4233 1622 4304 synodo
1657 4233 1994 4289 oblationem

376 4323 665 4393 oﬁ'erente,
697 4325 1003 4380 secundum
1054 4323 1330 4389 ordinem,
1381 4323 1695 4379 cautissime
1743 4321 1999 4394 implevit

376 4433 553 4488 usque
576 4416 645 4471 ad
662 4416 1113 4472 benedictionem
1144 4415 1458 4472 chrismatis
1485 4424 1539 4470 et
1564 4415 1706 4479 olei;
1737 4415 1841 4470 hoc
1861 4413 1994 4469 fecit

379 4525 579 4582 magna
630 4510 939 4564 reverentia
994 4508 1102 4564 sibi
1142 4508 1441 4580 apportari,
1500 4522 1625 4562 cum
1658 4506 1914 4561 crucibus
1940 4515 2068 4611 θιο

378 4617 503 4656 cum
538 4601 728 4672 pueris
759 4601 1108 4672 portantibus
1159 4600 1262 4657 sub
1315 4599 1539 4670 palliolo
1578 4598 1889 4664 occultatis,
1944 4603 1998 4651 et

379 4689 576 4755 cereis,
609 4706 732 4744 cum
752 4689 1005 4745 versibus
1033 4688 1099 4744 ad
1133 4690 1238 4744 hoc
1267 4686 1635 4742 ministerium
1675 4685 1999 4756 compositis

380 4780 778 4838 formosissime
806 4780 1130 4842 decantatis,
1161 4787 1216 4834 et
1243 4795 1368 4835 cum
1394 4777 1757 4849 processione
1782 4776 1999 4832 duode-

380 4875 486 4929 cim
509 4874 984 4946 presbyterorum,
1003 4874 1241 4946 quicum
1266 4888 1334 4928 eo
1355 4887 1529 4944 usque
1550 4872 1605 4925 in
1631 4870 1795 4925 ﬁnem
1818 4870 1999 4925 missae

381 4971 435 5024 in
467 4985 568 5026 suo
586 4969 899 5027 ministerio
925 4984 1280 5041 perseverare
1301 4967 1631 5022 debuerunt.
1666 4965 1788 5020 Rite
1816 4972 1998 5020 autem

380 5059 489 5116 sibi
517 5060 707 5123 allato.
764 5059 1074 5114 humillime
1113 5056 1379 5128 suscepit,
1439 5064 1494 5111 et
1523 5061 1690 5110 totam
1725 5054 1998 5125 synodum

383 5154 593 5226 rogavit
633 5162 715 5219 ut,
747 5153 970 5223 quando
1020 5150 1112 5206 ille
1144 5165 1367 5206 crucem
1420 5147 1805 5203 benedicendo
1834 5161 2004 5217 super

389 5244 521 5300 illud
554 5242 778 5310 faceret,
811 5249 865 5297 et
896 5242 1020 5314 ipsi,
1053 5257 1175 5297 cum
1205 5239 1415 5296 eisdem
1447 5237 1792 5311 presbyteris
1822 5237 1916 5310 qui
1947 5237 2004 5291 in

381 5335 741 5405 processione
770 5340 1003 5389 erantet
1030 5331 1138 5387 sibi
1155 5330 1505 5396 assistebant,
1539 5329 1872 5387 benedicere
1894 5344 2005 5385 non

454 5481 561 5549 (23)
591 5481 835 5536 Ecclesia
862 5481 917 5535 S.
942 5479 1083 5536 Afra).
1111 5496 1197 5547 ea,
1222 5495 1347 5551 quas
1378 5494 1527 5551 nunc
1549 5477 1713 5551 vulgo
1745 5477 1800 5533 S.
1838 5476 1999 5551 Udal-

384 5548 484 5606 rici
538 5551 780 5607 coenobii
836 5552 932 5606 SS.
990 5548 1257 5606 Udalrici'
1288 5557 1342 5605 et
1404 5549 1541 5605 Afrae
1585 5548 1809 5614 dicitur,
1865 5548 2000 5604 urbe

388 5629 518 5678 tunc
533 5636 655 5692 non
686 5622 1282 5692 comprehendebatur.

464 5691 570 5760 (26)
597 5691 848 5746 Fanones
878 5692 1095 5747 vexilla.

463 5764 574 5833 (27)
603 5761 850 5833 Distinet.
871 5761 1026 5833 18,c.
1057 5764 1121 5816 ιιι
1165 5782 1196 5813 a
1236 5763 1615 5833 Primumpost
1631 5760 1848 5833 tertiam
1872 5762 2007 5817 heb-

392 5829 684 5891 domadam
739 5829 985 5896 Paschaa,
1026 5842 1085 5887 ut
1140 5835 1195 5885 in
1246 5842 1440 5903 quarta
1492 5829 1866 5903 cempleatur;
1913 5848 2007 5887 se-

2099 3240 2232 3294 bere
2256 3233 2539 3305 praecepit.
2571 3230 2928 3285 Sanctissimo
2955 3239 3139 3286 autem
3163 3230 3386 3284 Sabbati
3416 3230 3509 3284 die
3536 3232 3736 3302 exple-

2103 3333 2172 3389 tis
2203 3326 2491 3386 nocturnis
2518 3322 2739 3389 ofﬁciis,
2785 3330 2840 3377 et
2877 3323 3116 3377 amando
3156 3322 3417 3392 psalterio
3449 3322 3728 3391 pcrlecto,

2098 3426 2464 3494 praeparatum
2514 3414 2619 3469 sibi
2662 3412 2926 3467 balneum
2978 3410 3219 3466 intravit.
3276 3426 3388 3482 quo
3437 3427 3730 3483 nunquam

2098 3511 2176 3566 uti
2208 3508 2425 3565 solebat
2450 3522 2517 3561 eo
2541 3511 2787 3573 tempore
2820 3501 2923 3556 nisi
2959 3501 3013 3555 in
3045 3500 3288 3555 Sabbato
3316 3509 3447 3554 ante
3478 3502 3732 3566 Quadra-

2097 3602 2362 3677 gesimam
2395 3597 2528 3653 etin
2562 3594 2743 3649 media
2787 3592 3233 3665 Quadragesima,
3264 3599 3319 3646 et
3355 3607 3424 3646 eo
3456 3592 3574 3646 die.
3624 3594 3729 3647 La-

2098 3689 2319 3745 vatione
2368 3694 2552 3741 autem
2602 3682 2853 3752 corporis
2910 3688 3158 3752 peracta,
3213 3687 3269 3735 ct
3318 3682 3730 3751 praeparatione

2096 3781 2550 3835 vestimentorum
2586 3772 2800 3838 induta,
2831 3772 2899 3825 ad
2932 3786 3144 3825 sacrum
3186 3770 3429 3825 officium
3461 3771 3731 3827 solemni—

2099 3877 2183 3924 ter
2206 3884 2265 3922 se
2296 3864 2642 3938 praeparavit,
2676 3869 2730 3915 et
2785 3868 2958 3915 totum
2999 3859 3209 3914 clerum
3242 3859 3376 3914 hora
3432 3860 3548 3913 diei
3584 3876 3730 3915 nona

2098 3975 2222 4014 cum
2256 3974 2321 4012 eo
2356 3964 2603 4028 paratum
2636 3968 2757 4008 esse
2780 3950 3096 4018 destinavit,
3125 3950 3445 4023 statimque,
3482 3952 3731 4021 perlecta

2099 4053 2238 4108 trina
2270 4050 2491 4115 letania,
2550 4061 2826 4117 cereoque
2876 4043 3214 4099 sanctiﬁcata
3272 4043 3725 4115 lectionibusque

2098 4141 2366 4196 ettructis
2420 4136 2838 4203 consummatis,
2870 4151 2994 4190 cum
3054 4134 3225 4204 quina
3255 4133 3459 4189 letania
3511 4141 3724 4188 etcum

2097 4230 2249 4286 omni
2280 4231 2490 4286 honore
2509 4227 2579 4282 ad
2609 4225 2944 4297 baptismum
2977 4222 3412 4278 consecrandum
3443 4221 3514 4276 ad
3544 4224 3726 4277 cccle-

2097 4324 2232 4378 siam
2266 4321 2448 4376 Sancti
2479 4319 2708 4376 Joannis
2740 4318 2992 4387 Baptista
3019 4315 3280 4387 perrexit,
3314 4313 3726 4385 baptizatisque

2095 4413 2170 4468 ibi
2197 4412 2267 4467 ab
2299 4428 2366 4468 eo
2392 4411 2569 4468 tribus
2593 4408 2804 4481 pueris,
2837 4424 2961 4463 cum
2995 4414 3228 4477 septena
3256 4405 3479 4472 letania,
3513 4420 3727 4477 regres-

2095 4525 2191 4564 sus
2219 4506 2397 4563 estad
2426 4504 2722 4561 sacrarium
2777 4503 2845 4557 ad
2886 4502 3108 4557 missam
3149 4516 3209 4555 se
3273 4500 3722 4571 praeparandum,

2099 4600 2246 4655 clero
2270 4598 2491 4653 interim
2520 4596 2794 4668 psallente
2837 4594 2891 4647 in
2924 4594 3112 4647 choro.
3153 4591 3435 4645 Missarum
3465 4606 3601 4645 vero
3633 4604 3723 4643 so-

2099 4689 2321 4743 lemniis
2339 4685 2661 4742 solemniter
2681 4700 2803 4738 cum
2824 4683 3063 4753 Vespera
3095 4679 3349 4751 peractis,
3375 4693 3724 4749 corporeque

2102 4782 2300 4838 Christi
2329 4781 2673 4852 dispensato,
2728 4783 2783 4831 et
2820 4775 2993 4831 sacris
3049 4773 3301 4829 vestibus
3330 4772 3628 4842 depositis,
3660 4786 3724 4826 eo

2102 4874 2190 4928 die
2217 4889 2410 4929 mensa
2433 4870 2688 4942 apposita
2716 4869 2785 4922 ad
2817 4867 3177 4923 refectionem
3206 4881 3329 4921 cum
3362 4880 3567 4939 magna
3592 4863 3725 4917 mul-

2104 4966 2339 5021 titudine
2351 4963 2626 5029 consedit,
2641 4971 2697 5016 et
2718 4960 2979 5016 omnibus
2998 4958 3343 5013 abundanter
3355 4955 3581 5011 refectis
3601 4970 3721 5011 cum

2103 5054 2307 5130 gaudio
2332 5052 2402 5108 ad
2429 5049 2844 5106 mansiunculas
2874 5048 3056 5103 redire
3088 5045 3357 5117 permisit.
3393 5043 3723 5099 Desideran-

2105 5142 2316 5197 tissimo
2357 5148 2520 5211 atque
2545 5136 2895 5193 sanctissimo
2941 5134 3186 5189 Paschali
3241 5133 3331 5188 die
3362 5132 3723 5197 adveniente,

2108 5242 2232 5309 post
2270 5233 2507 5289 Primam
2538 5230 2763 5287 intravit
2782 5230 3071 5285 ecclesiam
3094 5228 3279 5283 Sancti
3306 5226 3721 5295 Ambrosii(28),

2110 5326 2204 5382 ubi
2235 5325 2325 5379 die
2353 5324 2653 5379 Paras‘ceve
2681 5336 2883 5391 corpus
2926 5318 3124 5374 Christi
3153 5316 3505 5388 superposito
3542 5314 3723 5387 lapide

2102 5475 2346 5531 cundum
2377 5472 2566 5527 ldibus
2583 5470 2678 5526 Oct
2745 5495 2769 5516 ιι
2813 5467 3252 5540 Apparetitaque
3277 5466 3367 5540 hic
3388 5463 3717 5540 vaKal.O_c_t.

2102 5554 2381 5617 sumptum
2420 5559 2520 5617 pro
2547 5543 2615 5597 l5
2639 5541 2729 5595 die
2761 5535 2873 5617 Oc_t'.
2892 5535 2925 5617 ξ,
2941 5555 3105 5612 quam
3127 5535 3372 5617 phrasim
3406 5537 3573 5591 etiam
3605 5535 3724 5589 aliis

2103 5619 2160 5673 in
2190 5609 2575 5687 scriptor-ibus,
2608 5629 2800 5687 parum
2833 5609 3082 5687 latinam,
3106 5609 3191 5664 est
3228 5609 3547 5687 observare.

2195 5690 2281 5757 28)
2302 5681 2497 5755 'Hujus
2528 5681 2801 5757 ecclesiae,
2828 5683 3033 5757 nullam
3064 5681 3395 5757 memoriam
3413 5694 3722 5749 superesse,

2108 5750 2208 5815 sed
2238 5750 2459 5814 stetisse
2490 5772 2663 5829 prope
2702 5754 3076 5811 cathedralem
3100 5759 3253 5808 notat
3280 5750 3580 5806 Welserus.
