3924 6392
202 359 337 415 1021

1791 373 1958 427 νιΤΑ.

3410 392 3550 448 1022

200 488 514 545 collocavit.
576 489 776 561 Ibique
815 507 937 546 cum
1000 495 1189 562 paucis
1229 497 1448 553 clericis
1505 500 1723 556 missam
1757 503 2059 578 deAgere
2114 510 2401 578 potuisset,
2453 510 2821 568 Wthinuvanc
2874 514 2999 584 (33},
3050 517 3377 589 Staphense,
3411 521 3550 576 Fau-

200 586 395 633 sancta
412 577 673 633 Trinitate
689 580 1179 651 explevit;expleta
1208 591 1392 639 autem
1432 587 1598 643 missa
1618 590 1822 645 clerum

199 669 420 723 interim
453 679 850 746 congregatum
907 672 961 725 in
1002 688 1160 729 coena
1220 676 1323 747 (29)
1362 677 1515 745 juxta
1571 682 1823 736 eamdem

197 764 491 819 ecclesiam
551 767 710 821 sitam
779 769 1205 826 solemnissimis
1260 774 1506 829 vestibus
1568 776 1820 832 indutum

192 854 513 921 antecessit,
554 870 745 910 secum
776 863 989 927 portato
1046 874 1280 929 corpore
1321 861 1516 917 Christi
1542 870 1598 918 et
1640 865 1820 919 Evan-

193 949 368 1021 gelio,
395 957 451 1004 et
480 951 682 1015 cereis,
714 958 769 1007 et
800 952 1049 1015 incenso,
1082 962 1136 1009 et
1183 972 1306 1010 cum
1341 973 1587 1033 congrua
1608 962 1820 1015 saluta-

193 1037 351 1092 tione
371 1054 630 1094 versuum
662 1057 694 1095 a
744 1042 932 1112 pueris
980 1044 1269 1100 decantata
1304 1064 1404 1118 per
1450 1050 1649 1105 atrium
1681 1068 1815 1122 per-

193 1126 339 1181 rexit
362 1127 428 1181 ad
468 1128 760 1183 ecclesiam
802 1132 985 1187 Sancti
1046 1134 1278 1189 Joannis
1309 1137 1588 1207 Baptistae,
1631 1139 1817 1213 ibique

191 1216 431 1272 Tertiam
489 1218 827 1286 decantavit,
886 1220 1127 1293 indeque
1185 1240 1309 1279 cum
1369 1226 1694 1298 antiphonis
1748 1230 1816 1284 ad

193 1309 465 1365 honorem
496 1312 661 1379 hujus
689 1312 799 1367 diei
845 1315 1343 1389 congruentissime
1365 1321 1707 1389 compositis,
1748 1323 1815 1376 ad

189 1413 442 1459 tuomum
493 1405 600 1475 (30)
656 1403 1053 1461 formosissima
1109 1410 1482 1477 processionc,
1552 1412 1701 1467 binis
1762 1422 1817 1469 et

189 1496 345 1550 binis
367 1497 677 1552 secundum
703 1498 956 1552 ordinem
1015 1499 1179 1555 simul
1209 1501 1628 1558 ambulantibus
1680 1506 1817 1560 mis-

190 1604 313 1643 sam
353 1588 735 1643 celebraturus
764 1598 1109 1659 pervenerat.
1145 1591 1301 1646 Missa
1351 1592 1538 1665 itaque
1570 1596 1819 1652 devotis-

188 1677 336 1730 simc
360 1676 887 1748 religiosissimeque
919 1679 1229 1746 decantata,
1265 1682 1592 1754 cunctisque
1626 1702 1814 1741 sacra-

1927 612 2021 649 ces
2055 638 2069 663 ,
2140 598 2577 676 Wissintesteiga
2608 643 2622 668 ,
2713 602 3029 659 llenvibach
3064 647 3078 673 ,
3167 609 3334 679 (quae
3402 627 3545 665 nun-

1926 704 2091 758 quam
2158 690 2212 743 in
2258 691 2590 748 beneficium
2647 694 2907 750 laicorum
2967 699 3263 763 concessit,
3333 701 3439 756 nisi
3469 703 3538 758 de

1925 783 2291 839 exterioribus
2322 786 2457 841 locis
2495 788 2563 841 ad
2609 790 2803 844 eadem
2863 793 3198 847 monasteria
3256 796 3545 864 pertinen-

1926 870 2071 925 tibus
2101 873 2265 927 alicui
2288 875 2355 928 de
2380 876 2484 931 isto
2517 893 2658 951 pago
2682 879 2736 933 in
2768 895 2878 951 quo
2932 882 3329 938 monasterium
3378 902 3539 940 suum

1921 963 2087 1019 situm
2109 974 2192 1021 est
2218 969 2601 1035 concessisset,
2636 979 2694 1025 ut
2746 971 2819 1026 ibi
2853 971 3177 1028 advocatum
3226 978 3543 1032 monasterii

1922 1056 2127 1111 habere
2158 1059 2448 1128 potuisset,
2482 1068 2539 1115 ut
2566 1062 2957 1118 ecclesiasticae
3009 1065 3077 1119 ab
3110 1082 3176 1120 eo
3230 1083 3318 1121 res
3344 1068 3544 1124 defen-

1920 1149 2202 1215 derentur,
2231 1152 2327 1205 sed
2359 1153 2426 1206 arl
2458 1170 2612 1208 suam
2671 1164 3000 1225 potestatem
3065 1158 3272 1227 Optima
3305 1176 3541 1232 quaeque

1920 1239 2178 1308 detinuit,
2209 1260 2274 1297 ea
2303 1245 2559 1299 videlicet
2614 1263 2778 1301 causa
2828 1256 2887 1303 ut
2939 1251 3252 1305 facultatem
3293 1267 3358 1306 ea
3407 1254 3539 1308 visi-

1921 1333 2070 1387 tandi
2099 1344 2154 1388 et
2182 1334 2259 1388 ibi
2294 1337 2574 1401 manendi,
2618 1347 2673 1392 et
2724 1356 2847 1409 quae
2880 1343 3189 1397 necessaria
3219 1355 3377 1399 erant
3408 1361 3534 1400 cor-

1919 1420 2135 1494 rigendi
2189 1423 2242 1476 in
2276 1425 2573 1495 stipendiis
2612 1428 2938 1499 habuisset),
2994 1432 3222 1487 sedebat
3265 1434 3452 1506 itaque
3480 1435 3535 1489 in

1922 1510 2065 1565 solio
2105 1528 2274 1581 super
2337 1522 2659 1584 carpentum
2712 1519 3041 1588 composito,
3100 1521 3169 1575 de
3225 1523 3529 1577 humerulis

1923 1602 2150 1671 plaustri
2181 1603 2234 1657 in
2267 1604 2410 1660 ferro
2433 1608 2731 1676 pendente,
2763 1619 2817 1663 et
2844 1626 2968 1665 cum
3026 1628 3091 1667 eo
3124 1630 3265 1668 unus
3294 1615 3532 1670 clericus

1921 1694 1990 1748 de
2021 1695 2319 1765 capellanis
2352 1698 2495 1768 ejus,
2536 1700 2631 1770 qui
2678 1717 2800 1755 cum
2847 1717 2913 1756 eo
2941 1710 3087 1759 totus
3118 1705 3238 1759 dies
3288 1706 3532 1777 psalmos

189 1778 384 1825 menta
414 1770 613 1826 Christi
644 1773 1047 1841 accipientibus
1081 1783 1135 1829 et
1174 1775 1229 1830 in
1259 1793 1359 1830 sua
1388 1780 1813 1843 revertentibus.
1842 1812 1894 1881 Β
1920 1787 2267 1844 decantasset
2316 1791 2434 1845 Non
2466 1791 2593 1847 ideo
2648 1795 2871 1864 quando
2918 1796 3187 1866 imprimis
3246 1770 3339 1852 tali
3368 1800 3534 1855 modo

186 1862 284 1916 ille
311 1862 382 1916 ad
422 1862 605 1916 cibum
637 1864 891 1929 accessit,
938 1865 1014 1919 ibi
1046 1883 1268 1921 mensas
1291 1876 1400 1923 tres
1429 1871 1581 1926 omni
1610 1872 1812 1929 decore

186 1960 535 2021 praeparatas
565 1951 779 2006 invenit
811 1970 824 2006 :
852 1969 1015 2008 unam
1048 1955 1135 2009 cui
1166 1955 1395 2012 illecum
1428 1958 1630 2029 quibus
1660 1962 1811 2015 vale-

185 2038 280 2091 bat
308 2038 558 2092 assidere
600 2039 836 2106 solebat,
871 2050 929 2097 et
958 2041 1127 2101 aliam
1149 2044 1455 2100 matriculis
1516 2047 1649 2115 (3f),
1705 2056 1813 2103 ter-

179 2130 316 2183 tiam
372 2131 790 2201 congregationi
841 2139 1045 2188 sanctae
1100 2134 1242 2189 Afrae
1297 2137 1425 2205 (3'2).
1461 2138 1812 2194 Sanctiﬁcato

177 2217 368 2288 itaque
418 2218 566 2284 cibo,
621 2236 817 2275 carnes
856 2221 982 2293 agni
1040 2230 1095 2277 et
1144 2225 1443 2293 particulas
1497 2227 1635 2282 lardi
1672 2230 1814 2284 inter

176 2306 473 2360 missarum
503 2308 782 2363 solemnia
822 2309 1099 2365 benedicti
1148 2314 1410 2369 omnibus
1441 2316 1807 2387 dispensavit,

172 2405 231 2447 et
259 2400 390 2448 tunc
421 2395 646 2449 demum
678 2396 864 2452 cibum
896 2416 1021 2455 cum
1044 2404 1125 2458 eis
1142 2407 1293 2460 omni
1324 2409 1527 2480 gaudio
1551 2412 1806 2482 sumpsit.

174 2488 449 2559 Tempore
473 2490 625 2544 enim
674 2498 875 2549 statuto
931 2500 1317 2568 symphoniaci
1376 2512 1645 2559 venerunt
1677 2522 1810 2577 quo-

177 2598 300 2635 rum
348 2588 455 2636 tam
502 2584 731 2654 copiosa
762 2586 1055 2645 multitudo
1085 2591 1205 2660 fuit,
1241 2602 1299 2648 ut
1344 2612 1488 2666 pene
1542 2597 1686 2653 inter
1716 2616 1806 2655 ca-

174 2670 444 2740 pedincm
473 2671 611 2726 aulae
645 2676 951 2730 secundum
996 2679 1248 2735 ordinem
1298 2686 1492 2739 stando
1524 2684 1810 2757 implevis-

176 2768 345 2825 sent,
406 2767 458 2813 et
502 2769 613 2815 tres
652 2763 848 2819 modos
901 2769 1378 2838 symphonizando
1429 2773 1801 2844 perfecerunt.

182 2847 220 2899 lt
235 2848 280 2900 is
309 2846 381 2901 ita
406 2849 627 2920 gaudiis
678 2852 1079 2924 multiplicatis,
1131 2860 1408 2929 canonici,
1440 2864 1805 2935 praecipiente

174 2941 471 3012 episcopo,
496 2945 819 3001 charitatem
849 2951 1192 3020 accipientes
1227 2964 1281 3009 et
1322 2966 1599 3030 rogantes,
1632 2978 1801 3015 unum

171 3031 593 3100 responsorium
634 3034 705 3089 de
755 3040 1162 3096 resurrectione
1202 3044 1418 3099 Domini
1448 3047 1670 3101 interim
1710 3050 1803 3103 de-

165 3129 555 3179 cantaverunt.
588 3124 651 3181 Et
682 3127 783 3183 hac
830 3130 1096 3186 charitate
1145 3136 1387 3206 expleta,
1446 3139 1515 3191 ad
1565 3140 1798 3195 alteram

162 3233 418 3272 mensam
451 3222 808 3294 congregatio
841 3222 896 3277 S.
930 3224 1069 3280 Afrae
1095 3227 1351 3284 similiter
1399 3231 1548 3287 fecit.
1584 3237 1798 3305 Appro-

161 3310 477 3381 pinquante
508 3328 639 3367 vero
671 3316 1143 3385 vespera,illesibi
1175 3327 1431 3377 etsecum
1473 3326 1797 3382 sedentibus

156 3399 413 3453 laetanter
443 3402 642 3471 pocula
682 3403 963 3477 porrigere
996 3410 1281 3481 praecepit,
1324 3420 1379 3466 et
1412 3414 1626 3468 tertiam
1656 3416 1792 3471 cha-

156 3492 379 3548 ritatem
404 3510 602 3550 omnes
630 3498 954 3555 charitative
982 3502 1175 3559 bibere
1205 3507 1435 3579 rogavit,
1453 3517 1793 3583 acceptaque

156 3601 224 3639 ea
281 3586 576 3655 charitate,
638 3590 859 3645 tertium
914 3596 1330 3665 responsorium
1380 3600 1564 3655 omnis
1611 3602 1791 3658 clerus

155 3677 331 3731 simul
363 3694 488 3733 cum
517 3680 705 3736 laetitia
732 3682 1061 3742 decantavit.
1113 3687 1237 3754 Quo
1284 3690 1599 3760 decantato,
1635 3696 1792 3767 bym-

154 3788 292 3825 num
315 3771 668 3830 decantando
699 3778 952 3833 canonici
983 3793 1364 3851 surrexerunt,
1393 3792 1453 3840 ut
1483 3795 1611 3858 apte
1649 3806 1789 3860 prae-

152 3867 331 3935 parati
374 3868 444 3922 ad
474 3869 773 3940 Vesperam
828 3874 1094 3931 devenire
1159 3879 1496 3948 potuissent.
1550 3883 1789 3955 Vespera

149 3964 342 4011 autam
377 3965 623 4027 peracta,
651 3961 973 4033 episcopus,
1009 3980 1132 4020 cum
1164 3967 1477 4038 hospitibus
1499 3979 1555 4026 et
1585 3974 1787 4029 militi-

152 4046 283 4112 bus,
318 4048 389 4101 ad
406 4064 562 4103 suam
593 4051 771 4106 aedem
802 4068 999 4110 omnes
1037 4058 1429 4115 exhilarandos
1470 4066 1784 4121 reverteba-

152 4145 261 4193 tur.
290 4138 451 4195 Mane
490 4157 622 4197 vero
648 4144 797 4215 quod
842 4153 924 4200 est
971 4147 1061 4202 die
1118 4150 1283 4217 lunae,
1334 4153 1515 4209 clerus
1549 4163 1693 4212 totus
1724 4162 1789 4213 ad

154 4230 419 4284 Sanctam
477 4230 660 4286 Afram
717 4238 1178 4310 congregabatur,
1235 4249 1294 4295 ut
1333 4243 1656 4314 episcopum
1698 4264 1793 4302 ve-

152 4321 410 4374 nientem
454 4320 874 4380 formosissimis
915 4330 1185 4397 paraturis
1214 4330 1441 4388 indutus
1484 4336 1790 4393 honorifice

152 4411 527 4481 suscepisset,
557 4415 688 4485 quia
718 4416 842 4484 ejus
896 4422 1238 4478 consuetudo
1272 4431 1386 4479 erat
1417 4433 1473 4480 ut
1492 4443 1559 4483 eo
1587 4429 1677 4484 die
1708 4430 1785 4485 ibi

1916 1896 2149 1952 pergere
2179 1883 2345 1953 ccepit
2371 1884 2475 1938 nisi
2494 1885 2601 1951 (3f)
2641 1886 2822 1940 adhuc
2880 1888 3205 1943 caballicare
3240 1892 3530 1960 potuisset,

1914 1972 2010 2025 sed
2042 1980 2163 2027 uta
2222 1974 2441 2045 papulis
2490 1985 2946 2047 sequestraretur.
3018 1996 3087 2033 ne
3144 1980 3532 2050 agcantationc

1916 2061 2248 2131 psalmorum
2308 2079 2498 2118 eorum
2547 2066 2839 2137 colloquiis
2890 2068 3093 2139 ineptis
3155 2070 3511 2142 impediretur

1916 2152 2170 2208 Comitari
2204 2171 2333 2210 vero
2380 2172 2601 2227 semper
2649 2175 2775 2213 cum
2834 2160 2930 2215 illo
2978 2161 3194 2233 aliquos
3245 2179 3374 2219 suos
3404 2181 3532 2235 pre-

1912 2243 2164 2314 sbyteros
2186 2246 2665 2315 prudentissimos,
2698 2255 2753 2303 et
2799 2249 2869 2305 de
2901 2251 3201 2321 capellanis
3230 2259 3439 2308 tantum
3473 2262 3532 2310 ut

1911 2334 2162 2402 quotidie
2190 2335 2473 2389 servitium
2529 2336 2622 2391 Dei
2681 2338 2882 2394 decore
2936 2339 3203 2409 perficere
3260 2342 3531 2412 potuisset

1913 2427 2190 2495 praecepit.
2226 2426 2488 2482 Similiier
2517 2436 2571 2483 et
2599 2432 2669 2483 de
2685 2430 2908 2485 vasallis
2938 2432 3054 2485 suis
3087 2449 3307 2503 semper
3335 2450 3523 2488 serum

1910 2513 2125 2584 aliquos
2157 2515 2598 2585 sapientissimus
2620 2518 2825 2573 habere
2856 2520 3053 2585 voluit,
3098 2521 3141 2574 si
3201 2521 3251 2575 ei
3299 2521 3524 2593 aliquod

1911 2604 2188 2677 negotium
2222 2606 2291 2660 de
2318 2607 2707 2662 ecclesiasticis
2755 2609 2923 2664 rebus
2951 2612 3032 2664 vel
3066 2612 3427 2667 saecularibus
3453 2613 3524 2667 ad

1909 2697 2252 2751 tractandum
2303 2698 2642 2763 devenisset,
2710 2708 2767 2754 ut
2822 2717 3012 2755 eorum
3067 2703 3300 2759 consilio
3364 2713 3524 2759 caute

1910 2797 2144 2845 tractare
2171 2800 2225 2846 et
2278 2809 2470 2867 regere
2526 2809 2747 2865 semper
2812 2802 3036 2865 paratus
3088 2804 3254 2851 esset.
3287 2797 3532 2852 Fuerunt

1905 2882 2068 2935 etiam
2094 2883 2254 2937 electi
2286 2884 2355 2938 de
2380 2884 2586 2939 familia
2609 2902 2831 2957 semper
2852 2887 2946 2957 qui
2973 2887 3323 2943 trahentibus
3351 2888 3530 2943 bobus

1905 2969 2163 3023 ductores
2193 2969 2451 3037 fuissent,
2484 2983 2538 3026 et
2565 2989 2689 3028 eum
2713 2981 2839 3028 ante
2871 2982 2926 3028 et
2957 2983 3100 3029 retro
3134 2976 3202 3029 ad
3246 2975 3525 3031 dexteram

1903 3067 1957 3113 et
1981 3060 2048 3113 ad
2076 3060 2267 3114 laevam
2297 3070 2457 3118 caute
2488 3063 2897 3128 observassent,
2918 3066 3121 3136 quibus
3151 3067 3240 3121 ille
3272 3067 3523 3137 quotidie

1825 3178 1873 3245 Ο
1902 3158 2103 3205 tantam
2135 3168 2372 3208 annonae
2412 3155 2628 3223 copiam
2665 3172 2761 3225 per
2816 3157 3064 3227 seipsum
3117 3163 3173 3211 et
3230 3173 3330 3227 per
3357 3157 3522 3211 mini-

1898 3247 2041 3293 stros
2073 3240 2193 3307 ejus
2232 3241 2362 3295 dare
2399 3241 2529 3296 fecit
2560 3242 2615 3296 in
2670 3245 2965 3312 praesentia
3026 3245 3167 3312 ejus,
3227 3253 3286 3300 ut
3317 3245 3520 3317 triplici

1900 3344 2128 3383 numero
2170 3328 2411 3384 virorum
2454 3328 2708 3385 sufficere
2751 3332 3041 3402 potuisset.
3102 3333 3520 3389 Amantissimus

1897 3434 2118 3489 quoque
2150 3418 2440 3473 comitatus
2470 3435 2775 3490 pauperum
2835 3436 3061 3491 semper
3111 3438 3236 3477 eum
3271 3438 3337 3477 eo
3377 3423 3526 3478 inter

1896 3523 1995 3561 sua
2026 3506 2145 3562 loca
2176 3507 2289 3563 ibat
2320 3526 2334 3573 ;
2366 3508 2459 3579 qui
2495 3508 2750 3563 virtutem
2785 3510 3148 3566 caballicandi
3172 3511 3523 3568 habebantin

1893 3594 2224 3649 cautissimis
2255 3596 2691 3651 ambulatoribus
2714 3598 3047 3673 pergebant.
3090 3599 3192 3654 Alii
3225 3610 3408 3655 autem
3439 3600 3524 3655 his

1893 3687 2160 3741 vehiculis
2190 3687 2245 3741 in
2277 3688 2484 3759 quibus
2514 3689 2664 3743 soliti
2721 3696 2879 3744 erant
2928 3706 3181 3764 pergere,
3235 3708 3359 3746 cum
3391 3708 3519 3747 car-

1892 3781 2074 3851 pentis
2105 3782 2446 3854 episcopalia
2499 3784 2805 3839 ministeria
2862 3785 3216 3855 portantibus
3257 3803 3516 3856 perrexe-

1892 3879 2035 3926 runt.
2097 3872 2334 3937 Quorum
2392 3889 2520 3929 vero
2600 3873 2704 3945 (33)
2784 3874 3198 3929 mansiunculas
3254 3882 3310 3930 et
3369 3881 3512 3930 totas

1898 3968 2318 4037 procurationes
2379 3969 2496 4040 ipse
2548 3985 2648 4040 per
2702 3969 2942 4040 aliquem
2992 3984 3215 4024 suorum
3275 3966 3520 4022 fidelium

1897 4060 2145 4131 quotidie
2178 4068 2338 4116 caute
2368 4061 2653 4133 disposuit
2724 4062 3012 4134 Nunquam
3068 4077 3197 4116 vero
3241 4062 3295 4115 in
3336 4061 3521 4133 aliquo

1899 4149 2286 4219 praedictorum
2323 4151 2791 4208 monasteriorum
2849 4152 3059 4207 otiosus
3089 4150 3367 4215 manebat,
3411 4149 3517 4204 nisi

1895 4240 1949 4293 in
1982 4237 2234 4295 aedificiis
2278 4240 2545 4304 ecclesiae,
2598 4242 2686 4296 vel
2734 4242 3120 4307 claustrorum,
3157 4240 3241 4294 vel
3283 4240 3516 4294 aliorum
3580 4310 3590 4317 _

1892 4326 2275 4393 aedificiorum,
2324 4328 2410 4383 vel
2444 4345 2725 4384 murorum
2766 4338 2927 4385 antea
2957 4328 3295 4399 praeparatis,
3327 4338 3381 4382 et
3403 4328 3520 4383 col-

1890 4418 2045 4474 lectis
2092 4421 2534 4491 supellectilibus
2581 4423 2899 4477 laborasset.
2943 4422 3116 4476 Vitam
3164 4436 3294 4476 vero
3329 4421 3381 4474 in
3414 4435 3512 4475 eo-

152 4515 442 4554 sacrarum
471 4501 757 4558 solemniis
782 4505 1073 4562 missarum
1107 4510 1217 4564 Deo
1251 4511 1531 4579 militaret,
1573 4522 1629 4570 et
1660 4525 1785 4587 post
1807 4548 1860 4615 Ι)
1887 4512 2010 4566 dem
2053 4516 2389 4570 monasterio
2420 4516 2533 4571 Deo
2565 4516 2917 4569 militantium
2961 4514 3354 4570 monachorum
3382 4513 3502 4569 sive

150 4598 384 4661 peracta
411 4607 692 4649 sacrarum
724 4596 1013 4654 missarum
1064 4602 1332 4658 solemnia
1363 4607 1777 4664 multitudinem

150 4682 353 4754 pepuli
388 4682 518 4739 illuc
548 4691 881 4764 congregati
911 4709 1065 4748 sacro
1095 4694 1387 4752 chrismate
1410 4698 1782 4769 confirmaret,

158 4782 213 4827 et
247 4773 342 4827 his
372 4772 445 4826 ita
475 4776 735 4845 peractis,
768 4779 835 4833 ad
851 4780 1127 4837 civitatem
1168 4785 1350 4851 rediit,
1402 4793 1457 4842 et
1505 4788 1578 4842 ibi
1614 4798 1781 4846 totam

154 4866 483 4934 paschalem
514 4868 921 4925 hebdomadam
944 4874 1295 4931 devotissime
1319 4878 1635 4937 celebravit.

222 4953 285 5009 V.
321 4955 505 5012 Finita
533 4959 775 5028 paschali
831 4961 1204 5031 solemnitate,
1254 4983 1376 5021 cum
1436 4968 1671 5039 alicujus
1701 4972 1779 5027 rei

150 5047 468 5102 necessitas
514 5051 911 5121 prOposuisset,
966 5062 1025 5109 ut
1053 5055 1120 5109 ad
1152 5056 1257 5111 alia
1286 5058 1404 5114 loca
1440 5061 1524 5115 vel
1563 5062 1633 5116 ad
1663 5080 1780 5120 mo-

146 5136 402 5190 nasteria
428 5137 762 5207 pertinentia
812 5142 880 5195 ad
933 5144 1313 5216 episcopatum
1370 5148 1614 5225 legitime
1641 5170 1776 5225 per-

221 5304 331 5377 (29)
360 5306 606 5362 Porticu.

216 5376 323 5499 (30)
361 5377 807 5448 Superscriptum
827 5392 946 5438 erat
979 5402 991 5438 :
1018 5387 1367 5445 adsummum
1394 5390 1776 5453 Germanicum

216 5448 222 5499 ί
249 5448 712 5499 iceteathedralis
743 5454 989 5499 analogian
1014 5473 1212 5499 nnmnn
1255 5462 1493 5499 rncnnvit
1551 5468 1752 5499 τινα...

144 5447 362 5531 scilicet
368 5447 716 5531 cathedralis
743 5454 995 5531 ecclesiae,
1013 5473 1213 5513 nomen
1255 5462 1515 5531 respexit,
1551 5447 1773 5524 Titio;

214 5519 334 5595 (δέ)
368 5519 842 5595 biatriculariism.
876 5541 927 5592 e,
952 5529 1101 5584 clero
1134 5519 1386 5587 ecclesiae
1422 5519 1775 5595 cathedralis.

217 5589 327 5653 (32)
370 5590 564 5646 Clerici
626 5589 922 5666 regulares
967 5598 1019 5652 id
1086 5604 1352 5666 temporis
1397 5589 1773 5666 ecclesia—m3.

144 5657 305 5735 Afer),
343 5678 467 5731 quae
493 5679 640 5717 nunc
672 5657 983 5723 SlL'dalrici
1015 5679 1118 5735 est,
1162 5657 1504 5730 obtinebant.

217 5732 329 5819 (33,;
395 5736 493 5819 At;
542 5736 856 5819 Staphense,
903 5732 1395 5819 ‘Wérintessteigia,
1436 5750 1772 5819 Houvibach,

145 5801 376 5868 Fauces,
453 5801 760 5862 Suichtivac
833 5811 916 5864 vel
979 5801 1392 5872 Fuich-Wditcf
1437 5801 1579 5883 Κιξᾷ

1886 4604 2278 4659 canonicorum
2316 4612 2369 4661 et
2408 4607 2683 4678 stipendia
2723 4623 2912 4662 eorum
2945 4606 3173 4663 omnino
3224 4622 3419 4679 regere
3450 4610 3508 4660 et

1885 4712 2221 4767 componere
2251 4698 2480 4762 studuit,
2530 4706 2583 4752 et
2604 4700 2696 4770 jus
2726 4698 2948 4762 familiae
2981 4698 3286 4753 dissolvere
3325 4695 3509 4752 omni-

1885 4788 2050 4842 modo
2098 4804 2208 4843 non
2266 4790 2560 4845 concessit.
2640 4793 2789 4848 Dona
2838 4790 3004 4846 etiam
3061 4788 3236 4846 sancti
3269 4788 3509 4860 Spiritus

1886 4877 2118 4942 tradere;
2148 4878 2240 4932 ubi
2275 4880 2579 4935 necessitas
2609 4879 2732 4947 fuit,
2774 4880 3196 4936 confirmatione
3225 4877 3507 4933 chrisma-

1886 4968 1952 5022 tis
1981 4984 2090 5023 non
2118 4968 2307 5024 omisit
2368 5029 2376 5037 ,

1954 5067 2037 5122 Vl.
2070 5069 2291 5124 Gratum
2322 5075 2505 5124 autem
2560 5075 2615 5123 et
2662 5068 3036 5122 necessarium
3098 5066 3200 5121 iter
3253 5063 3505 5135 populis,

1880 5174 2003 5214 cum
2055 5168 2247 5231 quarto
2313 5160 2419 5231 (36)
2478 5175 2647 5227 anno,
2687 5158 2994 5215 secundum
3043 5155 3495 5214 constitutionem

1882 5329 2101 5397 phense,
2161 5331 2602 5397 Unisintessbela,
2654 5330 3015 5392 Hom'vz'bach,
3077 5331 3291 5392 Fauces,
3370 5329 3502 5385 Sin-

1883 5400 1986 5453 chu
1994 5417 2145 5461 vane,

1954 5471 2062 5537 (34)
2092 5474 2217 5527 Nisi
2247 5486 2344 5541 pro
2373 5473 2521 5541 quod
2548 5488 2675 5527 non.

2098 5542 2360 5625 l'l‘ocgvero
2389 5543 2653 5598 abundat.
3115 5615 3125 5625 .
3248 5614 3283 5625 η

1951 5614 2058 5679 (36)
2109 5613 2266 5685 Forte
2294 5630 2399 5685 uno
2456 5631 2707 5685 quoque;
2756 5630 2999 5671 canones
3038 5615 3187 5669 enim
3231 5614 3504 5685 diceceses

1878 5684 2187 5768 annuenab.
2220 5684 2501 5768 episcopis
2551 5684 2801 5768 visitari“
2824 5685 3037 5768 volunt.
3071 5687 3166 5768 ‘10
3196 5687 3325 5768 qz‘l.
3376 5701 3421 5739 ο.
3464 5684 3498 5739 9

1878 5762 1931 5810 et
1961 5756 2035 5809 10.
2066 5756 2309 5826 Capitula
2338 5756 2503 5811 etiam
2551 5757 2723 5812 Caroli
2755 5758 2824 5812 Μ.
2880 5764 2936 5812 et
2972 5756 3181 5813 Ludov.
3218 5756 3317 5812 'Pii
3357 5771 3492 5812 con-

1876 5827 2138 5893 sentiunt,
2170 5828 2267 5881 lib.
2299 5845 2389 5893 vii,
2432 5845 2553 5898 cup.
2587 5832 2711 5885 Act.
2734 5829 2786 5884 8.
