3924 6406
439 400 573 455 1023

1522 401 1576 454 S.
1619 399 1927 455 UDALRICI
1970 397 2345 454 AUtrUSTANl
2387 396 2703 451 EPISCOPI.

3645 398 3769 452 1024

429 544 704 583 canonum
757 528 1117 583 ministerium
1173 545 1334 584 suum
1383 529 1453 583 ad
1483 527 1845 600 implendum,
1881 544 2049 584 causa
2073 528 2121 598 Α
2151 541 2217 582 eo
2269 526 2469 582 clerico
2523 525 2612 581 cui
2680 525 2773 580 illa
2815 525 3141 581 obedientia
3223 534 3350 582 erat
3391 528 3769 582 commendata

432 616 662 691 regendi
694 623 749 672 et
782 617 1117 688 praedicandi
1150 626 1316 691 atque
1365 617 1731 674 conﬁrmandi
1760 619 2048 675 dioecesim

432 706 537 761 sibi
558 706 911 761 commissam
955 706 1175 761 visitare
1222 707 1579 773 decrevisset,
1637 708 1835 763 eodem
1861 708 2049 774 modo,

430 795 569 850 sicut
594 794 851 866 superius
877 795 1136 859 diximus,
1162 796 1217 849 in
1249 796 1388 851 solio
1416 797 1664 866 carpenti
1697 796 2049 867 superposito

433 892 684 957 sedebat,
709 893 1060 964 psalmosque
1091 893 1254 948 solito
1286 907 1436 947 more
1480 892 1834 958 decantabat,
1870 908 2050 947 eunu-

432 986 594 1039 chum
634 983 786 1038 illum
845 984 1065 1039 imitans
1093 985 1208 1056 qui,
1236 984 1432 1059 legens
1486 984 1680 1038 Isaiam
1724 984 2053 1054 prOphetam

433 1096 601 1150 super
623 1096 844 1134 currum
877 1097 1035 1135 suum
1068 1081 1291 1146 sedens,
1328 1097 1426 1151 per
1451 1080 1593 1135 viam
1646 1078 1932 1151 pergebat,
1965 1076 2053 1133 cui

433 1168 791 1238 praecipiente
821 1169 1021 1239 Spiritu
1060 1180 1250 1225 sancto
1274 1170 1560 1241 Philippus
1617 1168 1908 1237 adjunctus
1948 1174 2053 1232 est,

434 1258 550 1328 qui,
578 1257 646 1311 ab
669 1273 735 1312 eo
793 1258 1127 1329 praedicatus
1157 1265 1211 1313 et
1251 1260 1577 1331 baptizatus,
1637 1257 1803 1313 ﬁdem
1853 1266 2056 1311 sanctae

430 1346 709 1402 Trinitatis
738 1348 973 1419 accepit,
1026 1348 1307 1403 aestimans
1356 1364 1454 1419 pro
1483 1356 1653 1410 certo,
1697 1357 1965 1419 quantum
1994 1360 2056 1400 se

431 1439 721 1509 colloquiis
752 1439 1011 1494 humanis
1038 1440 1424 1507 subtraxisset,
1478 1448 1539 1495 ut
1565 1447 1774 1495 tantum
1815 1455 1875 1493 se
1909 1437 2055 1493 divi-

433 1528 517 1581 nis
547 1528 1003 1600 prepinquiorem
1036 1528 1218 1584 facere
1266 1529 1553 1600 potuisset.
1585 1530 1664 1583 Ad
1722 1529 1841 1584 loca
1865 1537 2051 1584 autem

433 1616 525 1669 illa
567 1633 691 1671 cum
744 1617 1089 1688 pervenisset
1147 1617 1242 1672 ubi
1285 1618 1519 1673 consilia
1575 1635 1676 1673 sua
1732 1619 2055 1673 denuntiata

433 1706 670 1775 fuerant,
729 1725 852 1763 cum
903 1709 1190 1783 evangelio
1230 1717 1284 1764 et
1325 1727 1466 1781 aqua
1516 1710 1812 1766 benedicta
1869 1718 1923 1765 et
1952 1726 2049 1765 so-

431 1796 989 1868 nantibuscampanis
1019 1808 1073 1853 et
1107 1806 1254 1853 tanta
1303 1798 1723 1855 honoriﬁcentia
1755 1808 2050 1871 susceptus

430 1895 534 1954 est,
568 1898 835 1960 quantum
893 1889 1003 1944 illis
1058 1890 1151 1962 qui
1207 1890 1284 1945 ibi
1326 1892 1646 1967 congregati
1705 1897 1835 1946 sunt
1877 1892 2050 1947 virtus

429 1980 777 2050 suppetebat.
839 1982 1029 2036 Statim
1065 1998 1195 2038 vero
1256 1983 1421 2038 missa
1476 1984 1757 2039 celebrata
1811 2000 1868 2038 in
1926 1999 2054 2040 con-

430 2073 557 2127 cilio
586 2074 904 2141 considens,
947 2075 1215 2146 populum
1244 2082 1371 2130 ante
1415 2092 1478 2130 se
1509 2076 1695 2131 vocari
1736 2074 1885 2144 fecit,
1919 2092 2053 2147 pru-

423 2161 819 2233 dentioresque
864 2170 919 2218 et
949 2164 1262 2219 veraciores
1318 2173 1663 2220 sacramento
1705 2165 2049 2239 interrogare

426 2252 712 2322 praecepit,
744 2269 865 2323 quae,
925 2254 980 2308 in
1019 2254 1112 2308 illa
1171 2254 1429 2323 parochia
1460 2254 1852 2310 emendatione
1881 2255 2048 2328 digna

425 2341 676 2409 fuissent,
717 2352 772 2399 et
824 2353 1017 2401 contra
1070 2346 1195 2414 jura
1248 2345 1673 2401 Christianitatis
1731 2353 2046 2418 perpetrata

422 2441 664 2504 peccata,
695 2441 754 2489 ut
805 2435 856 2489 ei
894 2435 1075 2490 veraci
1119 2436 1292 2490 relatu
1349 2445 1479 2492 nota
1540 2435 1740 2492 fierent
1779 2436 1943 2491 facta.
1978 2435 2044 2491 Ut

421 2532 603 2580 autem
645 2525 715 2580 ab
755 2526 836 2580 eis
861 2528 1044 2598 aliqua
1068 2543 1315 2583 normam
1368 2529 1722 2584 rectitudinis
1747 2544 2045 2603 supergre-

426 2615 636 2670 dientia
671 2617 894 2689 cognita
952 2617 1184 2685 audivit,
1217 2618 1337 2673 sine
1398 2618 1756 2689 perceptione
1789 2633 2049 2689 persona-

432 2726 550 2765 rum
581 2710 888 2764 secundum
913 2708 1186 2777 judicium
1240 2710 1591 2776 clericorum,
1649 2711 1718 2765 ad
1776 2711 2049 2767 tramitem

428 2799 802 2864 rectitudinis,
861 2808 1151 2870 quantum,
1207 2800 1576 2871 omnipotenti
1642 2802 1752 2856 Deo
1801 2803 2049 2871 juvante,

431 2888 627 2958 potuit,
660 2887 940 2941 retrahere
994 2886 1290 2956 festinavit,
1321 2895 1377 2944 et
1432 2891 1574 2943 male
1632 2890 1900 2961 pullulata
1929 2908 2054 2946 sur-

431 2976 555 3031 cula
581 2976 837 3031 vitiorum
878 2976 1131 3032 falcastro
1178 2977 1333 3032 verbi
1394 2979 1488 3034 Dei
1541 2981 1944 3037 studiosissime
1972 2998 2060 3037 re-

431 3088 644 3135 secare,
703 3088 770 3126 ne
820 3072 1056 3147 virgulta
1103 3074 1370 3129 malorum
1428 3076 1745 3150 germinum
1811 3084 2056 3151 segetem

431 3164 627 3219 Christi
659 3163 763 3218 sibi
791 3166 1139 3219 commissam
1196 3164 1468 3221 suffocare
1501 3167 1792 3223 licentiam
1827 3169 2056 3224 habuis-

429 3260 554 3308 sent
586 3261 679 3319 ;et
708 3252 917 3309 morbis
948 3253 1207 3309 vitiorum
1265 3255 1552 3324 aptissima
1584 3256 1828 3312 fomenta
1860 3274 2053 3314 emen-

431 3345 712 3399 dationem
783 3345 1063 3416 opposuit,
1097 3345 1195 3400 sed
1241 3354 1424 3402 tamen
1475 3349 1789 3404 secundum
1820 3350 2055 3406 verbum

430 3428 526 3483 Dei
558 3429 790 3485 dicentis
821 3448 833 3484 :
867 3433 1069 3500 Argue,
1110 3434 1353 3501 obsecra,
1410 3438 1634 3506 increpa
1685 3440 1746 3492 in
1779 3441 1931 3493 omni
1958 3456 2061 3509 pa-

432 3519 625 3571 tientia
653 3523 702 3572 et
733 3519 983 3574 doctrina
1014 3521 1090 3591 (ΙΙ
1135 3524 1401 3595 Tim.1v).
1457 3525 1529 3578 Ea
1588 3541 1717 3582 vero
1768 3543 1892 3598 quae
1948 3528 2057 3582 dif-

435 3605 603 3660 ficilia
634 3607 1119 3679 etinsuperabilia
1174 3611 1443 3667 ministris
1500 3614 1616 3668 suis
1677 3629 1801 3670 esse
1853 3616 1923 3671 ab
1974 3618 2057 3672 eis

431 3701 721 3772 comperit,
754 3702 811 3756 in
875 3705 1169 3774 praesentia
1215 3706 1324 3772 sui,
1369 3708 1615 3763 omnium
1665 3726 1791 3765 cum
1833 3726 1899 3767 eo
1936 3728 2051 3767 ma-

432 3793 703 3860 nentium,
744 3794 1044 3864 adjutorio,
1077 3804 1335 3867 percauta
1394 3799 1704 3857 directione
1733 3801 1880 3858 finiri
1912 3820 2050 3859 con-

430 3885 623 3940 tendit.
659 3887 788 3951 Quae
811 3893 993 3943 autem
1017 3889 1086 3943 ab
1117 3889 1198 3944 eis
1227 3890 1347 3945 sine
1378 3891 1782 3949 obtrectatione
1815 3895 2048 3952 aliorum

430 3977 483 4031 in
542 3986 746 4034 statum
795 3981 1142 4035 rectitudinis
1184 3984 1453 4038 convertit
1511 3986 1811 4056 persensit,
1859 4005 2050 4044 eorum

433 4069 691 4144 regimini
739 4070 1138 4142 perficiendum
1197 4072 1427 4130 firmiter
1484 4078 1909 4133 commendavit.
1954 4081 2051 4137 llle

430 4170 636 4229 autem,
693 4179 937 4234 sequens
989 4165 1232 4239 regulam
1287 4166 1371 4220 sui
1440 4167 1752 4236 ministerii,
1814 4170 2051 4243 Spiritus

350 4294 355 4299 .
429 4251 605 4307 sancti
630 4251 838 4307 donum
872 4255 1078 4324 pepulo
1119 4255 1187 4309 ad
1243 4256 1349 4310 hoc
1397 4255 1530 4311 illud
1561 4267 1919 4333 congregato,
1961 4278 2050 4317 sa-

428 4360 534 4398 crae
587 4344 864 4399 unctionis
921 4344 1397 4402 confirmationem
1465 4350 1675 4405 studuit
1732 4351 2044 4424 imponere.

430 4430 485 4485 Si
537 4440 720 4505 autem
770 4433 854 4487 his
905 4435 1090 4490 adhuc
1155 4436 1492 4508 imperfectis
1532 4454 1638 4494 nox
1677 4441 1842 4497 solito
1896 4458 2048 4498 more

431 4524 742 4595 subrepens
798 4526 1043 4592 advenit,
1116 4544 1187 4583 ne
1276 4529 1462 4601 aliqua
1518 4548 1644 4601 pars
1700 4533 1882 4589 ovium
1942 4536 2046 4592 sibi

434 4621 852 4677 commissarum
893 4623 1225 4680 detrimento
1278 4626 1608 4696 privationis
1651 4629 1894 4685 caelestis
1916 4631 2047 4687 doni

434 4722 771 4787 gravaretur,
804 4715 1047 4771 incensis
1099 4718 1463 4774 luminaribus
1492 4720 1547 4774 in
1581 4723 1806 4778 nomine
1833 4724 2047 4781 Domini

432 4814 613 4876 ccepta
666 4806 936 4877 perficere
989 4808 1308 4866 decertavit.
1351 4811 1633 4866 Interdum
1692 4821 1898 4881 autem,
1928 4833 2051 4872 cum

433 4894 503 4948 de
552 4894 977 4967 refragatoribus
1020 4897 1246 4964 justitiaa
1308 4905 1460 4953 tanta
1517 4902 1801 4957 contentio
1859 4919 2053 4959 excre-

433 4986 625 5050 visset,
656 4996 717 5041 ut
758 4987 1065 5043 decedente
1093 4989 1203 5056 die,
1239 4990 1482 5046 tenebrae
1531 4992 1707 5049 noctis
1747 4993 2052 5051 funderen-

433 5084 521 5132 tur
551 5078 865 5145 inmundo,
925 5096 993 5134 ne
1053 5096 1150 5151 pro
1205 5096 1272 5136 eo
1325 5082 1561 5138 concilia
1603 5085 1737 5139 inibi
1787 5087 2051 5142 ventilata

432 5168 1131 5236 remanerentincorrecta,
1191 5171 1494 5227 luminibus
1524 5174 1771 5231 incensis
1833 5178 2052 5246 regulas

432 5261 729 5316 canonicas
772 5263 954 5337 legere
1006 5264 1287 5336 praecepit,
1358 5272 1417 5320 ut
1481 5267 1619 5321 seris
1669 5268 1897 5335 justitiae
1956 5285 2053 5325 ora

432 5354 823 5427 refragatorum
864 5358 1266 5428 oppilarentur,
1326 5367 1382 5413 et
1414 5359 1580 5427 justis
1604 5361 1836 5431 judiciis
1863 5363 2054 5420 omnia

435 5442 491 5495 in
543 5445 636 5499 Dei
709 5446 989 5502 voluntate
1076 5458 1614 5508 consummarentur.
1674 5456 1805 5508 tium
1864 5461 2052 5510 autem

433 5535 706 5604 completo
734 5526 969 5594 concilio
1024 5541 1112 5594 vel
1168 5539 1587 5598 confirmatione
1637 5544 1705 5599 ad
1765 5546 2051 5600 mansiun-

435 5624 585 5678 culas
616 5627 799 5693 rediit,
840 5644 1041 5701 corpus
1095 5629 1457 5687 reficiendum
1512 5649 1623 5690 non
1664 5635 1818 5706 prius
1886 5654 2055 5708 pran-

440 5709 591 5767 dium
657 5715 912 5785 gustavit.
960 5734 1124 5789 quam
1174 5721 1510 5790 pauperibus
1557 5722 1925 5795 eleemosynae
1981 5725 2050 5780 ab

2083 1937 2130 2005 Β

2152 616 2541 690 erogabantur.
2604 615 2894 670 Debilibus
2949 623 3135 671 autem
3186 632 3310 670 cum
3370 630 3437 670 eo
3476 616 3767 671 advenien-

2154 710 2298 766 tibus
2322 711 2377 765 in
2407 727 2507 765 sua
2539 710 2836 782 praesentia
2886 710 3196 777 collocatis,
3256 710 3635 766 abundantem
3693 727 3770 765 re-

2154 802 2447 858 fectionem
2509 802 2715 873 apponi
2774 802 3046 873 prtecipit.
3101 803 3159 856 In
3210 802 3548 874 quibusdam
3596 808 3764 856 autem

2155 892 2353 946 diebus
2402 892 2642 962 capitula
2688 908 2812 947 cum
2880 891 3098 946 clericis
3144 891 3351 945 habere
3394 890 3670 962 disposuit
3722 890 3769 945 in

2156 981 2241 1035 his
2280 980 2416 1035 locis
2466 979 2562 1035 ubi
2628 980 2745 1035 haec
2798 980 3086 1050 aptissime
3131 979 3253 1035 fieri
3313 979 3772 1050 archipresbyteri

2158 1082 2509 1147 putaverunt,
2538 1082 2591 1129 et
2638 1073 2735 1130 ubi
2796 1090 2923 1128 eum
2963 1074 3032 1128 ab
3088 1073 3213 1127 aliis
3265 1072 3566 1127 mundanis
3604 1072 3781 1127 conci-

2160 1163 2246 1218 liis
2299 1164 2693 1219 absolutiorem
2743 1178 2865 1217 esse
2951 1160 3374 1217 arbitrabantur.
3431 1159 3781 1234 Congregatis

2158 1262 2286 1308 ante
2353 1269 2411 1308 se
2456 1253 2694 1318 clericis,
2763 1252 3295 1324 archipresbyteros,
3326 1258 3381 1305 et
3411 1250 3680 1315 decanos,
3736 1256 3784 1303 et

2158 1344 2402 1414 Optimos
2430 1358 2572 1414 quos
2631 1343 2774 1398 inter
2831 1358 2928 1398 eos
2982 1342 3234 1398 invenire
3265 1340 3467 1412 potuit,
3512 1345 3674 1395 caute
3705 1339 3780 1392 in-

2157 1434 2459 1506 terrogavit
2506 1434 2747 1506 qualiter
2808 1433 3198 1506 quotidianum
3248 1432 3344 1487 Dei
3393 1431 3682 1486 servitium
3722 1430 3782 1484 ab

2156 1527 2238 1581 eis
2269 1526 2611 1597 impleretur,
2648 1535 2704 1582 et
2765 1526 3003 1598 qualiter
3057 1525 3170 1579 illis
3201 1524 3443 1595 populus
3501 1523 3782 1591 subjectus

2155 1631 2222 1671 ex
2250 1616 2331 1670 eis
2362 1621 2652 1687 regeretur
2683 1614 2739 1669 in
2764 1613 2949 1669 studio
2996 1612 3334 1685 praedicandi
3382 1611 3739 1683 docendique
3770 1629 3783 1673 ;

2155 1717 2473 1782 quantaque
2535 1710 2754 1764 cautela
2808 1709 3047 1762 infantes
3085 1706 3523 1778 baptizarentur,
3585 1703 3780 1760 infirmi

2152 1805 2508 1860 visitarentur
2527 1810 2582 1858 et
2630 1810 2994 1877 ungerentur,
3045 1800 3442 1857 defunctorum
3474 1800 3645 1855 etiam
3668 1815 3781 1855 cor-

2156 1913 2287 1969 pora
2319 1902 2523 1968 quanta
2584 1894 2971 1965 eompassione
3030 1892 3334 1965 sepulturis
3386 1891 3783 1957 traderentur;

2157 1986 2397 2059 qualiter
2428 1985 2499 2040 de
2539 1984 2774 2040 decimis
2824 1990 2878 2038 et
2921 1981 3299 2037 oblationibus
3365 1980 3619 2035 fidelium
3662 1996 3788 2050 pau-

2157 2094 2320 2149 peres
2350 2087 2408 2132 et
2459 2077 2679 2133 debiles
2735 2081 3142 2139 recrearentur,
3192 2072 3376 2128 viduis
3430 2080 3484 2127 et
3518 2072 3779 2143 orphanis

2153 2171 2207 2224 in
2238 2170 2511 2225 universis
2543 2167 2980 2223 necessitatibus
3024 2166 3387 2221 subvenirent
3419 2182 3433 2231 ;
3468 2174 3786 2236 quantoque

2151 2262 2335 2317 studio
2359 2262 2415 2315 in
2438 2260 2753 2331 hospitibus
2785 2266 2838 2313 et
2865 2258 3329 2313 advenisChristo
3364 2257 3783 2315 ministrarent:

2148 2349 2192 2403 si
2230 2349 2685 2404 subintroductas
2744 2347 3003 2401 mulieres
3050 2362 3240 2400 secum
3309 2344 3665 2411 habuissent,
3733 2352 3783 2398 et

2149 2442 2279 2497 inde
2335 2442 2544 2498 crimen
2599 2438 2930 2510 suspicionis
2972 2438 3285 2492 inciderent
3326 2454 3340 2499 ;
3382 2437 3427 2490 si
3460 2452 3591 2491 cum
3651 2437 3790 2491 cani-

2149 2531 2252 2586 bus
2304 2530 2389 2584 vel
2444 2528 2802 2600 accipitribus
2884 2526 3210 2582 venationes
3294 2533 3689 2597 sequerentur.
3736 2520 3787 2577 si

2152 2619 2410 2674 tabernas
2448 2634 2615 2673 causa
2673 2616 2876 2672 edendi
2936 2616 3025 2671 vel
3057 2608 3791 2688 bibendiingrederentur;

2153 2712 2198 2766 si
2228 2721 2416 2782 turpes
2464 2710 2625 2779 jocos
2682 2710 2738 2763 in
2794 2725 2893 2763 usu
2944 2709 3266 2773 haberent;
3317 2706 3365 2761 si
3396 2706 3712 2762 ebrietates
3746 2714 3794 2760 et

2153 2804 2593 2860 comessationes
2647 2818 2813 2873 supra
2875 2800 3102 2855 modum
3152 2808 3449 2861 amarent;
3502 2799 3549 2852 si
3585 2800 3718 2853 rixis
3738 2809 3785 2853 et

2158 2894 2609 2951 contentionibus
2626 2900 2681 2949 et
2702 2892 3156 2948 {emutationibus
3184 2890 3529 2946 deservirent
3573 2910 3590 2957 ;
3622 2891 3668 2945 si
3693 2907 3789 2944 nu-

2159 2984 2670 3058 ptiissaecularibus
2725 2983 3097 3048 interessent;
3140 2980 3223 3035 vel
3276 2980 3320 3034 si
3371 2979 3548 3051 aliqui
3609 2996 3790 3035 eorum

2162 3072 2468 3129 ministeria
2525 3070 2844 3127 indecentia
2902 3070 2955 3124 in
2990 3067 3394 3125 consuetudine
3460 3069 3782 3129 haberent;

2161 3164 2205 3219 si
2236 3180 2335 3234 per
2366 3161 2652 3226 Kalendas,
2708 3175 2863 3215 more
2921 3168 3334 3213 antecessorum
3398 3173 3660 3223 suorum,
3723 3159 3786 3212 ad

2160 3258 2278 3311 loca
2308 3262 2507 3311 statuta
2565 3253 2947 3319 convenirent,
3009 3251 3204 3323 ibique
3257 3252 3451 3308 solitas
3506 3252 3791 3307 orationes

2162 3349 2474 3420 explerent,
2503 3361 2739 3418 suasque
2767 3345 3036 3401 Ecclesias
3074 3346 3144 3401 ad
3173 3352 3393 3416 tempus
3412 3342 3415 3345 λ
3435 3347 3789 3412 reviserent;

2160 3443 2205 3498 si
2259 3442 2634 3497 obedientiam
2695 3455 2884 3495 eorum
2950 3439 3225 3514 magistris
3286 3438 3695 3509 praebuissent,
3739 3450 3789 3497 et

2162 3537 2216 3591 in
2265 3544 2378 3591 toto
2426 3551 2528 3590 suo
2573 3533 2884 3589 ministerio
2943 3532 3126 3588 devoti
3180 3543 3236 3588 et
3262 3533 3376 3605 apti
3416 3550 3655 3589 manere
3682 3541 3788 3590 stu-

2158 3628 2428 3683 duissent.
2474 3626 2854 3697 Responsione
2907 3634 3091 3680 autem
3123 3625 3194 3679 de
3224 3624 3592 3699 interrogatis
3622 3628 3784 3692 facta,

2158 3726 2212 3775 et
2236 3720 2449 3775 ratione
2498 3718 2749 3774 veritatis
2795 3723 3074 3788 percepta,
3127 3715 3401 3771 stantibus
3453 3717 3509 3770 in
3568 3718 3790 3774 rectitu-

2154 3809 2285 3864 dine
2347 3807 2684 3862 dulcissimae
2737 3804 3135 3861 consolationis
3188 3804 3364 3878 gratia
3422 3805 3778 3879 gratiﬁcavit,

2154 3906 2208 3953 et
2250 3904 2309 3952 ut
2352 3898 2620 3967 deinceps
2668 3911 2699 3949 a
2750 3909 2941 3950 norma
2992 3893 3221 3962 iustitiae
3277 3909 3389 3948 non
3465 3895 3781 3961 deviarent,

2153 3989 2304 4044 suavi
2327 3985 2606 4057 colloquio
2646 3982 2975 4048 admonuit;
3020 3997 3252 4037 errones
3295 3988 3476 4036 autem
3529 4001 3636 4053 per
3692 3985 3783 4038 de-

2152 4088 2240 4143 via
2271 4085 2593 4141 incedentes
2622 4082 2837 4143 fratres,
2867 4080 3053 4156 dignis
3080 4079 3274 4135 terruit
3302 4082 3778 4151 correptionibus,

2153 4184 2208 4231 et
2263 4184 2323 4229 ut
2379 4180 2569 4245 postea
2630 4177 2895 4227 consueta
2942 4167 3076 4224 vitia
3142 4168 3484 4235 omitterent,
3575 4187 3783 4242 praece-

2152 4267 2253 4339 pit.

2220 4362 2331 4416 Vll.
2369 4359 2571 4415 Horum
2630 4364 2811 4412 autem
2856 4355 2949 4428 qui
2999 4355 3053 4409 in
3109 4368 3213 4409 suo
3259 4354 3596 4426 episcopatu
3656 4374 3783 4429 pro-

2152 4456 2411 4527 prietates
2462 4451 2764 4515 habebant,
2825 4449 3079 4522 quisquis
3135 4448 3525 4523 religiosorum
3562 4460 3784 4523 propter

2149 4558 2393 4599 amorem
2437 4540 2630 4595 Christi
2671 4539 2964 4594 ecclesiam
3011 4551 3346 4608 componere
3403 4537 3695 4606 cupiebat,
3729 4545 3777 4593 et

2151 4652 2274 4692 cum
2325 4649 2591 4690 concessa
2643 4631 2867 4687 licentia
2920 4630 2988 4684 ab
3041 4629 3236 4684 eodem
3269 4636 3461 4684 sancto
3512 4632 3781 4702 episcOpo

2154 4742 2275 4780 eam
2328 4721 2718 4784 mdiﬁcaverat,
2778 4719 3367 4789 consecrationernque
3429 4719 3609 4774 habili
3647 4730 3781 4775 tem-

2156 4833 2289 4890 pore
2311 4814 2378 4870 ab
2402 4830 2468 4870 eo
2518 4813 2638 4868 fieri
2690 4811 2976 4883 flagitavit,
3005 4810 3291 4881 aptissime
3334 4812 3781 4886 uniuscujusque

2157 4906 2409 4980 petitioni
2451 4904 2687 4977 praebuit
2732 4918 3040 4964 assensum,
3088 4902 3133 4955 si
3181 4901 3476 4957 confestim
3528 4905 3625 4961 ille
3655 4922 3785 4962 con-

2154 5003 2378 5051 sccratze
2396 4993 2645 5050 ecclesiae
2678 4992 2985 5067 legitimam
3029 4990 3211 5045 dotem
3265 4991 3321 5044 in
3354 4992 3517 5047 terris
3545 5002 3602 5048 et
3632 5011 3784 5050 man-

2154 5085 2316 5156 cipiis
2346 5084 2402 5138 in
2427 5098 2650 5137 manum
2683 5080 2804 5149 ejus
2826 5079 3174 5135 celsitudinis
3203 5079 3335 5134 dare
3363 5096 3475 5135 non
3513 5082 3780 5147 differret,

2156 5178 2209 5232 in
2227 5181 2527 5247 conspectu
2555 5172 2759 5228 civium
2787 5188 3010 5227 suorum
3054 5180 3108 5226 et
3138 5170 3359 5226 testium
3376 5172 3778 5242 veridicorum,

2156 5285 2224 5323 ne
2246 5275 2437 5338 postea
2483 5274 2654 5337 gestae
2705 5265 2782 5321 rei
2835 5264 3036 5320 veritas
3072 5262 3442 5319 offuscaretur
3469 5282 3485 5329 ;
3516 5282 3587 5321 ea
3619 5268 3777 5323 etiam

2154 5360 2366 5415 ratione
2385 5364 2444 5413 ut
2484 5358 2608 5414 aliis
2645 5356 3168 5424 circumiacentibus
3227 5354 3482 5411 ecclesiis
3529 5358 3661 5425 jura
3691 5374 3781 5415 eo-

2159 5450 2350 5505 rumin
2409 5447 2578 5503 nullis
2597 5447 2763 5503 rebus
2806 5456 3032 5519 pr0pter
3060 5444 3207 5499 illam
3227 5461 3423 5500 novam
3460 5448 3777 5504 minuerem

2156 5548 2263 5596 tur.
2287 5538 2825 5607 Consecrationeque
2854 5544 3096 5607 peracta,
3121 5535 3365 5608 doteque
3418 5538 3777 5603 contradicts,

2155 5635 2514 5706 comprobato
2538 5633 2654 5687 illic
2705 5631 3030 5704 presbytero
3077 5629 3264 5685 altaris
3324 5634 3775 5701 procurationem

2154 5723 2582 5781 commendavit.
2640 5730 2694 5778 et
2764 5722 3013 5779 ecclesia:
3071 5719 3493 5777 advocationem
3561 5720 3783 5777 firmiter
