3924 6420
162 424 292 479 1025
1744 419 1907 472 νιτΑ.
3345 415 3490 470 1026

162 554 400 628 legitimo
440 553 650 610 heredi
704 569 888 625 panno
934 553 1041 621 (37)
1098 552 1354 624 imposito
1412 549 1773 606 commenda-
1804 555 1844 619 Α
1874 545 2208 599 debitoribus
2236 546 2437 597 nostris
2469 542 2686 615 (Matth.
2730 542 2843 611 v1);
2885 551 2939 595 et
2977 541 3281 595 secundum
3317 541 3493 596 Evan-

161 646 246 699 vit.
281 646 524 714 Alicujus
575 646 912 701 oblationem
965 645 1211 700 muneris
1252 660 1363 699 non
1416 642 1770 712 exposeehat,
1872 634 2116 707 gelium:
2147 636 2236 689 Sic
2266 640 2315 687 et
2354 636 2516 689 Pater
2555 648 2701 686 meus
2741 632 2963 685 ccclesiis
3019 634 3187 698 faciet
3225 632 3396 695 vobis,
3448 634 3497 686 si

163 734 259 788 nisi
293 736 579 805 presbyter
610 735 861 805 ejusdem
893 736 1143 790 ecclesia:
1183 735 1389 807 aliquid
1424 740 1648 804 prepter
1681 732 1772 786 ho-
1872 746 1979 783 non
2020 731 2336 783 remiseritis
2381 729 2752 796 unusquisque
2805 727 2974 793 fratri
3010 742 3105 782 suo
3143 726 3207 780 de
3246 726 3499 783 cordibus

162 841 344 880 norem
400 843 584 892 suum,
646 834 701 881 et
747 826 949 883 bonam
990 827 1326 882 voluntatem
1374 842 1529 880 suam
1574 830 1770 896 sponte
1874 823 2063 875 vestris
2128 821 2347 888 (Matth.
2418 820 2602 889 xvm);
2683 826 2737 873 et
2813 818 3042 873 iterum:
3111 820 3395 885 Dimittite,
3451 825 3502 876 et

159 934 280 973 eum
319 919 571 989 accipere
611 920 949 990 impetraret.
1873 911 2226 965 dimittemini
2264 912 2414 976 (Luc.
2474 909 2566 975 γι).
2627 908 2877 962 Decimas
2937 908 3184 962 omnium
3244 909 3498 965 laborum

225 1009 363 1064 Vlll.
404 1008 535 1064 Jesu
562 1024 692 1064 vero
738 1008 978 1080 quodam
1014 1019 1260 1078 tempore
1305 1006 1593 1077 praeceptis
1640 1006 1773 1060 ohe-
1873 1022 2093 1062 suorum
2123 1006 2352 1061 Domino
2383 1011 2437 1059 et
2465 1004 2675 1059 sanctis
2709 1003 2851 1071 ejus,
2893 1004 3256 1075 ecclesiisquc
3290 1005 3495 1075 quibus

161 1098 383 1163 diendo,
422 1113 546 1152 cum
591 1097 646 1152 in
706 1113 844 1169 pago
905 1097 1197 1170 Aldcgowe
1253 1095 1365 1166 (33)
1424 1094 1769 1149 nominatum
1873 1110 2003 1167 sunt
2058 1101 2386 1164 terminatze,
2429 1115 2499 1153 ne
2557 1108 2767 1153 reatum
2809 1098 2936 1152 Cain
3000 1097 3292 1153 fratricida:
3354 1098 3499 1154 inci-

161 1191 445 1246 ministerii
472 1189 815 1246 suiofﬁcium
848 1190 1077 1260 implere
1109 1189 1466 1252 decrevisset,
1500 1192 1774 1240 venerunt
1874 1190 2073 1245 derent
2105 1205 2228 1244 cum
2274 1204 2473 1260 magna
2502 1187 2716 1241 cautela
2759 1195 3091 1257 przesentare
3144 1186 3495 1253 festinarent,

158 1280 380 1353 quidam
415 1280 666 1335 homines
718 1279 785 1332 de
823 1278 1021 1332 eodem
1054 1292 1195 1352 pago
1246 1276 1315 1330 ad
1356 1292 1505 1343 cum,
1562 1274 1771 1328 lamen-
1878 1282 2189 1339 Dominicas
2246 1280 2411 1336 etiam
2468 1280 2588 1333 dies
2645 1285 2700 1332 et
2731 1287 2957 1333 caeteras
2998 1279 3382 1349 solemuitates
3441 1280 3496 1334 in

160 1371 325 1427 tando
355 1370 635 1424 dicentes:
697 1394 719 1413 ο-
758 1368 943 1422 Patres
981 1367 1153 1422 nostri
1197 1367 1251 1421 in
1283 1382 1381 1420 sua
1441 1365 1775 1436 prOprietate
1878 1388 2024 1427 anno
2051 1388 2159 1427 non
2212 1370 2390 1425 solum
2423 1370 2478 1423 in
2517 1368 2856 1423 abstinentia
2904 1367 3186 1423 servilium
3238 1384 3496 1439 operum,

158 1479 319 1535 quam
354 1462 514 1517 nobis
559 1460 853 1532 reliquere,
895 1461 964 1514 de
1019 1460 1298 1529 lapidibus
1337 1466 1391 1512 et
1421 1464 1691 1512 memento
1723 1460 1778 1509 et
1879 1464 1978 1518 sed
2037 1473 2091 1519 ει
2155 1462 2402 1518 omnium
2480 1461 2763 1520 vitiorum,
2833 1460 3186 1516 devotissime
3251 1461 3500 1515 venerari

162 1551 325 1626 lignis
352 1550 644 1605 zediculam
677 1554 1126 1609 construxerunt,
1157 1563 1320 1618 quam
1348 1548 1454 1599 Deo
1488 1556 1540 1599 et
1572 1544 1777 1599 sanctis
1881 1552 2131 1608 monuit;
2175 1549 2574 1606 Eucharistiam
2605 1564 2885 1620 quemque
2952 1548 3173 1603 assidue
3226 1549 3501 1619 accipere,

163 1642 279 1709 ejus
324 1640 569 1695 dedicari
625 1639 936 1699 voluerunt,
987 1646 1043 1692 Cl.
1096 1644 1155 1692 ιιι
1497 1651 1777 1691 sacrorum
1880 1654 2044 1719 atque
2098 1654 2226 1702 ante
2277 1646 2660 1717 acceptione")
2714 1652 3002 1720 purgatum
3049 1659 3107 1697 se
3147 1641 3408 1707 exibere;
3451 1651 3505 1696 et

164 1730 469 1786 ofﬁciorum
529 1730 958 1785 celebrationem
1011 1728 1201 1783 audire
1242 1728 1597 1793 meruissent,
1649 1728 1780 1799 quia

168 1820 319 1875 locus
370 1819 471 1873 istc
502 1819 558 1872 in
591 1835 789 1893 magna
829 1818 1080 1872 vastitate
1133 1818 1306 1871 eremi
1354 1826 1437 1870 est
1467 1816 1629 1881 situs,
1681 1816 1779 1869 sed

166 1918 389 1980 propter
418 1874 796 1963 difﬁcultatem
855 1908 955 1961 via:
997 1916 1052 1961 et
1098 1906 1420 1978 pauperiem
1461 1874 1860 1988 substantiaeB

167 2017 355 2057 eorum
389 2043 403 2067 ,
467 2018 749 2072 nunquam
827 2000 1148 2072 episcOpum
1221 2001 1289 2053 ad
1346 2000 1781 2054 consecrandam

168 2095 448 2165 praefatam
504 2094 792 2148 aediculam
852 2093 1204 2148 introducere
1253 2099 1571 2163 potuerunt.
1620 2112 1648 2140 ι)
1692 2092 1784 2145 His

169 2183 394 2251 auditis,
428 2182 523 2237 Dei
561 2199 752 2237 servus
782 2182 941 2236 hilari
982 2182 1134 2237 vultu
1177 2182 1435 2236 dicebat:
1489 2207 1501 2228 ι
1553 2181 1785 2235 Potestis

172 2291 319 2330 nunc
343 2275 409 2329 ad
442 2282 663 2345 tempus
681 2290 803 2346 quae
833 2273 1239 2329 consecrationi
1267 2272 1514 2327 ecclesiae
1536 2281 1663 2327 sunt
1686 2288 1787 2326 ne—

170 2371 407 2425 cessaria
429 2370 710 2442 acquirere
734 2368 761 2423 ?
789 2391 817 2419 ν
851 2370 950 2434 Qui
982 2369 1284 2424 amicorum
1308 2368 1788 2423 consolationibus

169 2458 288 2514 freti
309 2459 753 2530 responderunt:
792 2480 815 2508 α
853 2459 1164 2513 Possumus.
1212 2478 1237 2507 »
1283 2456 1492 2521 Quibus
1515 2455 1607 2509 ille
1631 2456 1784 2510 inlit:

170 2576 194 2598 α
226 2551 455 2605 Cautum
470 2551 602 2605 mihi
632 2551 1034 2606 vizeductorem
1053 2549 1413 2615 dimittendo,
1447 2548 1785 2603 antecedite.

165 2654 217 2698 et
243 2659 369 2715 qua:
403 2652 529 2699 sunt
561 2644 873 2699 ordinando
925 2644 1201 2706 ordinate,
1256 2660 1385 2699 ecce
1429 2643 1534 2715 [ad]
1598 2648 1789 2696 vestrce

167 2734 612 2789 subveniendum
654 2734 972 2789 necessitati
1021 2734 1151 2789 illuc
1191 2734 1532 2805 perveniam,
1567 2742 1644 2797 et,
1680 2734 1789 2787 Deo

162 2827 413 2895 juvante,
465 2828 754 2883 ecclesiam
814 2828 1170 2883 consecrabo.
1203 2848 1226 2876 η
1268 2828 1362 2881 Die
1409 2842 1539 2881 vero
1594 2825 1791 2889 altera,

1884 1746 2006 1810 post
2056 1739 2432 1808 acceptionem
2477 1738 2742 1792 mundum
2797 1753 2857 1791 se
2907 1734 3187 1791 custodire
3241 1738 3501 1787 certaret.

1886 1831 2010 1885 Dies
2065 1832 2501 1903 Quadragesimaz
2551 1838 2857 1902 caateraque
2917 1827 3132 1896 jejunia
3193 1826 3508 1897 antiquitus

1886 1921 2179 1975 constituta
2219 1927 2274 1973 et
2303 1919 2521 1975 noviter
2573 1936 2697 1974 cum
2737 1933 3013 1973 consensu
3046 1916 3290 1979 inventa,
3348 1913 3499 1968 omni

1885 2012 2098 2067 monuit
2153 2012 2445 2067 devotione
2497 2011 2566 2066 ab
2626 2010 2885 2065 omnibus
2936 2007 3228 2073 custodiri,
3262 2006 3508 2079 abnega-

1886 2103 2093 2158 tionem
2123 2104 2207 2157 sui
2240 2102 2439 2164 facere,
2473 2109 2529 2157 et
2583 2100 2776 2156 Christi
2831 2099 3061 2173 vestigia
3092 2097 3274 2168 sequi,
3302 2112 3508 2167 corpus

1886 2199 2177 2272 castigare,
2214 2198 2438 2252 delicias
2460 2213 2570 2252 non
2602 2211 2808 2260 amare,
2832 2194 3143 2249 esurientes
3174 2200 3229 2246 et
3254 2190 3509 2245 sitientes

1887 2290 2030 2344 escis
2055 2296 2109 2344 et
2144 2289 2359 2359 poculis
2397 2304 2665 2354 recreare,
2686 2287 2849 2342 nudis
2878 2288 3205 2343 vestimenta
3239 2285 3507 2356 prtebere,

1887 2377 2140 2433 inﬁrmos
2172 2388 2226 2432 et
2256 2378 2312 2431 in
2351 2377 2623 2451 angustiis
2651 2377 2985 2432 constitutos
3037 2377 3283 2440 visitare,
3318 2373 3512 2445 egenis

1889 2476 1944 2523 et
1964 2467 2117 2539 vagis
2148 2467 2559 2521 mansiunculas
2578 2466 2909 2529 concedere,
2936 2473 2989 2519 et
3015 2481 3138 2537 qum
3163 2470 3292 2519 sunt
3323 2479 3514 2517 neces-

1890 2562 2036 2616 saria
2094 2569 2317 2633 prepter
2346 2577 2587 2617 amorem
2630 2560 2825 2615 Christi
2861 2560 3132 2630 praebere,
3192 2561 3432 2631 pupillos
3461 2568 3516 2615 et

1891 2653 2089 2710 viduas
2139 2654 2194 2707 in
2229 2652 2681 2707 tribulationibus
2732 2650 2979 2716 visitare,
3025 2649 3276 2721 atquein
3305 2649 3519 2704 cunctis

1895 2761 2087 2801 eorum
2122 2744 2552 2800 necessitatibus
2590 2743 2910 2807 subvenire,
2968 2742 3207 2796 malitias
3256 2741 3312 2795 in
3350 2741 3517 2795 corde

1896 2851 2008 2891 non
2040 2835 2295 2897 retinere,
2338 2841 2393 2888 et
2424 2833 2606 2888 verbis
2636 2832 2875 2903 aliquem
2930 2831 2996 2885 ad
3034 2830 3371 2885 iracundiam
3405 2845 3516 2885 non

172 2920 587 2974 consecratione
640 2928 878 2990 peracta,
935 2919 1086 2973 cives
1128 2918 1234 2989 ipsi
1278 2918 1587 2973 secundum
1638 2932 1793 2971 suam
1898 2945 2224 3000 provocare,
2274 2928 2410 2983 iram
2460 2928 2766 2998 deponere,
2825 2925 3239 2996 vindictamque
3288 2925 3522 2980 Domino

172 3005 485 3070 facultatem
531 3024 759 3062 munera
788 3006 1087 3063 offerentes
1135 3015 1261 3061 ante
1303 3023 1428 3061 eum
1460 3005 1793 3071 veniebant;
1899 3018 2228 3084 concedere,
2262 3017 2399 3071 nulli
2427 3018 2631 3071 malum
2667 3031 2764 3086 pro
2795 3016 2940 3070 malo
2974 3015 3227 3079 reddere,
3265 3030 3363 3068 nec
3420 3013 3523 3069 ali-

174 3116 295 3172 (ωδε
324 3100 541 3165 Videtis,
574 3098 867 3154 SUbl‘idens
887 3099 1053 3154 ἀίκίιε
1086 3124 1109 3146 ιι
1146 3098 1262 3154 Νοη
1296 3106 1523 3169 Propter
1552 3113 1796 3153 “morem
1900 3124 2009 3179 qua
2036 3108 2263 3163 laesione
2292 3106 2643 3172 exacerbare,
2677 3105 3075 3160 maledicentes
3104 3120 3164 3158 se
3197 3120 3308 3159 non
3338 3120 3516 3159 rema-

172 3190 408 3258 alicujns
439 3188 710 3251 muneris,
752 3189 847 3242 sed
889 3195 949 3242 ut
986 3196 1182 3242 vestrm
1217 3187 1532 3242 necessitati
1587 3203 1793 3242 consu«
1825 3244 1866 3264 η
1902 3196 2166 3262 ιεάῖορι-ρ,
2216 3195 2313 3250 sed
2356 3194 2533 3264 magis
2585 3193 2942 3257 benedicere,
2984 3199 3037 3247 et
3078 3192 3518 3261 persecutionem

176 3280 372 3348 lerem,
404 3289 459 3337 et
488 3282 769 3336 servitium
814 3280 907 3335 Dei
939 3280 993 3334 in
1025 3280 1131 3335 ltOC
1162 3280 1281 3335 loco
1313 3279 1790 3351 multiplicaretur,

1904 3305 1998 3361 pro
2046 3290 2259 3358 justitia
2308 3289 2606 3355 sustinere,
2664 3289 3045 3344 discordantes
3087 3296 3143 3342 et
3200 3287 3524 3342 inimicitias

175 3374 282 3429 huc
309 3374 463 3440 veni,
505 3375 622 3429 haec
673 3373 836 3429 nobis
865 3372 1049 3428 oblata
1075 3380 1269 3427 vestrae
1311 3372 1531 3427 utilitati
1569 3388 1794 3425 servan-

175 3469 278 3523 tes.
312 3464 451 3518 etin
476 3464 570 3518 Dei
608 3463 831 3518 servitio
863 3470 1194 3525 crescentes,
1229 3469 1449 3516 manete
1486 3462 1542 3515 in
1576 3476 1731 3532 pace.
1771 3486 1794 3506 η

176 3556 303 3611 Haac
329 3556 527 3610 dicens
556 3554 803 3621 recessit,
835 3565 889 3609 et
918 3555 986 3610 de
1021 3555 1282 3625 scrupulo
1313 3554 1417 3609 viae
1450 3554 1656 3608 nullam
1690 3553 1796 3608 nisi

175 3645 334 3715 quasi
368 3644 607 3699 lentando
633 3643 1033 3715 querimoniam
1055 3643 1203 3697 fecit.

247 3734 335 3788 IX.
377 3734 467 3787 His
493 3748 621 3789 vero
662 3733 936 3788 bonorum
984 3749 1215 3803 operum
1266 3732 1465 3787 studiis
1513 3732 1796 3799 insistens,

173 3844 378 3884 omnes
406 3827 552 3898 apud
584 3843 711 3882 eum
740 3834 1154 3881 commanentes
1180 3826 1561 3881 exhortatione
1590 3827 1796 3900 benig-

174 3916 408 3972 nissima
435 3915 795 3987 spiritualiter
824 3916 1111 3981 recreavit,
1154 3916 1360 3970 docens
1390 3930 1499 3969 non
1531 3915 1706 3970 solum
1741 3915 1797 3968 in

173 4009 364 4063 verbis
410 4008 509 4063 sed
550 4008 717 4062 etiam
749 4008 803 4062 in
860 4008 1279 4078 operationibus
1310 4016 1368 4062 ut
1417 4007 1802 4079 unusquisque

174 4100 477 4156 Dominum
520 4116 585 4155 ex
637 4099 900 4155 omnibus
960 4098 1170 4153 viribus
1230 4098 1479 4170 perfecte
1525 4098 1806 4171 diligeret,

175 4197 230 4244 et
265 4191 394 4260 ejus
416 4189 590 4245 amori
614 4188 747 4242 nihil
783 4187 1085 4260 praeferret,
1120 4194 1171 4243 et
1208 4187 1517 4258 proximum
1544 4194 1808 4258 tanquam

172 4282 454 4354 seipsum,
512 4288 721 4352 patrem
780 4290 835 4334 et
901 4287 1133 4334 matrem
1194 4280 1517 4343 honoraret;
1583 4279 1813 4349 insuper

175 4391 382 4430 omnes
413 4374 574 4429 bona;
598 4373 896 4429 voluntatis
922 4374 1202 4440 homines,
1232 4374 1302 4427 de
1334 4373 1538 4444 quibus
1560 4373 1812 4447 angelica

172 4469 327 4523 canit
370 4466 693 4534 multitudo,
734 4466 961 4520 dicens:
994 4469 1065 4521 Et
1091 4468 1152 4520 in
1178 4470 1326 4520 terra
1347 4481 1467 4535 pas:
1507 4466 1812 4520 hominibus

176 4559 331 4613 bona?
360 4558 819 4625 voluntatis(Luc.
845 4555 933 4627 n);
969 4555 1229 4630 malignis
1250 4562 1432 4610 autem
1462 4554 1522 4608 in
1553 4554 1814 4609 omnibus

1900 3379 2044 3434 inter
2111 3395 2169 3433 se
2250 3377 2521 3432 habentes
2574 3377 2643 3431 ad
2724 3376 3102 3432 unanimitatis
3159 3375 3517 3431 concordiam

1900 3482 2176 3530 revocare,
2237 3467 2349 3520 Deo
2401 3465 2790 3520 resistentibus
2844 3466 3123 3532 resistere,
3157 3472 3212 3519 et
3258 3464 3365 3519 sibi
3399 3480 3524 3520 cum

1901 3560 2008 3615 ﬁde
2074 3558 2435 3613 militantibus
2506 3557 2791 3627 juvamiua
2839 3557 3110 3628 praebere,
3180 3556 3333 3612 nullo
3404 3564 3528 3612 octo

1901 3651 2157 3707 vitiorum
2199 3649 2590 3721 principalium
2646 3665 2773 3720 quae
2805 3664 2973 3704 omne
3025 3663 3206 3722 genus
3237 3647 3525 3702 hominum

1901 3740 2164 3795 infestant
2229 3739 2490 3795 seandalo
2559 3737 2826 3809 laqueari.
2897 3736 3289 3800 Quaerentibus
3346 3742 3531 3790 autem

1900 3846 2025 3902 qua:
2079 3836 2265 3885 essent
2314 3837 2439 3886 octo
2498 3828 2631 3885 vitia
2680 3827 3031 3899 principalia,
3082 3826 3371 3897 reSpondit
3419 3842 3531 3881 non

1898 3919 2078 3974 solum
2112 3919 2240 3986 illis,
2290 3918 2387 3973 sed
2444 3925 2498 3972 et
2544 3918 2626 3972 his
2671 3918 2769 3989 qui
2818 3917 3000 3971 adhuc
3064 3916 3118 3970 in
3176 3916 3526 3971 haesitatione

1907 4017 2153 4078 manent,
2186 4027 2309 4082 quae
2346 4011 2458 4064 sint
2494 4017 2619 4065 octo
2656 4010 2809 4076 vitia,
2849 4009 3043 4064 dicens
3084 4008 3229 4077 (39):
3288 4007 3529 4062 Primum

1910 4106 1991 4154 est
2016 4099 2419 4173 gastrimargia,
2463 4100 2568 4154 hoc
2597 4105 2684 4153 est
2711 4099 2922 4154 ventris
2952 4096 3248 4171 ingluvies,
3289 4113 3412 4152 cum
3437 4111 3539 4150 sua

1911 4191 2099 4263 prole:
2161 4191 2565 4246 comessatione
2622 4197 2677 4245 et
2738 4190 3043 4256 ebrietate;
3098 4188 3401 4244 secundum
3461 4193 3545 4242 est

1914 4280 2223 4347 fornicatio,
2256 4296 2379 4334 cum
2414 4296 2516 4334 sua
2556 4279 2738 4351 prole:
2784 4278 3143 4350 turpiloquio,
3186 4275 3543 4342 scurrilitate,

1913 4370 2162 4435 ludicris,
2213 4386 2337 4441 qua!
2370 4370 2538 4424 etiam
2594 4376 2723 4424 sunt
2759 4367 3130 4438 stultiloquia;
3188 4365 3407 4421 tertium
3449 4371 3535 4419 est

1918 4465 2292 4540 phylargyria,
2342 4467 2448 4520 hoc
2477 4460 2581 4530 est,
2634 4464 2864 4519 avaritia
2901 4462 3020 4518 sive
3078 4476 3234 4516 amor
3263 4459 3539 4531 pecuniae,

1917 4577 2041 4617 cum
2058 4577 2156 4616 sua
2173 4578 2186 4614 :
2201 4562 2357 4632 prole
2379 4559 2696 4628 mendacio,
2709 4558 3080 4624 fraudatione,
3096 4556 3261 4625 furto,
3274 4554 3543 4627 periurio,

172 4668 377 4708 eorum
409 4650 571 4705 malis
607 4650 819 4705 actibus
863 4649 1143 4705 resisteret
1208 4650 1512 4705 secundum
1559 4658 1807 4705 sanctum
1836 4614 1891 4681 D
1922 4652 2097 4723 turpis
2114 4652 2254 4708 lucri
2274 4653 2543 4724 appetitu,
2568 4650 2708 4706 falso
2726 4650 3069 4715 testimonio,
3087 4647 3547 4716 violentia,inhu—

174 4746 517 4816 pr0phetam
547 4743 736 4807 David,
792 4744 1111 4798 dicentem:
1154 4743 1247 4798 Ad
1298 4744 1533 4797 nihilum
1560 4743 1819 4799 deductus

172 4838 256 4889 est
302 4836 372 4889 in
428 4838 711 4903 conspectu
766 4833 883 4903 ejus
947 4833 1254 4901 malignus:
1323 4835 1567 4889 timentes
1639 4840 1817 4889 autem

173 4930 477 4983 Dominum
540 4927 813 4995 gloriﬁcat
866 4926 1086 4995 (Psalm,
1146 4925 1297 4995 xw);
1362 4927 1511 4998 quod
1577 4927 1817 5001 quisque

174 5018 288 5074 sibi
331 5017 629 5083 noluisset,
662 5017 818 5072 alteri
847 5032 959 5072 non
991 5018 1236 5083 taceret;
1279 5018 1541 5073 ecclesias
1564 5020 1658 5074 Dei
1692 5036 1816 5075 cum

175 5110 491 5167 devotione
530 5110 734 5165 mentis
771 5119 824 5165 et
854 5110 1164 5165 humilitate
1203 5120 1410 5165 etcum
1444 5110 1821 5167 oblationibus

174 5198 389 5254 crebro
443 5197 713 5265 visitaret,
745 5198 935 5270 ibique
970 5214 1095 5252 cum
1138 5196 1410 5254 eﬁusione
1454 5200 1814 5272 lacrymarum

175 5298 234 5344 et
267 5304 374 5360 pro
407 5289 742 5345 remissione
772 5297 1126 5361 peccatorum
1158 5305 1382 5345 suorum
1415 5297 1471 5345 et
1499 5307 1598 5362 pro
1625 5293 1816 5348 omni-

176 5376 287 5433 bus
341 5377 520 5448 justis
557 5377 674 5432 suis
721 5377 1151 5433 necessitatibus
1179 5378 1347 5433 Deum
1372 5376 1622 5453 ﬂagitare
1667 5388 1818 5435 sata-

173 5478 362 5543 geret.
401 5468 651 5524 Inimicis
684 5468 910 5541 insuper
948 5469 1350 5544 indulgentiam
1391 5472 1669 5543 postulare
1701 5488 1818 5529 mo-

176 5565 377 5633 nebat,
411 5565 721 5619 secundum
750 5565 1062 5621 orationem
1106 5566 1471 5633 Dominicam,
1505 5567 1812 5623 dicentem:

176 5661 410 5713 Dimitte
440 5658 595 5711 nobis
632 5657 815 5712 debita
863 5662 1070 5723 nostra,
1100 5660 1245 5713 sicut
1286 5664 1336 5714 et
1363 5674 1460 5715 nos
1489 5660 1817 5717 dimittimus

252 5789 372 5858 (3'7)
403 5787 652 5858 Observa
673 5787 834 5840 ritum
860 5786 1142 5843 tradendae
1160 5787 1538 5845 advocationis
1554 5789 1823 5845 ecclesiae.

252 5857 376 5929 (38)
413 5857 593 5930 Vulgo
618 5858 822 5926 Algua,
851 5859 1082 5926 Atgare.

1918 4745 2202 4812 manitate,
2220 4744 2521 4800 voracitate
2542 4759 2607 4799 ac
2632 4743 2963 4814 rapacitate;
2994 4747 3274 4812 quartum,
3295 4739 3394 4806 ira,
3417 4754 3542 4793 cum

1918 4857 2018 4897 sua
2039 4840 2227 4911 prole:
2258 4839 2581 4902 homicidio,
2601 4837 2844 4894 clamore
2868 4846 2923 4893 et
2941 4834 3359 4911 indignatione;
3383 4832 3544 4905 quin-

1918 4943 2058 5003 tum,
2077 4934 2317 5000 tristitia,
2331 4951 2454 4990 cum
2466 4951 2565 4990 sua
2577 4934 2734 5006 prole
2753 4951 2766 4988 :
2792 4948 3047 4998 rancore,
3064 4930 3542 5003 pusillanimitate,

1919 5023 2310 5089 amaritudine,
2344 5023 2767 5094 desperatione;
2801 5029 3017 5078 sextum
3041 5020 3253 5087 acedia,
3287 5034 3412 5074 cum
3444 5032 3545 5072 sua

1921 5116 2077 5187 prole
2097 5133 2109 5169 :
2140 5114 2439 5182 otiositate,
2458 5113 2851 5181 somnolentia,
2868 5112 3306 5183 importunitate,
3325 5107 3551 5179 inquie-

1918 5205 2137 5271 tudine,
2152 5204 2570 5277 pervagatione,
2594 5202 2955 5258 instabilitate
2979 5201 3186 5257 mentis
3202 5207 3257 5256 et
3272 5197 3546 5270 corporis,

1916 5296 2251 5355 verbositate
2276 5305 2333 5351 et
2361 5296 2714 5362 curiositate;
2747 5294 3045 5366 septimum
3077 5291 3404 5357 cenodoxia,
3437 5290 3545 5345 hoc

1918 5395 2022 5455 est,
2044 5403 2186 5442 vana
2205 5387 2401 5462 gloria,
2421 5403 2544 5442 cum
2569 5402 2670 5441 sua
2698 5387 2886 5457 prole:
2913 5384 3293 5449 contentione,
3317 5381 3538 5448 haeresi,

1913 5481 2199 5550 iactantia,
2267 5496 2332 5536 ac
2398 5479 2831 5550 praesumptione
2881 5476 3222 5542 novitatum;
3289 5483 3543 5530 octavum

1916 5569 2198 5642 superbia,
2228 5585 2353 5624 cum
2407 5584 2506 5623 sua
2536 5566 2721 5639 prole:
2780 5572 3127 5636 contemptu,
3170 5563 3400 5632 invidia,
3458 5563 3544 5617 in-

1917 5657 2239 5714 obedientia
2266 5699 2282 5723 ,
2342 5655 2690 5728 blasphemia
2719 5697 2737 5718 ,
2795 5653 3235 5710 murmuratione
3268 5695 3284 5723 ,
3336 5652 3548 5708 detrac-

2002 5788 2111 5859 (39)
2166 5787 2291 5843 Haec
2347 5786 2741 5859 principalium,
2808 5785 3067 5859 vitiorum
3126 5784 3325 5842 divisio
3379 5783 3545 5839 etiam

1929 5856 2189 5917 Cassiano
2219 5866 2275 5914 et
2302 5856 2637 5931 quibusdam
2655 5856 2777 5913 aliis
2796 5856 3020 5928 placuit.
