3924 6476
185 485 315 541 1029

1754 480 1904 536 νΙΤΛ
1919 524 1932 536 .

3377 477 3514 533 1030

187 618 323 666 tutes
349 611 719 666 humilitatem
772 612 1175 683 signiﬁcantem
1219 632 1233 679 ;
1270 615 1322 668 in
1355 620 1507 668 sexto
1536 613 1800 677 sardium,
1831 614 1877 679 Α
1906 624 2030 663 eum
2063 607 2228 663 fratre
2287 624 2390 662 suo
2443 607 2674 662 Henrico
2741 605 3041 675 Bajoariam
3073 605 3514 661 hostiliterinva-

186 701 238 754 in
265 717 373 772 quo
396 707 712 755 sanctorum
780 714 1077 773 martyrum
1135 720 1297 758 cruor
1344 704 1669 773 exprimitur
1698 720 1713 764 ;
1747 702 1801 756 in

186 794 418 863 septimo
448 794 871 865 cliryzolithum,
901 796 957 849 in
986 812 1097 867 quo
1129 796 1430 867 spiritualis
1464 797 1607 851 inter
1636 798 1804 850 mira-

187 884 306 938 cula
329 884 652 954 praedicatio
705 882 1013 957 ﬁguratur;
1056 885 1111 939 in
1166 892 1358 941 octavo
1425 886 1712 956 beryllum,
1747 885 1801 939 in

186 989 293 1045 quo
325 974 742 1044 praedicantium
772 974 1015 1044 perfecta
1044 975 1292 1045 operatio
1321 975 1667 1047 signiﬁcatur
1699 993 1713 1040 ;
1748 974 1803 1029 in

186 1079 336 1120 nono
367 1064 647 1135 tepazion,
680 1065 735 1119 in
783 1081 895 1136 quo
935 1066 1256 1120 eorumdem
1312 1068 1513 1121 ardens
1551 1073 1806 1121 contem-

186 1154 358 1224 platio
382 1161 752 1219 monstratur;
784 1154 840 1208 in
862 1154 1081 1210 decimo
1107 1157 1532 1227 chrysoprasum
1556 1157 1650 1227 qui
1672 1156 1805 1209 bea-

188 1255 366 1299 torum
394 1253 693 1314 martyrum
723 1260 864 1314 opus
880 1244 1084 1314 pariter
1104 1245 1460 1315 etpraemium
1486 1244 1760 1319 signiﬁcat
1788 1286 1802 1305 ,

188 1341 240 1394 in
289 1340 587 1395 undecimo
637 1340 1013 1410 hyacintlium,
1070 1340 1163 1411 qui
1222 1340 1503 1394 etelestem
1564 1340 1632 1393 ad
1697 1341 1805 1393 alta

186 1431 647 1497 sublevationem,
677 1439 971 1502 etpropter
1010 1432 1273 1486 humilem
1307 1434 1373 1485 ad
1406 1434 1643 1485 humana
1674 1432 1804 1485 des-

184 1521 511 1585 censionem
544 1520 743 1594 ﬁgurat
775 1538 789 1585 ;
826 1521 879 1574 in
910 1521 1242 1576 duodecimo
1290 1523 1682 1591 ametliystum,
1714 1519 1807 1591 qui

187 1611 433 1665 caelestis
462 1626 684 1680 semper
704 1612 860 1685 regni
889 1612 942 1666 in
959 1613 1247 1667 humilium
1278 1614 1805 1668 animomemoriam

187 1699 468 1772 designat.
504 1698 627 1752 Haec
665 1699 865 1769 positio
886 1700 1179 1755 duodecim
1228 1702 1469 1772 lapidum
1507 1702 1813 1775 ﬁguratﬁr-

188 1793 440 1847 unitatem
466 1794 868 1863 apostolorum,
919 1792 1015 1864 qui
1071 1792 1123 1846 in
1165 1793 1526 1849 fundamento
1560 1795 1812 1849 Ecclesiae

186 1893 317 1939 sunt
344 1885 531 1956 positi,
554 1886 699 1941 sicut
738 1887 985 1941 Salvator
1011 1889 1204 1943 mundi
1235 1888 1398 1943 beato
1430 1888 1566 1941 dixit
1605 1889 1760 1942 Petro
1795 1905 1808 1941 :

193 1977 276 2029 Tu
304 1991 360 2029 es
388 1979 599 2043 Petrus,
622 1982 671 2030 et
698 1993 860 2046 super
908 1979 1046 2032 hanc
1097 1984 1302 2045 getram
1333 1980 1607 2047 aediﬁcabo
1635 1979 1813 2033 Eccle-

190 2070 335 2123 siam
364 2082 537 2119 meam
592 2066 806 2135 (Matth.
873 2067 1003 2138 xw).
1073 2068 1193 2123 Hzec
1220 2070 1457 2124 dicendo
1490 2070 1558 2123 ad
1592 2070 1809 2124 Petrum

188 2160 458 2215 omnibus
492 2167 683 2214 notum
727 2159 858 2214 fecit
882 2161 1149 2230 apostolis
1175 2160 1323 2232 quod
1356 2176 1524 2231 super
1543 2178 1641 2217 eos
1669 2171 1815 2216 esset

192 2250 441 2305 Ecclesia
492 2265 593 2303 sua
639 2247 986 2315 aediﬁcanda,
1044 2265 1280 2320 quorum
1319 2250 1560 2305 souusin
1591 2268 1813 2306 omnem

192 2352 397 2397 terram
431 2343 618 2409 exivit,
646 2351 700 2397 et
725 2343 779 2397 in
810 2342 953 2397 ﬁnes
980 2344 1134 2399 orbis
1188 2352 1347 2400 terra;
1391 2346 1558 2400 verba
1600 2362 1811 2401 eorum.

187 2440 245 2494 Si
278 2440 516 2511 apostoli
550 2441 968 2495 fundamentum
1010 2442 1208 2497 domus
1253 2445 1347 2499 Dei
1380 2453 1530 2510 sunt,
1561 2455 1615 2499 et
1635 2444 1817 2500 omnis

190 2529 896 2594 Christianitas,zediﬁcatio
912 2531 1162 2599 ejusdem
1178 2533 1366 2603 templi
1379 2550 1623 2599 ,manere
1636 2533 1822 2600 debet,

191 2621 420 2676 dicente
452 2620 715 2692 Apostolo
767 2639 779 2674 :
831 2623 1106 2691 Templum
1139 2626 1236 2678 Dei
1275 2630 1520 2680 sanctum
1549 2630 1649 2691 est,
1681 2627 1827 2696 quod

191 2716 328 2768 estis
357 2728 469 2776 vos,
504 2719 554 2767 et
607 2716 701 2767 Dei
752 2714 1040 2783 aediﬁcatio
1078 2717 1224 2779 estis,
1276 2723 1380 2770 etc.
1444 2718 1484 2771 ιι
1518 2718 1637 2771 Cor.
1696 2722 1823 2787 ιιι),

192 2805 526 2860 studeamus
572 2821 767 2860 omnes
834 2806 963 2861 totis
1013 2806 1229 2861 viribus
1276 2824 1379 2862 nos
1404 2807 1738 2863 Aidiﬁcatori
1772 2815 1826 2863 et

194 2894 569 2949 lnhabitatori
608 2894 969 2969 conjungere.
1027 2904 1085 2951 ut
1141 2898 1462 2952 doctoribus
1514 2898 1718 2954 nostris
1767 2898 1825 2952 in

196 2986 627 3041 fundamentum
662 2984 947 3054 positis,eo
970 2984 1667 3057 donante,super:ediﬁcari
1710 3003 1828 3041 me-

196 3092 430 3130 reamur
462 3093 477 3140 ;
509 3082 570 3130 ut
596 3075 741 3129 inter
769 3074 977 3130 electos
1022 3076 1236 3147 lapides
1277 3079 1465 3148 positi,
1502 3085 1555 3133 et
1585 3079 1829 3150 praefatis

195 3168 505 3223 ordinibus
526 3168 704 3236 juncti
731 3167 1024 3224 videantur
1052 3186 1067 3235 ;
1100 3177 1158 3224 ut
1181 3169 1494 3226 Creatorem
1518 3179 1571 3226 et
1599 3172 1830 3227 Redem-

196 3265 421 3329 ptorem
454 3266 700 3314 nostrum
759 3260 1002 3327 judicem
1058 3261 1307 3316 vivorum
1365 3272 1418 3317 et
1463 3271 1826 3330 mortuorum,

197 3354 349 3409 facie
380 3353 448 3406 ad
481 3352 676 3407 faciem
707 3352 984 3419 videntes,
1016 3370 1139 3409 cum
1166 3355 1247 3409 eis
1264 3355 1488 3411 laudare
1518 3371 1829 3412 mereamur

197 3460 309 3515 per
340 3440 556 3497 inﬁnita
585 3441 787 3496 saacula
811 3443 1161 3500 saeculorum.
1208 3447 1377 3500 Amen

279 3541 344 3595 X.
380 3540 566 3615 Longe
583 3540 804 3612 lateque
832 3559 957 3597 cum
991 3542 1133 3598 fama
1161 3544 1282 3612 ejus
1336 3544 1602 3600 bonitatis
1633 3545 1831 3600 dilata-

197 3638 383 3693 retur,
410 3638 466 3684 et
484 3630 740 3686 diabolus
766 3648 892 3686 eum
918 3632 975 3687 in
1000 3634 1104 3688 hoc
1132 3634 1374 3689 culmine
1396 3636 1651 3691 virtutum
1684 3643 1835 3690 stan-

199 3731 322 3775 tem
352 3719 584 3783 videret,
641 3721 960 3794 omnigenis
1022 3722 1244 3777 malitiaz
1276 3738 1387 3777 suae
1444 3724 1660 3779 astutiis
1693 3725 1837 3779 nite-

200 3813 380 3869 batur
435 3814 490 3867 in
536 3812 777 3883 aliquam
835 3811 1180 3869 difﬁcultatis
1240 3816 1560 3890 voraginem
1613 3818 1838 3872 immer-

198 3920 367 3977 gere,
419 3910 474 3957 et
530 3902 599 3955 ab
660 3902 916 3972 inemptis
968 3902 1129 3957 bonis
1207 3903 1502 3975 impedire.
1562 3906 1652 3960 His
1707 3922 1839 3962 vero

196 3998 561 4069 temporibus
592 3996 881 4064 Liutolfus,
913 3996 1059 4052 ﬁlius
1110 3997 1325 4054 Ottonis
1380 4000 1608 4074 gloriosi
1665 4004 1834 4075 regis,

197 4091 324 4145 dux
352 4098 472 4143 erat
521 4090 970 4156 Alamannorum,
1009 4089 1096 4144 cui
1150 4098 1306 4161 pater
1350 4091 1470 4160 ejus
1500 4101 1663 4148 antea
1689 4110 1837 4167 gen-

200 4192 302 4239 tes
331 4197 529 4235 omnes
586 4181 876 4255 regionum
920 4196 1035 4235 suae
1081 4181 1277 4237 ditioni
1338 4184 1709 4251 subjectarum
1749 4202 1842 4240 sa-

202 4281 504 4330 cramento
533 4280 657 4343 post
677 4271 841 4328 ﬁnem
869 4273 997 4327 vitae
1029 4289 1142 4328 suae
1162 4274 1582 4346 subjugaverat;
1618 4285 1844 4348 patruus

203 4370 405 4420 autem
428 4362 678 4431 ejusdem
713 4360 929 4417 Liutolﬁ
974 4362 1259 4429 Henricus,
1319 4362 1487 4418 frater
1538 4365 1703 4439 regis,
1734 4365 1845 4419 dux

203 4455 406 4510 existit
451 4454 773 4509 Noricorum
827 4454 965 4525 :qui
1012 4470 1142 4509 vero
1177 4455 1287 4526 (40)
1344 4456 1491 4510 inter
1517 4472 1577 4511 sc
1622 4465 1849 4528 propter

201 4544 462 4604 conﬁnia
505 4545 793 4619 regionum
854 4561 920 4599 ex
974 4544 1234 4599 suasione
1267 4544 1634 4619 malignorum
1667 4545 1847 4600 homi-

202 4654 351 4694 num
388 4635 530 4689 rixas
556 4641 610 4688 et
630 4633 1020 4689 contentiones
1050 4649 1309 4689 exercere
1348 4643 1635 4705 coeperunt
1685 4634 1842 4689 Cum-

1845 1935 1893 2003 Β

1905 703 1994 765 sit,
2021 702 2088 755 ad
2122 702 2518 756 restituendum
2563 718 2686 756 eum
2746 701 2801 755 in
2853 702 3121 755 honorem
3176 701 3376 771 prioris
3418 717 3518 772 po-

1905 796 2422 852 testatis.Prmfatus
2473 804 2654 850 autem
2720 795 2969 855 antistes,
3028 795 3334 860 Udalricus,
3364 796 3519 865 cujus

1905 886 2186 940 ﬁdelitatis
2239 886 2393 940 ﬁrma
2451 885 2721 939 stabilitas
2781 901 3062 955 nunquam
3114 886 3181 939 ab
3245 886 3520 954 adjutorio

1906 978 2051 1050 regis
2083 982 2332 1046 separata
2376 984 2480 1037 est,
2531 976 2643 1029 haac
2675 975 3049 1045 comperiens,
3107 975 3336 1029 dimissa
3368 984 3521 1044 parte

1906 1067 1960 1121 in
1993 1071 2230 1139 Augusta
2263 1065 2482 1119 civitate
2513 1064 2843 1117 vasallorum
2888 1079 3134 1125 suorum,
3192 1064 3524 1135 caeterisque

1907 1161 2069 1214 rebus
2093 1158 2396 1223 collocatis,
2452 1174 2574 1210 cum
2629 1158 2832 1227 quibus
2865 1158 3063 1228 potuit,
3109 1158 3314 1211 omisso
3364 1157 3527 1211 vehi-

1905 1250 2030 1306 culo
2060 1250 2328 1321 carpenti,
2370 1250 2673 1320 equitando
2732 1249 2786 1301 in
2818 1249 3101 1303 servitium
3136 1250 3301 1322 regis,
3346 1250 3405 1304 in
3437 1266 3527 1305 re-

1906 1346 2125 1420 gionem
2196 1345 2514 1399 Noricorum
2601 1344 2872 1418 sagaciter
2933 1344 3105 1409 venit,
3164 1344 3521 1416 carmulaque

1910 1434 2230 1504 prolongata
2267 1433 2684 1503 possibilitatem
2736 1432 3003 1487 redeundi
3035 1441 3162 1503 apte
3204 1449 3317 1488 non
3351 1434 3526 1504 potuit

1912 1527 2136 1579 habere.
2172 1524 2427 1579 Arnolqu
2458 1531 2638 1579 autem
2680 1524 2978 1594 praedictas
3028 1525 3268 1591 interim,
3301 1535 3528 1595 accepta

1911 1614 2289 1681 multitudine,
2334 1614 2639 1687 Augustam
2694 1613 2848 1675 adiit,
2907 1620 2961 1667 et
2991 1614 3327 1683 despoliavit
3358 1615 3525 1668 rebus

1910 1705 2167 1760 omnibus
2196 1722 2333 1776 quas
2354 1721 2539 1758 secum
2571 1705 2849 1759 abducere
2914 1705 3110 1775 potuit,
3155 1707 3525 1775 comprehen-

1914 1814 2117 1869 sosque
2148 1798 2415 1869 quosdam
2447 1798 2648 1851 milites
2687 1797 2933 1868 episcOpi
2975 1814 3161 1852 secum
3223 1799 3529 1866 Bajoariam

1916 1884 2142 1942 reve'xit.
2205 1887 2312 1941 Rex
2345 1893 2528 1940 autem
2580 1902 2701 1939 cum
2757 1887 2827 1941 de
2878 1887 3109 1957 regione
3156 1887 3528 1954 Dajoariorum

1915 1977 2246 2036 revertisset.
2282 1983 2336 2031 et
2364 1975 2657 2045 episcopus
2688 1975 2743 2028 in
2766 1991 2864 2029 sua
2904 1975 3082 2029 redire
3113 1975 3397 2043 voluisset,
3424 1992 3534 2032 non

1913 2064 2297 2119 considerabat
2325 2080 2382 2118 se
2424 2063 2479 2117 in
2514 2063 2754 2135 Augusta
2793 2063 3012 2117 civitate
3044 2079 3205 2134 posse
3232 2080 3353 2118 cum
3390 2065 3535 2119 mul-

1914 2154 2150 2209 titudine
2180 2171 2343 2225 parva
2359 2154 2697 2219 defendere,
2746 2153 2874 2225 quia
2911 2161 3084 2209 totum
3142 2170 3287 2225 pene
3316 2156 3535 2225 episeo-

1917 2257 2103 2317 patum
2164 2246 2219 2299 in
2268 2246 2600 2300 beneﬁcium
2651 2256 3036 2301 extraneorum
3097 2247 3450 2303 dividebatur
3506 2266 3536 2303 a

1920 2338 2155 2393 Luitolfo
2186 2348 2239 2393 et
2269 2339 2603 2410 sequacibus
2624 2340 2778 2407 ejus:
2821 2339 3028 2394 milites
3070 2333 3253 2395 autem
3285 2341 3533 2412 episcopi

1918 2430 2142 2502 quidam
2196 2432 2606 2501 comprehensi,
2660 2432 2884 2503 quidam
2962 2448 3093 2487 vero
3144 2433 3536 2488 sollicitatione

1926 2522 2119 2594 iniqua
2144 2523 2300 2576 divisi
2318 2521 2387 2576 ab
2420 2537 2509 2584 eo,
2543 2521 2765 2593 quidam
2787 2522 3298 2591 deprmdationibus
3325 2524 3380 2577 in
3411 2540 3541 2594 pau-

1928 2613 2136 2683 periem
2168 2611 2414 2676 deducti,
2449 2611 2521 2665 ita
2568 2616 2627 2663 ut
2664 2610 2714 2663 ei
2764 2610 3066 2664 secundum
3098 2628 3252 2665 suam
3286 2612 3542 2667 volunta-

1928 2711 2036 2758 tem
2066 2704 2121 2757 in
2150 2702 2423 2771 adjutorio
2453 2716 2575 2755 esse
2624 2715 2735 2755 non
2769 2700 3096 2771 potuissent.
3135 2700 3194 2754 Hi
3227 2708 3409 2756 autem
3444 2701 3539 2773 qui

1926 2812 2050 2852 cum
2082 2796 2177 2850 illo
2216 2800 2620 2855 remanserunt,
2654 2793 2769 2846 suis
2789 2792 3081 2863 colloquiis
3121 2792 3387 2858 roborati,
3450 2810 3543 2848 sa-

1928 2886 2084 2940 lubre
2114 2884 2404 2939 consilium
2433 2883 2677 2936 inierunt
2697 2888 2775 2946 ut,
2809 2881 2995 2935 relicta
3033 2884 3274 2954 Augusta
3303 2882 3548 2949 civitate,

1928 2978 2215 3033 castellum
2238 2976 2387 3048 quod
2415 2976 2615 3030 dicitur
2644 2974 3032 3048 Menicliingen
3078 2973 3370 3033 aediﬁcare.
3398 2980 3450 3028 et
3480 2974 3548 3027 ab

1927 3065 2257 3121 adversariis
2279 3079 2470 3119 eorum
2487 3063 2589 3117 sibi
2615 3078 2674 3116 se
2698 3061 3001 3116 defendere
3020 3061 3380 3116 studuissent.
3414 3062 3547 3117 Tum

1926 3172 2059 3212 vero
2112 3172 2221 3211 una
2278 3153 2659 3210 tantummodo
2718 3159 2878 3207 nocte
2929 3152 2982 3205 in
3034 3151 3277 3221 Angusta
3329 3152 3549 3208 civitate

1928 3248 2186 3303 manebat
2239 3246 2506 3310 inclusus,
2578 3245 2748 3299 altera
2817 3244 2906 3298 die
2962 3242 3143 3296 statim
3197 3245 3437 3312 perrexit
3478 3245 3547 3298 ad

1930 3339 2249 3411 praedictum
2306 3336 2616 3402 castellum,
2676 3334 2824 3406 quod
2884 3340 3000 3387 erat
3052 3333 3107 3387 in
3154 3339 3268 3388 toto
3318 3333 3551 3390 interius

1930 3433 2279 3505 exteriusque
2309 3432 2430 3485 sine
2473 3428 2722 3485 aediﬁciis
2767 3428 3068 3483 desertum.
3104 3426 3363 3491 Quamvis
3394 3436 3550 3484 certe

1933 3528 2111 3582 hiems
2135 3526 2271 3579 dura
2293 3524 2503 3587 fuisset,
2544 3531 2725 3577 tamen
2776 3521 2832 3575 in
2883 3521 2978 3575 illo
3011 3521 3158 3585 loco,
3194 3520 3249 3574 in
3280 3520 3548 3575 taberna-

1934 3617 2073 3673 culis
2098 3616 2237 3672 etin
2291 3614 2524 3688 tuguriis
2576 3611 2904 3666 festinanter
2951 3611 3295 3681 compositis,
3358 3627 3561 3682 exspe-

1938 3718 2159 3766 ctavere
2206 3708 2385 3762 donec
2424 3710 2756 3778 congregata
2803 3702 3011 3756 familia
3067 3702 3355 3756 castellum
3409 3702 3560 3775 ligno

1940 3798 2396 3861 circumcinxere,
2439 3802 2494 3849 et
2551 3794 2699 3847 intus
2769 3790 3076 3846 secundum
3133 3790 3559 3861 possibilitatem

1942 3909 2132 3949 eorum
2162 3890 2397 3946 mdiﬁcia
2427 3896 2553 3959 apta
2572 3901 2959 3956 composuere.
3004 3882 3261 3941 Arnolqu
3293 3883 3480 3954 itaque
3510 3892 3565 3939 et

1937 4002 2131 4041 omnes
2158 3985 2253 4055 qui
2280 3981 2526 4039 cumillo
2586 3986 2763 4040 erant,
2818 3977 2985 4050 regiae
3020 3976 3273 4047 potestati
3310 3976 3559 4048 undique

1937 4074 2403 4137 contradicentes,
2433 4070 2551 4123 haec
2579 4066 3006 4137 eomperientes,
3052 4065 3360 4130 leg-itiones
3390 4066 3561 4119 mise-

1939 4174 2089 4231 runt,
2120 4165 2166 4220 si
2198 4162 2517 4233 sospitatem
2549 4159 2632 4215 sui
2664 4173 3000 4228 suorumque
3034 4156 3237 4211 habere
3267 4156 3555 4212 voluisset.

1945 4255 2199 4328 potestati
2232 4249 2443 4307 Liutolﬁ
2477 4267 2536 4304 se
2596 4246 2717 4303 sine
2749 4247 2920 4303 dubio
2966 4246 3207 4301 subdere
3236 4261 3347 4300 non
3379 4246 3555 4301 distu-

1944 4345 2121 4410 lisset,
2152 4350 2206 4397 et
2233 4349 2289 4397 ut
2315 4340 2639 4411 pradictum
2675 4337 2961 4392 castellum
3017 4352 3142 4391 cum
3198 4335 3314 4390 suis
3340 4350 3569 4405 compo-

1949 4450 2082 4490 nere
2105 4433 2445 4489 deseruisset
2491 4449 2506 4497 ;
2540 4430 2672 4502 quia
2703 4444 2769 4483 eo
2819 4435 3068 4498 tempore
3098 4427 3153 4481 in
3201 4434 3312 4482 tota
3336 4428 3564 4499 regione

1950 4533 2254 4586 Suevorum
2282 4530 2467 4583 nullus
2508 4528 2562 4582 in
2595 4526 2743 4599 regis
2773 4524 3045 4595 adjutorio
3098 4523 3440 4589 remanebat,
3466 4521 3575 4576 nisi

1952 4623 2279 4693 Adalpertus
2306 4635 2515 4681 comes,
2561 4634 2684 4673 cum
2724 4616 2831 4671 sibi
2890 4614 3150 4680 subditis,
3188 4621 3243 4669 et
3301 4612 3576 4684 Tlieopal-

204 4746 333 4804 que
399 4744 499 4784 eos
561 4742 654 4781 rex
695 4726 941 4780 nullatus
998 4725 1067 4779 ad
1134 4682 1485 4781 concordiam
1535 4733 1590 4779 et
1655 4682 2073 4796 pacedeUS.
2117 4712 2300 4804 fratel‘_
2338 4709 2584 4804 religiosi
2644 4707 2916 4780 οΡίεοοΡίν
3057 4706 3182 4804 ίάξῖο
3232 4701 3581 4804 εθξξίῖηδδθξιί

204 4831 484 4875 revocare
510 4815 803 4888 potuisset,
828 4814 1037 4883 objecit
1065 4830 1123 4869 se
1146 4814 1283 4881 ﬁlio,
1322 4821 1376 4869 et
1404 4815 1458 4869 in
1482 4840 1491 4847 -
1512 4814 1847 4883 adjutorium

202 4909 408 4965 fratris
444 4908 803 4962 convertitur.
839 4906 972 4961 Cum
1011 4915 1193 4959 autem
1234 4904 1380 4959 ﬁlius
1411 4904 1552 4973 ejus,
1582 4920 1705 4960 cum
1723 4906 1849 4959 uui-

202 5004 402 5063 versis
420 5016 561 5073 quos
578 5016 919 5076 congregare
934 4998 1266 5071 potuerat,ei
1287 4999 1541 5053 resistere
1556 5000 1848 5065 niteretur,

202 5102 393 5165 atque
431 5098 705 5145 extorrem
736 5089 941 5163 regalis
998 5088 1264 5159 potentiae
1321 5103 1486 5160 agere
1541 5087 1848 5154 moliretur,

209 5183 524 5247 Henricus,
580 5180 843 5253 praefatus
882 5180 1014 5246 dux,
1047 5179 1433 5234 commendata
1475 5178 1696 5235 civitate
1747 5178 1853 5233 Ra-

208 5276 476 5341 tisbona,
525 5280 748 5345 totaque
782 5272 1008 5346 regione
1066 5270 1406 5338 Noricorum,
1438 5269 1663 5326 Arnolfo
1697 5270 1857 5326 Pala-

207 5365 345 5422 tino
377 5361 589 5428 comiti,
619 5368 676 5415 et
704 5359 923 5415 caeteris
972 5359 1205 5429 insuper
1263 5358 1380 5413 suis
1420 5356 1700 5425 ﬁdelibus,
1736 5374 1860 5429 per-

205 5455 366 5513 rexit
417 5454 485 5508 ad
554 5468 759 5526 regem.
827 5452 1029 5507 Moram
1077 5456 1258 5505 autem
1314 5450 1391 5504 ibi
1435 5451 1529 5505 illo
1587 5450 1851 5520 faciente,

204 5546 492 5622 praelatus
514 5544 776 5599 Arnolfus
807 5559 933 5599 cum
1003 5542 1357 5598 multitudine
1391 5542 1582 5613 populi
1623 5542 1854 5598 fraudu-

207 5644 407 5696 lenter
449 5637 804 5693 Ratisbonam
836 5651 961 5691 cum
1022 5634 1238 5691 caeteris
1297 5632 1552 5702 urbibus,
1623 5641 1678 5690 et
1727 5650 1854 5690 cum

1950 4811 2010 4859 ut
2030 4818 2223 4857 eorum
2270 4801 2495 4855 decreto
2536 4797 2796 4852 virtutem
2860 4795 3155 4851 resistendi
3208 4795 3360 4850 nullo
3408 4794 3575 4849 modo

1952 4893 2238 4965 acquirere
2289 4889 2576 4962 potuisset.
2637 4887 2762 4953 Qui,
2810 4886 3052 4957 sapienti
3104 4902 3227 4941 cum
3268 4885 3385 4939 suis
3415 4891 3578 4940 utens

1950 4984 2205 5049 consilio,
2244 4980 2477 5036 diversis
2531 4976 2994 5050 promissionibus
3024 4983 3079 5031 et
3117 4974 3445 5030 humillimis
3490 4990 3576 5029 re-

1951 5074 2371 5146 sponsionibus,
2404 5068 2748 5125 etinterdum
2780 5066 3073 5122 obsidibus
3093 5066 3238 5121 datis
3265 5066 3578 5136 iterumque

1954 5167 2197 5239 receptis
2214 5167 2283 5221 ad
2311 5182 2394 5231 se,
2418 5178 2609 5219 eorum
2638 5161 2747 5215 iras
2770 5171 2825 5215 et
2874 5159 3199 5215 obsidiones
3227 5155 3578 5223 omnimodo,

1959 5257 2250 5332 mitigavit,
2271 5254 2452 5310 donec
2472 5249 2744 5307 aediﬁcato
2784 5249 3011 5305 castello
3042 5248 3395 5319 vallibusque
3419 5261 3583 5301 reno-

1956 5351 2113 5417 vatis,
2136 5350 2193 5403 in
2215 5347 2528 5403 munitione
2559 5343 2806 5415 ejusdem
2830 5342 2935 5398 loci
2982 5342 3052 5395 ab
3092 5356 3284 5396 eorum
3312 5356 3436 5394 cum
3463 5339 3581 5393 suis

1956 5439 2168 5496 saevitia
2209 5453 2269 5492 se
2309 5451 2469 5507 posse
2522 5432 2826 5488 defendere
2874 5431 3199 5487 aestimaret.
3255 5427 3385 5484 Cum
3445 5443 3575 5484 vero

1955 5532 2191 5589 induciae
2212 5528 2519 5585 rationibus
2539 5523 2915 5597 respondendi
2944 5523 3084 5578 ultra
3109 5521 3425 5597 prolongari
3468 5537 3579 5577 non

1958 5625 2288 5698 potuissent,
2318 5628 2448 5676 tunc
2488 5615 2781 5672 manifeste
2828 5614 3121 5670 confessus
3178 5620 3261 5668 est
3316 5628 3395 5674 se,
3439 5611 3582 5666 sicut

208 5731 547 5804 frequentia
586 5729 939 5801 populorum.
985 5735 1040 5783 et
1070 5744 1193 5783 cum
1220 5726 1481 5783 omnibus
1518 5727 1724 5799 quibus
1757 5742 1857 5799 po-
1956 5716 2147 5787 οωρὶι,
2171 5716 2227 5769 in
2257 5712 2537 5804 νοιιιηῖξίῖβ
2557 5708 2704 5804 mgis
2730 5706 2888 5804 Ῠῗιίο-
2920 5706 3240 5804 Ρεξτάυτδνθ-
3266 5705 3420 5760 Tunc
3443 5719 3583 5804 Ρηιῗ·

211 5795 353 5885 luit:
390 5795 610 5881 Liutolﬁ
642 5795 912 5895 potestate
939 5822 1162 5896 subegit
1205 5821 1415 5888 Quibus
1440 5795 1808 5895 compertis,rt

1966 5812 2109 5869 fatus
2125 5805 2401 5871 Arnolfus,
2443 5798 2802 5857 ﬁliusArnolﬁ
2857 5798 3037 5867 ducis,
3068 5804 3407 5872 congregata
3434 5795 3583 5851 mul-

303 5910 418 6007 (ωδ
453 5933 565 5988 Hoc
593 5946 719 5987 vero
740 5929 1007 5986 abundat.
