3924 6424
403 419 538 475 1031

1489 417 1541 469 S.
1586 413 1890 470 UDALRICI
1933 412 2308 468 AUGUSTANI
2350 412 2666 467 EPISCOPI.

3617 419 3639 472 ί
3650 417 3753 472 032

401 556 638 610 titudine
674 569 862 609 eorum
921 549 1283 607 infaustorum
1358 548 1454 620 qui
1500 553 1663 601 antea
1718 547 2014 618 Augustam
2042 542 2389 615 Auxorique
2438 557 2551 597 suae
2610 542 2940 597 monstravit.
2986 549 3042 597 et
3099 542 3278 598 dixit:
3324 569 3345 588 ιι
3382 542 3580 597 Melius
3621 545 3751 599 mihi

395 647 671 702 civitatem
729 644 1030 715 depraedati
1079 652 1229 711 sunt,
1279 652 1334 697 et
1378 643 1612 698 aliorum
1672 644 1728 697 in
1779 657 2015 714 quorum

397 741 526 788 tunc
553 732 870 788 conﬁdebat
892 733 1256 801 adjutorium,
1302 718 1473 787 voluit
1514 734 1742 789 obsesso
1793 731 2016 788 castello

399 828 774 883 venerandum
806 828 1131 898 episcopum
1164 826 1216 881 vi
1240 834 1489 881 coactum
1523 843 1648 881 cum
1676 825 1789 879 suis
1818 824 2014 880 ditioni

396 919 638 973 subdere
671 917 906 972 Luitolﬁ.
953 917 1061 971 Hac
1106 932 1162 971 re
1202 924 1505 987 comperta,
1539 916 2019 987 episcopusecon—

401 1018 501 1075 tra,
537 1009 731 1083 legatis
758 1011 964 1075 missis,
989 1010 1160 1065 multa
1194 1010 1430 1080 pecunia
1448 1010 1717 1081 promissa
1736 1010 2018 1083 flagitabat

402 1110 460 1157 ut
480 1103 883 1156 revertentibus
913 1102 996 1156 eis
1027 1102 1104 1156 illi
1126 1102 1368 1158 licuisset
1398 1102 1453 1156 in
1504 1117 1638 1173 pace
1669 1101 1971 1156 subsistere
2000 1119 2014 1166 ;

400 1192 483 1245 sin
506 1200 717 1255 autem,
748 1207 881 1261 pace
898 1189 1790 1254 contradicta.redirenoluissent,
1809 1203 2019 1259 przece-

401 1282 479 1352 pit
509 1282 721 1337 eisdem
744 1281 940 1354 legatis
978 1297 1110 1335 suos
1141 1280 1506 1350 parochianos
1537 1280 1722 1333 banno
1765 1277 2019 1332 Christia-

402 1370 588 1425 nitatis
626 1369 1033 1443 constringere,
1074 1385 1144 1423 ne
1191 1369 1310 1423 loca
1350 1368 1563 1423 Sanctae
1594 1367 1797 1429 Marim,
1831 1365 1887 1419 in
1917 1378 2017 1418 suo

402 1458 727 1529 episcopatu
774 1459 901 1524 sita,
932 1458 1043 1512 ullo
1095 1458 1259 1513 modo
1301 1457 1563 1512 invadere
1592 1459 2014 1528 praasumerent.

401 1548 502 1612 Qui
554 1564 684 1603 vero
734 1548 974 1620 pecunia
1006 1546 1315 1602 contradita
1354 1546 1651 1618 bannoque
1692 1542 2020 1599 Christiani-

400 1642 526 1695 tatis
545 1640 877 1712 postposito,
910 1639 1053 1695 male
1103 1639 1349 1709 incoepta
1394 1638 1650 1694 omittere
1696 1637 2018 1703 noluerunt,

402 1733 499 1788 sed
531 1733 1053 1787 adinternecionem
1100 1746 1290 1785 eorum
1344 1747 1410 1785 ea
1464 1730 1748 1785 Dominica
1802 1730 1913 1800 (41)
1964 1727 2020 1781 in

402 1837 510 1892 qua
530 1836 653 1875 mos
682 1827 765 1875 est
795 1820 1122 1875 clericorum
1152 1826 1281 1875 ante
1312 1818 1797 1894 Quadragesimam
1826 1836 2022 1875 carnes

403 1914 758 1980 manducare,
798 1920 852 1968 et
897 1913 1164 1984 deinceps
1210 1928 1384 1984 usque
1428 1912 1498 1967 ad
1531 1919 1779 1967 sanctum
1806 1920 2023 1984 tempus
2052 1938 2100 2004 Β

401 2004 625 2059 Pascha:
677 2004 948 2071 devitarc,
1032 2002 1308 2059 hostiliter
1373 2002 1696 2057 invaserunt
1747 2003 2022 2073 praedium

402 2092 622 2148 Sanctae
655 2092 853 2154 Mariae.
921 2099 975 2147 et
1011 2092 1336 2164 episc0pum
1370 2090 1726 2147 obsederunt.
1762 2091 1862 2157 Qui
1886 2107 2019 2147 vero

400 2185 490 2239 die
523 2171 803 2256 nociuque
832 2184 888 2239 in
933 2184 1027 2239 Dei
1086 2184 1314 2239 servitio
1355 2182 1603 2238 studiose
1661 2198 2019 2254 permanens,

403 2278 598 2332 timore
625 2278 840 2346 abjeclo
891 2277 946 2331 in
980 2277 1146 2331 Deum
1195 2275 1506 2345 conﬁdens,
1537 2275 1895 2332 obsessiones
1925 2290 2021 2329 eo-

402 2384 519 2421 rum
573 2383 671 2438 pro
719 2367 891 2422 nihilo
940 2366 1172 2434 ducens,
1232 2368 1287 2422 in
1331 2367 1827 2439 praedestinatione
1888 2365 2023 2420 inita

404 2457 633 2513 ﬁrmiter
666 2466 1130 2530 perseveraverat.
1184 2460 1307 2515 Hec
1336 2476 1464 2515 vero
1492 2459 1745 2515 obsessio
1786 2464 1846 2512 ut
1869 2473 2024 2513 com-

400 2562 553 2625 perta
593 2554 790 2609 fuisset
837 2554 1130 2627 Adalperto
1166 2556 1356 2611 comiti
1404 2562 1458 2610 et
1486 2554 1845 2625 Theodpaldo
1873 2552 2021 2608 fratri

400 2647 670 2717 episcOpi,
721 2655 1055 2722 congregata
1109 2648 1382 2719 phalange
1452 2648 1663 2720 pOpuli,
1722 2648 1902 2719 prima
1930 2646 2022 2701 die

402 2737 903 2811 Quadragesimalis
975 2740 1259 2810 temporis,
1329 2740 1478 2811 quod
1549 2748 1630 2795 est
1687 2740 1808 2795 dies
1856 2740 2021 2804 lunae,

402 2842 565 2881 mane
621 2826 865 2881 diluculo
905 2836 1082 2882 castra
1139 2828 1488 2883 inimicorum
1532 2828 1871 2883 invaserunt.
1914 2829 2022 2883 Sed

406 2917 483 2972 illi
514 2919 633 2973 base
661 2924 823 2972 antea
850 2934 1015 2990 posse
1046 2918 1168 2973 ﬁeri
1219 2935 1328 2974 non
1365 2926 1640 2990 putantes.
1677 2920 1931 2991 imparati
1952 2921 2021 2974 ad

406 3008 616 3063 bellum
641 3008 849 3064 inventi
879 3016 1030 3075 sunt,
1081 3017 1157 3077 et,
1201 3011 1496 3081 repentino
1539 3011 1738 3067 timore
1757 3011 2020 3083 perculsi,

403 3100 611 3155 relictis
657 3100 850 3170 spoliis
893 3099 1022 3173 fuga
1076 3101 1334 3158 inimicos
1376 3103 1614 3159 evadere
1670 3104 2017 3165 studuerunt,

402 3186 482 3240 llli
507 3195 690 3243 autem
725 3204 821 3243 eos
844 3197 1165 3260 sequentes,
1215 3190 1585 3246 Hermannum
1641 3192 1860 3248 fratrem
1921 3193 2023 3246 Ar-

2120 639 2299 708 placet
2344 643 2507 691 istum
2582 636 2881 692 formosum
2946 638 3223 693 caballum
3308 639 3538 705 habere,
3588 657 3750 711 quam

2119 729 2321 784 librum
2363 745 2487 784 cum
2539 744 2649 800 quo
2704 731 2849 783 hunc
2878 730 3192 801 comparavi
3226 731 3284 785 in
3316 734 3564 806 Augusta
3587 732 3751 786 relin-

2120 836 2309 893 quere.
2334 843 2357 869 υ
2388 820 2555 888 Cujus
2598 820 2782 874 verbis
2829 822 3117 891 respondit
3148 838 3288 877 uxor
3324 824 3465 891 ejus,
3507 823 3706 877 dicens
3737 840 3748 874 :

2127 911 2309 966 «Utile
2363 912 2462 967 tibi
2504 912 2642 967 forte
2668 911 2879 977 fuisset,
2922 913 2967 967 si
3012 930 3209 969 manus
3236 920 3329 969 tua
3370 916 3518 970 hunc
3544 915 3749 969 librum

2120 1003 2322 1072 injuste
2350 1019 2461 1058 non
2493 1004 2783 1078 tetigisset.
2825 1029 2846 1049 ιι
2885 1005 3107 1059 Interim
3152 1021 3283 1061 vero
3317 1006 3411 1060 ille
3454 1006 3751 1079 levigando

2119 1111 2287 1151 manu
2333 1096 2389 1149 in
2440 1096 2743 1166 posteriora
2791 1097 3056 1170 tangebat
3095 1097 3394 1164 caballum,
3450 1105 3509 1152 et
3557 1098 3748 1151 statim

2119 1184 2188 1238 ab
2221 1200 2287 1239 eo
2332 1201 2628 1255 percussus
2664 1193 2915 1242 mortuus
2964 1194 3067 1241 est.
3119 1188 3288 1242 Novis
3325 1199 3380 1242 et
3433 1188 3753 1259 improvisis

2119 1278 2205 1332 his
2229 1278 2504 1344 cladibus,
2546 1285 2601 1333 et
2645 1280 2767 1334 aliis
2823 1280 3011 1335 multis
3069 1280 3443 1336 formidolosis
3499 1281 3750 1335 rebusin

2120 1368 2225 1420 reis
2256 1367 2494 1437 peractis
2523 1384 2553 1420 a
2584 1368 2944 1423 multitudine
2987 1369 3175 1440 populi
3206 1370 3532 1441 compertis,
3579 1371 3747 1425 timor

2118 1462 2575 1536 magnusinvasit
2622 1479 2720 1518 eos
2757 1465 2851 1534 qui
2880 1464 2965 1533 fse
3022 1481 3145 1520 esse
3198 1481 3323 1521 reos
3362 1473 3754 1540 cognoverunt

2121 1551 2189 1606 de
2221 1553 2481 1622 praedicta
2512 1552 2848 1623 praedatione
2902 1554 3159 1625 Augusta:
3216 1554 3477 1621 civitatis,
3507 1571 3619 1610 non
3655 1571 3755 1609 so-

2121 1641 2234 1697 lum
2262 1643 2429 1698 ineos
2458 1643 2551 1714 qui
2580 1643 2712 1698 illuc
2758 1652 3153 1715 pervenerunt,
3186 1645 3284 1699 sed
3326 1654 3381 1700 et
3407 1646 3503 1717 qui
3536 1645 3752 1717 aliquid

2122 1731 2191 1785 de
2228 1731 2430 1799 injuste
2460 1732 2749 1802 acquisitis
2778 1732 2847 1787 ab
2900 1734 2982 1788 eis
3008 1741 3366 1805 acceperunt,
3420 1742 3475 1789 et
3502 1735 3652 1797 ideo,
3681 1735 3751 1788 ad

2124 1822 2507 1894 paenitentiam
2532 1831 2585 1878 et
2608 1824 3064 1880 lamentationem
3077 1827 3352 1891 conversi,
3368 1826 3537 1900 digna
3550 1842 3747 1880 emen-

2123 1911 2344 1967 datione
2375 1922 2431 1967 et
2461 1913 2814 1969 restitutione
2870 1913 3267 1969 abstractarum
3310 1932 3516 1977 rerum,
3543 1925 3600 1969 et
3626 1931 3754 1969 cum

2124 2004 2523 2075 efﬂagitatione
2581 2004 2941 2079 indulgentiae
2967 2007 3240 2077 episc0pi,
3300 2006 3636 2062 studuerunt
3697 2023 3755 2061 se

2124 2112 2248 2150 eum
2288 2095 2501 2152 Christo
2532 2104 2587 2151 et
2618 2114 2739 2152 cum
2773 2107 2963 2153 sancta
2994 2098 3160 2153 Maria
3188 2106 3363 2153 matre
3378 2099 3500 2168 ejus
3556 2098 3756 2169 paciﬁ-

2123 2202 2266 2242 care.
2288 2189 2405 2244 Non
2437 2197 2565 2259 post
2588 2188 2836 2258 multum
2878 2205 3007 2245 vero
3038 2191 3310 2261 temporis
3342 2190 3608 2261 praefatus
3648 2194 3752 2244 Ar-

2123 2276 2305 2332 nolfus
2334 2277 2506 2348 quise
2535 2278 2886 2348 praesumpsit
2910 2294 2994 2332 res
3032 2285 3235 2332 sanctae
3261 2277 3443 2332 Mariae
3474 2278 3757 2332 hostiliter

2125 2367 2405 2435 invadere,
2420 2377 2474 2422 et
2494 2368 2889 2441 incorrigibilis
2905 2369 3024 2423 sine
3052 2368 3378 2440 paenitentia
3404 2369 3578 2439 perdu
3591 2370 3755 2434 ravit,

2123 2456 2350 2511 obsessa
2378 2457 2677 2513 Ratisbona
2734 2458 2954 2513 civitate
2988 2468 3210 2529 paratus
3249 2460 3317 2513 ad
3363 2460 3619 2530 praelium
3655 2477 3753 2514 ex-

2125 2544 2239 2611 ivit,
2274 2552 2327 2599 et
2351 2545 2534 2600 statim
2568 2546 2623 2599 in
2652 2546 2882 2601 articulo
2933 2546 3198 2601 tumultus
3225 2546 3441 2601 occisus
3469 2555 3576 2600 est.
3621 2547 3760 2612 Qui-

2124 2637 2249 2692 dam
2272 2638 2437 2693 etiam
2463 2643 2646 2703 homo,
2677 2639 2747 2693 de
2802 2639 3124 2709 episcopatu
3148 2639 3242 2710 qui
3274 2639 3475 2694 dicitur
3506 2642 3761 2696 Eshstet-

2125 2737 2239 2795 ten,
2274 2737 2483 2801 partem
2528 2730 2778 2785 vilissimi
2845 2731 3107 2785 mensalis
3138 2731 3268 2785 inde
3298 2732 3366 2786 ad
3417 2749 3583 2786 suam
3614 2750 3758 2803 pro-

2126 2822 2415 2892 prietatem
2449 2822 2704 2892 portavit,
2734 2830 2789 2877 et
2831 2821 3013 2877 statim
3045 2839 3077 2877 a
3125 2823 3398 2878 daemonio
3420 2832 3757 2894 occupatus,

2125 2910 2338 2965 nullum
2370 2911 2750 2966 abscondendi
2780 2910 2960 2966 locum
3016 2910 3085 2966 ab
3136 2927 3202 2967 eo
3261 2912 3511 2967 invenire
3546 2914 3737 2983 potuit

2124 3023 2306 3078 neque
2355 3007 2412 3062 in
2466 3008 2700 3063 ecclesia
2745 3025 2929 3079 neque
2989 3016 3145 3063 extra
3202 3008 3517 3063 ecclesiam.
3569 3027 3759 3081 neque

2122 3114 2383 3169 aspersus
2429 3116 2573 3173 aqua
2626 3100 2946 3167 benedicta,
3006 3100 3141 3172 quin
3186 3100 3342 3169 juxta
3368 3118 3497 3155 eum
3526 3119 3761 3172 semper

2123 3187 2408 3244 videretur
2462 3206 2708 3255 manere,
2768 3190 2969 3257 donec,
3040 3191 3337 3265 Augustam
3398 3192 3757 3266 regrediens,

404 3278 533 3333 nolﬁ
575 3281 1086 3349 apprehenderunt,
1149 3282 1418 3352 quosdam
1471 3283 1527 3336 in
1578 3285 1772 3338 castris
1801 3261 2333 3347 occide-Cinjuste
2390 3279 2517 3333 inde
2584 3290 2737 3350 rapta
2794 3280 3114 3350 reportavit,
3177 3289 3231 3335 et
3265 3281 3594 3351 episcopum
3629 3298 3758 3336 cum

402 3376 553 3435 runt,
600 3370 870 3440 quosdam
898 3385 1028 3424 vero
1086 3370 1320 3426 ulterius
1361 3372 1766 3444 subsequentes
1795 3373 2027 3430 interfe-

401 3466 615 3514 cerunt.
649 3459 878 3514 Maxima
914 3470 1096 3515 autem
1140 3470 1294 3533 parte
1324 3479 1517 3519 eorum
1556 3465 1866 3532 interfecta,
1901 3481 2017 3520 cae-

403 3552 649 3623 terisque
682 3553 902 3627 fugatis,
953 3556 1138 3611 nullus
1180 3573 1368 3613 eorum
1402 3558 1471 3613 ad
1502 3574 1561 3615 se
1605 3557 2020 3614 defendendum

405 3646 664 3701 ﬁduciam
722 3648 958 3720 accepit,
1012 3650 1122 3705 nisi
1173 3668 1318 3706 unus
1378 3652 1602 3706 nomine
1634 3652 2024 3725 Egilolfus,fu—

403 3739 607 3813 giendo
656 3740 881 3796 brachio
925 3742 1203 3814 Adalperti
1249 3743 1470 3799 comitis
1506 3745 1786 3800 modicum
1821 3746 2022 3801 vulnus

405 3835 616 3903 infecit,
645 3837 713 3891 de
749 3853 857 3908 quo
902 3839 1069 3893 etiam
1123 3840 1350 3895 vulnere
1386 3847 1635 3895 mortuus
1667 3850 1789 3907 est;
1821 3843 2022 3897 vulne-

404 3937 551 3983 rator
592 3928 757 3984 etiam
785 3930 907 3999 ejus
951 3930 1137 3985 statim
1175 3932 1393 3986 occisus
1422 3914 1505 3987 est
1556 3950 1587 3988 a
1617 3933 1900 4004 Liutperto
1929 3949 2024 3988 va-

403 4019 542 4073 sallo
562 4019 810 4087 ejusdem
843 4019 1146 4090 Adalperti.
1204 4020 1529 4075 Paucissirni
1588 4029 1773 4077 autem
1807 4036 2022 4089 eorum,

403 4106 606 4162 ictibus
652 4108 889 4175 contusi,
934 4124 998 4163 ac
1035 4108 1272 4165 diversis
1319 4110 1502 4165 modis
1550 4111 1840 4165 vulnerati.
1877 4111 2025 4181 peri-

405 4198 584 4254 culum
615 4206 799 4254 tamen
829 4201 1040 4265 mortis,
1070 4201 1231 4273 cquis
1246 4218 1435 4258 eorum
1464 4218 1559 4258 eos
1588 4204 2022 4275 asportantibus,

409 4306 476 4346 eo
494 4291 583 4346 die
613 4291 700 4346 vix
732 4300 1049 4362 evaserunt,
1072 4294 1297 4365 quidam
1348 4310 1477 4350 vero
1510 4311 1724 4363 eorum,
1761 4296 1888 4369 gelu
1922 4298 2027 4352 mi-

409 4380 725 4436 serabiliter
761 4382 1124 4457 astringente,
1170 4384 1303 4438 nudi
1359 4384 1415 4438 in
1467 4385 1856 4456 desperatione
1899 4386 2026 4442 vitae

406 4476 661 4547 proprias
715 4478 1128 4532 mansiunculas
1206 4480 1550 4549 repetierunt
1646 4481 1854 4552 Corpus
1896 4498 2025 4537 vero

404 4568 703 4639 Adalperti,
747 4569 804 4623 in
858 4568 954 4624 Dei
986 4571 1269 4626 voluntate
1304 4572 1497 4639 occisi,
1544 4574 1880 4628 reverendus
1904 4590 2023 4645 epi-

2126 3369 2311 3439 scopis
2340 3370 2391 3424 ei
2415 3369 2632 3443 ﬂagella
2655 3372 2945 3442 imponere
2978 3387 3078 3442 pro
3096 3372 3292 3427 Christi
3312 3373 3541 3427 nomine
3570 3382 3763 3444 postu-

2123 3459 2275 3526 lavit,
2308 3467 2365 3515 et
2395 3461 2622 3531 insuper
2677 3461 3078 3537 indulgentiam
3134 3463 3343 3534 praefati
3376 3464 3569 3519 delicti
3602 3481 3755 3520 con-

2122 3548 2353 3617 donare,
2375 3550 2569 3623 sicque
2586 3551 2890 3607 liberatusa
2908 3554 3186 3609 daemonio
3215 3555 3460 3611 salvatus
3491 3557 3755 3610 recessit.

2195 3643 2306 3699 Xll.
2336 3645 2413 3700 Ne
2445 3646 2539 3701 diu
2573 3662 2660 3701 me
2689 3647 2756 3701 ab
2788 3648 3025 3720 inczepta
3074 3650 3351 3705 taxatione
3399 3649 3758 3714 subtraham,

2123 3733 2261 3789 libet
2286 3735 2485 3807 stylum
2516 3738 2795 3793 retrahere
2843 3740 2913 3794 ab
2945 3740 3365 3794 enumeratione
3409 3756 3473 3794 ex
3508 3746 3757 3813 utraque

2122 3833 2277 3893 parte
2343 3825 2692 3880 obsessarum
2748 3828 2966 3881 urbium
3047 3838 3105 3883 et
3155 3828 3425 3883 bellorum
3497 3830 3759 3901 undique

2124 3914 2447 3985 furentium,
2506 3925 2560 3972 et
2603 3918 2983 3976 vicissitudine
3026 3929 3346 3977 stromatum
3402 3921 3511 3990 (12)
3571 3923 3763 3977 diver-

2125 4020 2334 4074 sorum,
2381 4008 2479 4060 sed
2510 4007 2697 4077 potius
2753 4010 3032 4081 quomodo
3079 4009 3345 4065 Dominus
3396 4010 3764 4080 omnipotens

2126 4116 2225 4170 per
2304 4099 2496 4153 merita
2559 4114 2842 4156 servorum
2908 4117 3130 4158 suorum
3204 4118 3364 4157 suum
3425 4102 3763 4174 dignaretur

2126 4195 2391 4266 pOpulum
2442 4194 2680 4250 liberare
2728 4196 2860 4251 libet
2913 4212 3203 4252 recensere
3248 4213 3354 4261 ;ne
3386 4196 3598 4252 diaboli
3630 4215 3759 4252 ma-

2126 4286 2539 4343 chinationibus
2590 4288 2659 4343 ad
2737 4305 2900 4344 suum
2968 4289 3282 4360 perveniret
3353 4290 3759 4346 exitium.Cum

2128 4393 2221 4431 rex
2250 4375 2372 4432 Otto
2403 4376 2459 4430 in
2487 4377 2831 4445 Alamannia,
2890 4385 3115 4449 prOpter
3158 4395 3255 4434 eos
3296 4379 3390 4450 qui
3442 4396 3570 4435 cum
3630 4382 3761 4436 Liu-

2130 4467 2261 4524 tolfo
2288 4466 2403 4524 ﬁlio
2428 4468 2547 4537 ejus
2569 4469 2767 4525 ditioni
2799 4486 2914 4524 suae
2948 4470 3151 4544 regalis
3196 4472 3487 4542 potestatis
3529 4484 3761 4529 contra-

2128 4561 2315 4617 dicere
2342 4561 2659 4627 voluerunt,
2692 4577 2815 4616 cum
2850 4562 3093 4617 exercitu
3143 4571 3567 4618 conversaretur
3595 4566 3760 4634 juxta

399 4675 603 4731 scapus
657 4661 723 4716 ad
787 4662 1083 4736 Augustam
1123 4662 1400 4719 civitatem
1466 4665 1635 4733 vexit,
1673 4674 1749 4733 et,
1781 4665 2018 4723 animam

2138 4653 2329 4709 lumen
2357 4654 2505 4725 quod
2539 4653 2720 4710 Hilara
2744 4663 2991 4720 vocatur,
3043 4656 3099 4711 in
3130 4672 3325 4727 campo
3377 4657 3574 4727 Oppidi
3595 4626 3761 4729 quod

402 4749 709 4806 honoriﬁce
758 4751 870 4805 Deo
934 4753 1353 4821 commendans,
1399 4755 1456 4809 in
1527 4757 1761 4812 ecclesia
1807 4758 2022 4813 Sanctae

411 4839 596 4897 Maria:
640 4844 916 4914 sepelivit.
973 4845 1167 4904 Nullus
1228 4856 1410 4903 autem
1477 4864 1668 4904 eorum
1720 4851 1812 4922 qui
1858 4861 2022 4908 antea

404 4929 511 4984 sibi
532 4930 712 5002 spolia
756 4933 1010 5006 Augustae
1046 4936 1285 4992 civitatis
1313 4938 1370 4991 in
1408 4938 1853 4995 contrarietatem
1884 4957 2020 4996 san-

402 5032 502 5080 ctae
548 5025 642 5080 Dei
672 5026 960 5099 genitricis
1005 5029 1187 5086 Mariae
1233 5032 1670 5098 vindicaverunt,
1714 5034 2023 5105 impunitus

403 5115 712 5182 evasit,nisi
725 5117 819 5188 qui
845 5133 905 5172 se
920 5118 1036 5173 suis
1064 5119 1305 5191 pr0priis
1342 5121 1506 5176 rebus
1533 5137 1656 5176 cum
1677 5123 2022 5199 indulgentia

403 5206 690 5261 reverendi
726 5207 974 5279 episcopi
998 5209 1269 5266 redimere
1290 5226 1401 5267 non
1423 5211 1775 5268 distulerunt.

473 5293 559 5348 Xl.
590 5294 779 5350 Manus
808 5296 1062 5367 proprias
1124 5315 1271 5354 unus
1317 5316 1377 5355 ex
1414 5300 1499 5354 his
1530 5301 1846 5370 lacerando,
1881 5305 2019 5361 vici-

404 5379 487 5434 nis
509 5382 625 5437 suis
669 5382 724 5436 in
758 5384 987 5439 veritate
1023 5386 1362 5456 dicentibus,
1412 5390 1629 5459 perdito
1685 5408 1856 5448 sensu
1905 5395 2024 5467 spi-

411 5474 572 5528 ritum
627 5476 921 5533 exhalavit.
975 5479 1125 5535 Alius
1177 5486 1362 5536 autem
1401 5497 1524 5537 cum
1575 5483 1760 5541 ablato
1814 5487 1884 5542 de
1913 5488 2022 5545 Au-

401 5573 558 5629 gusta
596 5566 814 5623 civitate
874 5570 1016 5626 libro
1058 5572 1328 5627 caballum
1387 5573 1493 5628 sibi
1525 5573 1670 5631 bene
1716 5576 2021 5647 placentem

403 5657 763 5725 comparavit,
823 5668 878 5713 et
924 5676 1111 5717 secum
1164 5663 1397 5720 adduxit
1444 5665 1501 5719 in
1552 5665 1778 5723 domum
1842 5686 2021 5739 suam,

576 5759 765 5835 ‘Yulgo
795 5763 1269 5835 Quinquagesima.

476 5831 588 5900 (42)
617 5830 721 5884 Pro
747 5830 1217 5900 stratajemdtum.

2076 4750 2323 4806 .dicitur
2374 4751 2545 4806 Tussa
2603 4753 2728 4823 (43;,
2789 4761 2844 4808 et
2911 4754 2985 4807 ibi
3041 4752 3379 4825 saepedictus
3435 4751 3588 4808 ﬁlius
3633 4754 3762 4822 ejus

2122 4841 2390 4898 Liutolfus
2416 4859 2541 4899 cum
2590 4844 2699 4900 alio
2750 4847 2994 4901 exercitu
3051 4846 3250 4901 obvius
3269 4846 3337 4900 ad
3379 4847 3760 4920 pugnandum

2121 4942 2313 4991 contra
2334 4951 2461 4990 eum
2514 4936 2821 5005 deveniret,
2849 4945 2903 4993 et
2940 4954 3063 4993 cum
3118 4946 3266 4993 tanta
3295 4936 3583 4993 vicinitate
3614 4954 3762 4993 con-

2119 5029 2294 5098 juncti
2327 5038 2534 5094 essent,
2566 5038 2625 5084 ut
2656 5030 2806 5084 nulla
2854 5031 3233 5106 ambiguitatis
3263 5047 3363 5101 spe
3393 5031 3605 5085 detenti
3633 5048 3762 5086 ma-

2124 5128 2319 5176 nerent
2372 5120 2428 5174 in
2503 5130 2860 5194 utrarumque
2940 5124 3180 5194 partium
3250 5123 3631 5189 multitudine;
3702 5123 3759 5177 ni

2122 5208 2331 5263 bellum
2381 5209 2450 5264 ab
2514 5210 2595 5264 eis
2644 5211 3102 5279 committeretur,
3148 5220 3281 5267 tunc
3327 5212 3587 5267 amabilis
3640 5213 3759 5267 Deo

2125 5301 2412 5358 Udalricus
2441 5303 2761 5374 episc0pus,
2792 5304 2849 5359 in
2872 5306 3043 5361 Deum
3062 5312 3175 5362 tota
3206 5306 3410 5362 ﬁducia
3437 5308 3758 5369 conﬁdens,

2124 5399 2405 5463 assumpto
2471 5392 2757 5448 Curiencis
2814 5394 3072 5450 Ecclesiae
3132 5395 3423 5451 Hartberto
3492 5397 3761 5469 religioso

2122 5480 2413 5553 episcopo,
2444 5481 2753 5555 legationes
2817 5483 2963 5537 inter
3020 5499 3117 5539 eos
3144 5482 3325 5539 facere
3359 5485 3553 5555 ctepit,
3591 5495 3647 5539 et
3688 5486 3758 5540 ad

2124 5570 2278 5642 pacis
2303 5572 2655 5627 concordiam
2702 5588 2951 5641 exorare,
2995 5583 3050 5629 et
3082 5589 3150 5629 ne
3182 5575 3422 5645 pOpulus
3451 5577 3548 5647 qui
3580 5594 3611 5630 a
3644 5577 3758 5631 Deo

2126 5665 2236 5721 illis
2287 5668 2708 5724 commendatus
2758 5678 2845 5724 est
2899 5670 2967 5725 ad
3016 5671 3342 5745 regendum,
3396 5687 3501 5742 pro
3559 5688 3758 5728 eorum

2196 5783 2310 5853 (43)
2338 5783 2567 5841 Tussen.
