3924 6418
168 405 318 463 1033

165 637 401 695 nuente,
433 630 558 685 duce
577 631 865 684 amborum
894 638 1132 692 mentes,
1164 631 1331 700 patris
1352 631 1564 685 scilicet
1593 632 1802 685 Ottonis

163 729 220 776 et
281 720 381 776 filii
427 723 548 793 ejus
601 721 843 784 Liutolti,
895 722 964 775 de
1018 722 1262 791 prolicua
1311 723 1691 776 admonitione
1749 733 1803 777 et

162 813 424 868 doctrina
473 813 917 868 venerandorum
979 813 1370 884 episcoliorum
1420 815 1474 868 in
1519 815 1802 868 mollitiam

163 919 368 968 versae,
402 910 621 972 pactum
648 902 803 972 pacis
832 902 976 956 inter
1008 917 1066 956 se
1109 903 1544 972 placitaverunt:
1576 911 1650 968 et,
1694 913 1808 957 tur-

162 993 305 1046 bine
355 991 484 1044 belli
532 991 808 1062 mitigato,
868 991 924 1044 in
985 1008 1084 1044 sua
1145 1008 1267 1046 cum
1329 1009 1462 1062 pace
1499 994 1801 1048 redierunt.

163 1084 362 1140 Tantis
390 1090 574 1138 autem
625 1091 758 1136 tunc
818 1082 1058 1152 praefatis
1100 1086 1431 1137 tumultuum
1469 1084 1806 1156 fatigationi-

165 1175 280 1228 bus
328 1174 626 1243 superatis,
676 1175 1090 1228 aestimaverunt
1164 1193 1222 1229 se
1285 1177 1506 1246 aliquod
1565 1177 1801 1246 spatium

162 1265 441 1334 temporis
475 1263 697 1334 iu‘qvace
731 1280 890 1332 posse
922 1265 1239 1334 quiescere.
1277 1266 1456 1318 Altero
1491 1283 1589 1336 pro
1652 1274 1804 1320 certo

160 1354 356 1407 statim
386 1368 554 1417 anno,
613 1353 765 1422 quod
823 1361 905 1406 est
955 1369 1101 1407 anno
1163 1354 1558 1408 incarnationis
1594 1355 1804 1408 Domini

167 1445 498 1499 nostriJesu
559 1443 757 1498 Christi
796 1445 923 1509 965,
967 1452 1113 1498 tanta
1175 1445 1467 1500 multitudo
1502 1446 1806 1514 Ungrorum

164 1532 380 1602 erupit,
413 1539 620 1602 quanta
682 1541 810 1586 tunc
867 1534 1132 1602 temporis
1194 1535 1491 1588 viventium
1526 1536 1805 1588 hominum

169 1637 344 1676 nemo
368 1637 427 1676 se
453 1627 619 1675 antea
666 1621 870 1675 vidisse
940 1622 996 1675 in
1025 1623 1135 1676 ulla
1163 1623 1389 1696 regione
1426 1623 1807 1694 profitebatur,

169 1723 232 1769 ct
293 1714 612 1768 Noricorum
669 1715 776 1783 (44)
833 1717 1116 1788 regionem
1172 1734 1204 1770 a
1273 1717 1522 1770 Danubio
1581 1716 1808 1770 ﬂumine

171 1818 359 1873 usque
389 1803 457 1856 ad
493 1803 712 1876 Nigram
743 1804 960 1868 silvam,
995 1821 1116 1875 (pne
1147 1807 1388 1876 pertinet
1423 1807 1487 1859 ad
1525 1815 1805 1875 montana,

172 1892 348 1946 simul
373 1892 714 1948 devastando
745 1894 1055 1964 occupavit,
1093 1904 1298 1948 etcum
1325 1895 1505 1948 Licum
1532 1905 1809 1949 transccu-
1839 1874 1883 1940 Β

177 1988 365 2050 deret,
399 1996 453 2040 et
483 1987 861 2042 Alamanniam
913 1997 1227 2058 occuparet.
1281 1988 1566 2043 ecclesiam
1597 1989 1808 2042 Sancta:

180 2077 326 2130 Afrae
357 2078 750 2144 concremavit,
784 2087 838 2133 et
869 2086 1036 2132 totam
1100 2081 1434 2149 provinciam
1490 2096 1519 2133 a
1561 2081 1810 2134 Danubio

182 2165 457 2236 usquead
487 2167 698 2237 sylvam
757 2167 1116 2237 depraedavit,
1168 2177 1220 2222 et
1280 2169 1569 2223 maximam
1605 2178 1812 2240 partem

184 2273 368 2328 usque
401 2257 468 2310 ad
503 2258 738 2312 liilaram
759 2258 1129 2331 ﬂuviumigne
1162 2261 1487 2316 combussit.
1521 2263 1813 2332 Augustam

185 2359 374 2406 autem
407 2352 684 2408 civitatem
717 2354 958 2419 obsedit,
1007 2371 1128 2425 quae
1161 2362 1291 2410 tunc
1345 2357 1470 2410 imis
1501 2357 1622 2410 sine
1655 2356 1818 2410 turri-

185 2443 294 2498 bus
335 2441 676 2498 circumdata
705 2445 896 2510 muris,
954 2445 1110 2498 firma
1143 2462 1207 2499 ex
1237 2448 1534 2516 semetipsa
1559 2463 1668 2500 non
1695 2446 1796 2500 fuit

185 2539 424 2593 Sanctus
481 2549 665 2594 autem
711 2541 942 2596 antistes
1000 2558 1251 2614 magnam
1305 2541 1463 2594 valde
1506 2534 1820 2594 multitudi-

187 2643 320 2681 nem
362 2627 701 2698 optimorum
733 2629 968 2684 militum
995 2647 1182 2684 secum
1219 2631 1358 2684 intra
1388 2638 1546 2698 septa
1579 2627 1819 2684 civitatis

183 2717 514 2772 collocatam
548 2718 820 2783 habebat;
845 2735 912 2772 ex
939 2735 1173 2789 quorum
1215 2719 1463 2791 agilitate
1485 2726 1538 2772 et
1587 2719 1820 2772 audacia

184 2805 388 2860 civitas
428 2806 644 2861 fortiter
699 2805 934 2873 firmata,
979 2809 1360 2873 Deojuvante,
1419 2808 1760 2862 consistebat.
1805 2825 1818 2870 ;

190 2897 292 2967 qui
327 2907 384 2951 ut
415 2899 717 2953 exercitum
749 2897 1058 2972 Ungrorum
1076 2898 1144 2952 ad
1175 2898 1604 2970 expugnandum
1635 2898 1823 2952 civita-

196 2995 311 3042 tem
352 2989 701 3045 circumdare
745 2991 1025 3055 viderunt,
1085 2992 1166 3046 eis
1191 2991 1412 3046 obviam
1449 2993 1596 3044 exire
1629 2993 1821 3046 volue-

199 3086 352 3143 runt,
375 3079 473 3132 sed
505 3080 608 3134 hoc
635 3079 935 3150 episc0pus
960 3081 1040 3134 eis
1062 3097 1170 3135 non
1195 3081 1576 3145 consentiens,
1609 3090 1822 3150 portam

200 3165 591 3222 uhimaximus
621 3167 806 3223 aditus
853 3169 1096 3224 intrandi
1145 3169 1404 3224 manebat
1461 3169 1691 3224 firmiter
1730 3185 1823 3224 oc-

197 3261 429 3316 cludere
451 3263 731 3334 praecepit.
770 3263 928 3319 Porta
983 3274 1166 3320 autem
1197 3265 1484 3320 orientalis
1516 3265 1689 3336 plagae
1723 3265 1822 3332 (45)
1852 3239 1899 3305 δ

197 3353 354 3409 unde
415 3353 527 3409 itur
577 3355 647 3410 ad
701 3372 924 3428 aquam,
966 3358 1046 3412 sic
1096 3374 1126 3412 a
1182 3357 1455 3412 densitate
1521 3357 1827 3430 Ungrorum

199 3450 354 3504 bello
388 3459 656 3521 occupata
711 3459 816 3518 est,
873 3461 932 3507 ut
973 3452 1080 3522 ipsi
1131 3451 1521 3507 acstimaverint
1559 3469 1618 3506 se
1647 3452 1828 3506 statim

200 3557 372 3612 posse
428 3541 630 3596 intrare
677 3561 692 3597 :
730 3543 939 3598 milites
985 3544 1134 3598 enim
1177 3543 1424 3614 episc0pi
1465 3550 1593 3598 ante
1619 3551 1829 3614 portam

197 3633 437 3688 viriliter
465 3643 775 3709 pugnantes
815 3636 916 3691 eis'
942 3637 1292 3702 resistebant,
1327 3653 1498 3706 usque
1527 3636 1656 3690 dum
1689 3652 1833 3690 unus

203 3729 519 3802 Ungrorum
553 3731 648 3802 qui
677 3740 908 3787 caeteros
941 3733 1238 3804 pugnando
1269 3731 1653 3806 antecedebat,
1688 3739 1742 3786 et
1768 3748 1832 3786 ex

201 3819 369 3888 cujus
398 3821 568 3876 ductu
596 3831 650 3876 et
679 3823 1066 3880 antecessione
1097 3825 1389 3878 maximam
1449 3823 1732 3894 praeliandi
1777 3823 1829 3876 in

195 3911 300 3965 illa
341 3913 477 3966 hora
495 3911 890 3970 confidentiam
925 3915 1224 3980 habebant,
1253 3915 1470 3970 occisus
1520 3914 1780 3970 occubuit
1811 3932 1826 3976 ;

199 4000 392 4055 czeteri
449 4001 694 4073 denique
747 4019 874 4058 cum
933 4019 1060 4060 eum
1119 4013 1263 4059 terra
1328 4013 1488 4058 tenus
1553 4013 1826 4058 mortuum

199 4090 409 4144 cadere
439 4090 718 4156 viderunt,
771 4107 971 4164 magno
1045 4093 1286 4148 clamore
1327 4100 1380 4146 et
1432 4093 1830 4146 lamentatione

200 4195 334 4235 eum
368 4180 673 4251 rapientes,
731 4182 799 4238 ad
851 4191 1031 4238 castra
1089 4183 1290 4239 reversi
1346 4189 1490 4237 sunt.
1538 4183 1679 4237 liora
1705 4197 1832 4236 vero

202 4269 344 4323 belli
377 4270 678 4340 episcopus
709 4288 878 4343 super
931 4272 1206 4328 caballum
1264 4289 1425 4327 suum
1465 4273 1667 4326 sedens
1697 4273 1836 4326 stola

203 4359 462 4422 indutus,
513 4375 626 4416 non
655 4360 854 4432 clypeo
911 4369 1004 4417 aut
1049 4363 1219 4418 lorica
1262 4371 1355 4418 aut
1385 4363 1542 4434 galea
1570 4362 1834 4428 munitus,

196 4451 407 4520 jaculis
437 4460 494 4508 et
523 4453 804 4524 lapidibus
833 4455 1082 4526 undique
1111 4456 1258 4510 circa
1283 4471 1412 4510 eum
1471 4454 1834 4508 discurrenti-

202 4540 594 4606 bus,intactus
622 4549 678 4598 et
708 4542 914 4599 illaesus
937 4544 1299 4600 subsistebat.
1334 4545 1483 4598 Bello
1519 4559 1648 4598 vero
1682 4542 1836 4596 finito

204 4635 538 4708 regrediens
589 4635 840 4691 circuivit
897 4636 1200 4704 civitatem,
1247 4644 1305 4690 et
1355 4637 1552 4692 domos
1606 4637 1738 4689 belli
1781 4635 1837 4688 in

203 4726 446 4782 circuitu
503 4727 738 4782 civitatis
793 4737 1165 4800 congruenter
1227 4744 1460 4800 ponere,
1501 4736 1555 4782 et
1611 4727 1666 4781 in
1726 4733 1837 4782 tota

205 4828 374 4875 nocte
398 4835 494 4874 eas
523 4821 818 4887 aedificare,
843 4828 898 4876 et
927 4822 1118 4888 vallos,
1153 4829 1419 4894 quantum
1455 4828 1672 4890 tempus
1699 4837 1836 4890 sup-

205 4915 459 4986 petebat,
507 4932 772 4971 renovare
832 4917 1104 4988 przecipit.
1150 4917 1246 4971 llle
1277 4923 1457 4970 autem
1499 4923 1673 4970 totum
1704 4931 1835 4986 spa-

208 5003 352 5056 tium
381 5003 562 5058 noctis
592 5005 646 5058 in
697 5005 947 5060 oratione
1005 5013 1356 5075 pernoctans,
1391 5005 1683 5076 religiosas
1714 5020 1837 5058 mu-

210 5090 386 5146 lieres
419 5090 475 5144 in
506 5091 723 5149 civitate
750 5104 1114 5168 congregatas
1145 5081 1477 5160 concitabat,
1505 5100 1564 5148 ut
1584 5110 1695 5147 una
1723 5109 1849 5164 pars

214 5201 412 5240 carum
436 5202 561 5240 cum
599 5187 860 5244 crucibus
883 5189 952 5244 ad
985 5189 1286 5246 Dominum
1343 5190 1536 5244 devote
1561 5189 1848 5244 clamando

215 5277 366 5330 intra
397 5277 736 5346 circumiret,
799 5289 856 5336 et
895 5280 1066 5336 altera
1098 5298 1226 5352 pars
1257 5281 1609 5336 clementiam
1643 5289 1846 5334 sanctae

215 5367 317 5422 Dei
340 5368 629 5441 genitricis
675 5369 854 5426 Mariae
909 5387 1008 5441 pro
1047 5371 1374 5426 defensione
1412 5370 1624 5440 populi,
1655 5376 1710 5423 et
1749 5383 1848 5438 pro

215 5459 560 5514 liberatione
624 5461 864 5518 civitatis
904 5465 1310 5521 studiosissime
1367 5463 1686 5534 pavimento
1723 5478 1848 5534 pro-

216 5556 393 5604 strata
437 5548 730 5624 ﬂagitaret.
785 5554 910 5624 ipse
970 5560 1153 5609 autem
1187 5553 1472 5609 minimam
1525 5551 1850 5624 particulam

217 5645 408 5701 noctis
443 5652 576 5700 ante
627 5646 946 5702 Matutinam
999 5650 1191 5704 horam
1241 5664 1442 5719 corpus
1499 5646 1710 5717 requiei
1761 5662 1854 5702 so-

216 5736 377 5807 poris
409 5735 660 5804 indulsit,
716 5747 794 5806 ut,
854 5741 1142 5796 matutinis
1189 5748 1246 5796 ct
1299 5739 1556 5796 laudibus
1601 5738 1852 5808 expletis,

301 5851 414 5920 (44)
446 5851 729 5908 Bavariam
753 5853 1037 5929 intelligit.

574 5981 850 6046 PATROL.
901 5981 1228 6046 CXXXV.

1776 410 1944 464 VITA.

172 543 332 590 reatu
384 535 682 589 duceretur
732 534 802 588 ad
859 533 1247 604 perditionem.
1305 534 1417 588 Deo
1474 543 1655 588 autem
1708 543 2110 609 an-Aaurora
2187 533 2423 604 primum
2499 533 2859 602 irrumpente,

1859 4594 1911 4662 D

3393 408 3496 467 103
3507 413 3533 466 ι

2954 532 3212 591 salutaris
3276 533 3531 590 sacrificii

1906 628 2140 682 hostiam
2173 628 2282 681 Deo
2347 626 2523 680 libare
2564 624 2830 680 licuisset.
2885 624 3190 680 Ministerio
3220 641 3378 680 sacro
3409 641 3537 695 per-

1904 724 2045 780 acto,
2107 716 2304 770 viatico
2359 731 2514 770 sacro
2581 729 2777 769 omnes
2855 713 3142 780 recreavit,
3229 713 3537 785 humilique

1907 809 2282 864 admonitione
2316 806 2591 878 persuasit
2633 814 2710 870 ut,
2741 806 2798 860 in
2832 805 2938 860 fide
2973 813 3118 860 recta
3150 807 3534 876 persistentes,

1907 915 2063 968 spem
2092 916 2244 953 suam
2299 899 2351 952 in
2385 897 2617 952 Domino
2669 898 3162 966 componereﬁnon
3191 895 3534 960 dubitarent,

1910 991 2258 1046 indicanseis
2287 990 2641 1060 omnigenam
2697 989 3058 1058 sponsionem
3113 987 3531 1055 consolationis,

1909 1086 1958 1131 ct
1989 1078 2752 1148 annuntianspsalmigraphi
2814 1077 2985 1131 David
3037 1077 3202 1130 verba
3255 1076 3532 1130 dicentis:

1907 1169 1968 1222 Si
1992 1164 2340 1224 aznbulavero
2367 1173 2427 1224 in
2467 1170 2639 1224 medio
2670 1169 2872 1222 umbra:
2924 1171 3132 1233 mortis,
3191 1182 3296 1221 non
3347 1169 3542 1223 timebo

1906 1264 2078 1327 mala,
2123 1265 2381 1332 quoniam
2427 1268 2485 1316 tu
2538 1277 2742 1315 mecum
2797 1276 2848 1314 es
2913 1261 3058 1329 (Psul
3097 1259 3224 1329 χχιι)
3307 1259 3542 1314 Salutari

1908 1366 2094 1414 autem
2153 1356 2536 1410 admonitione
2587 1354 2836 1425 episcopi
2900 1361 3137 1424 peracta,
3203 1370 3335 1409 cum
3379 1354 3544 1422 jubar

1911 1451 2177 1505 radiantis
2201 1451 2332 1504 solis
2383 1449 2622 1520 primum
2678 1447 3030 1502 latitudinem
3063 1445 3544 1511 telluris-,irradia-

1912 1551 2010 1610 ret,
2037 1544 2312 1600 exercitus
2362 1543 2663 1614 Ungrorum
2711 1541 3066 1594 inenarrabili
3118 1539 3436 1610 pluralitate
3471 1555 3540 1593 ex

1911 1643 2060 1696 omni
2094 1651 2244 1713 parte
2275 1641 2342 1695 ad
2365 1639 2788 1712 expugnandam
2821 1639 3094 1692 civitatem
3129 1635 3540 1700 circumcinxit,

1913 1735 2129 1788 diversa
2173 1734 2356 1788 ferens
2385 1733 2756 1786 instrumenta
2799 1731 2867 1784 ad
2894 1728 3300 1800 depositionem
3341 1742 3530 1782 muro-

1911 1842 2049 1879 rum.
2084 1825 2328 1895 Cumque
2376 1823 2625 1892 undique
2671 1820 2844 1892 parati
2878 1825 3065 1875 essent
3116 1819 3184 1872 ad
3215 1817 3446 1883 bellum,
3478 1823 3532 1872 et

1911 1925 2107 1974 cuncta
2146 1918 2560 1989 propugnacula
2607 1917 2842 1971 civitatis
2895 1914 3322 1986 repugnantium
3373 1913 3542 1984 plena

1913 2012 2167 2070 fuissent.
2201 2011 2425 2082 quidam
2460 2009 2762 2081 Ungrorum
2798 2007 3032 2082 ﬂagellis
3061 2007 3204 2060 alios
3263 2006 3541 2060 minantes

1914 2109 1980 2161 ad
2014 2123 2252 2179 pugnam
2285 2111 2607 2172 coegerunt,
2653 2110 2708 2158 et
2748 2103 2850 2169 illi,
2879 2108 3082 2157 tantam
3117 2101 3537 2156 multitudinem

1915 2195 1971 2248 in
1994 2193 2425 2268 propugnaculis
2478 2193 2851 2247 resistentium
2905 2191 2986 2246 eis
3037 2191 3315 2258 videntes,
3375 2190 3546 2244 muris

1917 2303 1976 2341 se
1999 2287 2337 2359 conjungere
2367 2285 2505 2338 adeo
2539 2283 2809 2354 perterriti
2845 2297 2955 2338 non
2980 2281 3281 2336 audebant.
3319 2278 3543 2334 Interim

1918 2390 2040 2430 cum
2073 2375 2302 2428 interius
2349 2373 2704 2444 exteriusque
2757 2373 2930 2443 parati
2984 2380 3175 2426 essent
3213 2370 3282 2424 ad
3305 2369 3542 2434 bellum,

1923 2465 2279 2530 Berchtolt‘us,
2336 2463 2480 2518 filius
2519 2463 2744 2529 Arnolli,
2777 2463 2848 2517 de
2889 2463 3116 2517 castello
3137 2460 3543 2515 Risinesburch

1918 2558 2153 2612 vocitato
2174 2555 2322 2610 venit
2383 2554 2450 2608 ad
2519 2569 2704 2627 regem
2763 2551 3070 2624 Ungrorum
3113 2549 3456 2605 annuntians
3489 2547 3540 2604 ei

1921 2649 2217 2702 adventum
2249 2646 2460 2701 Ottonis
2489 2644 2712 2720 gloriosi
2743 2645 2908 2718 regis.
2943 2643 3066 2708 Qui,
3093 2652 3154 2698 ut
3173 2642 3279 2698 hoc
3307 2641 3545 2707 audivit,

1921 2757 2080 2794 suum
2133 2739 2420 2793 classicum
2487 2737 2638 2792 omni
2690 2736 2957 2791 exercitui
3026 2743 3220 2790 notum
3283 2734 3546 2806 clangere

1925 2834 2208 2905 praecepit.
2241 2833 2308 2886 de
2349 2835 2507 2900 cujus
2535 2831 2721 2885 sonitu
2781 2829 3056 2884 exercitus
3105 2833 3256 2882 totus
3306 2841 3550 2900 pugnam

1923 2927 2163 2980 civitatis
2190 2926 2396 2991 omisit,
2447 2931 2501 2978 et
2555 2923 2624 2977 ad
2673 2921 3012 2994 colloquium
3066 2935 3258 2975 eorum
3314 2919 3464 2993 regis
3492 2933 3551 2972 se

1926 3017 2268 3086 conjungere
2324 3012 2620 3069 festinavit.
2681 3011 2803 3079 Qui,
2861 3027 2985 3066 cum
3025 3009 3106 3065 eis
3171 3005 3554 3063 autumatione

1927 3103 2088 3166 facta,
2123 3104 2233 3156 Deo
2263 3103 2528 3165 donante,
2587 3117 2620 3155 a
2673 3116 2860 3171 pugna
2898 3096 3136 3153 civitatis
3192 3094 3467 3162 cessabat,
3499 3102 3556 3150 et

1925 3192 1984 3246 in
2007 3207 2296 3246 occursum
2329 3190 2553 3262 gloriosi
2585 3188 2732 3260 regis
2779 3188 2860 3242 ire
2886 3192 3056 3256 coepit
3087 3202 3102 3249 ;
3135 3199 3200 3239 ea
3230 3182 3447 3240 ratione
3469 3189 3552 3247 ut,

1930 3285 2024 3340 illo
2063 3299 2187 3337 cum
2217 3283 2333 3336 suis
2389 3289 2668 3351 superato,
2722 3279 2900 3335 victor
2943 3277 3165 3332 rediens
3193 3275 3474 3332 civitatem
3499 3282 3555 3330 et

1931 3384 2106 3432 totum
2156 3391 2384 3447 regnum
2431 3373 2606 3428 libere
2635 3372 2843 3426 habere
2871 3369 3162 3442 potuisset.
3198 3367 3332 3440 Regi
3369 3367 3554 3422 Ottoni

1929 3463 2172 3520 venienti
2205 3459 2523 3532 Dietpaldus
2549 3475 2738 3516 comes
2778 3459 2945 3514 frater
2973 3457 3247 3529 episcopi,
3280 3473 3405 3512 cum
3435 3471 3554 3511 ca-

1935 3554 2065 3609 teris
2079 3553 2174 3624 qui
2197 3553 2252 3606 in
2269 3551 2490 3607 civitate
2531 3558 2712 3617 erant,
2743 3557 2906 3605 nocte
2937 3547 3131 3604 exiens
3163 3547 3220 3625 in
3259 3562 3555 3603 occursum

1933 3643 2100 3696 venit.
2139 3643 2250 3696 Rex
2283 3641 2450 3714 igitur
2469 3655 2593 3694 cum
2626 3645 2840 3694 tantum
2880 3637 3186 3693 exercitum
3244 3637 3554 3709 Ungrorum

1934 3735 2326 3806 perapexisset,
2377 3731 2669 3788 aestimavit
2726 3746 2838 3785 non
2886 3745 3048 3800 posse
3111 3727 3180 3782 ab
3232 3727 3556 3784 hominibus

1933 3825 2204 3898 superari,
2238 3825 2294 3878 ni
2327 3825 2472 3878 Deus
2500 3821 2854 3892 omnipotens
2883 3837 2980 3876 eos
3017 3820 3273 3876 occidere
3303 3819 3560 3894 dignare-

1909 3923 2042 3978 .tur,
2077 3915 2132 3968 in
2155 3914 2313 3983 cujus
2338 3911 2673 3981 adjutorium
2705 3909 3016 3978 conﬁdens,
3049 3923 3389 3980 suorumque
3417 3923 3556 3964 con-

1931 4003 2298 4059 solationibus
2353 4001 2666 4072 principum
2714 4000 3020 4066 roboratus,
3077 3997 3284 4053 bellum
3317 3996 3551 4052 viriliter

1933 4109 2055 4148 cum
2081 4093 2164 4147 eis
2182 4107 2344 4165 agere
2375 4089 2562 4161 capit,
2603 4098 2804 4144 etcum
2861 4095 3012 4142 mutu
3031 4104 3050 4140 ι
3075 4085 3231 4142 caede
3253 4085 3551 4157 utrobique

1935 4185 2289 4249 cecidissent,
2342 4191 2396 4239 et
2427 4183 2513 4237 his
2567 4179 2875 4237 interfectis
2907 4180 3000 4253 qui
3059 4179 3130 4234 ad
3159 4177 3500 4234 occisionem
3526 4193 3560 4232 a

1938 4277 2050 4331 Deo
2079 4274 2454 4346 praedestinati
2483 4281 2660 4340 erant,
2694 4272 2933 4345 gloriosa
2962 4270 3190 4327 victoria
3218 4269 3402 4325 Ottoni
3435 4268 3553 4340 regi

1938 4367 2124 4431 aDeo,
2157 4365 2246 4421 cui
2301 4365 2436 4420 nihil
2470 4364 2815 4436 impossibile
2854 4372 2958 4429 est,
3015 4363 3146 4418 data
3193 4369 3323 4426 est;
3380 4359 3456 4415 ita
3503 4366 3564 4416 ut

1940 4457 2214 4514 exercitus
2244 4457 2552 4530 Ungrorum
2593 4457 2650 4512 in
2679 4456 2863 4532 fugam
2905 4470 3100 4510 versus
3127 4453 3384 4510 virtutem
3418 4467 3564 4523 pras-

1939 4547 2113 4602 liandi
2159 4549 2300 4602 ultra
2329 4563 2442 4602 non
2477 4547 2729 4614 haberet,
2778 4553 2853 4612 et,
2910 4543 3163 4617 quamvis
3219 4541 3564 4599 incredibilis

1941 4655 2205 4694 numerus
2267 4638 2487 4694 illorum
2560 4639 2775 4694 occisus
2841 4636 3071 4704 fuisset,
3141 4641 3326 4692 tantus
3381 4643 3566 4690 tamen

1941 4746 2130 4785 eorum
2163 4732 2435 4786 exercitus
2491 4733 2671 4787 adhuc
2739 4729 3082 4795 remanebat,
3141 4735 3202 4783 ut
3260 4727 3314 4781 hi
3368 4725 3464 4798 qui
3495 4725 3566 4780 de

1940 4821 2373 4892 propugnaculis
2431 4822 2685 4896 Augustae
2741 4819 2978 4876 civitatis
3033 4833 3130 4873 eos
3184 4815 3376 4872 venire
3433 4829 3567 4870 cou-

1936 4926 2260 4986 spexeruut,
2311 4935 2424 4974 non
2471 4935 2655 4990 pugni
2714 4917 3000 4972 lacessitos
3057 4931 3155 4970 eos
3189 4913 3391 4984 {redire
3417 4912 3568 4968 aesti-

1939 5017 2250 5082 maverunt,
2305 5012 2484 5067 donec
2541 5016 2938 5081 praetereuntes
2990 5007 3268 5064 civitatem
3300 5004 3565 5062 ulteriora

1950 5101 2062 5157 Lici
2090 5102 2334 5158 ﬂuminis
2374 5105 2558 5159 littora
2614 5100 2928 5158 festinando
2978 5106 3228 5170 repetere
3291 5109 3572 5170 cognove-

1948 5201 2103 5249 runt.
2142 5193 2252 5248 Rex
2279 5201 2463 5248 autem
2482 5207 2606 5247 cum
2629 5191 2744 5245 suis
2784 5207 2881 5245 eos
2907 5204 3172 5260 sequens,
3205 5192 3260 5241 et
3289 5184 3494 5256 quibus
3507 5199 3567 5239 se

1951 5284 2291 5358 conjungere
2339 5284 2519 5353 potuit
2571 5282 2859 5350 occidens,
2913 5277 3229 5348 vespertina
3273 5277 3406 5331 hora
3461 5273 3573 5328 diei

1952 5375 2246 5447 Augustam
2287 5373 2554 5446 pervenit,
2635 5372 2824 5443 ibique
2898 5385 3022 5424 cum
3115 5367 3378 5438 episcopo
3425 5363 3572 5418 illam

1953 5477 2172 5522 noctem
2197 5459 2430 5534 duceris,
2481 5467 2648 5538 eique
2693 5479 2946 5536 magnam
2995 5459 3394 5517 consolationis
3421 5473 3581 5513 reve-

1955 5555 2214 5612 lationem
2269 5555 2500 5620 faciens,
2536 5555 2606 5608 de
2662 5551 2950 5608 Dietbaldo
3005 5551 3169 5606 fratre
3209 5550 3333 5618 ejus
3379 5547 3473 5619 qui
3522 5545 3580 5601 in

1956 5651 2105 5706 bello
2136 5650 2468 5714 occisusest,
2501 5656 2556 5703 et
2580 5647 2650 5701 de
2698 5645 2820 5699 aliis
2867 5644 2988 5713 ejus
3017 5641 3347 5714 propinquis
3377 5639 3581 5694 ibidem

1943 5740 2282 5816 interfectis.
2325 5738 2675 5812 Rihgwinum
2724 5732 2898 5788 filium
2927 5731 3198 5802 Dietpaldi
3230 5727 3582 5787 comitatibus

2035 5847 2138 5918 (45)
2169 5847 2328 5901 Porta
2359 5861 2519 5916 quam
2554 5840 2861 5900 Jacohream
2881 5837 3138 5892 dicimus.

3189 5967 3266 6028 33
