3924 6392
396 401 542 458 1035

1476 394 1532 448 S.
1577 389 1883 446 UDALRlCl
1925 384 2292 440 AUGUSTANI
2333 385 2653 442 EPISCOPI.

3612 390 3752 447 1036

396 527 570 600 patris
625 523 939 591 honoravit,
1011 520 1373 593 episcopique
1440 517 1553 573 tido
1608 516 1905 585 adjutorio,
1962 514 2017 567 in
2044 509 2326 600 Ajunctis
2369 511 2609 583 tegebat.
2672 511 2789 565 Non
2824 515 2958 600 post
3008 510 3238 567 multum
3303 528 3437 569 vero
3492 516 3758 584 temporis

396 624 824 696 quibuscunque
874 618 995 687 ejus
1061 614 1403 671 desiderium
1458 612 1739 684 cognovit,
1793 610 2019 685 dignam

398 712 712 768 mercedem
768 708 1031 765 restituit.
1090 706 1246 761 Mane
1291 712 1477 760 autem
1536 702 1699 763 facto,
1762 699 2021 773 fugitivas

398 806 761 861 barbarorum
825 802 975 858 acies
1033 799 1345 871 sequendo,
1402 797 1688 871 regionem
1741 790 2024 861 Bajoario-

386 905 521 952 ‘rum
570 895 673 963 (46)
735 892 943 958 revisit,
988 889 1309 960 festinisque
1367 885 1563 959 legatis
1637 883 1840 949 missis,
1911 888 2024 937 tota

402 985 633 1060 remigia
661 991 715 1039 et
749 982 890 1039 vada
946 979 1237 1034 fluminum
1294 978 1589 1033 observare
1645 971 1927 1044 praecepit,
1954 971 2023 1025 ad

400 1078 737 1133 occisionem
769 1087 983 1135 eorum,
1021 1068 1169 1140 quod
1218 1075 1273 1122 et
1303 1066 1378 1121 ita
1409 1064 1608 1119 factum
1650 1071 1750 1118 est.
1799 1062 1882 1116 llli
1921 1078 2023 1117 au-

400 1180 534 1236 tem,
567 1177 725 1226 nocte
753 1168 883 1222 illuc
934 1165 1243 1228 venientes,
1298 1160 1521 1233 quidam
1587 1171 1778 1212 eorum
1837 1154 1906 1208 ab
1936 1152 2023 1207 his

402 1264 497 1335 qui
518 1263 573 1316 in
597 1259 829 1315 navibus
869 1261 1027 1310 erant
1080 1251 1405 1307 fluminibus
1438 1247 1686 1303 immersi
1720 1254 1869 1309 sunt,
1897 1242 2025 1315 qui-

402 1353 529 1409 dam
550 1350 719 1408 occisi
762 1354 911 1413 sunt,
962 1345 1055 1418 qui
1087 1351 1269 1398 autem
1327 1342 1393 1395 ad
1434 1340 1588 1394 littus
1627 1340 2022 1409 pervenerunt,

403 1443 473 1498 ab
494 1442 583 1498 his
610 1440 905 1514 quilittora
952 1433 1327 1492 observabant
1362 1428 1639 1483 interfecti
1692 1431 1841 1488 sunt,
1876 1421 2026 1514 nulla

407 1535 491 1590 eis
518 1513 710 1597 via,iet
762 1527 976 1584 nullum
1034 1524 1257 1578 devium
1315 1520 1385 1574 ab
1427 1518 1508 1572 eis
1571 1514 1804 1569 inveniri
1835 1513 2034 1584 potuit,

404 1627 537 1702 quin
562 1626 618 1680 in
644 1621 796 1679 omni
825 1621 948 1675 loco
974 1616 1216 1673 vindicta
1277 1610 1494 1668 Domini
1530 1624 1699 1678 super
1719 1622 1816 1662 eos
1837 1605 2021 1659 mani-

404 1699 544 1777 feste
574 1722 866 1779 maneret;
901 1713 977 1767 ita
1024 1710 1195 1765 etiam
1237 1713 1297 1762 ut
1354 1720 1466 1760 non
1525 1711 1649 1774 post
1682 1699 1882 1754 mullos
1907 1699 2026 1753 dies

406 1829 567 1887 reges
597 1824 788 1866 eorum
856 1812 910 1860 et
963 1803 1245 1875 principes
1301 1793 1692 1867 comprehensi
1730 1800 1785 1887 et
1815 1790 1883 1844 ad
1921 1789 2027 1844 Ra-

405 1882 680 1959 tisbonam
753 1893 1022 1967 perducti,
1085 1892 1142 1945 in
1186 1887 1550 1964 ignominiam
1596 1882 1779 1958 gentis
1811 1896 2024 1946 eorum,

405 2008 530 2047 cum
557 1989 682 2044 aliis
692 1984 878 2041 multis
889 1998 1084 2039 eorum
1097 1974 1659 2051 comprovincialibus
1675 1972 1916 2044 equuleo
1934 1987 2030 2025 su-

407 2079 771 2153 spenderunt.

478 2170 620 2224 Xlll.
651 2169 766 2222 Rex
796 2172 980 2221 autem
1012 2160 1133 2216 Otto
1166 2157 1472 2230 potentiam
1530 2154 1587 2209 in
1642 2154 1753 2208 Deo
1804 2159 2023 2215 tenens,

408 2261 703 2317 Henricum
721 2257 941 2311 fratrem
970 2267 1130 2307 suum
1163 2247 1488 2320 potestativa
1506 2260 1676 2299 manu
1708 2243 1763 2297 in
1796 2256 2027 2317 regnum

408 2351 773 2417 confirmavit,
796 2357 853 2404 et
880 2347 1066 2419 ipsein
1094 2343 1384 2399 Saxoniam
1401 2341 1598 2408 victor,
1630 2340 1772 2395 sicut
1791 2336 2027 2402 solebat,

408 2449 803 2507 revertebatur.
857 2441 1222 2499 Venerandus
1289 2442 1475 2491 autem
1534 2433 1830 2505 episcopus
1865 2429 2029 2485 Udal-

410 2545 577 2610 ricus,
609 2558 732 2598 cum
756 2555 849 2594 rex
893 2537 962 2593 ab
990 2537 1237 2607 Augusta
1284 2528 1619 2593 discederet,
1644 2526 1777 2580 abiit
1811 2524 1878 2578 ad
1912 2524 2034 2578 loca

410 2637 509 2693 ubi
547 2634 756 2689 bellum
783 2637 1069 2703 peractum
1101 2632 1206 2691 est,
1246 2637 1502 2695 quarens
1530 2618 1854 2691 pradictum
1887 2617 2034 2684 Diet-

410 2730 638 2785 baldnm
696 2725 917 2779 fratrem
970 2734 1132 2775 suum
1189 2723 1243 2773 et
1319 2713 1564 2770 nobilem
1624 2708 2030 2784 Reginboldum

410 2821 586 2876 ﬁlium
618 2815 824 2873 sororis
847 2829 960 2868 sua
980 2811 1110 2881 (47),
1136 2816 1190 2864 et
1214 2806 1506 2863 inveniens
1537 2818 1633 2859 eos
1649 2802 1718 2856 ad
1737 2806 2030 2875 Augustam

410 2909 688 2985 perduxit,
721 2915 777 2962 et
803 2905 860 2959 in
888 2901 1184 2959 ecclesiam
1235 2898 1450 2953 Sancta
1488 2894 1675 2949 Maria
1705 2899 1835 2948 ante
1862 2892 2032 2985 altare

407 2983 614 3061 sancta
652 2998 965 3069 Walpurga
1003 2991 1233 3069 virginis
1263 2990 1318 3044 in
1348 2988 1482 3045 sede
1508 2987 1674 3042 unius
1739 2984 1893 3056 taphi
1925 2983 2033 3055 (48)

408 3096 604 3152 ambos
634 3091 874 3147 fideliter
920 3085 1194 3158 sepelivit.
1230 3083 1322 3137 His
1370 3082 1464 3147 ita,
1513 3079 1655 3135 sicut
1689 3077 2034 3149 pralibatum

407 3196 512 3252 est,
544 3180 801 3255 peractis,
865 3177 1183 3248 episc0pus,
1241 3169 1494 3244 quamvis
1545 3168 1732 3223 multis
1790 3166 2035 3222 adversis

410 3277 671 3352 fatigatus
692 3272 906 3339 fuisset,
958 3269 1101 3324 sicut
1128 3266 1337 3337 optime
1368 3262 1519 3319 omni
1557 3260 1801 3334 speranti
1831 3260 1889 3314 in
1922 3259 2033 3313 Deo

410 3368 594 3433 decet,
626 3365 787 3419 bona
843 3355 1239 3416 consolationis
1281 3352 1537 3409 effectum
1566 3364 1877 3416 assumens,
1905 3363 2032 3403 cum

411 3456 528 3512 suis
576 3457 914 3526 pertractare
952 3446 1119 3517 coepit
1157 3443 1396 3516 qualiter
1425 3440 1773 3496 imminentia
1834 3438 2035 3493 damna

414 3545 700 3619 aptissime
756 3553 1021 3611 superare
1077 3534 1368 3606 potuisset.
1425 3531 1485 3585 lu
1544 3528 1741 3601 primis
1799 3528 2037 3599 qualiter

415 3635 789 3710 depradatam
860 3627 1346 3704 congregationem
1422 3621 1749 3710 clericorum
1805 3626 2034 3674 susten-

418 3709 578 3793 taret,
600 3725 671 3779 ad
701 3719 1046 3792 implendum
1093 3713 1465 3770 ministerium
1497 3709 1887 3782 quotidianum
1920 3724 2036 3763 ser-

414 3823 536 3880 vitii
565 3819 660 3876 Dei
679 3819 736 3873 in
776 3814 1033 3880 ecclesia,
1090 3811 1301 3867 sciebat
1348 3808 1497 3863 enim
1530 3821 1628 3861 eos
1657 3804 1867 3860 cibaria
1925 3818 2036 3859 non

413 3914 642 3980 habere,
665 3919 722 3966 et
751 3909 878 3964 ideo
916 3921 1041 3961 cum
1094 3903 1178 3957 his
1207 3916 1354 3972 qua,
1402 3900 1523 3969 ipse
1551 3897 1631 3952 sic
1669 3895 2040 3967 depradatus,

417 4009 622 4063 habere
656 4002 855 4076 potuit,
888 4008 942 4055 et
971 4012 1094 4069 qua
1133 4011 1163 4049 a
1194 3992 1480 4048 benevolis
1531 3989 1750 4061 populis
1781 3988 1829 4042 ei
1862 3995 2041 4043 trans-

419 4105 587 4160 missa
612 4109 742 4157 sunt
767 4107 822 4154 et
865 4096 1070 4158 oblata,
1103 4091 1326 4147 assidue
1370 4088 1427 4142 in
1481 4102 1580 4142 sua
1613 4085 1913 4157 prasentia
1945 4099 2042 4140 eos

415 4192 721 4249 secundum
798 4202 953 4242 suam
1015 4180 1330 4237 facultatem
1401 4176 1667 4231 mandere
1726 4182 1781 4230 et
1843 4174 2038 4228 bibere

416 4286 566 4348 fecit,
589 4291 646 4339 et
692 4276 1030 4337 omnimodis
1083 4270 1371 4341 adjutoriis
1426 4267 1715 4334 stabilivit,
1766 4282 1833 4321 eo
1861 4282 2036 4338 usque

415 4376 546 4430 dum
578 4389 643 4428 ex
688 4364 1002 4437 semetipsis
1044 4358 1472 4433 depraedationis
1504 4355 1781 4411 miseriam
1822 4362 2037 4426 tempe-

417 4470 696 4531 raverunt,
742 4470 799 4517 et
865 4460 987 4514 loca
1044 4470 1237 4511 eorum
1301 4469 1365 4506 ex
1435 4450 1631 4505 iterata
1688 4447 2036 4503 laborationc

2063 3203 2112 3273 C

2122 598 2438 665 decursum,
2499 600 2700 654 iterum
2769 599 3089 656 admonitus
3143 607 3203 655 ut
3260 601 3485 656 domum
3547 601 3759 657 Sancta

2123 693 2263 749 Afra
2311 693 2652 749 readificare
2683 710 2792 750 non
2840 696 3099 750 tardaret.
3160 690 3244 750 De
3283 697 3445 767 cujus
3476 697 3759 751 instaura-

2126 783 2276 838 tione
2332 800 2456 838 cum
2499 783 2807 854 sapissime
2845 790 3109 839 tractaret
3156 785 3394 856 qualiter
3439 801 3761 857 congruen-

2128 872 2339 927 tissime
2370 872 2489 927 fieri
2521 873 2808 942 potuisset,
2842 879 2897 928 et
2924 873 3162 945 qualiter
3188 874 3293 929 sub
3321 874 3608 946 positione
3638 892 3759 947 cry-

2129 974 2235 1036 pta
2265 965 2593 1021 orientalem
2649 967 2869 1040 plagam
2937 967 3189 1022 ecclesia
3225 968 3760 1023 convenientissime

2128 1057 2434 1121 decoraret,
2472 1064 2528 1112 et
2558 1058 2744 1112 nullus
2807 1058 3163 1113 certitudinis
3224 1057 3452 1115 eﬂ’ectus
3485 1060 3538 1114 ei
3580 1060 3764 1115 animo

2128 1147 2465 1217 irrepsisset,
2524 1147 2805 1202 continuis
2860 1147 3209 1203 orationibus
3261 1157 3316 1202 et
3365 1148 3605 1216 jejuniis
3637 1163 3759 1203 cum

2126 1238 2446 1293 domesticis
2511 1248 2566 1293 et
2619 1239 2897 1313 religiosis
2972 1239 3332 1311 presbyteris,
3392 1240 3762 1295 devotissime

2125 1328 2564 1384 misericordiam
2620 1329 2715 1383 Dei
2769 1336 2983 1384 secreto
3026 1329 3319 1399 deprecari
3371 1329 3547 1400 capit
3601 1336 3664 1384 ut
3717 1331 3765 1384 ei

2126 1424 2528 1471 monstraretur
2558 1417 2713 1472 locus
2735 1417 2789 1470 in
2808 1432 2918 1488 quo
2949 1432 3150 1487 corpus
3172 1424 3375 1472 sancta
3417 1417 3561 1472 Afra
3590 1419 3768 1474 collo-

2138 1513 2319 1562 catum
2360 1507 2575 1573 fuisset,
2606 1516 2660 1563 et
2689 1506 2734 1562 si
2762 1515 3010 1579 cryptam
3041 1508 3099 1563 in
3131 1524 3199 1564 eo
3224 1509 3345 1565 loco
3376 1509 3475 1564 ubi
3507 1510 3768 1565 voluntas

2127 1598 2248 1666 ejus
2277 1599 2611 1668 complacuit
2641 1597 2723 1653 fas
2767 1613 3106 1669 componere
3144 1606 3415 1654 maneret.
3466 1600 3533 1655 Ut
3561 1601 3769 1656 oratio-

2128 1705 2255 1745 nem
2288 1690 2407 1758 ejus
2436 1698 2492 1746 et
2544 1690 2823 1760 jejunium
2875 1690 2946 1745 ad
3000 1707 3163 1747 aures
3213 1691 3430 1747 Domini
3474 1693 3769 1763 pervenire

2130 1782 2359 1837 dubium
2395 1798 2506 1837 non
2555 1790 2725 1849 esset,
2792 1783 3101 1838 secundum
3158 1784 3538 1840 cantationem
3581 1788 3760 1841 sancti

2132 1870 2299 1924 David
2334 1872 2624 1942 prephcta
2650 1888 2663 1925 :
2690 1873 2824 1927 Ecce
2847 1872 2990 1926 oculi
3027 1874 3249 1927 Domini
3272 1887 3436 1942 super
3465 1872 3682 1941 justas,
3722 1878 3769 1927 et

2129 1981 2287 2020 aures
2310 1965 2427 2035 ejus
2458 1968 2516 2020 in
2557 1982 2739 2036 preces
2798 1982 2981 2021 eorum
3020 1967 3186 2033 (Psal.
3243 1968 3461 2036 xxxm);
3524 1967 3767 2038 quadam

2130 2064 2290 2113 nocte
2322 2057 2377 2111 in
2412 2058 2528 2113 visu
2571 2058 2621 2112 ei
2652 2059 2850 2114 Sancta
2866 2057 3001 2113 Afra
3026 2058 3304 2130 apparuit,
3337 2064 3392 2113 et
3424 2059 3615 2114 locum
3649 2059 3769 2115 col-

2128 2132 2418 2205 locationis
2442 2151 2688 2221 corporis
2717 2151 2858 2220 ejus,
2890 2151 3033 2207 sicut
3086 2151 3145 2205 in
3196 2150 3469 2221 scriptura
3488 2151 3771 2222 passionis

2130 2240 2252 2309 ejus
2280 2248 2362 2296 est
2382 2242 2667 2312 scriptum,
2720 2243 2789 2297 ab
2847 2242 3086 2315 Augusta
3124 2241 3344 2298 civitate
3395 2242 3452 2296 in
3518 2244 3769 2298 secundo

2133 2333 2389 2388 milliario
2434 2334 2491 2388 in
2539 2334 2778 2389 ecclesia
2805 2334 3147 2389 monstravit.
3202 2332 3455 2404 Cryptam
3488 2341 3681 2390 autem
3716 2335 3769 2389 iu

2134 2424 2518 2494 pradestinato
2548 2426 2668 2481 loco
2697 2424 2815 2480 ﬁeri
2841 2424 3148 2495 prohibuit,
3178 2431 3407 2494 propter
3436 2435 3766 2481 sanctorum

2134 2513 2420 2584 reliquias,
2450 2528 2573 2586 qua
2602 2514 2660 2568 in
2688 2513 2783 2569 illo
2810 2515 2931 2569 loco
2951 2513 3009 2568 in
3042 2513 3236 2584 requie
3260 2512 3408 2567 diem
3439 2523 3769 2585 exspectare

2133 2602 2341 2659 debent
2362 2603 2582 2672 judicii.
2615 2603 2725 2658 Hac
2788 2603 3125 2660 revelatione
3155 2603 3456 2674 perdoctus
3486 2606 3634 2677 quid
3664 2606 3766 2661 sibi

2134 2701 2285 2749 esset
2316 2693 2655 2760 faciendum,
2682 2708 2873 2749 muros
2895 2709 2961 2748 ex
2988 2693 3228 2748 maxima
3260 2700 3414 2765 parte
3442 2696 3514 2750 ab
3548 2696 3772 2769 ignibus

2134 2783 2422 2854 depositos
2448 2797 2574 2837 cum
2601 2797 2799 2855 magna
2841 2780 3194 2837 festinatione
3244 2782 3591 2840 readificare
3622 2785 3768 2853 fecit,

2135 2884 2189 2933 et
2215 2876 2386 2949 priori
2416 2876 2699 2933 altitudini
2740 2892 3057 2932 mensuram
3089 2877 3257 2932 unius
3286 2878 3457 2934 cubiti
3485 2895 3768 2952 superpo-

2134 2968 2264 3036 suit,
2321 2978 2621 3040 cryptaque
2687 2968 3015 3042 congruenti
3069 2968 3470 3024 occidentalem
3550 2966 3765 3041 partem

2136 3061 2386 3117 ecclesia
2411 3062 2713 3128 decoravit,
2769 3076 2937 3132 super
2991 3059 3226 3116 adificia
3255 3062 3310 3117 in
3338 3077 3437 3116 sua
3466 3064 3769 3132 praesentia

2137 3162 2294 3209 caute
2314 3160 2650 3221 mensurata,
2683 3168 2902 3209 summo
2933 3152 3114 3209 studio
3130 3153 3381 3208 incidere
3409 3160 3462 3209 et
3487 3156 3771 3211 adducere

2138 3247 2419 3318 praeepit,
2450 3254 2645 3303 etnon
2677 3246 2917 3303 tardavit
2952 3246 3133 3302 donec
3186 3246 3516 3302 imbricibus
3547 3264 3674 3303 eam
3710 3264 3772 3303 ex

2136 3345 2249 3394 toto
2280 3339 2589 3410 c00peruit,
2641 3346 2697 3394 et
2725 3338 2957 3394 interius
2984 3338 3161 3393 adem
3190 3338 3443 3394 ecclesia
3468 3338 3772 3411 laqueariis

2134 3431 2375 3496 vestivit,
2416 3439 2471 3486 et
2522 3430 2706 3487 lucida
2747 3430 2961 3501 pictura
3008 3429 3308 3491 decoravit.
3350 3436 3408 3486 et
3439 3439 3772 3486 ornamenta

2136 3522 2406 3591 ecclesia,
2429 3539 2553 3596 qua
2583 3529 2808 3595 propter
2828 3522 3095 3579 barbaros
3132 3520 3189 3576 in
3220 3522 3501 3578 civitatem
3548 3522 3773 3578 fuerant

2140 3617 2448 3687 deportata,
2480 3622 2537 3672 et
2594 3616 2651 3671 in
2706 3614 2920 3672 matrici
2957 3615 3195 3671 ecclesia
3252 3622 3490 3685 servata,
3556 3615 3771 3672 restitui

2138 3707 2287 3764 fecit.

2207 3797 2339 3853 XIV.
2372 3797 2543 3862 Quam
2577 3796 2635 3851 in
2699 3812 2899 3871 magna
2951 3795 3343 3853 observatione
3374 3796 3471 3851 Dei
3499 3795 3601 3852 ille
3624 3796 3772 3854 locus

2143 3886 2429 3941 orientalis
2457 3885 2630 3958 partis
2670 3885 2921 3942 ecclesia
2968 3900 3190 3957 semper
3242 3893 3466 3941 maneat
3493 3888 3672 3943 certis
3707 3886 3772 3941 sit

2145 3975 2368 4031 indiciis
2398 3975 2830 4042 manifestatum,
2881 3974 2973 4030 hic
3011 3975 3149 4030 mihi
3199 3991 3510 4050 congruum
3558 3977 3773 4032 videtur

2144 4064 2447 4120 innectere.
2509 4063 2741 4127 Quidam
2782 4063 3109 4119 hortulanus
3167 4064 3396 4120 nomine
3426 4064 3772 4136 Adelpoldus

2142 4156 2219 4210 ibi
2247 4156 2656 4211 deambulando
2687 4155 2833 4210 inter
2877 4155 3127 4227 gramina
3180 4155 3502 4226 speluncam
3537 4156 3769 4219 invenit,

2140 4245 2196 4300 in
2225 4262 2391 4317 quam
2421 4245 2632 4300 intrans
2655 4244 2950 4300 formosam
2998 4244 3287 4299 aediculam
3319 4244 3423 4299 sub
3457 4251 3612 4301 terra
3642 4261 3767 4300 mu-

2139 4346 2310 4395 ratam
2331 4338 2640 4410 conspexit,
2672 4346 2727 4393 et
2769 4338 3002 4394 veniens
3032 4337 3305 4394 nuntiavit
3343 4338 3646 4410 episcopo,
3681 4339 3767 4394 di-

2138 4445 2307 4484 cens:
2339 4449 2359 4477 ι
2391 4429 2450 4482 ln
2482 4427 2961 4498 hocloco'possum
2985 4426 3136 4482 olera
3149 4442 3273 4480 mea
3295 4434 3350 4481 et
3378 4424 3490 4481 alia
3503 4442 3773 4483 necessa-

414 4514 834 4612 sustentationis
861 4544 1174 4602 subsidium
1199 4542 1502 4596 attulerunt
1535 4557 1547 4593 :
1576 4554 1678 4592 sua
1699 4545 1883 4615 autem
1915 4536 2032 4592 loca

2145 4517 2220 4571 ria
2232 4532 2523 4587 reponere.
2542 4540 2563 4560 -
2589 4515 2685 4570 Cui
2704 4515 2796 4571 ille
2819 4514 3105 4587 respondit
3130 4514 3763 4583 denuntiando,dieens:

417 4645 644 4721 ignibus
668 4645 861 4696 exusta
878 4645 933 4692 et
961 4632 1307 4704 consumptis
1356 4629 1611 4705 frugibus
1651 4627 1707 4682 in
1739 4626 2037 4683 desolatio-

418 4718 545 4797 nem
574 4737 814 4799 redacta,
837 4728 1101 4786 studiosis
1125 4725 1407 4781 laboribus
1434 4724 1491 4777 in
1521 4722 1668 4797 agris
1700 4729 1755 4775 et
1792 4718 2041 4774 adiﬁciis

417 4842 685 4886 renovare
709 4820 982 4896 pracipit,
1013 4815 1316 4873 strenuitas
1336 4819 1519 4869 autem
1551 4810 1773 4866 familia
1797 4808 2038 4880 jussioni

415 4924 538 4994 ejus
570 4917 840 4993 parenlo,
879 4913 962 4969 sic
1018 4910 1329 4975 inchoabat,
1387 4913 1443 4962 et
1488 4919 1735 4979 congruo
1789 4908 2038 4994 tempore

413 4992 667 5072 utilitatis
696 5025 821 5077 usu,
852 5010 1121 5079 quantum
1149 4998 1486 5072 possibilitas
1515 4994 1851 5063 sufﬁciebat,
1875 4992 2039 5047 resti-

414 5108 536 5169 tuit.
562 5101 862 5159 Ecclesiam
908 5104 1092 5153 autem
1123 5095 1335 5149 Sancta
1388 5089 1547 5156 Afra,
1580 5104 1703 5160 qua
1734 5104 1767 5141 a
1804 5084 2038 5160 paganis

417 5197 598 5253 fuerat
640 5197 902 5251 cremata,
957 5186 1138 5241 adhuc
1191 5179 1525 5238 readiﬁcata
1578 5193 1690 5234 non
1740 5183 1879 5243 erat,
1939 5174 2038 5230 sed

416 5283 698 5358 tugurium
746 5276 1025 5354 glossibus
1069 5274 1173 5345 (49)
1219 5277 1426 5327 tectum
1488 5267 1697 5358 altaria
1729 5266 1798 5321 ab
1842 5264 2039 5358 imbri-

417 5354 523 5428 bus
551 5381 606 5427 et
630 5365 1069 5439 intemperiebus
1118 5359 1457 5417 defendebat
1503 5356 1859 5429 ;sepulcrum
1892 5354 2038 5408 Sim-

420 5466 561 5539 perti
592 5460 865 5534 episcopi,
900 5459 955 5513 in
987 5457 1148 5512 thoro
1168 5454 1324 5523 juxta
1349 5451 1554 5528 gradus
1603 5449 1793 5515 situm,
1856 5446 2037 5502 adhuc

2146 4630 2169 4657 α
2189 4609 2243 4663 Si
2270 4609 2373 4663 hoc
2400 4607 2554 4674 facis,
2582 4623 2805 4663 sensum
2824 4615 2878 4661 et
2898 4607 3220 4678 sospitatem
3244 4605 3627 4662 membrorum
3659 4614 3772 4663 tuo-

2143 4716 2262 4753 rum
2297 4704 2347 4752 te
2364 4697 2598 4768 perdere
2630 4695 2862 4750 dubium
2894 4710 3007 4750 non
3029 4703 3130 4750 est.
3160 4717 3187 4745 υ
3227 4693 3563 4751 Hortulanus
3587 4703 3767 4751 autem

2142 4786 2323 4842 verbis
2338 4784 2587 4856 episcOpi
2627 4800 2737 4840 non
2769 4783 3023 4853 credens,
3056 4783 3180 4838 sine
3209 4783 3332 4855 ejus
3361 4782 3595 4838 licentia
3629 4798 3769 4855 pra-

2141 4882 2276 4937 fatas
2302 4880 2473 4936 resin
2522 4878 2777 4935 eamdem
2829 4878 3111 4950 speculam
3170 4892 3513 4949 congregare
3548 4879 3761 4949 capit;

2139 4980 2245 5034 hoc
2274 4976 2529 5033 faciendo
2558 4991 2782 5031 sensum
2827 4990 2951 5029 cum
3006 4972 3197 5028 auditu
3246 4979 3301 5026 et
3328 4972 3452 5027 visu
3496 4973 3761 5043 perdidit.

2142 5074 2449 5130 Hocautem
2478 5086 2602 5127 cum
2658 5070 2924 5142 episcopo
2982 5068 3297 5124 nuntiatum
3340 5066 3561 5134 fuisset,
3603 5068 3765 5137 jussit

2139 5170 2341 5227 adduci
2360 5169 2467 5224 sibi
2498 5169 2931 5235 hortulanum,et
2955 5166 3090 5222 dixit
3114 5166 3203 5221 ei:
3239 5189 3261 5213 α
3298 5166 3477 5230 Quare
3491 5180 3763 5237 occupare

2139 5258 2364 5314 voluisti
2420 5257 2573 5312 illum
2621 5263 2873 5312 sanctum
2931 5256 3161 5321 locum,-
3196 5255 3519 5326 spernendo
3582 5271 3763 5309 meum

2141 5356 2478 5421 praceptum
2505 5347 2532 5401 ?
2560 5368 2583 5398 υ
2615 5347 2711 5403 Cui
2730 5348 2844 5414 ille,
2868 5347 3120 5419 quamvis
3143 5361 3311 5402 sensu
3336 5354 3554 5401 careret
3585 5346 3762 5401 :cNon

2139 5445 2491 5511 inticior,ait;
2509 5444 2626 5500 scio
2658 5444 2807 5499 enim
2827 5443 2976 5515 quod
3000 5458 3098 5515 pro
3118 5441 3212 5498 illo
3233 5449 3409 5509 reatu,
3442 5443 3593 5512 quod
3619 5457 3763 5496 mau-

416 5534 537 5613 sine
559 5563 703 5611 tecto
732 5550 1054 5607 remanebat
1085 5566 1097 5602 :
1131 5548 1199 5602 de
1241 5547 1399 5615 cujus
1442 5543 1793 5616 operimento
1842 5542 1898 5595 in
1951 5540 2033 5595 vi-
2134 5542 2276 5595 datis
2308 5540 2415 5594 tuis
2445 5554 2557 5595 non
2587 5537 2830 5599 obedivi.
2890 5537 3046 5593 istam
3082 5536 3498 5592 tribulationem
3532 5534 3756 5591 incurri.

416 5645 573 5701 sione
617 5640 955 5705 admonitus,
1007 5638 1175 5712 lignis
1228 5650 1377 5691 more
1426 5632 1676 5706 eperculi
1736 5638 1850 5687 arte
1902 5644 2039 5686 con-

486 5775 594 5841 (46)
627 5772 684 5826 ΑΙ
698 5814 708 5826 .
721 5813 734 5837 ,
771 5768 1139 5841 navaliorum.

485 5840 592 5917 (47)
614 5840 945 5915 Luitgarda.

2141 5630 2305 5701 Cujus
2318 5628 2764 5686 tribulationibus
2778 5628 3089 5685 benevolus
3107 5626 3409 5699 episcopus
3432 5626 3758 5687 eondolens,

2213 5761 2321 5831 (48)
2352 5756 2622 5829 Sepulcri.

2214 5828 2326 5901 (49)
2346 5828 2453 5886 Pro
2480 5828 2778 5886 scandulis.
2856 5874 2859 5879 .
