3924 6468
178 443 308 501 1037

1767 431 1936 487 νιΤΑ.

3374 438 3510 495 1038

178 571 568 645 indulgentiam
599 570 652 624 ei
669 584 792 624 cum
826 565 1214 622 benedictione
1245 566 1480 630 donans,
1513 565 1624 618 Deo
1647 577 1789 617 con-
1816 560 1873 630 Α
1899 559 1989 614 His
2018 560 2199 614 verbis
2229 560 2461 630 expletis
2488 559 2786 632 episcopus
2815 562 3102 629 remeavit,
3134 567 3190 617 et
3215 568 3511 634 antequam

178 665 424 729 cedente,
446 662 675 717 sanitati
708 659 944 713 restituit
985 656 1233 711 Mirabile
1267 656 1449 710 dictu!
1480 656 1568 709 ille
1598 656 1793 709 hortu-

178 757 332 809 lanus
352 759 543 825 postea
570 751 720 805 illam
772 749 1093 819 speluncam
1142 748 1294 801 nullo
1333 747 1498 801 modo
1548 745 1795 799 invenire

179 843 372 913 potuit.
397 842 595 897 Postea
626 846 808 894 autem
839 838 1136 908 episcopus
1166 835 1589 906 pollinctoribus
1617 850 1794 888 accero

179 932 317 997 citis,
360 932 415 985 in
446 928 673 984 australi
705 934 859 999 parte
898 925 1187 981 exterioris
1242 924 1384 979 muri
1424 924 1673 978 ecclesiae
1710 939 1799 977 se-

178 1024 425 1095 pulcrum
480 1022 587 1077 sibi
634 1021 825 1076 fodere
876 1026 927 1073 et
977 1018 1218 1073 exterius
1268 1034 1422 1071 muro
1454 1018 1697 1091 cingere;
1745 1023 1798 1069 et

179 1120 432 1184 perrupto
488 1126 648 1165 muro
687 1110 935 1164 ecclesias
987 1124 1172 1163 arcum
1232 1117 1500 1161 muratum
1560 1108 1803 1178 desuper

177 1218 398 1259 curvare
432 1200 717 1272 praecepit,
769 1209 823 1254 et
861 1215 1040 1253 arcam
1097 1206 1277 1269 aptam
1338 1214 1671 1269 componere
1732 1199 1799 1252 ad

177 1292 606 1363 cooperiendum
640 1305 840 1359 corpus
872 1289 925 1342 in
977 1289 1253 1358 sepulcro,
1296 1294 1348 1341 et
1380 1288 1604 1357 insuper
1632 1288 1797 1341 tabu-

178 1389 343 1442 latum
384 1387 642 1449 densum,
695 1384 861 1457 longo
920 1390 1166 1453 tempore
1229 1382 1587 1452 imputribile,
1645 1388 1802 1435 cauta

182 1478 576 1548 conjunctione
613 1477 850 1530 vinctum
883 1476 1187 1546 superponi
1220 1475 1479 1530 decrevit.
1530 1473 1620 1527 llis
1663 1490 1805 1543 prae-

182 1567 558 1639 parationibus
637 1566 1022 1645 exsequiarum
1127 1581 1348 1619 suarum
1452 1564 1798 1635 perpetratis,

184 1663 332 1721 omni
371 1660 728 1716 hebdomade
786 1660 989 1714 dehinc
1019 1659 1198 1729 ipsum
1232 1659 1410 1714 locum
1445 1658 1534 1711 die
1578 1656 1805 1711 Veneris

182 1756 423 1823 visitare,
478 1761 535 1808 et
583 1753 662 1806 ibi
714 1752 922 1807 hostias
974 1751 1260 1806 immolare
1311 1758 1613 1805 consuetus
1668 1756 1803 1814 erat,

184 1848 233 1903 si
265 1847 367 1902 alia
399 1846 585 1917 aliqua
616 1845 666 1899 ei
695 1844 987 1914 occupatio
1024 1843 1110 1898 vel
1152 1842 1404 1896 absentia
1446 1840 1810 1910 impedimen-

184 1947 299 1993 tum
347 1951 456 1990 non
498 1933 645 1988 fecit.
682 1935 896 1987 Interea
926 1947 1056 1986 vero
1097 1932 1191 1986 Dei
1221 1933 1464 1986 donante
1514 1929 1806 1985 clementia

188 2032 316 2084 istas
354 2028 612 2101 regiones
657 2024 954 2081 concordia
994 2024 1144 2095 pacis
1174 2024 1497 2086 illustrabat,
1541 2029 1595 2076 et
1633 2022 1808 2075 bene-

188 2119 340 2173 volas
359 2122 576 2171 mentes
598 2116 754 2170 turba
788 2114 1233 2185 persecutionum
1268 2129 1297 2165 a
1330 2112 1423 2166 Dei
1446 2111 1672 2165 servitio
1696 2126 1807 2164 non

187 2206 541 2278 prohibebat,
595 2204 722 2258 ideo
754 2203 875 2273 ipse
934 2202 1159 2256 Romam
1191 2218 1422 2275 pergere
1459 2200 1721 2265 decrevit,
1755 2208 1810 2254 et

187 2300 317 2353 illuc
347 2297 584 2353 feliciter
610 2286 880 2366 pervenit,
925 2294 1226 2365 liminaque
1265 2294 1551 2347 beatorum
1578 2299 1806 2364 aposto-

191 2394 367 2448 lorum
425 2388 566 2443 Petri
618 2394 671 2441 et
705 2386 859 2441 Pauli
920 2385 1231 2441 devotionis
1288 2386 1473 2441 studio
1529 2384 1813 2439 humiliter

194 2479 454 2543 visitavit,
488 2477 681 2549 ibique
723 2475 983 2547 precibus
1014 2475 1273 2546 profusis,
1306 2475 1813 2546 eleemosynarum-

194 2588 302 2645 que
347 2571 595 2642 largitate
637 2568 979 2639 pauperibus
1033 2567 1372 2637 dispensata,
1437 2567 1505 2621 ab
1565 2566 1815 2620 Alberico

197 2661 453 2732 principe
484 2659 854 2713 Romanorum
893 2655 1200 2712 honoriﬁce
1242 2662 1530 2726 susceptus
1580 2663 1682 2721 est,
1717 2654 1819 2709 fre-

196 2748 500 2820 quentique
526 2746 837 2800 ministerio
866 2753 919 2800 et
938 2746 1217 2800 oblatione
1246 2745 1575 2808 cumulatus,
1610 2744 1821 2814 aliquot

196 2836 320 2890 dies
363 2835 440 2888 ibi
488 2836 830 2905 perduravit.
876 2833 1119 2904 Cumque
1152 2833 1227 2887 ibi
1258 2834 1525 2888 morando
1561 2833 1822 2903 reliquias

197 2934 516 2984 sanctorum
567 2945 627 2982 se
675 2928 818 2982 velle
877 2942 1194 2997 comparare
1248 2927 1564 2991 indicasset,
1599 2927 1820 2997 quidam

201 3020 439 3075 clericus
466 3020 551 3080 {ad
586 3035 713 3073 eum
742 3019 990 3083 veniens,
1035 3017 1289 3088 perduxit
1328 3035 1454 3072 eum
1510 3020 1567 3072 in
1601 3017 1825 3072 silentio

204 3109 384 3165 noctis
416 3109 507 3163 ubi
547 3115 713 3178 caput
742 3108 926 3162 Sancti
956 3107 1174 3161 Abundi
1205 3109 1458 3178 martyris
1504 3109 1560 3162 in
1588 3108 1822 3179 quadam

202 3202 443 3258 ecclesia
472 3201 630 3256 altari
650 3202 926 3256 inclusum
955 3201 1299 3268 servabatur,
1324 3202 1480 3270 cujus
1510 3201 1826 3272 passionem

201 3296 254 3350 ei
284 3293 607 3361 ostendens,
641 3299 697 3347 et
734 3299 902 3363 caput
945 3299 1310 3362 praesentaus,
1362 3299 1707 3347 sacramento
1736 3292 1828 3347 lir-

206 3386 457 3440 mitatem
488 3384 617 3440 fecit
644 3400 813 3455 super
842 3384 1127 3455 reliquias,
1148 3401 1284 3454 quas
1314 3384 1610 3456 episc0pus
1642 3402 1829 3439 secum

210 3475 491 3538 attulerat,
528 3474 777 3542 ejusdem
827 3474 1043 3528 Abundi
1092 3480 1257 3544 caput
1299 3490 1420 3528 esse
1459 3474 1618 3543 cujus
1649 3475 1833 3545 passio

216 3569 645 3642 praesentialiter
674 3568 773 3623 fuit
819 3569 1079 3639 perlecta.
1123 3567 1256 3623 Cum
1292 3576 1472 3623 autem
1515 3585 1839 3623 sacramen-

221 3672 336 3715 tum
352 3669 636 3731 peractum
651 3658 895 3713 audisset
917 3658 1235 3729 episcopus,
1254 3658 1507 3729 placitam
1530 3659 1843 3713 mercedem

215 3752 425 3808 clerico
466 3751 717 3818 donavit,
762 3757 1036 3821 caputque
1092 3750 1265 3805 sancti
1296 3750 1514 3805 Abuudi
1544 3751 1847 3822 accipiens,

218 3843 292 3897 ad
336 3843 634 3916 Augustam
667 3856 856 3895 secum
900 3841 1225 3911 reportavit,
1258 3840 1447 3911 ibique
1492 3841 1559 3895 ad
1591 3841 1850 3896 consola-

217 3938 434 3993 tionem
453 3937 752 3992 multorum
773 3936 1014 4008 gloriose
1046 3936 1288 3990 inclusit.
1312 3936 1705 3991 Monasterium
1722 3951 1853 3990 vero

222 4030 408 4084 Sancti
443 4028 578 4083 Galli
621 4028 713 4082 ubi
743 4028 833 4082 ille
873 4028 1138 4083 scientias
1169 4028 1479 4083 litterarum
1522 4028 1700 4083 fuerat
1729 4044 1858 4099 per-

226 4124 429 4177 doctus
476 4121 698 4175 assidue
749 4120 1012 4188 visitavit,
1086 4120 1276 4191 ibique
1338 4122 1449 4176 Deo
1493 4120 1862 4193 militantibus

230 4211 536 4266 cucuobitis
584 4210 896 4265 convivium
931 4210 1079 4269 fecit.
1115 4217 1169 4265 et
1197 4210 1327 4265 inde
1358 4211 1425 4264 ad
1467 4210 1659 4264 cellam
1689 4209 1860 4265 sancti

240 4302 545 4374 Meginardi
588 4302 851 4372 perrexit,
884 4302 953 4355 ad
983 4301 1286 4356 videndum
1326 4318 1543 4356 servum
1590 4302 1687 4356 Dei
1734 4318 1865 4355 san-

241 4406 395 4453 ctum
458 4397 851 4463 Eberhardum,
887 4395 1118 4467 ejusque
1164 4397 1592 4452 necessitatibus
1646 4397 1867 4469 sibique

239 4486 515 4551 subjectis
547 4486 831 4541 monachis
885 4485 1325 4540 subveniendum
1362 4487 1417 4540 in
1446 4487 1871 4558 quibuseunque

244 4575 435 4647 potuit
462 4590 653 4629 eorum
695 4590 1031 4647 cognoscere
1078 4574 1436 4628 voluntatem.
1496 4574 1695 4629 Ultima
1741 4589 1871 4628 vero

244 4663 393 4729 vice,
412 4662 729 4717 Eberhardo
740 4664 976 4726 vivente,
1002 4679 1124 4717 cum
1150 4663 1281 4717 inde
1295 4665 1551 4719 recedere
1569 4663 1871 4729 debuisset,

246 4751 472 4822 expleta
484 4750 823 4804 multimoda:
840 4750 1199 4805 amabilitatis
1221 4752 1519 4819 locutione,
1535 4760 1875 4822 acceptoque

247 4860 381 4900 cum
411 4844 754 4899 orationibus
779 4843 835 4897 in
863 4844 1098 4898 ecclesia
1132 4844 1425 4914 permisso,
1459 4844 1526 4899 ad
1559 4844 1872 4898 vehiculum

248 4952 370 4992 suae
398 4934 788 5006 reportationis
818 4946 1199 5009 egressusest;
1228 4953 1464 5007 cumque
1489 4945 1708 5006 paratus
1735 4944 1879 4991 esset

251 5028 322 5081 ad
341 5024 710 5099 pergendum,
727 5031 779 5078 et
796 5040 862 5079 co
875 5024 965 5079 die
983 5033 1232 5080 sanctum
1254 5025 1628 5081 Eberhardum
1645 5026 1880 5097 amplius

254 5118 449 5174 videre
479 5134 586 5173 non
618 5125 854 5188 putaret,
889 5117 1075 5172 subito
1108 5126 1231 5188 post
1252 5134 1376 5174 eum
1393 5120 1549 5190 quasi
1569 5119 1880 5175 festinando

252 5209 541 5276 veniebat,
570 5216 624 5263 et
654 5209 843 5264 oscula
868 5209 1150 5264 cbaritatis
1181 5210 1406 5278 iterans,
1440 5227 1565 5266 cum
1598 5211 1880 5266 flebilibus

254 5301 443 5357 oculis
494 5300 707 5355 aiebat:
757 5323 775 5350 ι
824 5301 894 5356 Ex
926 5302 1029 5355 hac
1056 5302 1191 5356 liora
1217 5303 1358 5358 ultra
1386 5318 1473 5356 me
1503 5318 1615 5356 non
1644 5302 1882 5367 videbis,

255 5394 447 5448 donec
498 5392 735 5462 exempti
802 5392 1130 5462 corporibus
1178 5393 1236 5446 in
1290 5394 1582 5464 praesentia
1639 5393 1734 5447 Dei
1787 5409 1888 5448 nos

256 5482 458 5539 videre
481 5481 841 5537 merebimur.
872 5508 886 5527 ι
920 5482 1086 5551 Cujus
1106 5483 1286 5538 verbis
1309 5484 1656 5554 respondens
1670 5483 1891 5553 cpisco-

257 5591 371 5647 pus
395 5573 568 5629 dixit:
617 5595 637 5623 ι
682 5574 1010 5630 Dulcissimo
1055 5576 1233 5643 Pater,
1267 5592 1417 5630 nunc
1469 5576 1577 5630 scis
1628 5591 1716 5630 me
1743 5586 1892 5631 certe

257 5668 376 5723 cito
396 5666 468 5721 de
485 5667 591 5721 hoc
603 5666 803 5722 saeculo
818 5684 939 5722 esse
956 5668 1318 5741 migraturum
1333 5669 1361 5722 ‘2
1384 5692 1409 5718 υ
1433 5668 1525 5723 Cui
1542 5668 1633 5722 ille
1661 5683 1890 5739 respon-

257 5758 374 5812 dit:
425 5778 447 5807 ι
492 5756 646 5811 Finis
670 5757 849 5811 adhuc
870 5758 995 5811 vita:
1023 5763 1129 5812 tua:
1163 5757 1261 5812 tibi
1291 5773 1401 5813 non
1435 5757 1706 5824 imminet,
1728 5758 1897 5813 verba

255 5855 456 5905 autem
488 5860 616 5918 quae
647 5845 747 5901 tibi
776 5862 924 5904 nunc
962 5846 1075 5902 dixi
1104 5862 1233 5903 vera
1272 5863 1396 5905 esse
1436 5864 1547 5905 non
1580 5848 1819 5907 dubites.
1869 5870 1892 5902 ι

1898 649 2094 703 iterum
2125 650 2375 705 eamdem
2406 651 2601 705 cellam
2633 652 2963 719 revisitaret,
2999 640 3353 707 Eberhar'dus
3390 652 3517 708 feli-

1897 742 2033 796 citer
2062 742 2316 815 migravit
2355 758 2385 797 a
2413 743 2636 799 saeculo.

1968 842 2071 896 XV.
2133 843 2437 915 Regioncm
2495 858 2715 914 quoque
2771 842 3214 917 Burgundiorum
3266 849 3516 912 tempore

1900 933 2007 988 alio
2066 934 2219 1000 adiit,
2253 942 2305 989 et
2339 934 2403 987 ad
2458 933 2865 1006 Agaunensium
2924 934 3104 989 locum
3162 932 3255 987 ubi
3295 939 3519 986 sanctus

1902 1022 2186 1076 Mauritius
2217 1039 2339 1077 cum
2381 1024 2497 1077 suis
2539 1024 2871 1094 sequacibus
2913 1031 3135 1094 prepter
3163 1037 3367 1078 nomen
3421 1023 3521 1077 Do-

1904 1112 2038 1165 mini
2068 1112 2387 1182 martyrium
2422 1113 2676 1182 sumpsit,
2727 1128 2943 1186 magme
2985 1111 3308 1167 humilitatis
3336 1111 3519 1166 studio

1902 1196 2156 1261 visitavit.
2181 1207 2279 1271 Qui
2307 1214 2468 1261 antea
2501 1223 2532 1261 a
2568 1222 2698 1278 rege
2724 1205 3177 1279 Burgundionum
3201 1203 3523 1275 promissio-

1904 1317 2032 1354 nem
2065 1301 2298 1370 accepit,
2332 1308 2388 1355 ut
2417 1318 2587 1356 unum
2621 1302 2689 1356 de
2718 1302 2924 1357 sanctis
2950 1301 3284 1371 martyribus
3313 1316 3380 1353 ex
3401 1298 3523 1367 ejus

1905 1392 2126 1447 datione
2155 1402 2209 1447 et
2234 1393 2506 1462 adjutorio
2541 1394 2669 1449 inde
2714 1395 2780 1449 ad
2814 1396 3107 1468 Augustam
3159 1392 3363 1448 referre
3403 1408 3522 1446 me-

1905 1489 2133 1535 reretur.
2196 1482 2413 1536 Etcum
2455 1484 2585 1537 illuc
2628 1482 2718 1537 die
2760 1483 2981 1537 Sabbati
3028 1482 3358 1554 perveniret,
3413 1496 3527 1535 mo-

1906 1571 2202 1626 nasterium
2254 1572 2468 1626 noviter
2495 1589 2525 1625 a
2558 1572 2874 1626 Sarracenis
2917 1578 3168 1627 exustum
3210 1570 3441 1635 invenit,
3472 1576 3528 1623 et

1908 1659 2117 1713 nullum
2162 1660 2232 1714 de
2266 1661 2664 1715 habitatoribus
2722 1661 2797 1715 ibi
2838 1662 3145 1732 conspexit,
3206 1661 3311 1715 nisi
3352 1676 3524 1715 unum

1909 1749 2044 1802 tedis
2076 1750 2291 1804 aedilem
2334 1750 2427 1821 [αι.
2460 1750 2714 1820 senilem]
2750 1752 3095 1805 combustum
3125 1750 3520 1806 monasterium

1912 1838 2336 1892 custodientem.
2374 1836 2614 1909 Cumque
2670 1838 2765 1894 ille
2815 1855 3025 1894 sacram
3054 1846 3268 1894 noctem
3323 1840 3378 1893 in
3431 1840 3525 1894 Dei

1922 1888 1963 1890 π
2385 1888 2611 1909 --ηἻη
2671 1888 2761 1894 --η
2818 1888 3025 1894 _-______-
3055 1888 3268 1894 _----_-__
3434 1888 3525 1894 η-

1832 1888 1885 1958 Β
1913 1926 2166 1980 laudibus
2200 1927 2274 1980 ibi
2306 1934 2677 1998 permaneret,
2724 1936 2778 1983 et
2807 1945 2967 1983 mane
3008 1946 3131 1983 cum
3165 1929 3351 1985 radius
3396 1929 3531 1984 solis

1910 2018 2148 2087 primum
2198 2018 2475 2073 latitudini
2509 2027 2667 2075 terras
2707 2022 2884 2077 lucem
2922 2020 3255 2077 diffunderet
3299 2022 3525 2075 missam

1911 2109 1978 2161 de
2024 2111 2220 2165 Sancta
2273 2111 2535 2166 'l‘rinitate
2567 2112 2901 2179 celebravit;
2957 2130 3064 2184 qua
3105 2113 3344 2184 expleta,
3406 2129 3529 2169 cum

1912 2198 2135 2252 alteram
2169 2200 2351 2253 statim
2383 2200 2728 2256 venerationi
2766 2201 2878 2255 diei
2907 2202 3174 2257 Dommici
3225 2218 3534 2274 congruen-

1914 2298 2024 2344 tem
2052 2292 2333 2347 celebrare
2360 2294 2638 2364 coapisset,
2668 2293 2961 2349 duodecim
2992 2294 3177 2349 clerici
3203 2311 3326 2349 cum
3350 2294 3534 2349 multi-

1914 2382 2107 2436 tudine
2140 2382 2329 2452 populi
2363 2383 2722 2437 advenientes
2755 2382 3048 2437 ministerii
3088 2382 3173 2437 sui
3201 2383 3531 2437 celebratio-

1918 2491 2042 2529 nem
2075 2474 2367 2528 audientes
2416 2474 2793 2545 perstiterunt.
2853 2476 2968 2539 Quo
3012 2482 3255 2545 peracto,
3314 2481 3538 2530 sanctus

1919 2568 2214 2639 episcopus
2258 2568 2483 2622 eosdem
2546 2567 2740 2623 fratres
2778 2569 3051 2635 salutavit,
3108 2575 3162 2624 et
3216 2570 3540 2624 muneribus

1921 2659 2228 2723 honoravit,
2261 2665 2314 2712 et
2370 2658 2441 2711 ob
2472 2674 2634 2729 quam
2686 2674 2803 2712 rem
2838 2658 2967 2713 illuc
3024 2658 3309 2714 deveniret
3349 2667 3539 2713 notum

1924 2750 2070 2805 fecit.
2101 2750 2199 2814 Qui
2241 2750 2535 2805 hilaritatis
2565 2751 2685 2819 ejus
2736 2750 3090 2805 dulcedinem
3141 2758 3196 2805 et
3238 2749 3544 2805 sanctitatis

1925 2844 2254 2918 religionem
2295 2843 2719 2914 persentientes,
2781 2859 2848 2898 ne
2902 2842 3216 2898 delectabili
3267 2842 3545 2897 desiderio

1928 2940 2175 3011 privatus
2231 2939 2428 3002 abiret,
2511 2945 2702 3009 aperta
2778 2938 3161 2993 collocationis
3231 2944 3548 2992 sanctorum

1930 3027 2197 3096 spelunca
2224 3026 2279 3078 in
2305 3026 2535 3096 scopulo
2566 3025 2773 3092 exciso,
2793 3026 3028 3096 plurima
3056 3032 3209 3096 parte
3240 3032 3550 3081 sanctarum

1932 3116 2293 3187 reliquiarum
2328 3117 2591 3171 donatum
2620 3116 3057 3172 leetificaverunt.
3084 3115 3212 3171 Cum
3246 3131 3377 3170 vero
3397 3121 3552 3184 opta-

1931 3206 2027 3258 bili
2078 3205 2299 3259 licentia
2330 3206 2655 3260 clericorum
2710 3213 2763 3258 et
2810 3204 3187 3259 amantissima
3225 3202 3555 3257 dimissione

1933 3297 2123 3368 populi
2165 3297 2297 3351 inde
2342 3297 2570 3364 rediret,
2621 3297 2992 3351 Constantiam
3065 3296 3343 3350 civitatem
3387 3309 3553 3350 causa

1933 3386 2200 3443 orationis
2228 3387 2486 3447 visitavit.
2533 3393 2587 3443 et
2616 3386 2748 3442 inde
2792 3387 2861 3441 ad
2908 3386 3135 3460 Augiam
3194 3384 3428 3440 insulam
3460 3399 3558 3440 ve-

1942 3481 2042 3544 nit,
2076 3487 2130 3534 et
2177 3479 2245 3533 ab
2278 3479 2535 3534 Aleuvico
2579 3480 2775 3534 abbate
2831 3478 3151 3535 charitative
3188 3485 3477 3548 susceptus
3507 3484 3563 3533 et

1945 3569 2281 3625 omnimodis
2307 3569 2611 3625 commodis
2640 3569 2784 3624 bene
2817 3575 3142 3641 procuratus
3171 3573 3273 3625 est.
3316 3567 3563 3638 Cumque

1949 3659 2168 3713 amabili
2209 3659 2487 3730 colloquio
2518 3658 2660 3714 inter
2712 3673 2773 3711 se
2814 3658 3338 3724 sermocinarentur,
3380 3656 3568 3733 omnia

1952 3767 2074 3822 qua:
2106 3751 2155 3805 ei
2179 3749 2234 3804 in
2267 3749 2463 3804 itinere
2503 3749 2824 3805 acciderunt
2845 3757 2974 3804 nota
3004 3748 3151 3803 fecit.
3173 3748 3568 3803 Benevolentia

1953 3853 2140 3899 autem
2168 3843 2406 3910 abbatis,
2447 3859 2571 3898 cum
2600 3842 2819 3898 audiret
2856 3858 2980 3896 eum
3017 3857 3117 3913 pro
3146 3856 3332 3896 amore
3358 3846 3571 3895 sancta-

1958 3954 2076 3992 rum
2107 3935 2492 4007 exsequiarum
2514 3936 2683 4002 exire,
2737 3934 3013 3989 desiderio
3045 3933 3165 4003 ejus
3204 3931 3570 3996 satisfaciens,

1958 4043 2070 4082 non
2088 4027 2367 4096 modicam
2412 4034 2622 4096 partem
2664 4024 2733 4079 de
2765 4039 2996 4094 corpore
3051 4022 3227 4076 sancti
3258 4020 3491 4076 Mauritii
3520 4028 3577 4075 et

1962 4117 2029 4171 de
2054 4118 2286 4172 aliorum
2313 4115 2610 4170 multorum
2642 4118 2954 4169 sanctorum
2980 4110 3230 4183 reliquiis
3256 4110 3307 4164 ei
3338 4111 3574 4176 donans,

1964 4209 2147 4265 laetum
2179 4208 2333 4263 abire
2390 4206 2659 4278 permisit.
2710 4208 2965 4279 Augustae
3018 4220 3149 4261 vero
3194 4202 3402 4259 civitati
3453 4215 3577 4257 cum

1965 4304 2458 4376 appropinquaret,
2493 4301 2793 4374 praemissis
2816 4300 3026 4356 nuntiis
3051 4298 3403 4355 demandavit
3432 4305 3492 4352 ut
3513 4296 3583 4351 ad

1971 4397 2216 4469 cptivum
2276 4397 2393 4467 [pro
2447 4394 2780 4465 exeptatum]
2829 4393 3035 4449 donum
3083 4398 3397 4447 sanctarum
3455 4389 3588 4445 reli-

1974 4489 2244 4560 quiarum,
2300 4486 2447 4557 quod
2498 4501 2684 4539 secum
2727 4483 3003 4549 attulerat,
3050 4478 3352 4536 honoriﬁce
3398 4477 3586 4534 clerici

1976 4599 2097 4639 cum
2131 4582 2358 4652 populo,
2392 4585 2445 4635 et
2473 4595 2598 4633 cum
2629 4577 2886 4634 crucibus
2915 4583 2969 4631 et
3011 4577 3238 4631 incenso
3279 4574 3592 4648 pigmento-

1974 4689 2096 4727 rum
2144 4686 2397 4743 aquaque
2427 4669 2721 4723 benedicta
2744 4672 3120 4733 occurrerent,
3153 4674 3209 4719 et
3236 4660 3592 4733 suscipiendo

1978 4762 2222 4838 gloriose
2270 4776 2394 4816 cum
2440 4760 2693 4813 laudibus
2723 4764 2777 4812 et
2816 4756 3074 4812 melodiis
3100 4753 3358 4829 congruis
3398 4751 3596 4823 perdu-

1980 4863 2169 4911 cerent
2205 4852 2511 4909 honoriﬁce
2557 4869 2677 4906 cum
2730 4851 2824 4906 illo
2864 4851 2921 4904 in
2969 4848 3258 4904 ecclesiam
3299 4846 3353 4900 in
3384 4846 3596 4901 honore

1981 4951 2183 4999 sanctas
2216 4944 2310 4997 Dei
2342 4941 2625 5015 genitricis
2664 4940 2845 4994 Mariae
2885 4944 3280 4994 consecratam.
3315 4935 3447 4989 Illuc
3472 4948 3597 4988 cum

1980 5037 2305 5109 perductum
2336 5043 2505 5102 esset,
2546 5035 2615 5087 ab
2661 5033 2925 5103 episcOpo
2948 5037 3106 5086 caute
3164 5028 3491 5086 collocatum
3513 5031 3599 5079 est

1982 5126 2037 5180 in
2069 5142 2248 5180 arcam
2280 5140 2412 5180 auro
2451 5130 2506 5179 et
2532 5131 2760 5197 argento
2782 5131 3119 5193 coopertam,
3146 5120 3215 5174 ad
3259 5116 3479 5172 laudem
3504 5113 3601 5169 Dei

1985 5217 2408 5289 omnipotentis,
2441 5222 2495 5271 et
2525 5216 2581 5269 in
2609 5213 2871 5270 auxilium
2910 5212 3101 5284 populi
3147 5206 3517 5270 advenientis,
3544 5205 3601 5258 in

1987 5308 2211 5363 nomine
2252 5306 2466 5361 Domini
2497 5304 2668 5360 nostri
2701 5304 2828 5360 Jesu
2860 5302 3082 5369 Christi,
3115 5302 3201 5357 cui
3232 5307 3313 5354 est
3344 5299 3524 5353 honor
3555 5301 3610 5349 et

1990 5397 2164 5472 gloria
2192 5412 2290 5467 per
2318 5394 2532 5448 infinita
2553 5393 2756 5448 saecula
2792 5392 3140 5448 sazculorum.
3173 5392 3366 5443 Amen.

2062 5487 2191 5544 XVI.
2227 5487 2451 5542 Talibus
2491 5493 2546 5541 et
2578 5486 2662 5539 his
2692 5484 2969 5539 similibus
3026 5482 3227 5539 studiis
3282 5496 3504 5552 semper
3554 5477 3609 5532 in

1998 5582 2089 5636 Dei
2118 5580 2403 5635 voluntate
2449 5578 2718 5644 serviens,
2751 5576 3053 5631 decertavit
3104 5573 3342 5647 qualiter
3394 5573 3616 5644 episco-

1995 5677 2204 5742 patum,
2235 5684 2398 5740 quem
2433 5667 2501 5721 ad
2524 5666 2825 5739 regendum
2851 5666 3118 5736 suscepit,
3171 5661 3487 5735 omnigenis
3512 5662 3614 5716 ho-

1998 5759 2227 5816 noribus
2274 5757 2575 5812 sublimare
2628 5755 2922 5827 potuisset,
2981 5761 3034 5808 et
3079 5752 3360 5809 servitium
3417 5751 3513 5806 Dei
3563 5756 3618 5804 et

1999 5834 2203 5906 sanctae
2234 5846 2417 5903 Mariae
2455 5845 2552 5901 Dei
2581 5842 2866 5918 genitricis
2913 5841 3250 5914 amplificare
3305 5838 3619 5897 indefessus
