3924 6404
434 370 577 427 1039

1512 370 1565 420 S.
1610 364 1915 420 UDAIAZIRi
1959 363 2329 418 AUGUSTANI
2378 364 2687 420 EPISCOPI.

3658 373 3787 426 1041)

430 503 737 564 laborabat,
767 508 820 556 et
842 500 968 555 ideo
990 500 1197 570 ubique
1228 498 1404 572 gratia
1427 496 1521 550 Dei
1550 501 1886 565 przeventus,
1913 494 2054 547 sicut
2079 500 2129 566 Α
2160 508 2268 547 non
2304 493 2594 563 potuisset,
2640 509 2806 561 nunc,
2837 495 2949 551 Deo
2980 496 3244 564 donante,
3275 513 3336 554 se
3368 498 3570 565 reﬁcit,
3608 508 3666 555 et
3698 519 3754 556 re

434 598 491 652 in
532 596 759 652 Psalmis
788 595 1051 665 scriptum
1094 592 1406 647 invenitur:
1470 591 1809 646 Voluntatem
1856 589 2051 641 timen-

433 691 568 742 tium
610 701 663 739 se
705 686 892 751 faciet,
948 687 999 737 et
1057 682 1480 751 deprecationem
1536 693 1720 732 eorum
1777 678 2048 741 exaudiet,

378 766 383 771 ’
432 780 481 830 et
531 775 707 829 salvos
755 772 922 840 faciet
995 786 1078 824 eos
1137 769 1299 837 (Psal.
1381 768 1584 834 cxuv);
1643 771 1697 819 et
1742 764 2048 818 secundum

431 869 750 941 Apostolum
813 866 1125 921 dicentem:
1187 866 1401 920 Scimus
1460 862 1723 933 quomodo
1775 860 2051 927 diligenti-

434 966 528 1020 bus
604 967 768 1019 Dcum
845 964 1024 1016 omnia
1110 964 1465 1030 cooperantur
1532 961 1592 1011 in
1666 957 1879 1018 bonum,
1940 960 2045 1008 etc.

432 1060 600 1124 (Rom.
632 1056 765 1125 vin).
818 1053 1211 1124 Multiplicibus
1263 1052 1410 1106 enim
1470 1051 1568 1104 Dei
1623 1045 2053 1119 magniticcntiis

432 1149 773 1215 honoratus,
833 1156 888 1202 et
952 1146 1107 1200 ﬁrma
1158 1143 1268 1200 ﬁde
1327 1144 1706 1207 confortatus,
1774 1138 2052 1195 desideria

431 1241 731 1297 voluntatis
799 1256 912 1295 suae
978 1239 1337 1311 percipiens,
1415 1236 1604 1290 multis
1649 1234 1706 1288 in
1772 1232 1886 1286 suis
1942 1247 2048 1285 ne-

431 1331 784 1389 cessitatibus
826 1329 1057 1401 profuit,
1089 1336 1144 1383 et
1180 1325 1559 1398 possibilitatis
1589 1339 1701 1378 suae
1747 1320 2050 1391 potentiam

429 1431 692 1497 quantum
725 1423 907 1495 potuit
928 1422 1209 1477 humiliter
1235 1419 1455 1484 celavit,
1488 1418 1617 1489 quia
1647 1414 1805 1469 multi
1839 1413 1931 1484 qui
1962 1429 2055 1466 ca-

430 1520 571 1575 duco
596 1519 789 1575 morbo
810 1517 1173 1578 vexabantur,
1196 1511 1505 1569 sanctitatis
1517 1510 1638 1578 ejus
1659 1506 2050 1561 benedictione

431 1615 715 1681 percepta,
748 1605 1003 1678 Sospitati
1035 1604 1483 1667 restituebantur,
1516 1600 1561 1653 si
1598 1614 1694 1669 pro
1726 1614 1834 1669 qua
1867 1612 1923 1649 re
1949 1593 2051 1647 be-

431 1702 805 1757 nedictionem
839 1698 1175 1770 expetivere,
1210 1711 1321 1750 non
1352 1692 1702 1754 indicavere;
1739 1688 1832 1760 qui
1864 1694 2047 1741 autem

431 1797 779 1853 necessitatis
827 1811 1018 1851 eorum
1063 1792 1419 1847 afﬁictionem
1478 1786 1770 1844 manifeste
1823 1782 2047 1838 nuntia-

432 1897 649 1955 verunt,
698 1888 1092 1943 benedictione
1148 1885 1449 1946 subtracta,
1504 1896 1669 1935 causa
1720 1873 2050 1931 humilitatis

431 1982 581 2037 abire
623 1979 898 2052 permisit,
943 1979 1166 2033 dicens:
1209 2000 1235 2020 η
1281 1976 1391 2048 Ego
1440 1988 1552 2028 non
1582 1988 1703 2027 sum
1751 1969 1953 2040 dignus
1982 1966 2050 2020 de

430 2072 535 2126 hac
559 2069 879 2124 inﬁrmitate
911 2083 1010 2123 vos
1042 2081 1205 2137 posse
1234 2064 1493 2119 liberare.
1541 2081 1565 2111 ιο

499 2158 911 2215 Sanctiﬁcatum
951 2172 1081 2211 vero
1108 2155 1291 2210 oleum
1334 2154 1391 2207 in
1421 2152 1511 2206 die
1538 2164 1709 2205 coenae
1739 2145 1953 2202 Domini
1982 2145 2051 2199 ab

432 2265 499 2304 eo
528 2256 637 2303 tam
668 2248 892 2303 salubre
924 2244 1178 2301 effectum
1212 2250 1314 2309 est,
1347 2247 1406 2296 ut
1437 2240 1592 2296 multi
1634 2239 1688 2293 in
1730 2236 2050 2292 inﬁrmitate

431 2339 622 2411 positi,
657 2338 725 2392 ab
756 2352 822 2392 eo
852 2336 1004 2391 uncti
1046 2334 1300 2389 celeriter
1326 2330 1547 2387 sanitati
1596 2328 2047 2389 restituerentur;

431 2435 485 2483 et
515 2427 672 2483 multi
704 2426 996 2497 caliginem
1026 2424 1313 2479 oculorum
1347 2421 1638 2481 habentes,
1674 2424 1726 2472 et
1762 2414 2051 2488 praesentis

431 2520 659 2575 luminis
680 2535 739 2573 se
762 2519 817 2572 in
841 2519 946 2573 hoc
966 2517 1168 2571 saeculo
1188 2529 1417 2569 munere
1440 2519 1694 2567 carentes
1716 2517 1998 2581 putavere,
2020 2523 2051 2561 a

431 2615 577 2664 tactu
604 2607 768 2677 hujus
796 2606 902 2661 olei
937 2604 1232 2659 serenitate
1260 2602 1543 2657 oculorum
1589 2601 1784 2653 iterum
1814 2598 1891 2653 uti
1932 2612 2051 2651 me-

430 2706 679 2753 ruerunt.
729 2695 852 2751 llwc
897 2709 1050 2760 vero,
1084 2692 1307 2746 nemine
1338 2690 1580 2753 dicente,
1614 2686 2048 2757 comperiebam,

431 2788 530 2841 sed
563 2786 804 2857 propriis
835 2784 1012 2841 oculis
1050 2784 1106 2837 in
1134 2781 1559 2854 quamplurimis
1582 2786 1799 2850 peracta
1830 2777 2051 2849 conspi-

431 2875 667 2931 ciebam.
693 2875 767 2929 De
795 2873 969 2943 ipsius
997 2880 1178 2927 autem
1211 2870 1459 2941 episcopi
1491 2868 1908 2939 recuperatione
1940 2882 2050 2921 non

432 2976 654 3039 oportet
703 2966 935 3021 reticere.
981 2964 1133 3036 quia,
1183 2980 1307 3017 cum
1384 2962 1620 3033 quodam
1689 2967 1935 3030 tempore
1983 2959 2051 3012 de

429 3059 768 3115 monasterio
800 3057 984 3112 Sancti
1030 3055 1167 3109 Galli
1204 3054 1385 3108 redire
1417 3054 1485 3107 ad
1517 3054 1813 3125 Augustam
1861 3050 2052 3107 civita-

430 3158 538 3206 tem
589 3150 945 3215 decrevisset,
1003 3147 1397 3217 Campidonam
1452 3145 1703 3209 veniens,
1750 3151 1856 3198 tam
1899 3142 2050 3218 gravi

427 3242 748 3298 inﬁrmitate
799 3242 1055 3295 detentus
1109 3202 1194 3293 elst
1244 3244 1304 3293 ut
1371 3254 1435 3292 ex
1480 3254 1539 3291 se
1600 3237 1721 3291 sine
1776 3202 2123 3305 atljuct’orioC

427 3332 663 3388 aliorum
694 3328 980 3385 ambulare
1034 3343 1147 3383 non
1199 3327 1491 3398 potuisset,
1538 3334 1593 3380 et
1631 3325 1813 3380 cibum
1862 3324 1929 3378 ad
1964 3340 2053 3378 re-

429 3426 767 3483 creationcm
815 3424 1065 3494 corporis
1105 3439 1326 3477 sumere
1365 3422 1655 3501 viresnon
1709 3419 2049 3475 sufﬁcerent.

429 3517 609 3572 Missis
654 3516 865 3570 nuntiis
933 3515 1190 3569 celeriter
1244 3513 1311 3568 ad
1371 3514 1665 3588 Augustam
1725 3512 2001 3567 civitatem
2036 3554 2050 3577 ,

430 3611 614 3669 oleum
667 3611 737 3665 ab
784 3626 852 3666 eo
884 3616 1263 3666 consecratum
1299 3607 1406 3661 sibi
1437 3608 1566 3671 inde
1594 3616 1874 3678 reportare
1906 3622 2051 3677 prae-

431 3702 598 3773 cepit,
631 3716 869 3771 cumque
902 3700 958 3754 in
998 3698 1185 3772 vigilia
1217 3698 1579 3752 Pentecosten
1630 3696 1840 3759 nuntiis
1867 3712 2054 3751 rever-

432 3791 680 3846 tentibus
708 3790 842 3845 hora
870 3788 979 3843 diei
1018 3803 1183 3854 nona,
1202 3803 1325 3842 cum
1353 3787 1533 3842 adhuc
1558 3785 1911 3859 congregatio
1933 3801 2053 3842 mo-

431 3884 731 3939 nachorum
764 3880 1001 3936 solemni
1032 3878 1217 3936 ofﬁcio
1246 3880 1427 3934 missae
1456 3878 1822 3947 interfuisset,
1852 3888 1906 3934 et
1937 3879 2054 3950 ipse

430 3973 573 4027 intra
591 3972 907 4027 cubiculum
942 3986 1157 4025 sacrum
1184 3969 1505 4041 mysterium
1535 3969 1783 4023 auditum
1819 3967 2051 4022 habuis-

431 4073 534 4131 set,
567 4065 747 4118 oleum
780 4063 829 4117 ei
877 4067 1388 4132 repraesentaretur,
1421 4068 1642 4132 peracto
1672 4075 1827 4116 sacro
1848 4067 2053 4131 myste-

435 4153 537 4220 rio,
593 4151 852 4207 monachi
885 4151 953 4204 ad
983 4166 1108 4204 eum
1150 4149 1449 4205 introducti
1504 4157 1633 4204 sunt
1691 4150 2055 4220 praesentibus

434 4245 651 4301 clericis
682 4244 778 4315 qui
809 4259 937 4299 cum
963 4257 1028 4297 eo
1054 4241 1186 4296 illuc
1215 4242 1578 4305 devenerunt,
1609 4249 1663 4296 et
1694 4242 1927 4296 cantatis
1957 4258 2055 4312 pro

432 4339 552 4407 ejus
580 4337 893 4393 inﬁrmitate
916 4344 1127 4408 septem
1149 4336 1374 4407 psalmis
1397 4335 1714 4407 letaniaque
1743 4336 1941 4392 devote
1969 4354 2057 4392 ex-

432 4435 599 4506 pleta,
633 4433 926 4506 quemdam
959 4440 1208 4487 sanctum
1249 4432 1580 4486 monachum
1640 4430 1840 4486 Hiltine
1871 4432 2052 4487 nomi-

432 4531 649 4591 natum,
678 4521 746 4575 ad
792 4520 1087 4576 claustrum
1129 4526 1470 4575 revertentes
1502 4518 1695 4574 fratres
1733 4521 1799 4574 ad
1840 4537 2055 4595 ungen-

431 4614 564 4668 dum
596 4612 866 4668 cumoleo
896 4618 1086 4666 sancto
1143 4627 1263 4667 cum
1297 4610 1411 4666 suis
1458 4611 1674 4667 duobus
1722 4612 2054 4683 presbyteris

431 4706 781 4762 dimiserunt.
843 4704 1114 4759 Unctione
1154 4719 1283 4758 vero
1317 4712 1560 4775 peracta,
1614 4703 1919 4758 secundum
1950 4703 2053 4759 do-

431 4797 661 4853 ctrinam
693 4795 880 4871 Jacobi
913 4792 1147 4864 apostoli
1180 4810 1193 4847 :
1252 4796 1568 4862 Inﬁrmatur
1597 4795 1720 4863 quis
1760 4795 1818 4847 in
1848 4794 1996 4848 vobis
2026 4794 2054 4848 7

431 4890 660 4945 inducat
684 4890 1053 4958 presbyterum
1105 4887 1376 4952 Ecclesiae,
1411 4893 1516 4940 etc.
1557 4886 1743 4953 (Jacob
1792 4886 1869 4957 v),
1913 4886 2051 4942 dixit

430 4985 726 5055 episcopus
776 4981 1106 5053 praeposito:
1143 5001 1171 5032 α
1205 4980 1327 5034 istis
1375 4979 1702 5034 unctoribus
1732 4979 1872 5034 meis
1926 4995 2047 5034 cum

430 5073 645 5129 czeteris
689 5072 827 5127 meis
856 5070 1171 5134 comitibus,
1208 5069 1263 5123 in
1305 5085 1427 5123 mea
1457 5068 1575 5124 vice
1602 5068 1884 5123 servitium
1918 5085 2051 5125 con-

429 5169 692 5238 gruenter
723 5161 1003 5229 exhibete,
1037 5177 1163 5215 cum
1204 5159 1287 5213 his
1318 5158 1479 5214 bonis
1529 5174 1651 5230 quae
1694 5157 1856 5213 nobis
1884 5158 2051 5227 hodie

429 5255 706 5311 concessit
730 5255 894 5309 Deus.
919 5274 943 5305 ιο
980 5253 1111 5308 Cum
1140 5269 1272 5308 vero
1299 5253 1364 5307 ad
1386 5268 1632 5307 mensam
1664 5253 2048 5325 prendendum

430 5349 834 5413 consedissent,
885 5356 940 5403 et
1003 5348 1186 5403 adhuc
1239 5345 1532 5417 prandium
1604 5354 1882 5418 peractum
1937 5363 2049 5404 non

428 5436 641 5506 fuisset,
675 5438 904 5494 nuntius
948 5440 1017 5493 de
1072 5438 1337 5509 episcopo
1367 5438 1540 5506 venit,
1571 5438 1790 5494 dicens:
1843 5465 1863 5485 η
1906 5439 2050 5496 Laeto

431 5526 615 5583 animo
640 5536 813 5583 estote
861 5538 914 5586 et
958 5530 1282 5585 recreamini
1338 5546 1461 5585 cum
1518 5532 1742 5605 gaudio,
1793 5531 1922 5603 quia
1950 5532 2049 5588 do-

430 5615 612 5675 minus
642 5628 830 5682 noster
858 5625 1174 5694 episcopus,
1216 5624 1468 5694 quamvis
1507 5625 1857 5681 hebdomade
1898 5643 2045 5695 pra;—

430 5701 588 5759 terita
619 5708 703 5761 vel
738 5707 1038 5765 buccellam
1088 5709 1248 5779 panis
1278 5712 1347 5765 ad
1388 5711 1749 5768 refectionem
1794 5712 2047 5784 accipere

499 5826 604 5898 (50)
635 5830 973 5887 Transmittit
998 5832 1205 5885 ﬂumen
1247 5833 1526 5890 inundans
1564 5835 1642 5890 nil
1680 5837 2043 5894 madefactus.
2112 5850 2119 5855 ‘

2154 589 2319 642 ducta
2347 579 2585 638 sanitate
2607 592 2689 638 est
2704 585 3047 643 melioratus.
3062 608 3087 637 ι)
3108 588 3230 655 Qui,
3255 589 3445 644 audito
3464 589 3783 645 delectabili

2156 675 2369 740 nuntio,
2403 689 2599 727 omnes
2627 673 2792 727 simul
2823 674 2992 728 Deum
3024 677 3317 732 laudantes
3349 686 3403 733 et
3436 679 3549 732 Deo
3580 680 3783 750 gratias

2156 768 2426 831 dicentes,
2482 766 2686 820 hilares
2740 765 2919 821 efiecti
2992 776 3139 823 sunt.
3210 770 3540 840 V'espertina
3599 779 3779 825 autem

2156 858 2290 911 hora
2330 856 2682 922 adveniente,
2742 862 2797 910 et
2848 857 3007 930 signo
3069 860 3426 929 vespertinali
3483 860 3540 914 in
3589 861 3785 931 primis

2152 952 2405 1009 sonante,
2437 944 2616 997 statim
2640 945 2893 1009 surrexit,
2928 953 2983 999 et
3027 946 3095 999 ad
3130 947 3421 1003 ecclesiam
3451 948 3780 1011 ambulavit,

2153 1045 2207 1093 et
2239 1039 2313 1092 ibi
2349 1039 2403 1093 in
2436 1038 2528 1093 Dei
2554 1038 2814 1093 laudibus
2869 1039 3190 1115 infatigatus
3241 1052 3569 1113 permansnt.
3606 1046 3786 1100 donec

2152 1130 2548 1200 Vespertinalis
2612 1130 2731 1185 laus
2774 1146 2806 1185 a
2859 1130 3122 1187 fratribus
3180 1135 3498 1190 secundum
3556 1152 3781 1191 cursum

2153 1219 2547 1273 monachorum
2595 1218 2804 1288 prolixe
2863 1218 3279 1290 perﬁciebatur,
3340 1233 3396 1277 et
3442 1231 3662 1294 postea,
3717 1226 3784 1279 de

2153 1307 2244 1361 die
2271 1307 2325 1361 in
2348 1308 2493 1362 diem
2524 1307 2882 1375 confortatus,
2915 1325 2981 1363 ex
3012 1310 3227 1383 integro
3273 1313 3520 1383 pristinae
3555 1316 3781 1368 sanitati

2155 1401 2263 1454 cito
2295 1400 2578 1454 restitutus
2608 1408 2712 1456 est.
2740 1400 2777 1455 Ο
2810 1418 2972 1472 quam
3002 1419 3201 1478 magna
3252 1405 3554 1459 multitudo
3587 1406 3783 1461 dulce-

2153 1488 2301 1543 dinis
2331 1490 2448 1555 Dei,
2478 1490 2569 1561 qui
2610 1490 2685 1544 illi
2719 1491 2824 1545 hoc
2854 1497 3003 1545 tanta
3032 1492 3325 1547 velocitate
3359 1493 3429 1547 ad
3464 1494 3778 1549 remedium

2152 1579 2451 1645 concessit,
2473 1579 2622 1651 quod
2654 1580 2745 1633 ille
2771 1579 2896 1634 aliis
2935 1581 3003 1635 ad
3036 1569 3364 1636 medicinam
3398 1590 3454 1637 et
3492 1582 3563 1637 ad
3598 1583 3783 1638 indul-

2149 1672 2390 1745 gentiam
2437 1681 2787 1743 peccatorum
2830 1676 3179 1745 praeparavit,
3241 1685 3301 1731 ut
3342 1692 3468 1731 cum
3517 1678 3646 1746 ejus
3678 1677 3786 1732 ﬁde

2155 1765 2395 1835 perfecta
2427 1767 2641 1822 caeteris
2676 1767 2926 1838 plurimis
2956 1767 3095 1824 ﬁdes
3126 1768 3587 1827 conﬁrmaretur!

2074 1829 2123 1898 Β
2155 1829 2170 1835 τ
2223 1857 2382 1912 XVll.
2424 1829 2691 1913 Tradere.
2716 1858 2846 1913 huic
2888 1875 3116 1931 quoque
3157 1877 3247 1916 me
3282 1863 3447 1916 aliam
3506 1864 3784 1919 rationem

2152 1948 2208 2003 in
2238 1950 2343 2005 hoc
2376 1949 2497 2006 loco
2525 1957 2762 2021 oportet,
2805 1968 2967 2022 quam
3003 1952 3286 2026 Herewigo
3316 1955 3613 2025 capellano
3661 1957 3783 2025 ejus

2152 2040 2372 2095 dicente
2401 2042 2666 2111 comperi.
2723 2042 2966 2106 Quadam
2994 2043 3087 2097 die
3123 2060 3249 2099 cum
3296 2062 3397 2116 pro
3430 2046 3624 2118 aliqua
3678 2049 3788 2102 uti-

2150 2130 2320 2188 litatis
2336 2149 2502 2188 causa
2528 2150 2696 2204 super
2726 2134 2955 2189 ﬂuvium
2977 2135 3262 2192 Vindicem
3295 2137 3413 2208 [al.,
3433 2138 3784 2203 Vindomen;

2150 2222 2250 2289 aL,
2280 2222 2611 2291 Vindonem,
2634 2224 2794 2291 vulgo
2813 2223 3054 2295 Werten]
3078 2225 3423 2281 nominatum
3449 2226 3787 2283 caballicare

2151 2316 2457 2384 debuisset,
2501 2327 2557 2373 et
2582 2318 2700 2389 ipse
2726 2317 2795 2373 ab
2829 2318 3018 2374 illuvie
3056 2320 3304 2376 elevatus
3344 2321 3564 2389 fuisset,
3597 2331 3656 2378 et
3696 2340 3785 2378 co

2153 2410 2313 2465 mites
2341 2410 2591 2481 episcopi
2638 2411 2881 2466 universi
2915 2412 3112 2467 vadum
3166 2413 3522 2469 rectitudinis
3569 2416 3788 2471 devita-

2150 2509 2296 2567 rent,
2328 2511 2382 2558 et
2418 2503 2525 2558 alia
2573 2503 2709 2559 vada
2741 2504 2953 2574 aptiora
2985 2514 3321 2576 quaererent,
3375 2513 3430 2561 et
3462 2506 3613 2561 idem
3670 2509 3787 2579 ipse

2152 2596 2590 2665 prmnominatus
2620 2596 2938 2671 Herewigus
2967 2598 3118 2653 solus
3148 2597 3253 2667 (50)
3308 2614 3433 2653 cum
3466 2614 3536 2654 eo
3596 2618 3784 2657 rema-

2154 2697 2329 2755 neret,
2356 2691 2477 2761 ipse
2510 2690 2710 2746 vadum
2743 2692 2893 2763 quod
2923 2691 3022 2746 alii
3058 2693 3366 2748 omiserunt
3394 2694 3519 2749 sine
3546 2698 3792 2766 trepida-

2154 2781 2306 2837 tione
2324 2783 2685 2848 transcendit,
2709 2784 2889 2838 soccis
2905 2784 2975 2838 de
2991 2799 3122 2858 sago
3132 2784 3293 2839 factis
3314 2785 3544 2840 indutus
3560 2797 3794 2858 propter

2153 2868 2347 2942 frigus,
2397 2871 2527 2942 quia
2567 2871 2745 2926 hiems
2773 2879 2916 2927 erat.
2952 2872 3217 2927 Praefatus
3274 2889 3403 2929 vero
3439 2874 3787 2950 Herewigus,

2153 2961 2382 3018 ﬂumine
2416 2973 2779 3041 transgresso,
2811 2980 2877 3018 ex
2919 2964 3144 3036 cingulo
3198 2965 3479 3020 deorsum.
3530 2970 3791 3038 quamvis

2151 3072 2323 3127 super
2360 3057 2612 3113 altiorem
2670 3057 2945 3114 caballum
3000 3060 3221 3114 sederet
3264 3076 3427 3131 quam
3461 3062 3789 3134 epiSCOpus,

2151 3150 2296 3206 udus
2323 3149 2550 3207 eﬁ'ectus
2576 3158 2682 3216 est,
2725 3159 2781 3206 et
2808 3152 3157 3223 prospiciens
3202 3153 3257 3208 in
3290 3154 3627 3211 vestimenta
3662 3158 3788 3228 epi-

2155 3244 2310 3314 scOpi
2342 3244 2387 3297 si
2419 3259 2565 3314 aqua
2608 3242 3055 3311 infunderentur,
3089 3246 3187 3300 sed
3219 3261 3322 3301 nec
3362 3246 3416 3300 in
3445 3249 3630 3303 soccis
3666 3251 3791 3321 qui-

2155 3332 2279 3386 dem
2309 3349 2480 3387 unum
2513 3333 2685 3404 pilum
2722 3334 3008 3390 humidum
3032 3337 3342 3407 conspexit,
3376 3345 3432 3392 et
3458 3339 3529 3392 ad
3562 3340 3791 3410 episco-

2155 3441 2283 3495 pum
2307 3425 2475 3482 dixit:
2516 3446 2541 3477 α
2582 3426 2691 3499 Ego
2718 3428 2925 3483 uditate
2949 3429 3209 3499 perfusus
3227 3444 3373 3497 sum,
3407 3440 3464 3485 et
3488 3438 3597 3487 tua;
3632 3434 3791 3488 celsi-

2154 3512 2334 3567 tudini
2355 3514 2500 3584 pilus
2519 3514 2575 3569 in
2598 3515 2776 3571 soccis
2805 3531 2915 3571 non
2941 3525 3027 3571 est
3054 3516 3430 3572 madefactus:
3465 3541 3493 3568 ι
3530 3520 3627 3574 Cui
3650 3522 3789 3575 dixit

2156 3606 2479 3677 episc0pus:
2516 3627 2542 3659 α
2576 3607 2697 3663 Haec
2725 3625 2849 3681 quae
2869 3608 3079 3675 vidisti,
3108 3626 3196 3665 me
3214 3610 3433 3666 vivente
3460 3615 3682 3668 nemini
3707 3615 3791 3669 di-

2155 3716 2280 3756 cere
2293 3719 2616 3773 praasumas.
2639 3704 2760 3760 Alio
2782 3721 2912 3760 vero
2933 3711 3185 3777 tempore
3212 3723 3335 3761 cum
3354 3706 3424 3761 ad
3439 3709 3786 3781 colloquium

2156 3791 2367 3848 Ottonis
2414 3794 2764 3865 imperatoris
2804 3796 2875 3850 ad
2905 3796 3255 3852 Ratisbonam
3286 3798 3569 3855 civitatem
3636 3802 3790 3856 navi-

2156 3882 2341 3954 gando
2359 3899 2460 3952 per
2471 3882 2781 3939 Danubium
2808 3884 3000 3940 venire
3017 3884 3382 3955 decrevisset,
3397 3890 3648 3959 quodam
3674 3890 3786 3955 die,

2158 3976 2343 4032 nautis
2370 3976 2591 4034 incaute
2613 3985 2744 4034 ante
2766 3994 2827 4035 se
2841 3979 3343 4051 conspicientibus,
3374 3983 3534 4039 navis
3565 3984 3786 4039 cuidam

2156 4063 2308 4137 ligno
2341 4066 2656 4138 importune
2691 4068 3005 4140 conjuncta,
3033 4070 3194 4140 aquis
3218 4070 3430 4141 repleta
3465 4072 3789 4129 immersio-

2158 4168 2285 4208 nem
2316 4154 2577 4211 omnibus
2605 4156 2934 4211 minabatur.
2969 4157 3280 4213 Perturbati
3321 4175 3455 4216 vero
3479 4176 3685 4217 omnes
3737 4172 3790 4217 et

2159 4244 2357 4301 timore
2389 4247 2653 4317 perculsi,
2678 4248 2747 4302 ad
2778 4248 2931 4303 littus
2960 4265 3160 4322 magno
3191 4250 3376 4306 studio
3415 4268 3618 4309 navem
3655 4272 3788 4326 per-

2158 4338 2362 4393 ducere
2402 4339 2738 4396 festinarunt
2807 4340 2940 4395 Navi
2976 4358 3109 4397 vero
3149 4343 3319 4398 arida:
3364 4344 3628 4413 adducta,
3664 4365 3787 4420 quae

2157 4425 2299 4482 intra
2322 4430 2568 4483 erantad
2592 4429 2746 4484 littus
2766 4438 3143 4500 portaverunt,
3179 4432 3329 4488 illius
3362 4450 3495 4491 vero
3526 4437 3786 4508 episcopi

2158 4516 2451 4585 posteriori
2480 4526 2655 4573 rostro
2674 4518 2828 4573 navis
2853 4519 3100 4575 sedentis
3118 4521 3276 4576 obliti
3302 4530 3449 4578 sunt.
3482 4523 3639 4580 Unus
3654 4542 3785 4582 vero

2156 4609 2483 4666 clericorum
2515 4612 2646 4667 Mesi
2684 4613 3020 4680 nominatus,
3048 4631 3252 4688 magno
3299 4624 3529 4687 stupore
3577 4622 3790 4676 attoni—

2157 4712 2265 4775 tus,
2299 4706 2465 4763 dixit:
2502 4734 2523 4756 ιι
2557 4707 2666 4763 Heu
2704 4710 2864 4764 nobis
2893 4711 3146 4766 miseris!
3182 4713 3312 4783 quia
3349 4714 3559 4769 seniori
3595 4728 3787 4773 nostro

2159 4794 2210 4849 in
2240 4794 2343 4850 isto
2376 4796 2622 4866 periculo
2651 4786 2937 4866 adjutoi'es
2957 4814 3068 4855 non
3101 4799 3325 4864 fuimus,
3350 4821 3376 4852 ι
3410 4811 3467 4857 et
3500 4804 3593 4859 his
3620 4806 3788 4860 dictis

2157 4903 2387 4943 currens
2415 4905 2516 4958 per
2556 4888 2987 4959 profunditatem
3017 4907 3173 4963 aquas
3204 4908 3329 4965 qua:
3355 4894 3413 4947 in
3448 4896 3575 4950 navi
3603 4896 3785 4953 fuerat

2153 4988 2506 5054 congregata,
2540 4982 2839 5052 assumptis
2895 4982 3139 5038 brachiis
3188 4985 3436 5057 episcopi
3471 5003 3649 5059 super
3684 4990 3785 5044 hu-

2153 5084 2336 5125 meros
2361 5068 2503 5137 ejus,
2527 5069 2713 5125 evexit
2735 5086 2861 5125 eum
2889 5078 3042 5126 extra
3059 5087 3279 5140 navem,
3303 5075 3569 5130 omnibus
3592 5077 3780 5149 itaque

2153 5164 2415 5236 expositis
2441 5172 2497 5221 et
2543 5165 2638 5221 illo
2670 5164 2973 5221 novissime
3005 5182 3250 5239 egresso,
3297 5169 3453 5224 navis
3498 5170 3555 5225 in
3591 5181 3783 5243 poste-

2155 5254 2286 5309 riori
2326 5260 2481 5326 parte
2511 5253 2870 5325 profunditati
2903 5254 3158 5311 demersa
3188 5265 3288 5312 est.
3326 5257 3465 5322 Quid
3499 5261 3704 5315 mirum
3734 5262 3780 5317 si

2153 5343 2309 5399 navis
2323 5350 2524 5401 onusta
2550 5359 2617 5399 eo
2648 5343 2940 5399 insedente
2973 5345 3149 5419 mergi
3191 5360 3302 5401 non
3336 5348 3537 5416 potuit,
3570 5350 3673 5404 sed
3714 5365 3778 5405 eo

2146 5439 2380 5508 jubente
2406 5455 2576 5511 super
2595 5456 2793 5512 aquam
2825 5440 2973 5495 stetit
3004 5440 3099 5512 qui
3131 5439 3294 5497 beato
3332 5440 3496 5497 Petro
3525 5442 3803 5515 apostolo‘

2151 5528 2328 5583 undas
2392 5528 2558 5583 maris
2592 5527 2661 5583 ad
2713 5527 3277 5599 superamhulandum
3310 5532 3537 5601 propria
3582 5533 3775 5587 volun-

2150 5623 2258 5673 tate
2278 5616 2514 5674 ﬁrmavit
2534 5616 2562 5670 ?
2592 5617 2681 5672 Sic
2708 5634 2817 5672 non
2842 5635 2907 5672 ex
2936 5634 3034 5672 sua
3065 5618 3411 5686 conditione,
3444 5622 3547 5675 sed
3581 5637 3645 5677 ex
3667 5637 3775 5675 me-

2150 5710 2271 5765 ritis
2294 5711 2351 5766 in
2383 5726 2450 5767 ea
2478 5709 2729 5765 sedentis
2752 5710 2907 5765 navis
2934 5709 3154 5765 interim
3182 5726 3566 5784 super-aquas
3586 5722 3773 5769 natare
