3924 6410
162 446 307 500 1041

1763 443 1931 496 νιτΑ.

3385 437 3524 493 1012

158 578 470 653 cogebatur
507 576 690 631 donec
727 572 943 629 cunctis
963 572 1259 643 stipendiis
1274 580 1332 627 et
1361 574 1628 629 oneribus
1661 574 1797 628 rele-
1824 581 1870 645 Α
1968 574 2075 640 XX,
2149 572 2476 644 Hymnizans
2532 578 2757 626 sanctus
2841 568 3137 624 Dominum
3204 567 3522 640 episcopus,

155 675 408 733 varetur,
451 672 647 737 postea
675 679 806 719 vero
829 662 1088 717 immersa
1115 662 1492 718 nuntiabatur.

234 758 401 813 XVIII
458 758 688 812 Romam
728 755 951 809 visitare
1002 754 1188 825 itaque
1235 770 1361 809 cum
1392 755 1632 825 quodam
1658 762 1796 808 tem-

155 863 301 919 pore
322 845 577 902 aestuanti
607 845 794 899 animo
825 843 1190 909 desideraret,
1250 853 1306 897 et
1331 844 1400 897 ad
1435 842 1661 897 ﬂuvium
1695 858 1795 898 no-

156 937 317 990 mine
342 937 567 991 Tarcum
623 933 742 1003 (51)
784 932 1121 1003 perveniret,
1181 939 1291 986 tam
1325 932 1695 1003 periculosum
1731 948 1797 986 ex

158 1024 532 1079 inundatione
563 1039 832 1094 aquarum
887 1020 1093 1076 factum
1144 1020 1376 1089 invenit,
1410 1029 1469 1078 ut
1527 1023 1710 1077 nullus
1731 1039 1797 1076 ex

157 1125 401 1189 utraque
429 1127 583 1188 parte
615 1116 1035 1171 advenientium
1064 1132 1131 1170 eo
1158 1117 1247 1170 die
1270 1118 1353 1171 vel
1397 1118 1506 1172 alio
1535 1134 1595 1171 se
1633 1134 1797 1189 posse

155 1214 360 1267 venire
386 1228 556 1284 super
602 1228 731 1267 eum
789 1219 1039 1283 speraret
1073 1230 1086 1265 :
1119 1218 1341 1267 sanctus
1401 1213 1699 1283 episc0pns
1739 1214 1794 1267 in

159 1306 344 1360 Deum
371 1304 682 1366 confidens,
712 1315 970 1375 paratura
998 1304 1274 1358 missatica
1292 1321 1351 1358 se
1381 1305 1534 1359 indui
1569 1305 1796 1359 festina-

158 1394 265 1460 vit,
286 1403 343 1448 et
365 1396 419 1448 in
445 1394 625 1448 littore
656 1393 903 1447 ﬂuminis
930 1410 1053 1447 cum
1087 1393 1204 1446 suis
1251 1393 1546 1447 comitibus
1572 1395 1795 1448 missam

158 1482 367 1538 devote
396 1481 718 1545 celebravit,
750 1488 803 1536 et
834 1489 961 1552 post
992 1481 1211 1535 missam
1250 1481 1535 1552 praefatum
1568 1482 1793 1537 fluvium

160 1581 322 1628 tanta
353 1574 747 1629 commoditate
798 1574 1069 1639 transivit,
1119 1581 1178 1627 ut
1210 1573 1344 1628 nulli
1376 1574 1497 1643 ejus
1532 1575 1793 1628 comitum

156 1668 375 1739 aliquid
426 1667 815 1722 adversitatem
875 1667 1146 1729 eveniret,
1176 1668 1275 1720 sed
1324 1683 1520 1721 omnes
1572 1669 1706 1722 salvi
1737 1676 1795 1724 et

159 1756 477 1811 incolumes
505 1756 680 1809 Deum
710 1749 994 1810 laudantes
1014 1756 1310 1827 gaudendo
1334 1756 1485 1810 ibant
1511 1758 1793 1826 perviam.

239 1844 373 1899 XIX.
408 1843 747 1898 Multimodis
815 1844 1010 1897 Christi
1053 1844 1292 1898 servitiis
1347 1860 1472 1898 cum
1513 1843 1847 1952 ferventis-l

164 1934 312 1987 sime
346 1933 647 2011 insisteret,
675 1942 730 1987 et
785 1932 1036 2003 undique
1087 1933 1424 2003 amplificare
1474 1932 1795 1997 studuisset,

161 2028 278 2081 Deo
309 2026 575 2090 donante,
607 2026 964 2099 excogitavit,
1018 2036 1244 2095 propter
1281 2026 1565 2092 cujusdam
1594 2026 1799 2079 sancti-

159 2106 786 2188 monialis‘religionem
820 2118 1018 2173 Emoza
1047 2118 1366 2183 nominatae,
1397 2119 1466 2171 ad
1498 2107 1794 2172 ecclesiam

159 2206 351 2261 Sancti
380 2206 650 2277 Stephani
683 2207 1097 2277 protomartyris
1143 2207 1623 2261 sanctimonalium
1657 2223 1796 2261 con-

160 2299 549 2373 gregationem
586 2314 947 2368 componere,
1003 2308 1057 2353 et
1092 2298 1297 2371 regulae
1328 2299 1633 2353 sanctitatis
1662 2299 1795 2353 sub-

165 2391 325 2456 dere,
369 2397 633 2444 etsancto
674 2390 947 2444 velamine
1006 2390 1221 2445 Christo
1278 2392 1391 2445 Deo
1435 2391 1795 2460 desponsatas

163 2478 530 2550 conjungere.
563 2478 715 2542 Quod
747 2494 873 2533 cum
904 2477 1103 2534 factum
1134 2478 1348 2545 fuisset,
1382 2481 1633 2550 quaedam
1672 2497 1796 2535 mu-

163 2568 271 2623 lier
298 2584 427 2624 cum
455 2583 731 2623 consensu
749 2568 1032 2623 connubia
1046 2569 1228 2623 mariti
1258 2569 1795 2639 despiciens,eidem

163 2664 590 2737 congregationi
613 2664 683 2719 ob
715 2664 914 2718 futurae
946 2664 1309 2719 beatitudinis
1331 2667 1644 2720 mercedem
1664 2666 1797 2720 obe-

164 2756 439 2810 dientiam
496 2755 745 2827 professa
796 2772 856 2810 se
922 2756 1240 2823 admiscuit,
1296 2758 1601 2812 litterarum
1663 2775 1794 2813 vero

160 2848 403 2903 scientia
458 2848 527 2902 ad
584 2848 984 2917 perfectionem
1035 2849 1196 2903 docta
1253 2865 1363 2904 non
1413 2851 1691 2915 manebat,
1727 2852 1793 2904 ad

160 2939 443 2994 exteriora
499 2946 682 2994 autem
742 2940 1090 2996 necessitatis
1174 2957 1343 3011 opera
1410 2943 1791 2997 strenuitatem

160 3044 423 3101 magnam
448 3028 704 3093 habebat,
739 3037 794 3084 et
825 3029 950 3085 ideo
1009 3029 1131 3084 aliae
1191 3031 1639 3086 sanctimoniales
1671 3048 1791 3085 eam

161 3116 510 3171 cellerariam
563 3116 747 3171 facere
810 3119 1128 3173 voluerunt.
1193 3118 1307 3183 Qua
1343 3127 1637 3184 renuente,
1674 3122 1795 3191 epi—

162 3220 337 3275 scopo
370 3205 681 3259 nuntiatum
707 3213 809 3271 est,
844 3214 898 3261 et
933 3206 1304 3277 supplicatum
1336 3218 1420 3262 est
1445 3218 1505 3267 ut
1540 3226 1663 3263 cum
1695 3227 1791 3265 sua

165 3302 445 3365 potestate
467 3294 835 3349 ministerium
870 3261 1079 3349 cellarii
1132 3298 1632 3354 commendaretur.
1669 3300 1794 3369 Epi-
1820 3261 1866 3327 Ο

164 3401 372 3456 scopus
402 3402 554 3453 vero,
583 3387 971 3458 supplicationi
1016 3405 1305 3444 assensum
1338 3392 1613 3461 praebens,
1657 3410 1796 3464 prie-

165 3474 337 3530 fatam
368 3475 845 3531 sanctimonialem
904 3478 1245 3533 cellerariam
1299 3496 1422 3533 esse
1485 3482 1792 3552 praeacpit;

162 3568 263 3622 illa
319 3576 505 3622 autem
562 3575 838 3640 praecepto
869 3569 1116 3641 episcopi
1152 3588 1261 3627 non
1303 3573 1568 3635 obeilivit,
1612 3575 1709 3628 sed
1740 3576 1794 3629 in

166 3662 407 3734 pristina
446 3662 813 3737 refragatione‘
843 3672 1139 3721 conataest
1166 3668 1480 3738 persistere.
1530 3670 1801 3740 Sequenti

165 3769 302 3811 vero
330 3762 494 3810 nocte
528 3755 583 3809 in
614 3756 824 3811 somnis
844 3757 1057 3812 audivit
1098 3774 1291 3814 vocem
1340 3760 1613 3815 dicentem
1646 3762 1755 3815 sibi
1785 3780 1799 3816 ε

174 3869 193 3896 ι
218 3846 480 3911 Quianon
500 3846 741 3902 obedisti
758 3857 1034 3920 praecepto
1049 3851 1322 3921 episc0pi,
1344 3852 1469 3907 ideo
1491 3869 1594 3907 usu
1610 3855 1805 3908 ambu-

172 3942 328 3998 landi
363 3942 805 4014 privaristandiu
821 3945 1001 4001 donec
1029 3946 1098 4000 ab
1114 3963 1180 4001 eo
1208 3947 1528 4003 absolveris.
1557 3966 1578 4001 ii
1604 3950 1808 4022 Exper-

170 4034 388 4109 gefacta
419 4045 605 4089 autem
629 4036 952 4092 dissolutam
1012 4039 1279 4095 membris
1310 4040 1383 4095 ita
1430 4059 1489 4096 se
1522 4058 1647 4097 esse
1679 4060 1806 4114 per-

169 4124 370 4195 sensit,
397 4131 457 4179 ut
483 4124 696 4179 nullum
724 4126 1044 4182 ambulandi
1086 4126 1342 4183 effectum
1368 4130 1573 4185 habere
1597 4134 1809 4202 potuis-

174 4220 282 4268 set.
338 4212 448 4268 liae
499 4212 818 4269 infirmitate
876 4215 1063 4289 ligata,
1119 4216 1397 4273 laboriose
1448 4222 1808 4290 exspectabat

174 4302 475 4356 adventum
507 4301 778 4373 episcOpi.
848 4304 1074 4358 Interim
1131 4321 1261 4361 vero
1318 4309 1814 4381 apprOpinquabat

178 4403 404 4465 tempus
422 4396 708 4466 synodalis
727 4396 1014 4469 colloquii,
1042 4409 1096 4454 et
1114 4400 1414 4473 episcOpus
1431 4405 1497 4458 ad
1513 4407 1805 4477 Augustam

176 4483 557 4538 revertebatur
585 4502 599 4550 ;
633 4486 739 4540 hoc
770 4502 894 4540 cum
927 4487 1146 4542 infirma
1172 4490 1610 4547 sanctimonialis
1638 4496 1801 4550 audi-

178 4584 284 4641 ret,
306 4576 522 4650 rogavit
546 4592 605 4631 se
631 4577 833 4647 portari
865 4578 921 4632 in
944 4572 1233 4634 ecclesiam
1275 4582 1486 4637 Sanctae
1538 4584 1717 4640 Mariae
1750 4593 1803 4640 et

174 4666 463 4723 obtutibus
491 4667 613 4738 ejus
668 4671 1074 4740 reprzesentari,
1120 4689 1356 4745 cumque
1404 4675 1473 4729 ad
1504 4676 1624 4744 ejus
1664 4694 1804 4747 pra;-

174 4758 416 4813 sentiam
440 4760 679 4826 veniret,
708 4761 829 4829 ejus
882 4761 1319 4818 misericordiam
1372 4766 1659 4835 deprecari
1687 4784 1805 4823 coe—

174 4850 274 4920 pit,
308 4849 453 4904 ulab
495 4850 873 4926 afﬂigentibus
920 4854 1335 4929 alligationibus
1366 4857 1701 4916 infirmitatis
1732 4863 1802 4917 ab

173 4958 242 4997 eo
268 4942 825 4999 absolvimereretur.
860 4945 1058 5001 Audita
1084 4948 1206 5016 ejus
1238 4949 1655 5020 deprecatione,
1688 4956 1805 5026 epi-

172 5046 379 5101 sc0pus
411 5030 480 5085 de
527 5030 910 5087 inobedientia
956 5050 1075 5089 eam
1136 5036 1462 5107 increpavit,
1505 5048 1805 5098 etmunere

173 5122 589 5178 benedictionis
614 5124 775 5179 simul
800 5135 854 5179 et
882 5126 1249 5201 indulgentiae
1291 5130 1548 5186 donatam
1573 5134 1800 5190 dimisit.

171 5212 427 5282 Cumque
471 5212 539 5266 ab
568 5229 634 5267 ea
666 5222 1041 5270 reverteretur
1071 5218 1391 5288 episcopus,
1426 5222 1612 5277 statim
1661 5226 1807 5280 sani-

173 5299 273 5355 tati
319 5300 576 5355 restituta
625 5303 900 5357 currendo
960 5306 1243 5374 praecessit
1270 5308 1616 5379 episeOpum,
1650 5321 1807 5368 ante-

171 5408 342 5464 quam
360 5392 452 5447 ille
466 5394 887 5463 perambularet
904 5397 1217 5465 ecclesiam,
1238 5407 1446 5465 et,ante
1459 5404 1804 5459 celsitudinis

170 5488 300 5553 ejus
334 5488 685 5558 praesentiam
706 5496 993 5559 prostrata,
1018 5492 1187 5547 Deum
1216 5510 1314 5565 pro
1338 5495 1551 5551 reddita
1573 5498 1806 5554 sanitate

169 5579 481 5645 laudando,
534 5581 786 5650 promisit
812 5582 883 5638 de
945 5583 1330 5642 inobedientia
1361 5588 1499 5642 ultra
1532 5606 1653 5644 sese
1689 5590 1808 5645 fore

170 5665 625 5735 emendaturam,
639 5675 692 5723 et
705 5670 772 5724 ad
788 5671 1041 5742 proprias
1057 5674 1466 5731 mansiunculas
1484 5676 1608 5731 laeta
1620 5679 1805 5735 rediit.

249 5790 363 5872 (ἕρ
394 5790 567 5872 ’[ειιάδ
590 5790 790 5872 Plinio,
824 5793 1194 5872 ﬂuviusltatis
1221 5799 1560 5872 Cispadanaz.

250 5860 368 5932 (52)
401 5864 566 5917 Zoam
596 5877 697 5933 pro
724 5866 855 5934 vita,
888 5870 1054 5924 vitam
1094 5886 1193 5941 pro
1221 5860 1408 5928 ani-mo
1441 5876 1742 5945 usurpavit.

1825 4632 1876 4698 D

1899 666 2067 720 habili
2120 674 2369 736 tempore
2444 671 2634 735 postea
2699 661 2995 717 ecclesiam
3067 660 3121 713 in
3201 660 3522 715 cmmeterio

1899 758 2111 811 Sanctae
2142 757 2323 811 Mariae
2348 756 2402 810 in
2434 755 2658 810 modum
2702 744 3187 808 crucis'zedifiearc
3220 750 3410 821 coepit,
3447 757 3522 817 et,

1899 847 2264 903 :edificatione
2322 854 2540 918 peracta
2608 846 2982 916 altaribusque
3042 844 3291 915 quinque
3365 843 3420 897 in
3459 858 3524 897 ea

1898 940 2240 1010 compositis,
2274 939 2330 993 in
2358 940 2567 995 honore
2599 938 2775 992 sancti
2806 935 3034 991 Joannis
3061 934 3317 1005 Baptista:
3350 935 3519 989 dedi-

1900 1030 2062 1095 cavit,
2095 1039 2151 1083 et
2180 1029 2391 1083 dolium
2424 1027 2743 1098 baptizandi
2786 1027 2855 1080 de
2891 1035 3046 1096 petra
3078 1026 3321 1081 excisum
3360 1026 3413 1080 in
3456 1041 3520 1080 ea

1899 1122 2161 1178 constitui
2204 1121 2356 1184 fecit,
2398 1128 2470 1185 et,
2501 1121 2629 1175 dote
2679 1120 3060 1195 legitimatam,
3098 1120 3421 1190 presbytero
3451 1119 3519 1174 ad

1899 1211 2308 1282 procurandum
2331 1210 2385 1263 in
2410 1208 2613 1263 divinis
2634 1208 2834 1262 officiis
2860 1209 3358 1273 commendavit,et
3384 1226 3521 1280 prte-

1899 1304 2046 1373 cepit
2075 1311 2133 1356 ut
2165 1302 2516 1356 matricularii
2547 1301 2601 1354 in
2621 1300 2770 1354 omni
2801 1301 3250 1355 hebdomadadie
3270 1301 3517 1369 Sabbati,

1900 1401 1956 1448 et
1986 1394 2042 1447 in
2073 1393 2195 1447 aliis
2226 1391 2570 1446 solemnibus
2600 1390 3010 1457 festivitatibus,
3062 1408 3186 1445 cum
3222 1392 3518 1466 Evangelia

1901 1488 1953 1536 et
1986 1481 2242 1534 crucibus
2268 1489 2321 1533 et
2352 1479 2548 1545 cereis,
2590 1494 2712 1533 cum
2772 1478 2863 1532 Dei
2911 1479 3170 1533 laudibus
3202 1490 3522 1535 reverenter

1898 1574 2202 1639 visitarent,
2247 1582 2300 1627 et
2327 1573 2383 1625 in
2414 1572 2659 1625 Paschali
2711 1573 3079 1638 hebdomada,
3126 1590 3289 1643 quam
3325 1573 3517 1628 dicunt

1899 1667 2039 1721 infra
2070 1667 2251 1731 Albas,
2294 1666 2424 1736 quia
2480 1673 2609 1721 tunc
2657 1667 3003 1721 consuetudo
3032 1676 3118 1721 est
3159 1674 3268 1721 tres
3298 1677 3519 1723 cantare

1899 1758 2138 1829 psalmos
2169 1759 2234 1812 ad
2262 1758 2581 1828 Vesperam,
2624 1767 2974 1813 remanentes
3005 1758 3144 1813 duos
3172 1759 3301 1813 illuc
3332 1760 3517 1813 dcam-

1900 1848 2139 1901 bulando
2170 1863 2292 1900 cum
2315 1848 2616 1918 antiphona
2634 1854 2687 1900 et
2710 1852 2840 1902 tono
2872 1847 3111 1902 formosa
3135 1849 3517 1904 modulatione

1903 1936 2259 2011 perpsallere,
2322 1948 2377 1996 et
2407 1942 2524 2013 ipse
2582 1958 2833 2013 persaepe
2875 1943 2952 1996 ibi
2985 1942 3253 1998 salutares
3312 1944 3519 2000 hostias

1899 2035 2009 2088 Deo
2052 2034 2335 2089 immolare
2365 2034 2671 2089 consuevit.

1968 2124 2100 2178 XXI.
2130 2125 2287 2178 Zoam
2317 2124 2491 2195 (52)in
2521 2124 3087 2196 ultimistemporibus
3119 2143 3272 2181 suam
3305 2127 3517 2183 salvare

1898 2213 2197 2282 cupiendo,
2264 2214 2447 2268 animo
2506 2214 2769 2280 decrevit,
2803 2216 3052 2286 quamvis
3073 2216 3217 2270 vires
3271 2217 3518 2287 corporis

1896 2310 1963 2363 de
1996 2310 2085 2363 die
2111 2310 2167 2363 in
2204 2310 2348 2363 diem
2383 2311 2703 2365 decrescere
2726 2312 2975 2377 sentiret,
3002 2319 3060 2365 ut
3083 2312 3272 2365 limina
3293 2320 3516 2383 aposto-

1897 2399 2072 2453 lorum
2106 2399 2247 2452 Petri
2306 2406 2360 2453 et
2418 2398 2568 2453 Pauli
2627 2398 2827 2453 devota
2867 2398 3176 2453 intentione
3210 2400 3518 2456 laborasset

1896 2488 2133 2541 visitare.
2172 2488 2413 2559 Cumque
2446 2488 2845 2559 aliquantulum
2869 2489 3082 2553 itineris
3121 2493 3433 2564 peregisset
3462 2494 3517 2549 in

1898 2591 2178 2654 carpento,
2208 2594 2262 2640 et
2291 2585 2356 2639 ad
2391 2584 2732 2640 difficiliores
2758 2586 2874 2639 vias
2906 2588 3243 2656 perveniret,
3278 2604 3387 2643 non
3421 2606 3518 2653 po-

1899 2674 2001 2727 tuit
2031 2674 2137 2727 iter
2165 2676 2305 2728 ultra
2338 2691 2621 2745 peragere,
2647 2685 2943 2746 antequam
2964 2676 3017 2730 in
3039 2676 3181 2732 lecto
3214 2678 3521 2733 collocatus

1896 2765 2055 2836 equis
2078 2767 2459 2836 superpositus
2487 2784 2718 2840 pergere
2749 2768 2917 2837 etrapit
2951 2786 2962 2821 :
2996 2769 3188 2840 sicque
3212 2771 3519 2843 pergendo,

1896 2858 2147 2929 quamvis
2168 2856 2464 2911 comitibus
2490 2857 2608 2929 ejus
2638 2856 2845 2927 ubique
2877 2858 3253 2928 periculosum
3288 2860 3518 2915 videre-

1897 2955 2004 3012 tur,
2040 2948 2150 3000 Deo
2172 2946 2422 3016 juvante,
2446 2954 2500 3000 et
2523 2954 2714 3001 sancto
2746 2946 2907 3002 Petro
2968 2947 3240 3018 apostolo,
3274 2948 3396 3003 sine
3424 2965 3522 3019 pe-

1897 3038 2066 3093 riculo
2098 3039 2324 3093 Romam
2350 3038 2623 3107 pervenit,
2653 3045 3016 3110 votorumque
3047 3040 3120 3093 ibi
3140 3047 3301 3094 antea
3332 3040 3522 3111 dispo-

1894 3126 2125 3180 sitorum
2151 3134 2204 3179 et
2258 3126 2721 3196 promissionibus
2761 3127 3118 3181 devotissime
3170 3129 3422 3198 expletis,
3466 3138 3522 3185 et

1895 3217 2331 3291 gratissimorum
2383 3217 2883 3271 emolumentorum
2938 3225 2992 3270 et
3046 3218 3519 3289 indulgentiarum

1896 3304 2057 3358 donis
2086 3305 2352 3374 acceptis,
2409 3305 2824 3376 permissosque
2885 3307 2993 3375 (53)
3032 3307 3237 3362 salubri
3269 3326 3298 3363 a
3327 3320 3518 3367 sancto

1897 3393 2054 3447 Petro
2084 3399 2137 3446 et
2162 3392 2367 3447 vicario
2394 3393 2516 3459 ejus
2572 3394 2854 3464 pontifice,
2915 3396 3241 3468 caeterisquc
3285 3399 3393 3454 Deo
3432 3400 3512 3454 ibi

1896 3487 2084 3535 sancto
2124 3480 2283 3534 Petro
2310 3481 2695 3548 militantibus,
2725 3482 3127 3537 honorabiliter
3156 3494 3405 3557 accepto,
3432 3485 3518 3542 fe-

1897 3576 2060 3630 licem
2094 3577 2330 3647 reditum
2360 3577 2503 3645 iniit,
2536 3584 2591 3631 et
2617 3578 2931 3633 Ravennam
2956 3580 3178 3635 visitare
3211 3581 3509 3652 disposuit.

1903 3668 2145 3740 lllucque
2176 3686 2300 3723 cum
2331 3670 2819 3741 apprOpinquaret,
2883 3671 3273 3742 imperatorem
3307 3674 3515 3744 glorio-

1904 3775 2025 3814 sum
2054 3759 2303 3813 Ottonem
2337 3774 2457 3813 cum
2483 3759 2835 3829 imperatricc
2876 3760 3176 3815 Adalhaida
3209 3761 3522 3819 ibimanere

1905 3850 2194 3921 comperit,
2219 3860 2273 3904 et
2302 3859 2429 3904 ante
2459 3866 2519 3905 se
2554 3850 2720 3905 misso
2753 3851 2949 3905 nuntio
2972 3850 3270 3905 adventum
3300 3853 3522 3923 ejusilli

1908 3939 2192 4006 indicavit,
2225 3948 2280 3995 et
2308 3940 2401 3994 ille
2420 3940 2597 3994 statim
2630 3940 2883 3996 nuntium
2926 3941 3212 4012 sequendo
3227 3941 3294 3996 ad
3316 3942 3522 3997 ostium

1906 4028 2145 4084 cubiculi
2176 4029 2522 4099 imperatoris
2548 4029 2817 4099 pervenit.
2879 4032 3181 4100 Imperator
3211 4046 3360 4094 vero,
3395 4048 3521 4087 cum

1908 4139 2033 4177 eum
2092 4123 2147 4176 in
2210 4129 2358 4177 tanta
2422 4123 2704 4177 vicinitate
2760 4139 2987 4178 manere
3043 4123 3379 4198 agnovisset,
3410 4140 3523 4179 uno

1908 4213 2052 4283 pede
2082 4212 2326 4268 calceato
2353 4221 2407 4267 et
2436 4214 2544 4267 alio
2574 4214 2756 4267 adhuc
2788 4214 3112 4277 incalceato,
3146 4229 3311 4268 causa
3343 4212 3528 4267 humi:-

1907 4301 2073 4356 litatis
2120 4311 2174 4356 et
2227 4302 2513 4375 ﬂagrantia
2558 4302 2731 4357 divini
2798 4303 3020 4369 amoris,
3073 4319 3197 4357 eum
3229 4304 3298 4357 ad
3346 4303 3526 4357 susei-

1908 4390 2174 4461 piendum
2204 4390 2517 4445 amabiliter
2548 4390 2842 4447 festinavit.
2895 4390 3142 4463 Cumque
3181 4392 3240 4446 in
3267 4392 3528 4448 cubiculo

1908 4483 2173 4538 accersita
2201 4484 2552 4554 imperatrice
2592 4485 2745 4539 suavi
2772 4471 3060 4556 colloquio.
3090 4486 3424 4553 fruerentur,
3469 4493 3523 4540 et

1901 4576 2128 4631 alternis
2160 4577 2531 4632 locutionibus
2585 4578 2927 4633 diversarum
2984 4596 3164 4634 rerum
3226 4589 3529 4650 proventus

1904 4665 2290 4732 terminarent,
2320 4666 2404 4719 vir
2453 4674 2677 4720 sanctus
2728 4668 3116 4738 imperatorem
3150 4684 3275 4722 cum
3324 4668 3529 4724 auxilio

1905 4757 2270 4828 imperatrieis
2316 4757 2562 4832 ﬂagitare
2612 4758 2781 4829 coepit
2830 4767 2890 4812 ut
2954 4758 3066 4813 filio
3134 4759 3342 4814 sororis
3410 4775 3527 4814 sua:

1905 4849 2239 4904 Adalberoni
2271 4849 2715 4920 procurationem
2739 4850 3216 4920 suiepiscopatus,
3254 4850 3529 4924 regimen-

1905 4956 2013 5010 que
2038 4954 2204 5008 super
2242 4938 2502 4992 familiam
2556 4946 2610 4991 et
2640 4938 2826 4993 omnia
2881 4937 3105 5011 negotia
3135 4937 3423 4993 szecularia
3455 4938 3524 4992 ad

1906 5046 2031 5084 eum
2065 5030 2416 5099 pertinentia,
2440 5028 2679 5084 fideliter
2708 5029 3049 5099 firmiterque
3079 5029 3520 5095 commendaret,

1907 5133 1961 5179 et
1988 5132 2046 5179 ut
2086 5140 2117 5178 a
2143 5125 2475 5180 celsitudine
2502 5126 2621 5194 ejus
2657 5125 2961 5196 imperialis
2993 5125 3252 5195 potentiae
3287 5125 3530 5195 promis-

1908 5232 2027 5269 sum
2068 5215 2464 5270 consolationis
2495 5216 2747 5285 accipere
2779 5225 3108 5279 mereretur,
3143 5223 3202 5268 ut
3256 5223 3381 5284 post
3411 5215 3531 5285 ejus

1907 5310 2211 5364 discessum
2244 5310 2561 5363 cathedram
2594 5309 2927 5380 episcopalis
2960 5308 3250 5378 potestatis
3278 5308 3328 5363 ei
3357 5308 3533 5363 dona-

1908 5406 2010 5464 ret,
2045 5407 2103 5452 ut
2124 5398 2226 5452 sibi
2250 5393 2478 5465 majoris
2503 5399 2601 5453 otii
2631 5399 2701 5452 ad
2756 5398 3001 5452 studium
3059 5398 3325 5452 orationis
3355 5404 3409 5452 et
3441 5412 3538 5451 ec-

1908 5493 2200 5549 clesiastici
2252 5492 2536 5567 regiminis
2588 5503 2643 5548 et
2700 5493 3122 5548 Christianitatis
3179 5491 3531 5547 stabilitatem

1910 5584 2140 5640 facultas
2200 5586 2621 5641 concederetur.
2682 5583 2849 5653 Cujus
2910 5584 3118 5654 petioni
3182 5583 3455 5659 gloriosus
3483 5589 3537 5637 et

1918 5678 2227 5734 benevolus
2256 5679 2554 5749 imperator
2584 5694 2875 5732 assensum
2907 5677 3162 5748 praebens
3190 5677 3533 5733 saecularium

1994 5809 2103 5879 (553)
2133 5813 2474 5865 Permissum.
2513 5808 2735 5864 Urtaub.
