3924 6400
358 413 380 465 1
393 412 499 466 043

1447 413 1498 466 S.
1542 413 1847 468 L'DALRICI
1890 412 2262 470 AUGUSTANI
2305 414 2617 470 EPISCOPI.

3570 415 3713 473 1044

358 546 707 619 negotiorum
738 546 1068 601 commercia
1097 544 1428 602 Adalberoni
1467 546 1894 609 commendavit,
1929 553 1984 601 et
2004 548 2060 617 Α
2087 545 2348 616 cipiente.
2384 567 2412 596 η
2442 546 2538 602 Cui
2570 545 2708 602 dixit
2734 546 3031 618 episcopus
3063 564 3076 600 :
3111 566 3135 597 ι
3186 547 3389 611 Frater,
3419 547 3567 602 bene
3609 546 3715 602 tibi

359 636 696 707 episcopalis
727 637 994 693 honorem
1041 636 1316 692 cathedrae
1358 646 1481 708 post
1506 638 1672 694 vitam
1705 638 1977 710 episcOpi,

362 726 409 780 si
438 727 585 781 Deus
612 726 799 792 vellet,
828 726 877 780 ei
908 725 1115 781 donare
1147 726 1421 797 promisit,
1464 736 1519 782 et
1575 728 1805 798 insuper
1835 728 1978 783 mul-

364 819 433 875 tis
454 817 613 872 libris
642 817 759 872 auri
789 817 1114 888 epiSCOpum
1172 818 1435 874 donatum
1489 820 1803 876 amabiliter
1828 820 1979 875 abire

366 908 637 980 permisit,
672 917 726 962 et
755 909 875 978 ejus
900 908 1221 963 mansiones
1266 925 1390 964 cum
1443 910 1552 965 alio
1607 912 1832 966 servitio
1884 927 1981 966 ne-

366 996 630 1059 cessario,
670 1012 791 1052 cum
832 997 945 1051 suis
975 995 1233 1052 fidelibus
1291 1014 1467 1069 usque
1516 998 1584 1054 ad
1627 999 1794 1055 finem
1838 999 1985 1055 illius

370 1083 669 1156 provinciae
688 1091 844 1140 caute
878 1085 1171 1157 disposuit.

439 1177 596 1233 XXII.
651 1177 960 1250 Episcopus
1009 1185 1191 1234 autem
1247 1186 1303 1234 et
1374 1179 1632 1251 prazfatus
1688 1181 1985 1249 Adalbero,

370 1266 815 1324 cumlietabundi
881 1274 1291 1323 reverterentur
1320 1268 1387 1323 ad
1419 1268 1716 1335 civitatem,
1759 1271 1990 1326 honori-

372 1356 476 1411 fice
507 1356 651 1411 sicut
678 1356 865 1411 decuit
892 1357 1137 1428 suscepti
1163 1365 1313 1425 sunt,
1346 1367 1401 1413 et
1432 1374 1627 1414 omnes
1658 1360 1753 1431 qui
1797 1360 1871 1414 ibi
1901 1360 1992 1414 in-

372 1448 521 1505 venti
543 1455 694 1512 sunt,
719 1456 1002 1521 comperta
1049 1466 1241 1506 eorum
1281 1466 1553 1522 prospera
1584 1453 1907 1508 reversione
1939 1461 1995 1509 et

374 1538 839 1595 honorificatione
870 1539 938 1594 ab
971 1540 1303 1611 imperatore
1337 1541 1419 1595 eis
1440 1541 1601 1610 facta,
1631 1542 1791 1598 valde
1820 1542 1995 1597 laetifi-

375 1631 481 1689 cati
525 1640 674 1687 sunt.
707 1632 857 1687 Tunc
878 1648 1008 1688 vero
1026 1632 1288 1703 praefatus
1318 1633 1614 1702 Adalbero,
1646 1635 1996 1710 congregatis

376 1723 647 1780 militibus
672 1723 949 1794 episcopi,
972 1724 1307 1780 desideravit
1338 1731 1397 1780 ut
1418 1725 1467 1780 ei
1494 1734 1836 1781 sacramenta
1861 1727 1994 1781 title-

2085 645 2275 691 notum
2305 644 2387 690 est
2412 636 2751 691 desiderium
2778 652 2986 702 meum,
3012 652 3209 691 enarra
3242 638 3371 703 hoc,
3399 645 3455 691 et
3475 637 3714 691 obsecra

2078 734 2138 781 ut
2168 742 2358 781 eorum
2399 726 2648 781 consiliis
2677 734 2731 781 et
2791 726 3277 797 permissionibus,
3313 726 3424 781 Deo
3450 725 3710 793 juvante,

2080 816 2355 886 expletum
2386 815 2497 870 fiat.
2532 838 2557 864 υ
2579 814 2731 871 Tunc
2753 814 3017 885 praefatus
3045 814 3283 869 clericus
3303 814 3620 869 Gerhardus
3650 814 3709 867 in

2085 908 2377 979 priesentia
2416 908 2660 963 omnium
2701 908 2838 962 dixit
2875 925 2933 960 τα
2978 906 3438 963 Excellentissimi
3462 907 3714 977 impera-

2086 1004 2252 1061 tores,
2287 1002 2341 1050 et
2370 994 2769 1070 religiosissimi
2798 995 3094 1060 antistites,
3119 995 3461 1050 desiderium
3493 994 3715 1050 domini

2085 1088 2196 1142 mei
2229 1096 2312 1143 est
2342 1088 2658 1158 relinquere
2709 1087 2995 1153 saculum,
3022 1094 3077 1142 et
3115 1089 3423 1142 secundum
3465 1088 3719 1162 regulam

2088 1175 2260 1230 sancti
2290 1174 2570 1229 Benedicti
2602 1183 2849 1231 sanctam
2905 1176 3045 1231 inire
3071 1176 3260 1243 vitam,
3293 1185 3347 1231 et
3376 1176 3433 1231 in
3465 1186 3725 1232 contem-

2090 1267 2292 1338 plavita
2311 1267 2421 1321 vita
2444 1267 2593 1321 diem
2617 1278 2939 1338 exspectare
2969 1268 3157 1323 obitus
3171 1269 3278 1323 sui.
3306 1270 3365 1323 In
3388 1268 3722 1323 indumento

2092 1373 2191 1429 pro
2214 1367 2365 1412 certo
2385 1357 2607 1412 habitus
2635 1359 2946 1426 exterioris,
2991 1360 3222 1430 potestis
3252 1375 3589 1435 cognoscere
3620 1374 3727 1415 vo-

2094 1454 2360 1508 luntatem
2389 1452 2559 1506 animi
2582 1453 2878 1508 interioris.
2910 1474 2935 1505 ››
2962 1454 3082 1508 Istis
3104 1464 3159 1509 et
3182 1454 3306 1508 aliis
3323 1454 3631 1509 rationibus
3663 1453 3724 1507 in

2093 1547 2376 1602 voluntate
2402 1545 2613 1601 domini
2644 1547 2730 1601 sui
2772 1547 2827 1601 in
2859 1545 3026 1602 tinem
3075 1547 3351 1612 deductis,
3385 1554 3528 1601 terra
3562 1554 3735 1601 tenus

2096 1638 2298 1693 cecidit
2327 1647 2453 1692 ante
2482 1638 2652 1707 pedes
2686 1638 3082 1710 imperatorum
3110 1645 3165 1694 et
3184 1639 3514 1707 antistitum,
3555 1636 3736 1695 obse—

2098 1745 2256 1784 crans
2285 1737 2341 1783 ut
2374 1729 2698 1799 petitionem
2728 1731 2939 1785 domini
2965 1732 3049 1785 sui
3074 1732 3379 1787 secundum
3405 1731 3498 1786 Dei
3526 1730 3732 1786 volun-

377 1819 548 1874 litatis
571 1820 847 1888 jurarent,
871 1819 1021 1890 quod
1051 1827 1106 1873 et
1133 1819 1409 1888 gfecerunt
1466 1822 1519 1875 in
1553 1823 1846 1893 praesentia
1875 1823 1998 1893 epi-
2031 1868 2068 1897 τ,
2102 1830 2267 1877 tatem
2303 1824 2532 1893 implere
2557 1838 2669 1877 non
2700 1823 3153 1897 dedignarentur.
3180 1824 3281 1888 Qui
3306 1823 3469 1877 simul
3491 1837 3733 1894 respon-

379 1912 535 1983 sc0pi
570 1910 869 1976 ;similiter
914 1918 968 1966 et
1016 1911 1224 1967 familia
1281 1929 1382 1983 per
1412 1922 1586 1969 totum
1616 1915 1994 1986 episcopatum
2028 1886 2073 1935 δ’
2101 1912 2269 1965 dendi
2293 1911 2544 1966 inducias
2573 1928 2750 1982 usque
2782 1913 2839 1966 in
2869 1913 3171 1968 crastinum
3204 1912 3740 1983 diemj,postulave-

384 2002 531 2058 fecit.
561 2001 867 2072 Episcopus
896 2011 1078 2057 autem
1112 2002 1439 2059 indumento
1488 2020 1641 2060 more
1686 2005 1996 2060 monacho-

383 2108 506 2146 rum
565 2090 799 2145 formato
853 2090 1207 2160 induebatur,
1271 2108 1507 2164 quorum
1552 2100 1713 2149 antea
1753 2093 1998 2166 regulam

383 2182 727 2238 multimodis
777 2182 1073 2238 virtutibus
1120 2185 1281 2256 sequi
1338 2193 1719 2241 consueverat.
1756 2186 2001 2257 Cumque

386 2275 509 2327 haec
539 2272 614 2327 ita
638 2278 955 2345 agerentur,
997 2281 1225 2345 propter
1272 2277 1638 2347 quorumdam
1674 2277 2001 2333 clericorum

386 2364 817 2431 aemulationem,
845 2365 939 2437 qui
971 2382 1030 2421 se
1060 2367 1409 2423 aestimabant
1440 2376 1562 2440 post
1592 2369 1800 2425 obitum
1830 2372 2005 2425 sancti

389 2457 661 2528 episcOpi,
694 2458 968 2529 imperiali
1014 2460 1347 2515 celsitudine
1389 2461 1752 2527 concedente,
1787 2462 2008 2533 episco-

389 2559 577 2620 patum
610 2565 771 2621 posse
822 2551 1132 2623 acquirere,
1180 2551 1410 2608 ferulam
1474 2554 1847 2625 episeOpalem
1902 2571 2009 2625 pu-

391 2643 537 2699 blice
567 2651 788 2715 portare
818 2648 1192 2719 praesumpsit,
1210 2657 1270 2704 ut
1291 2649 1373 2704 eis
1402 2655 1513 2705 tota
1531 2665 1659 2720 spes
1685 2649 2010 2721 acquirendi

393 2736 748 2809 episc0patus
773 2737 1127 2794 adimeretur.

462 2828 647 2883 XXIII.
680 2829 877 2885 Postea
917 2846 1048 2893 vero
1105 2832 1511 2889 revertentibus
1534 2835 1601 2889 de
1625 2835 1781 2890 Italia
1827 2836 2010 2906 impe-

397 2922 693 2989 ratoribus,
718 2929 871 2993 patre
902 2923 1112 2980 scilicet
1137 2933 1192 2980 et
1218 2925 1392 2997 ipsius
1412 2927 1588 2996 prole,
1616 2928 1684 2981 ad
1708 2927 2011 2997 Franciam,

397 3012 541 3067 facta
571 3020 654 3066 est
684 3013 931 3083 synodus
986 3014 1043 3068 in
1087 3015 1206 3071 loco
1256 3016 1349 3087 qui
1401 3016 1605 3071 dicitur
1644 3018 2013 3088 Ingilunheim

397 3105 532 3175 (54),
566 3105 634 3159 ad
666 3121 831 3178 quam
874 3104 1280 3177 archiepisc0pi
1334 3122 1458 3162 cum
1506 3110 1721 3163 caeteris
1753 3110 1869 3164 suis
1898 3108 2013 3164 suf—

2102 2013 2248 2071 runt,
2278 2011 2532 2075 etpostea
2564 2004 2705 2059 inter
2734 2021 2793 2059 se
2840 2005 3256 2059 mstimaverunt
3286 2004 3524 2075 qualiter
3555 2021 3733 2059 causa

2103 2098 2465 2153 Adalberonis
2520 2099 2927 2153 terminaretur.
2982 2096 3212 2161 Quidam
3266 2111 3394 2151 vero
3426 2095 3737 2168 episcopo-

2106 2210 2223 2247 rum
2255 2192 2534 2260 adjutores
2566 2190 2931 2246 Adalberonis
2958 2188 3199 2255 fuerunt,
3227 2204 3295 2242 ne
3324 2203 3551 2258 prorsus
3578 2205 3609 2242 a
3630 2205 3735 2260 spe

2104 2279 2439 2350 episcopalis
2454 2278 2839 2338 ordinationis.
2875 2286 2999 2348 post
3028 2277 3195 2331 vitam
3226 2276 3485 2330 avunculi
3522 2278 3611 2331 sui
3636 2294 3737 2333 ex-

2107 2372 2437 2427 cluderetur.
2474 2371 2599 2425 limo
2626 2386 2752 2425 cum
2782 2370 2925 2423 inter
2949 2386 3009 2423 se
3047 2368 3579 2433 sermocinarentur,
3607 2370 3744 2425 ulti-

2108 2477 2197 2514 ma
2223 2460 2278 2513 in
2310 2476 2481 2514 unum
2524 2459 2734 2513 ratione
2764 2457 3081 2523 coadunati,
3115 2471 3313 2513 omnes
3353 2456 3519 2509 simul
3553 2455 3743 2511 ﬁrma-

2108 2562 2307 2611 verunt
2342 2553 2552 2625 [quod],
2583 2552 2975 2608 nisiAdalbero
3000 2567 3059 2606 se
3072 2557 3417 2606 sacramento
3445 2561 3744 2608 excusaret

2111 2648 2259 2720 quod
2292 2663 2402 2703 non
2436 2646 2605 2701 sciret
2658 2645 2909 2701 haeresim
2956 2660 3178 2699 manere
3208 2644 3337 2715 quia
3358 2644 3742 2714 episcopalem

2112 2737 2409 2810 potentiam
2436 2753 2558 2791 cum
2594 2735 2791 2791 baculo
2835 2734 3089 2805 arripuit,
3124 2733 3273 2789 nullo
3303 2734 3468 2788 modo
3501 2735 3748 2789 ulterius

2114 2827 2364 2899 legaliter
2386 2825 2680 2895 episc0pus
2736 2823 2856 2877 fieri
2913 2822 3200 2893 potuisset.
3251 2821 3429 2875 Altera
3462 2836 3597 2877 vero
3656 2822 3747 2877 die

2113 2935 2237 2973 cum
2270 2919 2535 2989 episcopo
2566 2917 2731 2972 etiam
2764 2915 3033 2971 Adalbero
3059 2914 3312 2987 synodali
3349 2914 3605 2969 interfuit
3628 2916 3748 2971 col-

2116 3009 2324 3079 loquio,
2357 3015 2428 3065 et.
2481 3024 2606 3063 cum
2651 3008 2701 3063 ei
2735 3007 3062 3079 praedictum
3102 3006 3310 3061 crimen
3342 3005 3746 3076 imputaretur.

2117 3101 2305 3156 multis
2328 3098 2739 3168 objectionibus
2781 3098 3127 3153 diversorum
3173 3096 3587 3167 colloquiorum
3614 3111 3743 3151 cum

397 3197 674 3271 fraganeis
738 3203 990 3252 sanctum
1068 3196 1378 3253 Udalricum
1455 3214 1580 3253 cum
1638 3200 1754 3254 suis
1821 3199 2017 3272 legatis
2050 3253 2093 3275 η
2117 3194 2231 3248 suis
2255 3193 2598 3263 adjutoribus
2620 3208 2650 3245 a
2680 3191 2944 3263 praedicto
2968 3190 3200 3245 crimine
3230 3205 3287 3243 se
3307 3188 3615 3244 defendere
3650 3196 3758 3244 sta-

397 3258 1110 3342 hoiiorifioeinvitaverunt.
1144 3286 1659 3359 Adalberonemquc
1687 3289 1809 3357 ejus
1840 3258 2018 3361 ano-
2047 3258 2095 3321 θ
2120 3284 2239 3340 tuit.
2268 3284 2379 3339 Hoc
2403 3299 2529 3339 cum
2568 3283 2619 3337 ei
2651 3282 2912 3337 adunatio
2944 3280 3193 3336 omnium
3224 3279 3623 3350 episcOporum
3645 3295 3759 3335 non

398 3384 509 3429 tem
538 3391 660 3429 cum
695 3390 762 3431 eo
794 3374 985 3430 venire
1013 3374 1397 3431 decreverunt.
1429 3376 1563 3432 Illuc
1584 3393 1713 3433 vero
1745 3394 1869 3432 cum
1892 3393 2017 3447 per-

399 3465 675 3533 venirent,
706 3476 762 3521 et
799 3468 1072 3523 antistites
1118 3468 1328 3522 ibidem
1370 3470 1691 3544 congregati
1717 3469 2020 3524 Adalbero-

400 3570 527 3609 nem
557 3554 811 3610 baculum
857 3556 1226 3627 episcopalem
1286 3558 1509 3628 publice
1547 3566 1769 3629 portare
1808 3574 2020 3633 cogno-

401 3645 626 3711 vissent,
659 3644 784 3699 irati
814 3654 942 3700 sunt
967 3655 1159 3702 contra
1183 3662 1329 3715 eum,
1363 3655 1417 3703 et
1441 3648 1705 3703 dicebant
1733 3654 1809 3715 ut,
1828 3656 2020 3704 contra

401 3739 684 3796 canonica:
739 3740 1088 3795 rectitudinis
1140 3744 1410 3816 regulam,
1457 3743 1514 3797 in
1545 3744 1799 3799 haeresim
1833 3745 2020 3815 lapsus

402 3828 620 3898 fuisset,
665 3836 719 3884 et
772 3830 923 3901 quod
970 3830 1303 3901 pontificalis
1365 3833 1634 3888 honorem
1665 3834 2023 3890 sublimitatis

401 3926 623 3981 vivente
658 3926 925 3997 episcopo
980 3926 1085 3981 sibi
1113 3927 1238 3997 plus
1260 3928 1413 3999 justo
1439 3928 1768 3995 vindicaret,
1809 3939 1864 3984 et
1895 3930 2022 3986 ideo

404 4018 548 4073 ultra
575 4033 699 4072 eum
732 4018 1056 4089 episcopum
1108 4020 1352 4075 ordinari
1385 4037 1495 4077 non
1538 4022 1779 4077 deceret.
1815 4023 2024 4088 Quibus

404 4106 496 4161 ille
525 4106 748 4173 auditis,
788 4108 964 4178 prima
1007 4108 1099 4163 die
1131 4110 1399 4180 synodale
1421 4111 1761 4183 colloquium
1816 4113 2025 4168 intrare

405 4199 686 4263 devitavit,
745 4206 800 4253 et
842 4198 900 4253 in
959 4199 1066 4254 alia
1125 4200 1290 4257 domo
1342 4217 1467 4256 cum
1544 4204 1762 4258 caeteris
1809 4204 2030 4259 clericis

404 4295 655 4366 episcopi
685 4297 1021 4351 remanebat.
1053 4297 1293 4352 Antistes
1322 4305 1505 4353 autem
1536 4314 1661 4354 cum
1692 4298 1884 4370 paucis
1910 4299 2029 4354 suis

406 4384 710 4456 capellanis
752 4386 1021 4456 synodum
1051 4385 1294 4443 intravit.
1328 4386 1575 4459 Cumque
1601 4388 1747 4442 inter
1767 4404 1829 4442 se
1853 4388 2033 4458 ponti-

408 4476 539 4531 ﬁces
590 4477 867 4549 colloquia
919 4478 1124 4534 habere
1199 4479 1522 4549 ccepissent,
1588 4480 2030 4552 uniuscujusque

408 4570 676 4624 rationem
720 4586 819 4640 per
874 4570 1161 4627 latinitatis
1215 4572 1553 4628 locutionem
1595 4573 1892 4628 voluerunt
1920 4579 2032 4627 ter-

2121 3378 2481 3443 consentiret,
2505 3376 2810 3432 secundum
2834 3390 2944 3446 prae
2964 3374 3161 3428 dictam
3178 3371 3624 3427 destinationem
3642 3372 3764 3443 epi-

2122 3486 2418 3540 scoporum
2444 3478 2850 3526 sacramentum
2886 3466 3242 3539 perfecitper
3257 3480 3462 3521 nomen
3479 3464 3683 3532 Patris,
3708 3475 3763 3519 et

2123 3562 2260 3627 Filii,
2295 3569 2349 3615 et
2369 3559 2609 3630 Spiritus
2630 3557 2803 3613 sancti
2826 3562 3241 3627 superquatuor
3263 3553 3749 3627 Evangelia.Tunc

2122 3657 2322 3712 iterum
2349 3654 2648 3725 episcopus
2684 3651 2969 3707 Uulalricus
2999 3648 3287 3721 petitionis
3314 3663 3429 3703 sum
3467 3664 3764 3720 responsa,

2123 3762 2245 3817 qua:
2306 3743 2484 3815 pridie
2537 3742 2940 3814 procrastinata
2992 3741 3242 3807 fuerunt,
3295 3758 3395 3812 per
3427 3741 3763 3811 praedictum

2123 3855 2284 3893 suum
2317 3836 2580 3892 clericum
2601 3834 2886 3906 expetivit,
2923 3834 3053 3906 quia
3088 3833 3765 3904 desideravitutpreedic-

2124 3941 2211 3989 tus
2229 3948 2361 3988 suus
2386 3947 2561 4002 nepos
2594 3930 2893 4001 episcopus
2911 3931 3285 3994 ordinaretur,
3333 3936 3389 3984 et
3437 3929 3553 3994 ille,
3573 3945 3771 3983 secun-

2127 4028 2256 4083 dum
2289 4027 2534 4099 regulam
2566 4025 2742 4080 sancti
2775 4023 3080 4089 Benedicti,
3148 4023 3203 4077 in
3256 4023 3599 4078 monasterio
3642 4039 3768 4077 cum

2132 4135 2326 4175 eorum
2366 4134 2643 4174 consensu
2690 4116 2973 4172 deservire
3020 4122 3347 4171 mereretur.
3385 4113 3648 4185 EpiscOpi
3674 4130 3771 4169 au-

2135 4217 2264 4273 tem,
2294 4208 2545 4281 quamvis
2562 4206 2644 4261 eis
2684 4221 2748 4260 ex
2788 4214 2903 4261 toto
2955 4220 3067 4260 non
3103 4204 3369 4275 placeret,
3403 4211 3598 4273 aperte
3630 4203 3684 4257 ei
3716 4203 3771 4256 in

2135 4300 2346 4371 synodo
2369 4297 2748 4353 contradicere
2788 4296 3017 4352 noluere
3064 4294 3394 4367 petitionem
3431 4309 3589 4347 suam
3624 4312 3638 4358 ;
3673 4295 3772 4348 sed

2135 4388 2531 4462 sapientissimi
2563 4404 2627 4442 ex
2661 4386 2815 4458 ipsis,
2855 4402 2978 4441 cum
3035 4384 3270 4439 consilio
3323 4383 3580 4449 aliorum,
3622 4393 3775 4439 extra

2137 4480 2410 4551 synodum
2461 4494 2588 4532 eum
2643 4476 2929 4530 ambulare
2990 4489 3115 4529 cum
3156 4474 3265 4527 illis
3327 4475 3774 4545 postulaverunt,

2141 4572 2328 4643 ibique
2356 4586 2481 4625 cum
2531 4584 2597 4623 eo
2637 4576 2692 4623 et
2740 4582 2865 4621 cum
2919 4566 3034 4620 suis
3086 4565 3305 4621 clericis
3346 4565 3779 4635 sapientissimis

410 4658 608 4713 minari
638 4676 652 4723 ;
682 4674 921 4730 cumque
951 4676 1116 4715 causa
1153 4660 1328 4716 sancti
1368 4660 1606 4717 Udalrici
1638 4661 1831 4716 fuisset
1858 4662 2035 4718 venti-
2057 4631 2112 4700 D
2141 4675 2413 4722 secretam
2446 4665 2788 4720 locutionem
2808 4663 3073 4728 habuere,
3096 4662 3347 4716 dicentes
3370 4681 3426 4714 τι(
3453 4661 3780 4717 Reverentia

410 4750 595 4817 landa,
626 4757 681 4805 et
708 4750 821 4818 ille,
863 4767 961 4822 pro
988 4752 1313 4808 infirmitate
1360 4753 1486 4825 (55),
1524 4759 1632 4808 tam
1666 4770 1868 4809 sonora
1898 4770 2033 4811 voce

409 4849 467 4896 ut
492 4849 605 4898 tota
631 4843 1087 4914 synodusaudire
1136 4845 1430 4916 potuisset,
1486 4846 1756 4901 rationem
1786 4846 2034 4917 proferre

410 4949 523 4988 non
545 4943 756 5005 posset,
789 4936 1161 4992 advocabatur
1192 4953 1335 4991 unus
1366 4953 1500 4992 suus
1539 4937 1773 4993 clericus
1809 4938 2035 4993 nomine

410 5025 744 5095 Gerbardus,
780 5028 877 5098 qui
907 5036 1056 5084 extra
1080 5028 1353 5099 synodum
1385 5045 1510 5084 cum
1566 5030 1916 5085 Adalberone
1945 5046 2035 5085 re-

411 5119 695 5189 manebat,
718 5125 777 5174 ut
823 5136 923 5191 pro
951 5137 1018 5176 eo
1042 5121 1302 5177 desiderii
1351 5123 1436 5177 sui
1469 5123 1737 5179 rationem
1767 5140 1868 5194 per
1913 5124 2033 5179 lati-

414 5210 602 5265 nitatis
638 5212 974 5267 locutionem
1030 5213 1431 5269 manifestaret.
1492 5213 1737 5287 Cumque
1789 5216 1897 5282 vix,
1939 5231 2038 5285 pro

413 5304 686 5359 densitate
721 5305 1052 5372 multidinis,
1094 5306 1150 5360 in
1190 5306 1504 5377 'przesentia
1560 5307 1955 5378 imperatorum
1987 5315 2041 5363 et

414 5394 802 5464 episc0porum
837 5412 1082 5467 praesens
1112 5397 1378 5463 stetisset,
1432 5398 1881 5473 interrogabatur
1906 5400 2040 5471 quid

415 5481 761 5538 desideraret
788 5485 1048 5541 dominus
1085 5500 1240 5539 suus.
1271 5484 1482 5550 Quibus
1513 5486 2044 5561 interrogationibus

416 5569 814 5641 multiplicatis,
848 5575 984 5629 dixit
1022 5591 1081 5628 ε·
1117 5575 1236 5631 Non
1297 5576 1479 5632 debeo
1513 5578 2044 5651 interrogationibus

418 5671 616 5721 vestris
643 5670 984 5737 respondere
1011 5684 1110 5739 pro
1159 5670 1386 5727 domino
1434 5687 1583 5740 meo,
1622 5672 1727 5725 nisi
1758 5672 1852 5727 illo
1898 5689 2043 5744 prae-

492 5796 877 5877 (334)Synodi_is
906 5800 1435 5874 lngilunheimensis
1476 5804 1532 5858 in
1579 5820 1744 5861 causa
1797 5804 2042 5860 Adclbe-

423 5869 597 5937 ronis,
621 5884 711 5925 an.
736 5869 860 5928 972.

2139 4757 2321 4823 Pater,
2351 4756 2439 4810 cui
2475 4762 2607 4809 nota
2638 4762 2723 4807 est
2748 4752 2993 4808 omnium
3036 4750 3540 4806 ecclesiasticarum
3608 4749 3782 4804 libro-

2137 4864 2256 4903 rum
2291 4846 2564 4913 normula,
2597 4844 2691 4917 qui
2722 4859 2944 4913 semper
2971 4843 3176 4898 callem
3213 4841 3566 4896 rectitudinis
3590 4842 3781 4895 ambu-

2138 4938 2261 4992 lasti
2290 4953 2402 4992 non
2425 4935 2723 5001 deviando,
2770 4949 2880 4988 non
2909 4933 3070 4987 decet
3109 4939 3167 4987 ut
3227 4947 3391 4997 nunc,
3429 4932 3589 4985 istam
3625 4930 3767 4985 viam

2140 5044 2302 5100 quam
2334 5042 2556 5097 semper
2613 5022 2840 5079 tenuisti
2884 5023 3169 5086 omittens,
3228 5021 3590 5075 seminarium
3627 5036 3693 5074 ex
3720 5029 3768 5073 te

2138 5126 2318 5175 sumat
2344 5119 2467 5174 talis
2511 5133 2686 5187 error,
2732 5125 2791 5171 ut
2829 5114 2969 5170 alius
3008 5115 3065 5169 in
3123 5114 3245 5169 loco
3304 5121 3418 5176 tuo,
3450 5121 3502 5166 te
3535 5112 3775 5173 vivente,

2141 5212 2467 5276 ordinetur;
2499 5210 2650 5282 quia,
2700 5208 2746 5262 si
2796 5225 2862 5263 ex
2925 5214 2975 5262 te
3019 5206 3143 5261 talis
3189 5204 3540 5261 consuetudo
3573 5205 3769 5275 incipit

2143 5304 2469 5377 perpetrari,
2511 5302 2567 5357 in
2599 5308 2877 5373 posterum
2922 5300 3109 5353 multis
3158 5298 3480 5353 reverendis
3513 5305 3569 5352 et
3610 5296 3768 5352 bonis

2144 5398 2441 5470 episcopis,
2486 5397 2554 5450 ab
2579 5412 2775 5451 eorum
2807 5393 3103 5465 nepotibus
3143 5398 3198 5446 et
3215 5390 3432 5446 clericis
3456 5391 3586 5445 talia
3618 5391 3756 5444 desi«

2145 5488 2485 5552 derantibus,
2519 5487 2691 5540 multa
2739 5490 3105 5539 concrescunt
3145 5480 3399 5534 adversa.
3444 5477 3645 5533 Melius
3678 5478 3769 5532 tibi

2145 5588 2227 5633 est
2266 5584 2325 5632 ut
2359 5577 2415 5631 in
2445 5592 2511 5631 eo
2538 5574 2871 5640 ministerio,
2898 5573 2952 5626 in
3003 5586 3113 5643 quo
3140 5568 3380 5640 cmpisti,
3419 5568 3531 5623 Deo
3563 5568 3764 5623 servire

2144 5685 2493 5742 permaneas,
2523 5682 2708 5739 quam,
2754 5672 2901 5720 tuam
2940 5664 3281 5720 voluntatem
3332 5677 3605 5732 sequens,
3657 5659 3771 5714 aliis

2220 5803 2327 5874 (55)
2356 5804 2556 5877 tgebat
2578 5815 2788 5855 annum
2811 5797 3254 5873 octuagesiinum
3282 5793 3615 5850 secundum.
