3924 6398
166 387 316 443 1045

1765 397 1937 452 νιΤΑ.

3387 389 3525 448 1046

167 515 423 587 plurimis
462 518 786 575 scandalum
834 520 1029 589 facias;
1071 523 1203 596 quia
1241 540 1305 580 ex
1360 535 1411 582 te
1446 527 1696 582 canonici
1749 535 1802 583 et
1826 534 1874 601 Α
1906 527 2165 582 maestitia
2196 526 2252 581 in
2306 542 2435 580 suas
2493 524 2699 580 reversi
2728 528 2858 578 sunt
2906 521 3248 587 mansiones,
3303 535 3403 591 pro
3459 535 3527 577 eo

167 613 427 668 monachi
457 622 513 669 et
557 615 1018 673 sanctimoniales
1067 627 1124 673 et
1169 621 1353 675 caeteri
1410 621 1701 676 Christiani
1735 623 1803 676 ad

166 705 523 761 rectitudinis
545 713 749 763 statum
782 709 993 766 debent
1020 713 1348 787 constringi,
1380 715 1473 785 qui
1500 731 1564 769 ex
1596 725 1805 769 semet-

168 793 311 865 ipsis
334 811 433 865 per
448 795 670 851 climata
700 797 901 854 cadere
934 798 1220 857 festinant.
1254 803 1355 867 Qui
1377 810 1561 857 autem
1582 803 1802 859 incaute

169 885 513 942 ambulando
561 889 905 955 ceciderunt,
961 907 1027 945 ex
1076 898 1152 958 te,
1193 894 1305 949 Deo
1358 895 1608 961 juvante,
1666 895 1804 967 erigi

168 990 339 1044 posse
371 977 631 1045 sperandi
661 986 808 1033 sunt.
858 979 933 1033 De
982 987 1184 1050 nepote
1216 990 1401 1037 autem
1448 983 1807 1039 tuo‘Adalbe-

173 1081 316 1120 rone
343 1072 449 1121 tua:
478 1067 748 1124 voluntati
782 1070 1195 1137 satisfaciendo,
1220 1074 1277 1129 in
1304 1090 1599 1129 commune
1619 1074 1806 1129 ﬁrma-

170 1173 303 1211 mus
331 1165 391 1212 ut
447 1159 632 1215 nullus
677 1160 817 1216 alius
846 1178 877 1217 ι
907 1162 1070 1218 nobis
1110 1172 1234 1235 post
1281 1173 1434 1221 tuum
1475 1166 1802 1234 discessum,

167 1246 243 1300 ad
296 1247 449 1302 illum
480 1247 659 1303 locum
695 1251 753 1304 in
781 1267 891 1323 quo
924 1261 980 1307 tu
1015 1262 1201 1324 pastor
1241 1256 1451 1321 existis,
1486 1273 1552 1313 eo
1584 1257 1806 1313 vivente

170 1339 471 1395 ordinetur
488 1341 594 1396 nisi
623 1342 762 1413 ipse.
802 1344 893 1399 His
922 1347 1175 1402 consiliis
1203 1349 1558 1405 consentiens
1584 1358 1809 1405 sanctus

170 1428 485 1499 episcOpus
518 1430 825 1499 Udalricus,
859 1449 982 1489 cum
1015 1435 1098 1490 eis
1130 1437 1185 1491 in
1216 1438 1486 1508 synodum
1520 1439 1807 1512 regredie-

170 1518 362 1585 batur,
408 1527 464 1574 et
519 1529 649 1577 tunc
700 1539 824 1578 cum
880 1541 1156 1582 consensu
1212 1528 1445 1583 aliorum
1477 1530 1805 1597 antistitum,

171 1605 311 1661 fecit
331 1607 400 1660 ab
418 1608 753 1679 imperatore
778 1612 1110 1670 Adalberoni
1131 1618 1507 1672 commendari
1530 1617 1585 1672 in
1613 1633 1807 1673 eorum

174 1704 505 1774 prmsentia,
566 1709 1009 1776 procurationem
1043 1711 1128 1765 sui
1183 1713 1407 1781 habere,
1457 1723 1512 1769 et
1540 1713 1645 1769 sub
1686 1714 1806 1784 ipso

173 1794 353 1849 totius
378 1796 732 1867 episcopatus
756 1806 969 1855 cautam
1002 1802 1423 1873 dispositionem
1460 1804 1516 1859 in
1547 1804 1807 1859 omnibus

173 1884 512 1957 adimplere.
555 1889 761 1945 Taliter
804 1908 936 1947 vero
977 1893 1096 1948 istis
1145 1895 1473 1964 terminatis,
1516 1894 1669 1950 finita
1716 1911 1806 1966 sy-

173 1976 350 2042 nodo,
401 1978 700 2051 episcopus
730 1988 785 2037 et
839 1983 1111 2041 Adalbero
1162 2001 1288 2042 cum
1327 1987 1443 2042 suis
1502 1988 1800 2061 Augustam

172 2066 606 2123 revertebantur
637 2069 769 2141 (56).

246 2154 425 2210 XXIV.
462 2157 730 2213 Praedicta
768 2177 897 2215 vero
936 2163 1181 2233 synodus
1227 2165 1282 2219 in
1322 2165 1627 2221 autumnali
1659 2175 1800 2221 tem-

175 2263 316 2318 pore
348 2258 571 2319 peracta
604 2261 719 2321 est;
751 2261 804 2309 et
852 2256 908 2309 iu
939 2265 1100 2312 antea
1133 2259 1381 2314 Paschali
1411 2266 1660 2331 tempore
1704 2261 1801 2314 ad-

172 2337 462 2405 veniente,
516 2350 705 2396 sancta
746 2344 1094 2401 hebdomada
1161 2347 1337 2411 finita,
1400 2349 1698 2419 episcopus
1749 2357 1804 2404 et

170 2426 472 2495 Adalbero,
506 2432 818 2488 amabiliter
856 2445 1089 2492 vocante
1124 2438 1401 2495 Rinuvino
1445 2440 1797 2512 [Bichuviuo]

172 2514 402 2581 comite,
430 2518 706 2590 Dietpaldi
730 2521 911 2579 fratris
950 2527 1197 2598 episcopi
1237 2526 1372 2594 ﬁlio,
1414 2528 1481 2583 ad
1519 2527 1801 2584 castellum

174 2605 399 2682 Dilinga
438 2610 787 2668 nominatum
831 2625 1125 2683 venerunt,
1172 2627 1233 2674 ut
1290 2620 1366 2674 ibi
1417 2620 1625 2691 aliquot
1683 2620 1805 2675 dies

176 2698 507 2756 charitative
565 2718 691 2758 cum
737 2721 805 2760 eo
836 2713 889 2761 et
944 2724 1070 2763 cum
1128 2710 1333 2765 femina
1386 2711 1508 2779 ejus
1542 2710 1805 2782 Hiltegart

175 2787 470 2844 nominata
500 2801 816 2850 manerent.
848 2796 1042 2852 Paucis
1063 2798 1246 2871 itaque
1274 2800 1471 2855 diebus
1491 2800 1803 2866 transactis,

177 2878 455 2935 Adalbero
504 2881 580 2937 ibi
613 2899 736 2939 cum
790 2887 1142 2958 phlebotemo
1185 2888 1292 2945 sibi
1337 2891 1805 2961 phlebotemando

178 2969 512 3041 sanguinem
543 2973 721 3029 minui
754 2975 904 3041 fecit,
951 2986 1006 3033 et
1044 2989 1237 3050 postea
1267 2996 1392 3035 cum
1423 2981 1686 3051 episcolio
1734 2980 1802 3034 ad

184 3072 403 3111 caenam
444 3062 721 3131 consedit,
763 3072 816 3120 et
855 3067 923 3121 de
950 3084 1101 3124 canna
1141 3086 1376 3144 surgens
1415 3071 1471 3125 in
1501 3071 1700 3126 lectum
1742 3085 1803 3124 se

172 3145 243 3199 ad
297 3149 759 3219 requiescendum
809 3155 1087 3225 deposuit.
1140 3157 1386 3231 Cumque
1418 3159 1801 3231 unusquisque

170 3238 242 3291 ad
272 3253 402 3293 suas
451 3240 764 3300 divertisset
800 3248 1141 3317 mansiones,
1192 3251 1388 3306 eadem
1431 3259 1592 3306 nocte
1645 3251 1800 3306 subi-
1826 3211 1874 3280 Ο

170 3336 338 3385 tanea
368 3340 545 3389 morte
573 3337 845 3394 Adalbero
875 3340 1172 3398 defunctus
1204 3353 1306 3409 est,
1338 3360 1427 3398 an.
1460 3344 1584 3401 973.
1621 3345 1793 3399 Here-

171 3424 388 3498 wingus
438 3427 561 3497 ejus
608 3430 920 3501 presbyter,
984 3450 1107 3487 cum
1163 3435 1230 3489 ad
1281 3436 1645 3491 nuntiandum
1692 3437 1797 3492 hoc

171 3513 442 3585 episcOpo
474 3515 791 3573 cubiculum
823 3520 945 3588 ejus
977 3521 1225 3591 intraret,
1255 3539 1551 3595 episcopus
1579 3541 1796 3581 sermo-

1904 620 2052 692 quod
2081 636 2146 674 ex
2167 618 2339 674 nobili
2368 632 2575 691 genere
2606 622 2811 678 ortum,
2837 622 2891 671 et
2910 614 3233 680 formosum,
3263 619 3319 667 et
3343 629 3529 685 gram-

1905 710 2118 764 maticm
2144 709 2277 764 artis
2304 708 2446 762 bene
2473 708 2717 771 doctum,
2746 712 2801 760 et
2832 704 2886 759 in
2910 704 3004 759 Dei
3035 704 3262 759 servitio
3309 703 3529 759 studio-

1904 815 2045 861 sum,
2070 806 2125 852 et
2154 797 2208 851 in
2242 796 2405 852 bonis
2433 795 2697 866 operibus
2722 800 3029 860 strenuum,
3052 793 3177 847 etin
3208 792 3528 864 eloquentia

1906 886 2192 940 dulcisona
2231 894 2474 950 cautum,
2513 883 2569 936 in
2602 882 2861 937 donando
2904 882 3137 952 largum,
3172 881 3227 936 in
3280 881 3528 937 adversns

1906 979 2140 1033 aliorum
2190 977 2421 1041 tristem,
2455 975 2751 1030 multarum
2798 973 3060 1028 virtutum
3111 973 3397 1044 cpulentia
3429 991 3528 1029 cu-

1905 1071 2194 1138 mulatum,
2226 1069 2281 1123 in
2314 1067 2589 1136 adjutorio
2639 1068 2970 1120 miserorum
3002 1065 3281 1128 festiuum,
3332 1066 3524 1121 multi-

1907 1158 2067 1218 moda
2099 1161 2487 1217 benevolentia
2514 1168 2767 1216 ornatum
2818 1158 3015 1225 virum,
3051 1166 3158 1214 tam
3184 1159 3294 1215 cito
3343 1159 3523 1229 depo-

1910 1255 2075 1310 situm
2107 1255 2433 1309 omiserunt.

1980 1348 2130 1403 XXV.
2193 1346 2502 1420 Religiosus
2567 1350 2747 1399 autem
2804 1344 3053 1410 antistes,
3118 1344 3287 1399 misso
3342 1345 3523 1419 legato

1911 1438 2184 1493 nuntiavit
2213 1435 2530 1507 imperatori
2569 1434 2782 1489 obitum
2814 1434 3059 1504 praedicti
3093 1432 3313 1504 nepotis
3340 1434 3446 1501 sui,
3472 1441 3528 1490 et

1910 1526 2189 1581 abbatiam
2234 1524 2509 1579 Utenbura
2539 1522 2902 1591 nominatam,
2937 1538 3059 1593 qua:
3089 1522 3191 1593 ipsi
3217 1538 3249 1576 a
3290 1539 3387 1578 sua
3419 1522 3528 1578 im-

1910 1622 2102 1692 periali
2144 1620 2391 1692 potentia
2421 1635 2684 1674 concessa
2739 1625 2877 1686 erat,
2921 1619 3218 1690 postulavit
3265 1619 3372 1674 sibi
3426 1619 3529 1674 do-

1910 1711 2049 1776 nari,
2084 1726 2194 1764 non
2240 1727 2406 1766 causa
2433 1710 2695 1777 avaritiae,
2729 1712 2828 1765 sed
2873 1726 2939 1765 ea
2973 1710 3281 1766 intentione
3328 1716 3386 1765 ut
3415 1727 3530 1767 cm-

1910 1804 2111 1859 nobitis
2167 1804 2370 1858 ibidem
2438 1804 2550 1858 Deo
2630 1804 2997 1859 servientibus
3062 1802 3525 1858 deliberationem

1907 1913 2072 1967 quam
2100 1897 2192 1950 ille
2222 1897 2304 1951 eis
2323 1902 2485 1950 antea
2514 1896 2884 1967 conscriptam
2927 1902 2980 1950 et
3007 1894 3300 1968 sigillatam
3333 1894 3402 1949 ab
3431 1910 3530 1950 eo-

1905 1989 2027 2042 dem
2087 1988 2421 2059 imperatore
2451 1988 2645 2043 donari
2704 1989 3039 2060 impetravit,
3081 1988 3373 2043 restituere
3418 2004 3522 2060 po-

1904 2079 2119 2134 tuisset.
2184 2081 2486 2150 Imperator
2541 2085 2725 2134 autem
2789 2096 2891 2150 per
2946 2080 3203 2134 eumdem
3267 2080 3524 2136 nuntium

1900 2171 2174 2226 abbatiam
2213 2172 2506 2237 concessit,
2565 2178 2620 2226 et
2672 2172 3111 2227 consolationem
3146 2176 3420 2244 {magnam
3470 2179 3526 2228 et

1902 2259 2282 2316 multimodam
2349 2262 2579 2316 salutem
2635 2261 2996 2317 remandavit.
3056 2260 3289 2315 Nuntius
3338 2270 3522 2317 autem

1903 2368 2027 2407 cum
2060 2360 2447 2420 reverteretur,
2478 2353 2688 2409 invenit
2716 2353 3040 2424 episcOpum
3070 2353 3125 2407 in
3168 2353 3291 2409 loco
3323 2355 3417 2426 qui
3445 2354 3526 2409 di-

1903 2442 2045 2497 citur
2087 2442 2418 2512 Staphense,
2461 2449 2517 2496 et
2569 2443 2683 2497 haec
2729 2442 2993 2513 przedicta
3032 2442 3291 2496 narravit.
3329 2443 3524 2498 Paucis

1902 2546 2032 2585 vero
2062 2530 2262 2585 diebus
2292 2540 2486 2603 postea
2514 2530 2798 2596 revolutis,
2841 2530 3024 2585 adhuc
3081 2529 3185 2600 ipsi
3218 2530 3273 2584 in
3322 2531 3523 2586 eodem

1905 2623 2025 2678 loco
2049 2623 2293 2677 manenti
2330 2639 2427 2693 per
2452 2623 2707 2676 nuntium
2748 2622 3068 2692 quemdam,
3101 2621 3371 2676 orationis
3416 2621 3527 2677 suf-

1906 2712 2080 2787 fragia
2112 2731 2210 2785 pro
2238 2715 2422 2769 anima
2454 2713 2802 2785 imperatoris
2824 2721 3166 2784 poscentem,
3190 2713 3376 2769 obitus
3406 2715 3527 2783 ejus

1906 2807 1987 2862 illi
2019 2808 2470 2863 annuntiabatur.
2501 2808 2631 2862 lnde
2661 2822 2793 2862 vero
2827 2823 2949 2862 cum
2983 2807 3051 2861 ad
3079 2810 3375 2878 Augustam
3408 2808 3531 2863 red-

1910 2897 2038 2965 iret,
2094 2905 2369 2954 venerunt
2425 2905 2657 2968 nepotes
2702 2896 2810 2962 sui,
2856 2896 3125 2951 Riuvinus
3170 2911 3356 2951 comes
3386 2895 3531 2951 filius

1907 2989 2093 3046 fratris
2122 2991 2206 3045 sui
2258 2991 2558 3062 Dietpaldi,
2594 2989 2649 3044 et
2679 2988 2961 3059 Hupaldus
3000 3004 3188 3043 comes
3230 2987 3376 3043 filius
3418 2988 3532 3044 fra-

1905 3081 2005 3135 tris
2033 3081 2118 3135 sui
2151 3080 2484 3154 Manegoldi,
2517 3088 2573 3135 et
2621 3086 2957 3152 rogaverunt
3006 3078 3158 3133 illum
3188 3086 3247 3133 ut
3274 3088 3530 3153 pergeret

1904 3168 1972 3221 ad
2016 3169 2283 3239 oppidum
2315 3170 2467 3241 quod
2518 3170 2835 3224 nominatur
2877 3168 3260 3239 Witeselinga,
3311 3176 3364 3223 et
3417 3169 3528 3224 illis

1900 3268 2231 3316 monstraret
2259 3262 2551 3317 ecclesiam
2580 3261 2656 3314 ibi
2691 3261 2873 3327 sitam,
2907 3260 3003 3314 ubi
3037 3275 3268 3330 corpora
3297 3275 3523 3316 suorum

1898 3356 2188 3419 parentum
2242 3356 2401 3405 terrae
2433 3349 2819 3405 commendata
2858 3348 3098 3415 fuerant,
3126 3348 3219 3420 (de
3265 3365 3375 3421 qua
3404 3349 3526 3420 ipse

1897 3455 2045 3509 saepe
2091 3454 2186 3494 eos
2214 3445 2377 3493 antea
2430 3437 2764 3509 praemonuit
2793 3443 2853 3492 ut
2892 3453 3015 3492 eam
3046 3436 3423 3505 meliorarent,
3468 3445 3524 3494 et

1898 3528 2091 3583 eadem
2144 3543 2377 3598 corpora
2408 3527 2463 3582 in
2521 3526 2676 3581 illum
2723 3526 3145 3592 concluderent,
3177 3541 3249 3582 ne
3297 3528 3443 3583 ultra
3486 3543 3520 3582 a

176 3618 307 3656 nem
338 3602 457 3673 ejus
486 3621 854 3676 praeveniens,
874 3608 1010 3665 dixit
1030 3610 1145 3664 illi:
1183 3633 1202 3661 ι
1235 3613 1372 3668 Ecce
1401 3615 1671 3669 Adalbero
1702 3616 1801 3670 de-
1900 3621 2101 3693 pluviis
2121 3620 2403 3676 domatum
2432 3618 3197 3686 infunderentur),ordinare,
3222 3626 3279 3674 et
3299 3625 3521 3690 quantae

176 3693 402 3750 functus
421 3703 505 3751 est
521 3716 551 3748 ιο
572 3715 584 3750 :
616 3697 713 3753 Cui
733 3698 824 3754 ille
838 3703 1159 3772 respondit:
1183 3727 1205 3752 α
1222 3706 1351 3760 ideo
1365 3722 1468 3779 ego
1486 3708 1594 3762 huc
1607 3709 1801 3765 intravi

176 3796 240 3845 ut
280 3790 382 3845 tibi
415 3791 522 3847 hoc
552 3792 888 3860 nuntiarem,
944 3798 1127 3852 nullus
1177 3799 1318 3855 alius
1357 3818 1444 3856 me
1478 3804 1706 3874 praeibat
1734 3805 1801 3859 ad

176 3886 255 3946 te,
288 3889 344 3937 et
375 3885 655 3954 quomodo
673 3886 778 3942 hoc
799 3888 939 3943 scire
960 3890 1227 3960 potuisti?
1258 3891 1351 3946 Cui
1372 3894 1464 3949 ille
1485 3896 1801 3966 respondit;

183 3992 205 4020 ιι
238 3970 488 4040 Vade,fet
515 3975 719 4032 suscita
742 3978 1038 4035 Riuvinum
1085 3989 1140 4037 et
1167 3998 1362 4039 omnes
1390 3986 1483 4057 qui
1513 3988 1802 4046 nobiscum

180 4070 330 4127 sunt,
364 4071 423 4119 ut
475 4066 584 4121 cito
617 4079 932 4141 praeparent
984 4074 1296 4130 vehiculum
1343 4085 1403 4133 ut
1456 4094 1658 4151 corpus
1681 4083 1802 4151 ejus

179 4152 483 4224 Augustam
541 4155 815 4213 civitatem
866 4161 1152 4219 ducamus.
1200 4188 1226 4210 η
1268 4165 1572 4238 Episcopus
1617 4178 1799 4226 autem

184 4240 371 4295 missis
420 4242 488 4297 ad
536 4246 835 4318 Augustam
876 4249 1092 4324 legatis,
1124 4254 1389 4324 praecepit
1418 4264 1478 4311 ut
1525 4256 1580 4311 in
1628 4259 1807 4314 eccle-

179 4332 263 4387 sia
302 4334 517 4390 Sanctte
552 4336 696 4393 Afrae
726 4341 1041 4412 sepulcrum
1075 4344 1195 4412 ejus
1225 4346 1380 4415 juxta
1408 4348 1583 4418 ipsius
1610 4353 1807 4421 sepul-

181 4441 336 4480 crum
366 4437 791 4499 praepararetur,
834 4434 984 4504 quod
1012 4442 1067 4489 et
1096 4436 1178 4492 sic
1204 4436 1407 4493 factum
1451 4448 1547 4495 est.
1584 4442 1679 4497 Ille
1711 4460 1810 4497 au-

186 4522 294 4569 tem
327 4530 450 4570 cum
484 4516 572 4572 his
602 4519 697 4590 qui
745 4536 869 4576 cum
912 4523 1032 4594 ipso
1067 4533 1249 4593 erant,
1295 4526 1557 4599 imp‘osuit
1609 4547 1808 4603 corpus

183 4613 470 4675 carpento,
503 4614 559 4661 et
597 4582 948 4680 antepositis'
972 4615 1130 4685 equis
1184 4582 1667 4691 Augustamivexit‘
1830 4582 1883 4649 Β

180 4693 496 4768 frequentia
534 4700 745 4770 populi.
790 4702 1139 4760 Matricularii
1177 4716 1360 4763 autem
1394 4726 1518 4764 cum
1549 4714 1807 4770 crucibus

182 4795 236 4842 et
270 4804 417 4860 aqua
447 4789 747 4848 benedicta
775 4802 830 4849 et
856 4797 1033 4851 cereis
1071 4805 1129 4853 et
1159 4798 1408 4867 incenso,
1441 4812 1496 4857 et
1525 4819 1650 4859 cum
1682 4820 1805 4860 ma-

177 4901 293 4959 gna
324 4884 682 4941 multitudine
715 4887 936 4945 familiae
962 4892 1261 4964 caaterique
1294 4896 1483 4965 populi
1506 4900 1812 4969 apprOpin-

181 4978 381 5049 quanti
409 4988 791 5047 occurrerunt,
834 4989 890 5037 et
920 4984 1222 5041 honorifice
1268 4988 1656 5059 suscipientes,
1684 5008 1807 5047 cum

181 5070 451 5143 congruis
494 5072 843 5131 orationibus
898 5084 952 5132 et
1002 5080 1478 5137 modulationibus
1526 5086 1808 5154 perduxe-

186 5165 321 5213 runt
359 5159 427 5212 ad
462 5159 642 5215 locum
702 5164 968 5235 sepulcri,
998 5174 1053 5221 et
1086 5166 1186 5235 ibi,
1242 5169 1477 5239 expletis
1517 5172 1722 5244 vigiliis
1764 5185 1819 5232 et

182 5251 526 5307 salutaribus
557 5270 654 5324 pro
684 5256 807 5325 ejus
845 5257 1030 5313 anima
1068 5259 1180 5315 Deo
1219 5261 1418 5318 oblatis
1450 5263 1659 5331 hostiis,
1694 5268 1816 5337 epi-

181 5358 360 5414 scopo
433 5344 676 5400 animam
748 5350 1120 5420 omnipotenti
1185 5353 1297 5408 Deo
1364 5358 1812 5423 commendante,

180 5451 392 5507 corpus
466 5437 825 5495 devotissime
901 5444 1264 5514 sepelierunt.
1325 5446 1816 5508 Commendatione

181 5535 373 5582 autem
430 5530 681 5599 corporis
707 5539 950 5601 peracta,
1004 5542 1059 5588 et
1110 5535 1373 5607 episcopo
1421 5555 1545 5593 cum
1594 5541 1817 5597 tristitia

179 5622 482 5689 redeunte,
525 5623 768 5680 universi
816 5626 945 5682 ﬂetu
1002 5636 1058 5683 et
1098 5629 1490 5688 lamentatione
1522 5642 1577 5689 et
1617 5653 1820 5711 magna

228 5758 267 5829 .z
292 5750 402 5820 56)
436 5750 757 5834 Miraculum
814 5756 1092 5827 quoddam
1125 5757 1181 5812 in
1230 5760 1404 5817 altero
1438 5763 1688 5834 exemplo
1729 5763 1821 5819 hic

186 5838 373 5878 visum
406 5830 688 5880 omittere.

1902 3710 2300 3784 magnitudinis
2328 3726 2448 3764 eam
2489 3708 2669 3764 facere
2709 3708 3054 3764 debuissent.
3095 3707 3328 3763 Sanctus
3382 3722 3518 3763 vero

1903 3807 2219 3877 episcopus,
2271 3803 2521 3875 quamvis
2579 3803 2887 3858 certissime
2946 3801 3113 3857 sciret
3166 3801 3222 3855 in
3270 3802 3522 3872 proximo

1904 3915 2129 3954 manere
2181 3898 2679 3970 sequestrationem
2732 3895 2983 3968 corporis
3040 3903 3097 3950 et
3137 3895 3337 3950 animae
3385 3912 3521 3961 sum,

1906 3996 2088 4043 tamen
2128 4004 2227 4059 pro
2254 3988 2443 4043 divino
2484 4002 2668 4042 amore
2699 3994 2753 4041 et
2802 4000 2901 4056 pro
2932 3983 3522 4048 eorum'amabilitate,

1906 4086 2035 4140 illuc
2077 4084 2341 4155 perrexit,
2384 4090 2439 4138 et
2469 4082 2695 4154 provida
2726 4082 3079 4138 ordinatione
3121 4080 3373 4136 eamdem
3429 4095 3523 4135 ec-

1906 4174 2128 4231 clesiam
2187 4189 2355 4244 super
2401 4173 2624 4244 praelata
2668 4187 2899 4243 corpora
2956 4170 3279 4242 amplificari
3327 4170 3527 4241 perdo-

1906 4271 2039 4335 cuit,
2081 4269 2270 4341 ibique
2305 4284 2427 4323 cum
2456 4268 2755 4338 nepotibus
2782 4267 2899 4323 suis
2928 4268 3138 4339 aliquot
3168 4266 3371 4321 diebus
3405 4281 3527 4321 mo-

1906 4366 2057 4413 ratus
2103 4365 2206 4425 est,
2240 4366 2294 4413 et
2342 4357 2470 4412 inde
2501 4358 2568 4411 ad
2610 4357 2895 4412 castellum
2943 4355 3383 4429 Sunnemotinga
3429 4355 3523 4426 [αι.

1907 4447 2386 4520 Sunnennotinga)
2418 4447 2787 4513 nominatum,
2821 4453 3048 4516 propter
3078 4444 3399 4515 petitionem
3424 4443 3530 4498 Ma-

1909 4536 2133 4610 negoldi
2158 4536 2339 4590 fratris
2369 4535 2616 4606 praedicti
2644 4533 3027 4600 Adalberonis,
3062 4532 3331 4604 pervenit.
3365 4531 3528 4588 Cum-

1910 4642 2018 4698 que
2051 4627 2104 4680 in
2138 4626 2339 4680 itinere
2370 4632 2663 4697 antequam
2693 4624 2825 4679 illuc
2854 4622 3231 4694 pervenirent,
3257 4621 3313 4675 in
3332 4636 3529 4693 campo

1908 4730 2136 4792 prepter
2156 4720 2405 4784 herbam,
2423 4719 2578 4788 juxta
2596 4718 2782 4774 villam
2813 4734 2935 4789 qua:
2964 4717 3163 4772 dicitur
3178 4715 3526 4780 Gerilehona,

1909 4814 2277 4871 castrametati
2334 4813 2587 4879 fuissent,
2620 4829 2745 4868 cum
2799 4812 2883 4867 sol
2914 4810 3134 4868 occasui
3183 4810 3366 4865 radios
3412 4825 3528 4865 suae

1911 4908 2047 4962 lucis
2103 4908 2351 4962 inserere
2390 4906 2671 4976 coepisset,
2731 4904 2885 4959 venit
2935 4903 3157 4975 quidam
3212 4902 3377 4957 homo
3434 4900 3531 4971 qui

1912 4999 2050 5052 dixit
2090 4997 2441 5052 Chunradum
2479 4995 2806 5066 episcopum
2846 4994 3154 5049 certissime
3208 4990 3530 5046 defunctum

1912 5085 2082 5139 fuisse
2108 5102 2121 5150 ;
2155 5092 2209 5138 et
2231 5083 2534 5139 nominavit
2560 5082 2707 5137 diem
2730 5082 2921 5136 obitus
2952 5097 3057 5146 SUl,
3102 5088 3158 5135 et
3185 5080 3332 5134 diem
3361 5078 3535 5135 collo-

1919 5175 2151 5231 cationis
2173 5174 2421 5245 corporis
2447 5173 2636 5241 ejusin
2660 5171 2995 5241 sepulcrum.
3024 5170 3131 5224 Hac
3153 5169 3295 5224 fama
3323 5167 3530 5231 audita,

1919 5267 2105 5323 clerici
2144 5273 2199 5320 et
2226 5265 2317 5318 alii
2346 5264 2575 5319 comites
2604 5264 2725 5331 ejus
2753 5260 3049 5333 stupefacti
3080 5258 3261 5316 eﬂ‘ecti
3286 5266 3439 5326 sunt,
3481 5264 3537 5312 et

1919 5356 2100 5412 statim
2128 5354 2538 5409 aestimaverunt
2568 5351 2820 5406 nuntium
2850 5352 3170 5424 [Augustam
3202 5348 3445 5414 mittere,
3476 5353 3538 5401 ut

1920 5468 2017 5522 pro
2045 5450 2164 5518 ejus
2216 5449 2399 5503 anima
2435 5448 2613 5502 solitae
2667 5446 2943 5500 orationes
2990 5444 3365 5515 explerentur.
3402 5441 3538 5507 Qui-

1920 5542 2023 5594 bus
2053 5545 2272 5593 sanctus
2319 5537 2618 5608 episcopus
2670 5534 2873 5589 blando
2925 5547 3183 5587 sermone
3237 5528 3381 5599 infit,
3421 5545 3539 5585 cer-

1919 5632 2130 5688 tissime
2158 5631 2236 5685 rei
2260 5631 2547 5685 veritatem
2576 5629 2786 5684 sciens:
2831 5647 2856 5679 «
2900 5625 3153 5681 Desistite
3182 5624 3366 5680 adhuc
3397 5636 3539 5678 nun-

1919 5760 2275 5832 scqucbatur,
2311 5758 2458 5830 quod
2519 5756 2781 5830 quoniam
2831 5754 2974 5810 infra
3018 5755 3218 5811 iterum
3276 5752 3539 5826 repetitur
