3924 6400
364 396 503 453 1047

1439 395 1490 448 S.
1542 393 1847 448 UDALRICI
1891 394 2264 450 AUGUSTANI
2309 395 2626 450 EPISCOPI.

3585 399 3732 455 1048

367 527 502 582 tium
535 525 776 589 mittere,
830 537 988 577 mane
1043 523 1289 578 diluculo
1345 523 1703 593 comperietis
1754 524 1995 595 qualiter
2019 529 2069 594 Α
2098 531 2268 578 retur.
2306 522 2593 578 Missarum
2621 535 2754 578 vero
2783 521 2968 578 officia
2997 522 3249 594 quotidie
3299 512 3586 580 celebrare
3617 540 3730 581 non

367 614 846 685 circaepiscopum
878 619 1166 666 maneat.»
1200 611 1447 666 Crastina
1477 629 1606 668 vero
1624 613 1714 667 die
1741 612 1986 667 diluculo

369 708 598 780 quidam
654 707 724 760 de
755 705 1072 760 Constantia
1117 705 1285 767 venit,
1337 715 1392 760 et
1430 707 1499 760 de
1531 707 1685 762 obitu
1738 706 1988 778 episcopi

371 799 643 854 veraciter
677 796 1086 862 contradixit,et
1129 797 1249 863 ejus
1293 799 1741 868 possibilitatem,
1791 815 1992 853 secun-

375 891 505 947 dum
534 907 688 946 suam
737 889 1228 958 consuetudinem,
1276 907 1397 945 esse
1430 893 1702 946 nuntiavit
1765 891 1996 946 Sanctus

377 990 564 1038 autem
595 980 890 1052 episcopus
920 981 1208 1037 Udalricus
1245 990 1484 1054 coeptum
1534 984 1640 1039 iter
1666 983 1906 1058 peregit,
1946 991 2000 1038 et

381 1073 480 1138 ibi,
509 1071 666 1143 quasi
715 1071 782 1124 ad
815 1071 1128 1126 convivium
1181 1080 1428 1139 vocatus,
1463 1082 1592 1144 post
1628 1074 1998 1144 expletionem

379 1159 635 1216 salutaris
661 1160 855 1216 hostia
895 1177 1058 1232 quam
1097 1162 1346 1234 quotidie
1386 1179 1485 1232 per
1523 1179 1602 1228 se,
1637 1165 1889 1234 quamvis
1917 1165 2002 1219 vi-

381 1239 535 1306 ribus
563 1249 815 1320 corporis
857 1251 1018 1305 valde
1069 1258 1215 1305 esset
1245 1251 1563 1315 destitutus,
1623 1253 1735 1308 Deo
1788 1253 2004 1324 persol-

381 1354 510 1394 vere
532 1339 836 1414 satagebat,
869 1355 994 1394 cum
1027 1341 1450 1396 convivantibus
1477 1343 1724 1413 quotidie
1755 1344 1820 1397 ad
1846 1359 2005 1398 men-

382 1443 498 1482 sam
556 1427 808 1494 sedebat,
859 1436 917 1482 et
970 1427 1183 1482 nullum
1233 1429 1448 1499 corpori
1505 1430 1690 1485 cibum
1738 1431 2005 1499 exhibuit,

385 1522 494 1577 nisi
538 1521 710 1576 micas
761 1522 922 1592 panis
971 1539 1130 1595 aquae
1189 1523 1400 1578 infusas
1451 1524 1507 1578 in
1553 1541 1616 1580 os
1659 1526 1827 1592 misit,
1873 1543 2010 1598 quas

386 1615 555 1670 etiam
595 1616 906 1686 saepissime
950 1617 1110 1688 aquis
1149 1617 1486 1688 exspoliatas
1537 1618 1606 1673 de
1647 1635 1740 1674 ore
1795 1621 2007 1689 rejeeit,

388 1704 680 1759 haustibus
709 1719 840 1759 vero
890 1721 1047 1776 aqua:
1078 1705 1352 1760 interdum
1405 1722 1627 1778 corpus,
1672 1725 1795 1763 cum
1827 1711 2010 1765 adhuc

388 1793 457 1847 ad
487 1808 734 1847 mensam
765 1793 1007 1860 sederet,
1041 1791 1346 1849 reficiebat.
1383 1797 1896 1870 Consummatisque
1932 1798 2009 1853 ibi

2088 619 2408 685 desistebat,
2451 619 2814 690 quoadusque
2841 618 2990 673 vires
3029 617 3280 689 corporis
3318 619 3732 676 subtraheban-

2091 719 2180 767 tur
2208 718 2267 765 ut
2297 710 2450 765 nullo
2481 709 2646 765 modo
2699 709 2840 764 ultra
2875 725 2974 779 per
3009 726 3068 764 se
3116 719 3262 765 stare
3321 711 3613 781 potuisset.
3650 713 3729 766 Ad

2094 822 2341 860 mensam
2373 821 2504 860 vero
2535 805 2788 870 sedebat,
2819 811 2873 860 et
2909 805 3236 861 sedentibus
3283 822 3404 860 cum
3438 823 3504 861 eo
3535 807 3735 862 convi-

2099 901 2247 955 vium
2281 900 2540 960 faciebat.
2597 907 2652 956 et
2709 901 2803 956 ille
2831 901 2986 972 quasi
3035 900 3264 970 jejunus
3321 901 3645 968 absistebat,
3675 910 3736 958 et

2103 1001 2314 1064 postea,
2363 993 2416 1046 in
2449 991 2685 1048 ecclesia
2713 993 2799 1047 vel
2835 993 2888 1046 in
2920 992 3178 1048 cubiculo
3210 1009 3330 1059 suo,
3363 995 3511 1048 dulci
3539 1004 3735 1049 canta-

2104 1086 2256 1139 tione
2317 1085 2674 1154 psalmorum,
2731 1083 2816 1138 vel
2875 1084 3162 1139 auditione
3204 1101 3480 1140 sacrarum
3537 1085 3737 1141 lectio-

2108 1190 2237 1228 num
2272 1181 2554 1228 recreatus
2587 1180 2690 1228 est.
2745 1173 2901 1228 Vires
2945 1189 3078 1228 vero
3111 1175 3359 1245 corporis
3400 1191 3523 1228 cum
3572 1175 3622 1230 ei
3657 1175 3736 1228 ita

2107 1265 2444 1320 defecissent
2491 1273 2550 1320 ut
2575 1282 2676 1337 per
2703 1282 2762 1320 se
2790 1265 3015 1319 missam
3047 1273 3267 1320 cantare
3296 1281 3404 1320 non
3435 1265 3736 1336 potuisset,

2107 1355 2356 1427 quotidie
2391 1355 2442 1409 in
2486 1355 2780 1409 ecclesiam
2825 1354 3173 1410 introductus
3212 1354 3570 1409 devotissime
3609 1369 3736 1408 eam

2108 1448 2320 1509 audire,
2351 1458 2406 1501 et
2437 1447 2656 1501 interim
2694 1447 3038 1502 orationibus
3068 1446 3298 1501 intentis
3329 1447 3588 1501 insistere
3622 1462 3740 1501 non

2109 1537 2430 1592 desistebat.
2491 1537 2592 1590 Pro
2649 1543 2800 1590 certo
2850 1543 2972 1606 post
3012 1537 3232 1590 missam
3283 1536 3553 1605 expletam
3607 1551 3742 1590 cum

2109 1628 2424 1681 cubiculum
2464 1627 2713 1691 intraret,
2749 1624 3126 1696 repausationi
3158 1626 3340 1680 lectuli
3367 1642 3424 1680 se
3448 1641 3742 1680 noncom-

2113 1717 2393 1771 mandavit
2416 1727 2542 1771 ante
2575 1717 2676 1771 hor
2713 1733 2764 1770 m
2800 1715 3207 1786 Vespertiuam,
3236 1715 3331 1768 sed
3365 1731 3533 1785 super
3561 1713 3748 1769 sedile

2111 1822 2271 1860 suum
2295 1807 2570 1862 calceatus
2593 1807 2752 1869 sedit,
2783 1813 2836 1860 et
2869 1805 3143 1859 interdum
3166 1821 3224 1858 se
3247 1820 3418 1874 super
3447 1803 3742 1874 pulvillum

388 1881 556 1936 rebus
587 1897 686 1952 Ρτο
730 1881 938 1954 (imbus
969 1882 1100 1938 illuc
1129 1891 1357 1938 νουθιυδ
1386 1893 1490 1952 es"
1518 1886 1671 1940 abire
1701 1888 1908 1957 σωρίις
1941 1893 2014 1943 a't-
2041 1885 2090 1950 Β
2118 1895 2168 1950 in
2207 1896 2487 1950 dexteram
2549 1903 2758 1967 partem
2809 1895 3113 1961 reclinavit,
3157 1894 3431 1948 interdum
3483 1895 3548 1948 ad
3601 1894 3742 1948 sini-

393 1982 510 2031 tera
543 1975 635 2031 die
679 1976 747 2030 ad
787 1977 969 2031 locum
1000 1977 1094 2048 qui
1147 1977 1352 2033 dicitur
1409 1979 1691 2052 Utiuntiga
1731 1981 1842 2054 (57)
1879 2001 2003 2054 per-

393 2070 568 2134 venit,
621 2077 676 2124 et
707 2068 784 2122 ibi
830 2069 896 2122 ad
929 2085 988 2124 se
1039 2071 1357 2125 convocatis
1387 2073 1674 2128 monachis
1724 2075 1792 2130 de
1823 2092 2018 2132 mona-

397 2163 568 2217 sterio
623 2161 929 2218 Uttenbura
981 2162 1287 2230 nominato,
1333 2171 1621 2220 autumare
1671 2183 1792 2222 cum
1853 2169 1936 2224 eis
1965 2177 2022 2225 et

397 2268 523 2308 cum
555 2251 671 2306 suis
703 2250 960 2306 fidelibus
992 2253 1224 2322 provide
1273 2255 1443 2324 coepit
1473 2257 1753 2326 quomodo
1807 2259 2022 2314 delibe-

401 2343 697 2409 rationem,
726 2357 891 2414 quem
933 2341 1018 2396 eis
1044 2349 1205 2398 antea
1229 2343 1372 2398 sicut
1399 2345 1628 2414 praedixi
1681 2346 1751 2401 ab
1784 2348 2022 2419 impera-

401 2443 520 2493 tore
561 2435 974 2507 impetraverat,
1015 2436 1302 2492 restituere
1341 2445 1630 2508 potmsset,
1662 2447 1715 2495 et
1745 2442 1883 2498 dixit
1912 2443 2024 2498 eis:

410 2549 435 2580 (ι
476 2529 676 2602 Eligite
707 2545 772 2583 ex
789 2528 947 2584 vobis
972 2545 1142 2584 unum
1172 2529 1238 2583 ad
1263 2529 1540 2598 abbatem,
1567 2533 1660 2604 qui
1702 2533 1756 2588 in
1787 2535 1880 2590 Dei
1911 2551 2030 2590 ser-

404 2621 538 2676 vitio
594 2621 766 2686 utilis,
809 2628 864 2676 et
911 2621 1110 2676 vestris
1149 2623 1575 2678 necessitatibus
1615 2626 1788 2694 possit
1842 2635 2033 2682 cautus

408 2715 666 2770 inveniri.
705 2715 759 2770 Si
817 2715 971 2770 illum
1023 2717 1228 2789 eligitis
1265 2718 1360 2788 qui
1411 2719 1544 2772 mihi
1578 2721 1646 2772 ad
1696 2721 1802 2775 hoc
1834 2723 2032 2792 placet,

406 2804 809 2862 commendabo
839 2804 916 2858 illi
943 2803 1218 2860 abbatiam
1246 2821 1423 2876 usque
1455 2805 1510 2860 in
1555 2810 1900 2876 prmsentiam
1943 2811 2038 2866 do-

407 2895 547 2951 mini
595 2895 706 2950 mei
747 2895 1135 2965 imperatoris;
1197 2896 1284 2951 sin
1314 2905 1500 2952 autem
1537 2897 1702 2952 alium
1751 2900 1854 2954 nisi
1897 2903 2032 2958 mihi

409 2982 722 3054 placentem
750 2983 976 3058 eligitis,
1011 2999 1122 3038 non
1159 2983 1236 3038 illi
1265 2987 1688 3042 commendabo.
1742 3011 1755 3034 ο
1806 2991 1909 3054 Qui
1945 3009 2032 3046 re-

409 3073 754 3146 spondentes
785 3074 1072 3129 dixeruut:
1122 3095 1139 3123 ι
1179 3075 1434 3130 Nominet
1460 3077 1620 3131 nobis
1651 3081 1915 3135 sanctitas
1944 3088 2035 3137 tua

411 3169 562 3224 hunc
601 3168 698 3240 qui
738 3175 844 3223 tum
885 3169 1252 3224 dominationi
1304 3169 1536 3240 placitus
1573 3173 1642 3226 sit
1695 3174 1762 3228 ad
1812 3175 2030 3232 electio-
2061 3205 2108 3269 (ἶ

411 3277 540 3316 nem
562 3267 763 3316 nostrae
782 3260 1027 3316 unitatis.
1079 3285 1102 3306 ιν
1145 3261 1295 3317 Tunc
1313 3261 1451 3318 dixit
1479 3263 1589 3318 eis:
1641 3286 1662 3313 α
1707 3265 2035 3341 ltudungum

415 3350 522 3420 (58)
543 3347 762 3405 fratrem
787 3358 1028 3404 vestrum
1052 3349 1119 3404 ad
1143 3350 1250 3406 hoc
1272 3351 1572 3407 nominabo
1593 3354 1982 3410 ministerium.
2012 3379 2033 3407 ι

415 3437 629 3502 Quibus
685 3437 912 3502 auditis,
982 3437 1177 3494 fratres
1237 3439 1492 3495 inducias
1570 3444 2036 3512 postulaverunt,

417 3531 600 3585 donec
629 3545 826 3585 omnes
866 3529 1032 3585 simul
1063 3531 1424 3602 loquerentur
1459 3533 1506 3588 si
1543 3534 1662 3590 haec
1690 3535 1887 3592 electio
1917 3554 2040 3592 cum

417 3621 671 3677 omnium
701 3621 928 3676 fratrum
973 3637 1249 3678 consensu
1303 3624 1424 3680 fieri
1464 3626 1754 3696 potuisset.
1801 3627 2044 3700 Cumque

417 3709 475 3765 in
506 3709 628 3766 loco
673 3709 950 3766 destinato
981 3711 1200 3767 collecti
1249 3711 1444 3768 fratres
1491 3714 1769 3787 colloquia
1809 3717 1956 3772 inter
1983 3735 2044 3774 se

418 3801 628 3857 habere
655 3803 954 3874 cmpissent
991 3803 1061 3857 de
1094 3803 1321 3874 praefata
1358 3805 1653 3876 electione,
1713 3809 2044 3880 quibusdam

418 3896 683 3952 fratribus
733 3897 962 3969 placuit,
1004 3899 1338 3970 quibusdam
1395 3901 1700 3972 displicuit,
1733 3906 1829 3958 sed
1859 3913 2041 3962 tamen

419 4001 545 4041 cum
577 3985 808 4040 consilio
848 3986 1154 4042 amicorum
1199 3987 1466 4056 roborati,
1499 3993 1744 4063 episcOpi
1776 3995 2044 4051 voluntati

419 4081 701 4144 parentes,
733 4074 788 4129 in
812 4091 980 4130 unum
1015 4077 1650 4152 coadunatilludungum
1683 4083 1751 4136 ad
1783 4083 2040 4146 abbatem

419 4163 727 4238 elegerunt,
782 4170 857 4232 et,
891 4181 1012 4220 cum
1045 4182 1113 4221 eo
1162 4167 1231 4220 ad
1265 4167 1591 4239 cpiscOpum
1635 4173 2039 4246 regredienles,

419 4255 648 4311 unitatis
676 4272 867 4312 eorum
913 4257 1239 4313 electionem
1280 4261 1331 4314 ei
1364 4262 1772 4318 nuntiaverunt.
1819 4265 1908 4321 His
1933 4284 2040 4323 au-

418 4347 568 4412 ditis,
614 4348 912 4420 episc0pus
941 4357 1225 4422 assumpto
1253 4351 1452 4408 baculo
1483 4355 1888 4412 commendavit
1935 4359 2040 4413 ab-

419 4436 626 4492 batiam
657 4437 884 4508 prmfato
930 4437 1203 4510 Ruduugo
1236 4457 1412 4512 usque
1447 4441 1500 4496 in
1544 4445 1889 4514 praesentiam
1939 4447 2044 4502 im.

416 4525 710 4604 peratoris,
746 4527 840 4599 qui
903 4535 1032 4584 tunc
1079 4529 1133 4582 in
1167 4529 1404 4600 imperio
1457 4533 1596 4603 patri
1630 4549 1730 4590 suo
1757 4537 2040 4607 aequivoco

417 4623 778 4682 successerat,
811 4625 866 4672 et
916 4617 1065 4672 illum
1108 4621 1520 4676 commendavit
1585 4623 1700 4678 suis
1741 4625 2038 4694 nepotibus

419 4718 474 4766 et
499 4711 621 4766 aliis
648 4712 765 4766 suis
796 4711 1077 4777 fidelibus,
1108 4721 1165 4768 ut
1191 4730 1318 4768 eum
1351 4715 1665 4771 celsitudini
1699 4718 2046 4788 imperatoris

419 4806 842 4870 praesentarent,
873 4808 949 4867 et,
985 4801 1092 4856 illis
1121 4819 1242 4858 cum
1271 4802 1379 4858 fide
1423 4805 1474 4858 ci
1500 4805 1846 4874 juvantibus,
1877 4809 1946 4863 ab
1977 4828 2044 4869 eo

419 4889 538 4944 haec
565 4887 1043 4944 confirmarentur.
1082 4891 1174 4945 His
1217 4891 1292 4946 ita
1331 4893 1586 4964 expletis,
1619 4897 1898 4968 propriam
1957 4902 2045 4957 sui

421 4979 779 5050 episcopatus
812 4981 1114 5037 revisitavit
1139 4985 1352 5040 sedem.

491 5067 667 5123 XXVI.
706 5068 904 5124 Moenia
934 5081 1118 5126 autem
1169 5074 1425 5146 Augustae
1463 5073 1706 5131 civitatis
1745 5077 2046 5152 introgres-

423 5177 538 5228 sus,
568 5178 768 5238 magna
810 5163 1024 5219 tristitia
1053 5173 1244 5236 septus
1274 5173 1358 5220 est
1389 5183 1486 5236 pro
1531 5177 1709 5224 morte
1740 5171 2046 5228 Adalbero—

425 5252 512 5306 nis
539 5253 903 5326 suinepotis,,
927 5263 981 5311 et
1002 5272 1104 5328 pro
1133 5257 1287 5312 obitu
1318 5258 1691 5330 imperatoris,
1714 5263 1801 5318 cui
1826 5280 2046 5336 semper

423 5342 590 5398 fidem
623 5345 679 5400 in
719 5347 979 5403 omnibus
1022 5350 1280 5418 servavit,
1323 5351 1482 5420 cujus
1523 5357 1687 5408 etiam
1744 5371 1898 5411 amor
1943 5373 2046 5428 pe-

424 5436 562 5491 ctori
601 5437 721 5506 ejus
773 5439 1005 5495 ﬁrmiter
1059 5441 1470 5515 conglutinatus
1531 5452 1630 5500 est.
1690 5446 1792 5502 Pro
1853 5449 2045 5521 requie

424 5541 555 5582 vero
595 5528 902 5585 animarum
942 5533 1232 5588 amborum
1284 5533 1488 5590 multas
1517 5537 1902 5610 elecmosynas
1933 5541 2044 5594 lar-

425 5613 572 5684 gitus
599 5624 683 5670 est
707 5621 1067 5689 pauperibus,
1116 5628 1170 5676 et
1209 5624 1409 5679 multas
1445 5626 1725 5682 orationes
1767 5639 1821 5682 et
1851 5644 2047 5699 preces

427 5701 495 5754 ad
524 5702 817 5759 Dominum
847 5709 1096 5778 quotidie
1117 5708 1330 5780 effudit,
1373 5723 1432 5768 ut
1453 5713 1534 5768 eis
1561 5715 1805 5770 misereri
1840 5717 2044 5791 digna-

499 5831 608 5898 (57
626 5831 648 5900 )
681 5831 756 5886 At
784 5873 798 5898 ,
831 5832 1070 5908 Ottinga.

2118 1994 2306 2053 stram,
2338 1995 2392 2042 et
2437 1988 2716 2043 interdum
2749 1987 2952 2041 sedens
3010 1985 3078 2040 ad
3110 1986 3331 2040 dorsum
3361 2001 3528 2056 super
3554 1993 3751 2056 poste-

2123 2079 2265 2133 riora
2322 2080 2511 2134 sedilis
2571 2080 2625 2134 in
2677 2095 2787 2152 quo
2844 2078 3076 2133 sedebat
3129 2078 3437 2132 reclinavit.
3499 2078 3560 2132 Et
3621 2087 3752 2148 post

2123 2171 2494 2243 expletionem
2529 2188 2722 2227 cursus
2746 2181 2800 2227 et
2847 2171 3014 2226 totius
3063 2169 3330 2241 psalterii,
3389 2169 3614 2242 legente
3649 2170 3759 2224 Ge-

2089 2308 2096 2312 .
2125 2260 2324 2316 rhardo
2357 2262 2654 2332 prmposito
2689 2261 2847 2331 [forte
2877 2259 3130 2314 ecclesia}
3171 2259 3520 2329 cathedralis]
3569 2275 3762 2313 sacro-

2130 2371 2248 2408 rum
2272 2353 2541 2406 lectiones
2575 2351 2838 2406 librorum
2868 2348 3097 2404 audivit-
3135 2355 3188 2402 et
3220 2348 3499 2402 interdum
3529 2365 3659 2402 cum
3694 2365 3762 2404 eo

2129 2447 2260 2502 inde
2291 2445 2438 2500 dulci
2469 2443 2690 2515 eloquio
2719 2442 3020 2496 fruebatur.
3059 2440 3281 2497 Cuidam
3318 2457 3446 2495 vero
3483 2440 3598 2511 [sic]
3631 2441 3761 2495 elo-

2131 2539 2264 2609 quio
2288 2537 2430 2591 inter
2454 2537 2606 2607 ipsos
2632 2535 2811 2600 finito,
2840 2534 3102 2606 prsefatus
3132 2533 3367 2588 clericus
3395 2533 3764 2607 interrogavit

2133 2643 2282 2689 eum,
2343 2625 2564 2679 dicens:
2611 2643 2636 2674 «
2683 2623 2858 2677 Habes
2907 2638 3058 2692 spem
3096 2637 3193 2692 pro
3255 2621 3354 2674 ista
3407 2620 3760 2684 infirmitate,

2137 2716 2384 2780 Domine,
2409 2715 2622 2770 obitum
2648 2723 2798 2768 tuum
2825 2713 2920 2768 tibi
2944 2713 3234 2766 imminere
3251 2711 3280 2765 7
3304 2736 3328 2758 ι·
3364 2711 3458 2766 Cui
3484 2713 3580 2766 ille
3599 2713 3763 2784 quasi

2136 2823 2262 2862 eum
2291 2805 2633 2876 increpando
2661 2805 2982 2876 respondit:
3025 2825 3044 2854 ι
3080 2804 3256 2868 Quare
3283 2802 3364 2858 sic
3393 2803 3624 2857 dixisti?
3655 2821 3767 2858 non

2139 2915 2324 2970 spero,
2353 2900 2451 2953 sed
2482 2885 2790 2954 certissime
2813 2911 3091 2970 cognosco
3119 2895 3266 2950 diem
3289 2894 3478 2949 obitus
3507 2895 3623 2949 mei
3661 2912 3769 2950 non

2136 2999 2260 3060 post
2282 2988 2482 3043 multos
2509 2987 2628 3041 dies
2653 2985 2785 3040 mihi
2814 2983 3056 3039 evenire.
3088 3005 3116 3032 υ
3152 2985 3226 3038 De
3257 2999 3365 3055 qua
3388 2999 3444 3038 re
3478 2983 3776 3055 presbyter

2137 3077 2493 3133 contristatus
2532 3075 2930 3150 indulgentiam
2983 3073 3302 3143 postulavit,
3363 3080 3416 3126 et
3475 3074 3618 3126 dixit
3654 3073 3770 3128 illi:

2145 3189 2165 3218 ι
2211 3167 2464 3233 Domine,
2511 3181 2676 3237 quem
2717 3165 3105 3235 episcOporum
3162 3161 3418 3233 praecipis
3465 3177 3674 3216 vocare
3707 3165 3774 3216 ad

2141 3261 2684 3319 commendationem
2707 3259 2956 3330 corporis
2981 3258 3100 3312 tui?
3124 3278 3148 3308 »
3189 3257 3281 3311 Cui
3315 3257 3406 3312 ille
3435 3258 3766 3327 respondit:

2144 3375 2170 3402 ιι
2213 3355 2289 3409 Eo
2313 3363 2561 3424 tempore
2591 3352 2814 3423 quando
2829 3351 3015 3404 anima
3047 3365 3168 3404 mea
3195 3349 3534 3403 derelictura
3561 3357 3648 3403 est
3669 3351 3776 3404 hoc

2140 3459 2362 3514 corpus,
2422 3457 2533 3498 non
2585 3441 2814 3512 potestis
2844 3439 3015 3494 ullum
3075 3454 3264 3494 eorum
3296 3440 3404 3492 huc
3453 3439 3770 3494 advocare:

2146 3539 2275 3610 quia
2331 3536 2815 3608 comprovincialis
2871 3551 3028 3589 meus
3095 3533 3418 3588 Chunradus
3470 3534 3776 3606 episcopus

2147 3632 2296 3680 tanta
2353 3624 2672 3680 infirmitate
2725 3625 2984 3679 detentus
3032 3629 3115 3678 est
3170 3629 3228 3676 ut
3265 3623 3374 3676 huc
3413 3623 3608 3678 venire
3666 3641 3775 3679 non

2145 3718 2340 3791 possit,
2375 3716 2622 3788 episcopi
2653 3730 2786 3771 vero
2831 3715 3221 3776 Bauvariorum
3265 3714 3332 3767 ad
3370 3714 3557 3788 regale
3590 3715 3771 3769 collo-

2145 3809 2337 3882 quium
2365 3809 2432 3862 ad
2461 3807 2740 3862 Franciam
2771 3813 2901 3860 sunt
2919 3804 3258 3878 congregati.
3293 3823 3316 3853 »
3347 3803 3410 3856 At
3440 3803 3534 3858 ille
3559 3804 3772 3876 inquit:

2149 3925 2174 3956 α
2211 3903 2466 3969 Domine,
2491 3902 2625 3973 quid
2653 3909 2784 3956 tunc
2810 3901 2990 3956 facere
3014 3899 3286 3954 debemus
3309 3897 3335 3950 ?
3369 3923 3392 3945 ιο
3430 3899 3527 3952 Cui
3553 3909 3780 3953 sanctus

2144 3993 2443 4064 episcopus
2463 3991 2632 4045 dixit:
2668 4014 2691 4036 «ι
2727 3990 2908 4045 Nostis
2925 4004 3128 4059 corpus
3154 3987 3399 4042 hominis
3428 3998 3592 4042 terrae
3626 4005 3778 4044 com-

2145 4083 2454 4142 mendare?
2489 4109 2511 4134 υ
2547 4082 2722 4136 Atille
2743 4083 2847 4136 ait:
2881 4105 2904 4128 ιι
2941 4081 2997 4134 Si
3023 4081 3144 4134 talis
3167 4095 3406 4150 persona
3439 4086 3780 4150 essetsuper

2144 4193 2306 4249 quam
2341 4173 2748 4230 commendatio
2789 4178 2974 4227 nostra
3001 4169 3118 4224 fieri
3167 4171 3468 4234 debuisset,
3514 4171 3772 4224 timorem

2145 4265 2276 4320 inde
2300 4279 2412 4319 non
2436 4262 2769 4316 haberemus
2827 4286 2850 4309 υ
2889 4259 2982 4314 Cui
3006 4259 3307 4330 episcopus
3336 4259 3504 4312 dixit:
3537 4281 3556 4310 ι
3589 4257 3777 4314 Facite

2144 4356 2214 4409 de
2272 4355 2375 4408 hac
2428 4369 2509 4420 re,
2566 4367 2691 4406 cum
2750 4358 2970 4420 tempus
3019 4349 3325 4414 advenerit,
3372 4347 3518 4403 sicut
3557 4349 3774 4420 Optime

2145 4447 2399 4518 potestis,
2459 4444 2726 4500 Dominus
2777 4443 3288 4498 commendatorem
3356 4442 3610 4511 corporis
3666 4441 3774 4494 mei

2146 4535 2480 4607 providebit.
2515 4555 2542 4584 ι›
2577 4535 2636 4588 Ει
2662 4536 2747 4588 his
2773 4532 2936 4587 dictis
2959 4531 3221 4602 praefatus
3248 4531 3540 4600 presbyter
3569 4529 3773 4584 iterum

2141 4629 2396 4684 lectionis
2425 4644 2582 4682 usum
2603 4627 2918 4697 assumpsit,
2948 4634 3002 4680 et
3028 4624 3081 4678 in
3115 4627 3199 4687 ea,
3230 4624 3373 4677 sicut
3403 4621 3607 4677 solitus
3635 4629 3770 4686 crat,

2147 4735 2325 4790 usque
2355 4719 2484 4773 dum
2520 4726 2756 4773 sonante
2795 4717 2957 4790 signo
2988 4713 3387 4786 Vespertinalis
3429 4711 3613 4764 laudis
3648 4713 3779 4765 hora

2142 4807 2596 4864 annuntiabatur.
2628 4805 2917 4860 Lectiones
2960 4819 3088 4858 vero
3123 4803 3346 4857 fuerunt
3392 4801 3524 4854 Vita:
3558 4799 3774 4854 Patrum

2147 4908 2484 4966 sanctorum,
2513 4910 2570 4954 et
2602 4897 2932 4953 libersancti
2960 4895 3210 4970 Gregorii
3236 4909 3397 4966 quem
3425 4893 3775 4967 Dialogorum

2149 5003 2372 5057 vocant;
2417 4991 2576 5060 cujus
2605 4991 2832 5046 ultimus
2861 4988 3002 5042 liber
3032 4989 3274 5056 disputat
3311 4985 3545 5039 multum
3581 4985 3653 5039 de
3696 4986 3775 5038 his:

2148 5082 2243 5154 qui
2274 5081 2342 5135 de
2374 5095 2604 5152 corpore
2660 5078 2800 5150 rapti
2840 5077 2897 5132 in
2941 5077 3138 5147 spiritu
3187 5074 3360 5129 multa
3409 5075 3694 5141 viderunt,
3727 5085 3776 5128 et

2147 5174 2346 5228 iterum
2397 5173 2464 5226 ad
2507 5187 2711 5242 corpus
2761 5169 3064 5224 redierunt.
3100 5166 3306 5222 Taliter
3358 5182 3488 5220 vero
3539 5182 3770 5221 conver-

2147 5269 2322 5324 sando
2362 5265 2764 5323 formosissime
2821 5263 3176 5334 exspectabat
3217 5262 3365 5316 diem
3413 5261 3602 5316 obitus
3641 5263 3770 5326 sui,

2148 5366 2203 5414 et
2240 5357 2518 5412 interdum
2560 5355 2616 5408 in
2657 5354 2856 5426 spiritu
2896 5353 3133 5423 plurima
3174 5352 3417 5418 videbat,
3459 5351 3530 5407 de
3571 5354 3772 5424 quibus

2149 5467 2324 5522 pauca
2355 5449 2440 5504 his
2481 5449 2576 5520 qui
2608 5464 2732 5502 cum
2777 5461 2843 5502 eo
2875 5452 3034 5501 erant
3072 5443 3330 5498 narravit.
3386 5444 3608 5498 interea
3648 5460 3771 5499 vero

2149 5545 2500 5602 Werinhario
2543 5543 2732 5599 abbati
2783 5543 2852 5598 de
2901 5531 3242 5596 monasterio
3295 5539 3450 5592 Vulta
3521 5536 3766 5609 {Fulda}

2147 5638 2455 5702 nominato,
2485 5651 2649 5691 causa
2672 5633 3030 5706 lvisitationis
3058 5631 3126 5686 ad
3159 5646 3283 5685 eum
3317 5630 3592 5691 venienti,
3635 5630 3772 5684 inter

2147 5725 2256 5781 alia
2279 5727 2444 5780 dixit:
2481 5750 2502 5770 σι
2537 5727 2757 5794 'lupost
2787 5740 2874 5776 me
2907 5721 2995 5776 hic
3027 5719 3265 5775 deberes
3299 5718 3601 5792 episCOpus
3633 5718 3766 5782 fieri,

2224 5844 2326 5908 (’68
2353 5844 2368 5912 )
2400 5843 2518 5904 AL,
2554 5840 2944 5914 Ruodungum.
