3924 6392
218 420 359 473 1049

1812 415 1956 469 VITA
1966 456 1977 468 .
3428 421 3566 477 1050

215 581 412 620 omnes
449 572 499 619 te
528 566 822 635 elegerunt
881 561 984 616 nisi
1019 563 1151 627 duo,
1187 562 1237 614 hi
1301 576 1432 613 vero
1492 561 1601 612 duo
1632 559 1675 612 si
1719 559 1832 613 aliis

1946 545 2000 597 in
2029 550 2137 598 tres
2178 552 2359 615 partes
2389 544 2789 610 dividerentur,
2829 553 2882 598 et
2938 545 3095 598 tertia
3151 561 3274 614 pars
3332 548 3567 618 presby-

215 657 640 718 concordarent,
678 653 874 707 electio
908 661 999 706 tua
1021 653 1142 705 siue
1174 652 1342 704 dubio
1380 651 1616 720 perfecta
1634 650 1841 704 fuisset.

215 747 278 800 Et
320 749 406 800 his
445 748 607 800 dictis
638 763 833 799 manus
867 745 1086 810 .-\ttelini
1115 752 1240 796 tunc
1286 742 1614 794 vicedomini
1649 743 1844 806 {59),et

217 838 616 892 manuslliltini
634 837 918 889 camerarii
937 835 1433 904 COD]pl‘t‘ilt‘lltiCHS,
1457 851 1567 885 suae
1594 832 1841 885 tidelitati

217 930 650 992 commendavit,
677 937 730 982 et
762 946 883 981 cum
919 928 1186 981 chari'ate
1223 944 1345 978 cum
1383 927 1537 978 abire
1570 925 1838 994 permisit.

294 1022 466 1076 XXVI.
523 1022 703 1074 Altera
761 1037 890 1074 vero
950 1020 1089 1083 vice,
1144 1020 1377 1089 quadam
1430 1018 1516 1070 die
1574 1018 1729 1088 quasi
1775 1017 1842 1070 (10

216 1112 368 1183 gravi
404 1126 596 1164 somno
626 1109 1069 1179 expergefactus,
1105 1108 1154 1160 ei
1205 1107 1581 1160 assidentibus
1640 1117 1691 1160 et
1727 1109 1841 1160 11οι(-

217 1199 596 1263 audientibus,
633 1200 706 1250 ait
743 1215 753 1249 :
785 1223 794 1242 ι
837 1198 943 1248 lleu
976 1195 986 1248 !
1027 1198 1128 1248 heu
1170 1196 1180 1247 !
1216 1196 1363 1265 quod
1399 1196 1548 1247 illum
1585 1205 1842 1264 nepotem

219 1306 404 1342 meum
431 1288 830 1340 Adalberonem
866 1302 1104 1356 unquam
1128 1285 1260 1340 vidi.
1291 1287 1418 1354 quia
1477 1302 1571 1354 pro
1597 1302 1660 1337 co
1694 1286 1842 1354 quod

216 1382 271 1435 ei
303 1381 604 1434 secundum
633 1380 970 1432 desiderium
997 1394 1152 1430 suum
1184 1378 1618 1438 consentiebant,
1648 1378 1843 1432 nolunt

215 1484 307 1521 me
344 1469 676 1537 impunitum
699 1467 926 1520 insuum
961 1466 1588 1534 recipereconsortium!
1623 1490 1638 1512 ιι
1669 1467 1724 1518 Et
1759 1468 1842 1519 his

211 1559 379 1611 dictis
405 1560 584 1611 statim
617 1558 798 1610 tacuit.
859 1559 1036 1609 Virtus
1082 1573 1208 1609 vero
1270 1557 1516 1624 corporis
1548 1557 1614 1608 de
1661 1557 1748 1609 die
1786 1558 1839 1610 iu

215 1650 366 1703 diem
391 1651 742 1712 decrescens,
775 1650 828 1701 in
882 1657 1087 1701 tantmn
1123 1649 1412 1700 deiicieliat
1472 1657 1528 1701 ut
1552 1649 1839 1701 ecclesiam

219 1743 426 1795 intrare
462 1744 564 1795 nisi
599 1760 626 1795 a
658 1745 874 1794 duobus
906 1751 1239 1796 sustcnt'itus
1273 1760 1376 1794 non
1415 1743 1837 1810 potnissetﬁum

214 1851 350 1889 vero
379 1835 434 1887 in
464 1836 552 1888 die
586 1837 748 1888 natali
819 1843 1130 1888 sanctorum
1193 1835 1351 1886 Marci
1397 1844 1446 1885 et
1486 1833 1841 1896 Marcelliani,
1872 1867 1917 1933 Β

216 1930 366 2000 quod
402 1937 482 1982 est
522 1947 609 1982 XIV
666 1930 776 1982 Kal.
841 1930 987 1988 Julii,
1050 1929 1339 1982 ecclesiam
1397 1929 1842 1982 intrmlucerctur

215 2026 273 2072 ut
305 2020 526 2072 missam
557 2019 792 2084 audiret,
845 2027 1060 2088 peracta
1096 2020 1284 2076 missa,
1348 2019 1413 2070 ad
1447 2027 1687 2070 sanctam
1723 2035 1840 2070 cru-

212 2126 335 2162 cem
370 2109 635 2178 tapetium
669 2109 769 2159 sibi
801 2107 1002 2176 deponi
1035 2108 1320 2176 praecepit,
1348 2115 1398 2159 et
1422 2126 1479 2159 se
1515 2125 1681 2176 super
1745 2109 1835 2161 illo

211 2201 620 2268 prosterncbat.
655 2200 730 2251 lbi
788 2216 913 2251 vero
945 2216 1066 2252 cum
1125 2200 1276 2268 quasi
1310 2199 1592 2251 dimidiam
1641 2201 1828 2252 horam

201 2290 494 2358 jacuisset,
524 2289 774 2352 surrexit,
837 2297 888 2341 et
926 2289 1287 2340 camerarium
1335 2288 1680 2357 Liutpaldum
1711 2307 1835 2358 pre-

211 2382 496 2449 sbyterum
527 2380 592 2432 ad
627 2397 684 2431 se
709 2381 894 2433 venire
926 2378 1072 2438 fecit,
1095 2387 1146 2432 et
1176 2388 1398 2433 (‘llllt‘i'lS
1431 2399 1559 2433 suas
1585 2398 1668 2432 res
1701 2398 1834 2450 quas

213 2467 378 2520 illein
416 2467 722 2520 ministerio
757 2468 987 2519 habebat
1032 2468 1081 2518 in
1108 2469 1449 2536 pra:sentiam
1495 2469 1576 2521 sui
1617 2478 1832 2537 portare

211 2555 494 2624 prwcepit.
529 2563 582 2608 et
613 2571 820 2625 ponere
853 2564 978 2607 ante.
1028 2557 1220 2612 altare.
1257 2557 1359 2608 nisi
1396 2574 1556 2608 unam
1601 2567 1829 2626 paratu-

210 2662 328 2697 ram
371 2645 567 2697 domus
620 2652 672 2697 et
729 2661 1065 2706 mensarum,
1129 2654 1179 2697 et
1223 2662 1390 2697 unum
1427 2648 1830 2714 coopt‘rtot‘ittm

209 2734 556 2787 mardrinum
607 2734 672 2785 ad
730 2734 1011 2785 servitium
1073 2734 1156 2785 sui
1203 2734 1541 2786 successoris
1601 2735 1829 2789 dimisit.

211 2827 346 2878 Cum
377 2841 505 2878 vero
537 2831 661 2878 ante
695 2841 820 2877 eum
868 2825 1045 2893 posita
1100 2825 1351 2887 fuissent,
1387 2833 1438 2877 et
1481 2826 1570 2878 ille
1604 2845 1665 2879 ea
1699 2844 1835 2880 con-

204 2915 504 2984 spexisset,
530 2913 885 2976 (lixitquuid
922 2914 1050 2964 mihi
1080 2915 1191 2966 haec
1217 2915 1401 2967 omnia
1436 2931 1581 2967 nime
1615 2917 1831 2968 debue-

207 3016 336 3059 runt
354 3006 381 3057 ‘?
407 3028 425 3052 ιι
445 3007 698 3070 Quamvis
715 3021 844 3058 vero
870 3006 944 3057 illi
974 3007 1209 3074 plurima
1228 3007 1835 3071 viderentur,numerus

203 3116 400 3153 eorum
437 3099 612 3165 major
640 3114 748 3151 non
800 3098 901 3151 fuit
960 3099 1063 3150 nisi
1116 3116 1287 3168 pauca
1328 3100 1626 3164 camisalia,
1661 3111 1712 3154 et
1737 3120 1832 3154 se-

1947 635 2075 687 teris
2107 634 2551 703 pauperilaisqee
2621 634 2848 703 provida
2905 634 3322 702 dispensatione
3383 637 3561 690 statim

1948 742 2012 777 eo
2040 726 2253 780 vivente
2289 726 2898 796 donarentur;quodet
2933 726 3130 779 factum
3159 735 3257 780 est.
3295 728 3397 782 Pro
3416 736 3564 782 certo

1945 817 2194 886 quamvis
2222 833 2420 886 corpus
2471 816 2617 887 gravi
2662 815 2978 870 infirmitate
3015 818 3300 870 detentum
3350 818 3564 883 fuisset,

1946 919 2140 956 sensus
2172 912 2223 956 et
2263 904 2480 956 animus
2533 912 2585 957 ct
2635 905 2889 958 voluntas
2922 906 3174 975 occupmi
3221 923 3330 959 non
3370 915 3566 976 potue-

1948 1004 2093 1058 runt,
2131 997 2233 1049 nisi
2281 997 2397 1067 [pro
2467 1004 2522 1050 ut
2577 998 2704 1066 non]
2773 999 2878 1068 piis
2933 998 3248 1052 insisterent
3305 1000 3569 1054 intentio-

1948 1086 2126 1138 nibus.

2019 1178 2218 1230 XXVII.
2257 1179 2348 1230 ltie
2389 1179 2570 1249 itaque
2613 1189 2800 1234 sancto
2842 1181 3144 1234 nativitatis
3175 1183 3350 1236 sancti
3390 1183 3565 1237 Joan-

1950 1268 2031 1319 nis
2061 1268 2313 1336 ltaptistre
2350 1270 2605 1322 horadiei
2632 1270 2824 1339 prima,
2851 1272 3004 1339 quasi
3033 1280 3260 1341 repente
3281 1272 3350 1325 de
3367 1289 3564 1327 somno

1947 1357 2141 1409 beatus
2176 1359 2456 1410 l'dalricns
2487 1359 2798 1424 suscitatus,
2864 1361 2998 1412 dixit
3044 1361 3358 1414 camerariis
3389 1363 3502 1415 suis
3547 1378 3565 1416 :.

1951 1469 1972 1497 ι
2009 1448 2223 1501 induite
2265 1465 2350 1500 me
2380 1450 2700 1504 vestimenta
2734 1468 2853 1504 mea
2882 1461 2935 1504 et
2965 1452 3354 1505 calceamenta.
3400 1472 3426 1499 »
3458 1452 3558 1515 Qui

1948 1543 2266 1594 hmsitantes
2301 1550 2523 1610 prOpter
2545 1560 2794 1614 magnam
2819 1544 2937 1609 ejus
2958 1542 3352 1607 infirmitatem,
3382 1545 3425 1597 si
3449 1545 3564 1598 11100

1947 1631 2000 1681 111
2037 1631 2207 1682 extasi
2251 1631 2448 1682 mentis
2498 1631 2578 1682 vel
2616 1631 2974 1699 incapacitate
3038 1649 3233 1685 sensus
3261 1632 3564 1702 0151110101-

1947 1731 2117 1790 perct,
2147 1722 2428 1789 implendo
2485 1729 2664 1774 tamen
2727 1735 3056 1792 prz‘eccptmn
3092 1725 3230 1789 ejus,
3263 1724 3565 1778 induerunt

1948 1827 2070 1863 eum
2105 1811 2431 1863 vestimenta
2464 1812 2583 1877 ejus
2615 1818 2666 1864 et
2699 1811 2934 1864 calceos.
2970 1813 3156 1864 Statim
3187 1820 3368 1866 autem
3404 1830 3567 1882 para-

1946 1910 2061 1955 tura
2096 1919 2153 1954 se
2205 1903 2482 1955 missatica
2541 1903 2694 1954 indui
2749 1903 3307 1974 ι1111ιο01111;00111000
3340 1915 3562 1974 paratus

1944 2000 2154 2058 fuisset,
2191 1999 2594 2068 perambulavit
2637 2000 2916 2053 matricem
2950 2001 3264 2064 ecclesiam,
3296 2009 3348 2055 et
3388 2003 3453 2054 ad
3472 2020 3564 2056 cc-

1942 2090 2163 2140 clesiam
2199 2089 2381 2142 Sancti
2413 2089 2643 2141 Joannis
2669 2090 2940 2158 Baptistze,
3003 2107 3169 2160 quam
3233 2092 3351 2161 ipse
3397 2101 3559 2145 antea

1939 2178 2303 2232 zedilicaverat
2333 2180 2462 2232 etin
2497 2180 2702 2232 honore
2729 2179 2849 2246 ejus
2899 2188 3334 2246 consecraverat,
3365 2197 3557 2250 perve-

1938 2272 2036 2334 nit,
2069 2272 2255 2342 ibique
2289 2273 2508 2325 missam
2545 2273 2667 2340 ,Gl),
2729 2289 2893 2343 quam
2928 2273 3320 2326 anniversariis
3353 2276 3556 2328 solem-

1938 2365 2200 2418 nitatibus
2218 2383 2375 2418 mane
2405 2360 2648 2420 diluculo
2685 2374 3049 2420 consueverat
3080 2373 3322 2433 cantare,
3357 2377 3559 2437 poten-

1938 2464 2018 2508 ter
2049 2467 2100 2508 et
2133 2465 2289 2508 caute
2321 2455 2598 2523 explevit;
2633 2455 2831 2525 illaque
2853 2455 3026 2520 ﬁnita,
3065 2455 3246 2508 statim
3283 2456 3557 2525 publicam

1940 2547 2156 2599 missam
2219 2547 2359 2608 iniit,
2404 2555 2456 2598 et
2513 2547 2865 2599 devotissime
2919 2547 3282 2612 Deojuvante
3318 2548 3550 2617 peregit.

1938 2638 2134 2690 Ambas
2166 2638 2358 2689 missas
2388 2653 2534 2696 cum,
2565 2638 2760 2690 stando
2803 2639 2923 2690 sine
2987 2637 3262 2705 adjutorio
3297 2638 3556 2702 aliorum,

1937 2744 2057 2779 cum
2093 2727 2574 2780 benedictionilms
2620 2727 2882 2779 decenter
2906 2727 2972 2780 ad
3010 2726 3173 2779 tinem
3201 2729 3556 2798 perduceret,

1937 2820 2292 2881 consedebat,
2328 2828 2379 2872 et
2412 2819 2718 2872 astantibus
2749 2818 2854 2871 sibi
2885 2819 3099 2872 clericis
3120 2819 3371 2873 dicebat:
3407 2821 3560 2872 cllzec

1941 2913 2203 2982 mysteria
2237 2929 2359 2983 quae
2389 2929 2537 2966 nunc
2568 2914 2676 2966 Deo
2706 2913 2945 2966 donante
2977 2914 3188 2985 peregi,
3215 2930 3280 2965 ex
3323 2913 3564 2983 possibi-

1940 3005 2089 3058 litate
2122 3006 2368 3075 corporis
2398 3007 2503 3059 mei
2536 3022 2644 3060 non
2676 3007 2972 3075 assumpsi,
3008 3007 3103 3058 sed
3146 3023 3209 3060 ex
3243 3015 3518 3075 przecepto
3547 3024 3559 3059 :

1941 3097 2104 3148 hodie
2138 3098 2282 3149 enim
2317 3113 2438 3150 eum
2477 3098 2529 3149 in
2565 3098 2704 3150 lecto
2747 3098 2899 3167 quasi
2943 3097 3160 3166 sepitus
3186 3113 3383 3150 somno
3406 3097 3562 3164 jace-

203 3199 356 3261 ptem
383 3191 463 3242 vel
494 3198 617 3244 octo
661 3191 950 3254 mensalia,
1013 3198 1065 3242 et
1119 3191 1226 3244 duo
1258 3191 1497 3256 sarcina,
1532 3200 1586 3245 οι
1613 3209 1642 3244 χ
1673 3194 1832 3246 solidi
1865 3225 1911 3291 Ο
1940 3199 2074 3244 rem,
2109 3191 2379 3236 steterunt
2408 3199 2588 3237 coram
2646 3184 2847 3236 lectulo
2878 3200 3001 3238 meo
3044 3185 3154 3237 duo
3188 3184 3286 3236 viri
3314 3184 3555 3251 juvenes

387 3282 417 3291 Α.
653 3281 664 3291 ο
1049 3283 1075 3291 ι-
1148 3284 1158 3291 .
1271 3283 1300 3291 ι.
1578 3285 1587 3291 .
1623 3285 1632 3291 .
1937 3271 2316 3291 1'-_,__-,,2._3_,f
2356 3280 2572 3291 A_,._--_-
2665 3288 2680 3291 -
2729 3272 2915 3291 ,-_'L,A_
2967 3272 3080 3291 ,,EI,'
3134 3289 3246 3291 ,.A4,
3313 3273 3434 3291 If,.l
3471 3282 3552 3291 ,.,

200 3282 442 3356 argenti,
480 3297 619 3352 quos
652 3281 706 3334 in
766 3299 984 3334 manum
1043 3283 1303 3335 Cerhardi
1355 3285 1633 3352 prmposili
1667 3302 1823 3339 com-

201 3371 484 3424 mendavit
515 3371 694 3423 statim
729 3372 794 3423 ad
854 3373 1193 3443 erogandum
1230 3374 1584 3441 pauperibus.
1623 3375 1825 3428 Caetera

198 3480 334 3516 vero
367 3463 552 3515 omnia
584 3461 856 3531 disposuit
887 3463 1056 3514 dividi
1110 3465 1253 3515 inter
1309 3464 1543 3517 clericos
1575 3467 1821 3532 ejusdem

199 3555 333 3609 loci.
366 3555 438 3606 De.
468 3554 815 3607 vestimentis
870 3556 983 3607 suis
1043 3555 1186 3607 misit
1237 3557 1474 3610 Antonio
1529 3559 1631 3624 {63)
1666 3575 1834 3611 vene-

192 3644 369 3696 rando
403 3644 538 3706 viro,
573 3659 735 3713 quem
803 3643 894 3696 ille
950 3653 1113 3696 antea
1157 3644 1222 3697 ad
1269 3645 1604 3698 L'tcnburam
1651 3646 1702 3698 in
1733 3647 1828 3700 Dei

194 3732 426 3785 nomine
459 3730 702 3784 inclusit.
737 3730 962 3784 Cuidam
1012 3732 1172 3784 etiam
1211 3731 1474 3796 Ruozoni,
1518 3734 1826 3789 mobilitate

198 3820 576 3874 membrorum
613 3820 842 3884 carenti,
913 3820 1016 3872 nisi
1072 3821 1140 3873 de
1185 3822 1421 3874 brachiis
1455 3839 1694 3888 sursum,
1739 3826 1823 3877 cui

199 3912 546 3965 domicilium
573 3911 625 3963 in
656 3912 974 3965 cmmelerio
1007 3911 1464 3981 Can'ipidoncnsis
1504 3917 1824 3969 monasterii

202 4019 359 4055 more
390 4000 576 4054 lectuli
609 4015 639 4052 a
670 4007 807 4053 terra
841 4000 1185 4054 sublevatum
1233 4001 1562 4055 mditicatum
1596 4013 1732 4069 erat,
1768 4013 1828 4058 ut

203 4112 269 4148 ea
298 4110 422 4163 quae
463 4093 531 4146 ab
562 4108 627 4146 eo
660 4094 870 4164 digesta
915 4094 1130 4147 fuerant
1160 4102 1300 4147 terra
1348 4104 1506 4149 tenus
1526 4099 1774 4153 cadendo
1798 4117 1827 4153 a

201 4185 488 4238 domicilio
511 4192 921 4254 separarentur,
964 4186 1286 4239 vestimenta
1331 4189 1632 4242 transmisit
1661 4209 1671 4248 :
1699 4193 1828 4261 quia

201 4286 386 4340 antea,
422 4292 544 4328 cum
581 4275 879 4344 episcopus
912 4276 965 4328 in
992 4278 1187 4329 eodem
1220 4279 1555 4332 monasterio
1586 4297 1832 4335 morare-

203 4379 310 4433 tur,
337 4368 659 4437 praedictum
685 4385 981 4438 pauperem
1000 4385 1095 4437 per
1117 4385 1175 4421 se
1201 4369 1378 4439 ipsum
1395 4388 1543 4442 srepe
1564 4375 1824 4442 visitavit,

202 4472 255 4517 et
283 4464 407 4530 ejus
439 4463 735 4516 locutionis
777 4463 1125 4516 dulcedinem
1163 4463 1402 4517 libenter
1433 4467 1662 4533 audivit,
1699 4469 1826 4538 quia

197 4559 348 4611 idem
379 4559 495 4625 ipse
531 4558 822 4627 praedictus
847 4575 1054 4628 pauper
1107 4559 1298 4611 clauso
1349 4561 1547 4614 ostiolo
1605 4579 1828 4632 semper

196 4654 252 4706 in
287 4654 380 4706 Dei
411 4653 670 4706 laudibus
693 4662 745 4706 et
774 4653 1120 4706 orationibus
1167 4655 1255 4708 die
1279 4672 1337 4708 ac
1372 4665 1530 4709 nocte
1573 4659 1824 4711 moraba-

199 4756 309 4799 tur.
339 4746 377 4797 0
404 4762 525 4815 quae
555 4745 743 4818 lingua
775 4746 949 4798 virum
994 4754 1155 4800 tanta)
1185 4747 1541 4819 benignitatis
1570 4766 1826 4804 enarrare

201 4842 408 4904 potest,
460 4834 574 4904 qui,
633 4835 687 4886 in
744 4835 951 4887 ultimis
1006 4837 1235 4904 positus,
1271 4845 1420 4889 tanto
1454 4838 1630 4906 spatio
1659 4840 1826 4892 inter—

201 4925 409 4994 posito,
455 4923 720 4976 Christum
780 4925 982 4978 vestire
1035 4941 1141 4979 non
1197 4926 1427 4979 oml‘sitt
1468 4943 1563 4995 pro
1593 4943 1657 4980 eo
1682 4935 1827 4981 certe

200 5016 335 5086 quia
375 5015 423 5068 ei
449 5031 670 5084 semper
708 5017 895 5068 aderat
923 5018 1014 5086 qui
1043 5018 1109 5069 ab
1140 5033 1205 5071 00
1239 5035 1334 5070 sua
1366 5018 1606 5071 membra
1643 5021 1825 5073 vestiri

202 5106 447 5161 volebat.
507 5107 596 5160 His
655 5124 780 5161 vero
843 5109 1120 5177 prze‘lictis
1179 5111 1530 5179 dispensatis.
1570 5113 1830 5182 praecepit

201 5197 559 5249 vicedomino
602 5198 923 5267 ceterisque
955 5199 1155 5268 quibus
1214 5200 1383 5251 voluit
1426 5201 1540 5252 suis
1574 5198 1832 5255 ﬁdelibus

205 5302 270 5339 ac
302 5285 588 5347 ministris,
621 5296 678 5338 ut
703 5285 756 5338 in
817 5287 1028 5339 cunctis
1074 5287 1208 5341 locis
1255 5288 1320 5341 ad
1356 5305 1512 5341 suum
1543 5290 1829 5342 servitium

209 5374 644 5443 pertinentibus,
677 5383 872 5428 cuncta
915 5393 1038 5445 quae
1084 5376 1138 5428 in
1191 5393 1272 5429 CtS
1307 5377 1529 5430 inventa
1579 5377 1832 5443 fuissent,

284 5495 392 5568 (5111
428 5494 746 5568 Vincentius
805 5498 960 5568 ltorg.
997 5498 1064 5550 de
1120 5499 1254 5552 ecel.
1301 5499 1536 5552 Floreat.
1572 5500 1834 5553 observa-

209 5565 286 5617 vit
319 5566 701 5619 vicedominos
733 5578 858 5621 ante
894 5565 980 5620 an.
1020 5570 1157 5623 1100
1212 5569 1321 5622 fere
1355 5587 1417 5622 ex
1460 5571 1607 5624 clero
1639 5572 1826 5635 fuisse,

212 5638 688 5711 eamdigmtatem
729 5647 850 5706 post
883 5640 1153 5711 adlaicos
1182 5642 1480 5694 trausiisse.
1515 5643 1709 5711 Onuph
1760 5645 1827 5695 de,

211 5708 446 5782 vocibus
479 5710 868 5782 ecclesiasticis
926 5710 1200 5776 obscuris,
1255 5713 1328 5765 ait
1375 5715 1536 5766 etiam
1597 5708 1832 5782 majores

211 5779 412 5833 domus
443 5780 774 5849 appellatos.
813 5782 1005 5835 Verum
1038 5783 1262 5837 Distinet
1315 5784 1644 5851 89,capitul.
1678 5779 1832 5839 i'ulu-

212 5866 331 5903 mus
361 5852 588 5922 Gregor.
635 5852 1042 5907 viccdomiuum
1101 5873 1132 5908 a
1161 5857 1366 5922 majore
1424 5857 1588 5909 domo
1635 5857 1830 5910 distin-

1937 3271 2317 3325 formosissimi
2351 3280 2597 3341 aspectu,
2657 3288 2686 3323 e
2719 3272 2918 3342 quibus
2951 3272 3083 3325 mihi
3115 3289 3254 3325 unus
3295 3273 3512 3326 dicebat
3545 3290 3557 3326 :

1933 3383 1955 3411 «
1991 3365 2164 3426 Quare
2206 3379 2314 3416 non
2370 3364 2574 3434 surgis,
2609 3364 2781 3416 debes
2821 3365 2967 3416 enim
3001 3365 3163 3418 hodie
3196 3365 3264 3418 ad
3297 3366 3559 3418 Sanctum

1936 3475 1951 3502 ι
1984 3455 2252 3508 Joannem
2292 3456 2584 3524 Baptistam
2619 3456 2839 3509 missam
2892 3457 3210 3511 celebrare.
3247 3481 3268 3502 »
3298 3456 3390 3509 Cui
3422 3457 3562 3510 alter

1938 3544 2246 3613 respondit:
2275 3565 2302 3593 «
2319 3545 2602 3606 Quomodo
2620 3552 2796 3623 potest
2820 3545 3214 3616 hocfieri,quia
3232 3561 3328 3615 pro
3391 3545 3563 3615 impo-

1936 3648 1966 3677 α
1996 3629 2260 3684 sibilitate
2282 3633 2528 3700 corporis
2555 3633 2635 3684 Pri
2657 3649 2786 3685 nam
2803 3634 2985 3686 adhuc
3010 3650 3118 3687 non
3146 3634 3387 3702 explevit
3409 3633 3460 3684 ?.
3499 3636 3564 3688 At

1932 3723 2022 3776 ille
2055 3726 2146 3794 qui
2181 3735 2339 3778 antea
2368 3726 2580 3779 locutus
2602 3735 2682 3779 est
2715 3726 2779 3779 ad
2812 3743 2898 3779 me
2923 3727 3055 3778 dicit
3090 3744 3102 3778 :
3143 3748 3165 3773 «
3195 3728 3369 3799 Surge
3389 3732 3440 3780 et
3467 3743 3560 3780 se-

1937 3839 1953 3863 ο
1991 3818 2229 3870 cundum
2262 3835 2442 3871 meum
2458 3833 2770 3872 sermonem
2791 3818 2883 3871 Dei
2906 3817 3228 3884 mysterium
3251 3817 3304 3870 in
3334 3818 3559 3889 prtefata

1933 3928 1956 3953 α
1992 3907 2224 3959 ecclesia
2256 3907 2485 3976 implere
2512 3907 2865 3977 festina,quia
2889 3908 3051 3960 hodie
3075 3915 3274 3977 praeter
3295 3914 3345 3960 te
3370 3907 3557 3960 nullus

1932 4019 1957 4044 (ι
1991 3999 2131 4051 alius
2161 3999 2232 4050 ibi
2260 3999 2477 4051 missam
2502 3999 2760 4052 cantabit.
2789 4023 2811 4043 ιι
2848 3999 2939 4052 His
2970 4014 3098 4052 vero
3129 3999 3294 4051 dictis
3314 4000 3382 4051 ad
3406 3997 3560 4051 cubi-

1929 4095 2111 4148 culum
2146 4112 2429 4168 regressus
2460 4103 2559 4149 est.
2589 4096 2830 4166 Cumque
2865 4097 3009 4150 diem
3035 4096 3218 4150 obitus
3245 4095 3328 4148 sui
3359 4095 3557 4149 devota

1933 4194 2116 4238 mente
2148 4192 2199 4238 et
2233 4185 2354 4239 laeto
2387 4185 2570 4239 animo
2603 4186 2978 4239 etsecundum
3013 4185 3178 4238 verba
3219 4187 3560 4258 psalmogra-

1933 4273 2024 4343 phi
2059 4274 2227 4351 David.
2258 4275 2495 4328 dicentis
2526 4292 2537 4326 :
2574 4275 3030 4340 Quemadmodum
3063 4275 3338 4327 desiderat
3370 4290 3556 4327 cervus

1931 4369 2004 4421 ad
2033 4371 2208 4434 fOHfL’S
2239 4373 2615 4438 «quartuan
2659 4371 2933 4423 desiderat
2988 4371 3175 4422 anima
3228 4386 3344 4422 mea
3401 4370 3473 4422 ad
3501 4373 3554 4420 te

1931 4465 2066 4515 Deus
2115 4465 2260 4526 (Psdl
2314 4470 2438 4526 xu‘,
2474 4469 2860 4534 exspectaret;
2899 4462 3150 4533 quamvis
3208 4461 3392 4516 verbis
3447 4477 3558 4516 non

1930 4556 2176 4620 dixisset,
2213 4556 2367 4609 factis
2400 4565 2580 4610 tamen
2626 4555 3001 4609 manifestavit
3031 4556 3178 4626 quod
3215 4555 3282 4609 de
3309 4557 3412 4610 hoc
3453 4570 3559 4608 saa-

1930 4647 2052 4701 culo
2085 4664 2143 4700 se
2168 4647 2526 4716 migraturum
2561 4663 2681 4701 esse
2711 4647 2764 4700 in
2798 4648 2982 4720 vigilia
3010 4647 3385 4718 apostolorum
3414 4645 3557 4699 Petri

1929 4745 1983 4790 et
2013 4737 2160 4790 Pauli
2227 4737 2455 4806 putavit.
2518 4737 2716 4791 Eadem
2777 4739 2887 4804 die,
2947 4746 3240 4808 antequam
3276 4737 3556 4808 vesperti-

1930 4831 2070 4884 nalis
2120 4831 2239 4884 laus
2297 4831 2586 4900 inciperet,
2641 4841 2847 4885 etcum
2910 4848 2938 4884 a
2999 4831 3326 4885 custodibus
3359 4847 3554 4884 omnes

1931 4922 2092 4975 simul
2113 4938 2394 4992 campanae
2427 4922 2493 4974 ad
2517 4922 2824 4976 sonandum
2860 4927 3232 4985 moverentur,
3258 4919 3551 4973 balneatus

1932 5026 1985 5070 et
2018 5024 2269 5084 paratura
2302 5033 2464 5088 quam
2498 5017 2565 5070 ad
2598 5017 2814 5071 obitum
2850 5032 3010 5069 suum
3043 5023 3423 5068 conservatam
3457 5015 3555 5068 ha-

1935 5107 2052 5159 buit
2086 5107 2328 5171 indutus,
2363 5124 2421 5161 se
2450 5108 2605 5177 quasi
2639 5106 3026 5160 defuncturum
3059 5105 3340 5174 deposuit.
3378 5104 3557 5158 Finita

1937 5207 2117 5253 autem
2153 5200 2514 5270 Vespertinali
2566 5199 2747 5262 laude,
2773 5200 2893 5253 aliis
2923 5199 3249 5268 juvantibus
3268 5213 3324 5251 sc
3358 5214 3386 5250 a
3416 5203 3560 5251 terra

1939 5288 2154 5352 lex-'avit,
2189 5296 2241 5340 et
2264 5289 2420 5358 quasi
2438 5296 2649 5342 secreto
2682 5288 2844 5342 dixit:
2871 5313 2892 5334 «ι
2930 5288 3173 5342 Osancte
3190 5288 3368 5351 Petre,
3405 5301 3554 5339 nunc

1941 5393 2048 5431 non
2084 5376 2257 5429 fecisti
2284 5377 2424 5429 sicut
2457 5393 2558 5449 ego
2590 5375 2887 5430 aestimavit
2919 5396 2942 5427 n
2973 5376 3030 5428 Et
3056 5375 3213 5446 quasi
3247 5375 3434 5429 animo
3456 5373 3562 5428 ali—

1935 5500 2051 5572 guit
2075 5518 2095 5572 _;
2125 5499 2198 5552 ibi
2231 5500 2411 5572 glossa
2443 5516 2792 5572 (economum
2829 5500 3242 5572 interpretatur.

2007 5570 2111 5638 (60)
2149 5570 2263 5632 Λιξ,
2302 5572 2539 5632 llattoni,
2573 5571 2718 5640 quod
2755 5571 3268 5639 probaHVelserus.

2001 5643 2103 5710 (61)
2156 5643 2469 5711 Antiquitus
2528 5651 2636 5696 tres
2679 5642 2857 5695 missae
2907 5643 3333 5697 celebrabantur
3386 5641 3442 5694 in
3477 5642 3557 5696 fe-

1932 5715 2170 5786 stivitate
2203 5716 2254 5767 S.
2284 5715 2442 5786 Joan.
2481 5713 2734 5786 Baptista:
2770 5731 2797 5786 ελ
2821 5729 2934 5786 una
2989 5714 3204 5768 scilicet
3260 5716 3315 5768 in
3335 5714 3552 5786 rvigilia,

1933 5785 2161 5910 pelliqua‘
2192 5785 2397 5911 (111Ξ1ἐ111
2440 5785 2549 5840 die.
2602 5785 2720 5838 Vid.
2774 5784 3056 5851 Albinum,
3090 5793 3145 5840 et
3194 5784 3550 5850 Amalarium,

1957 5874 1970 5909 1
2020 5898 2030 5910 .
2074 5874 2264 5911 m.c..
2329 5899 2338 5908 .

1957 5874 2030 5910 tu.
2074 5874 2218 5922 m,c.
2253 5874 2338 5911 ιιδ.
