  <div class='ocr_page' id='page_1' title='image "/cluster/home/n/w/nwhite01/storage/ocr_20150623/134-135/uc1.31175013627537/1043.png"; bbox 0 0 3924 6400; ppageno 0'>
   <div class='ocr_carea' id='block_1_1' title="bbox 329 354 459 411">
    <p class='ocr_par' dir='ltr' id='par_1_1' title="bbox 329 354 459 411">
     <span class='ocr_line' id='line_1_1' title="bbox 329 354 459 411; baseline 0 -1"><span class='ocrx_word' id='word_1_1' title='bbox 329 356 349 410; x_wconf 72' lang='grc'>1</span> <span class='ocrx_word' id='word_1_2' title='bbox 359 354 459 411; x_wconf 75' lang='grc'><strong>051</strong></span> 
     </span>
    </p>
   </div>
   <div class='ocr_carea' id='block_1_2' title="bbox 1417 364 2583 427">
    <p class='ocr_par' dir='ltr' id='par_1_2' title="bbox 1417 364 2583 427">
     <span class='ocr_line' id='line_1_2' title="bbox 1417 364 2583 427; baseline 0.004 -9"><span class='ocrx_word' id='word_1_3' title='bbox 1417 364 1469 418; x_wconf 82' lang='grc'><strong>8.</strong></span> <span class='ocrx_word' id='word_1_4' title='bbox 1512 364 1818 427; x_wconf 80' lang='lat' dir='ltr'><strong>UDALRICI</strong></span> <span class='ocrx_word' id='word_1_5' title='bbox 1860 366 2228 425; x_wconf 81' lang='lat' dir='ltr'><strong>AUGUSTANI</strong></span> <span class='ocrx_word' id='word_1_6' title='bbox 2267 366 2583 423; x_wconf 85' lang='lat' dir='ltr'><strong>EPISCOPI.</strong></span> 
     </span>
    </p>
   </div>
   <div class='ocr_carea' id='block_1_3' title="bbox 3540 368 3685 424">
    <p class='ocr_par' dir='ltr' id='par_1_3' title="bbox 3540 368 3685 424">
     <span class='ocr_line' id='line_1_3' title="bbox 3540 368 3685 424; baseline -0.014 0"><span class='ocrx_word' id='word_1_7' title='bbox 3540 368 3685 424; x_wconf 73' lang='lat'><strong>1052</strong></span> 
     </span>
    </p>
   </div>
   <div class='ocr_carea' id='block_1_4' title="bbox 326 485 3673 570">
    <p class='ocr_par' dir='ltr' id='par_1_4' title="bbox 326 485 3673 570">
     <span class='ocr_line' id='line_1_4' title="bbox 326 485 3673 570; baseline 0.004 -30"><span class='ocrx_word' id='word_1_8' title='bbox 326 490 597 555; x_wconf 90' lang='lat' dir='ltr'><strong>quantum</strong></span> <span class='ocrx_word' id='word_1_9' title='bbox 611 485 681 541; x_wconf 92' lang='lat' dir='ltr'><strong>de</strong></span> <span class='ocrx_word' id='word_1_10' title='bbox 694 486 799 542; x_wconf 89' lang='lat' dir='ltr'><strong>hac</strong></span> <span class='ocrx_word' id='word_1_11' title='bbox 815 502 873 543; x_wconf 90' lang='lat' dir='ltr'><strong>re</strong></span> <span class='ocrx_word' id='word_1_12' title='bbox 892 493 1080 544; x_wconf 90' lang='lat' dir='ltr'><strong>mente</strong></span> <span class='ocrx_word' id='word_1_13' title='bbox 1100 495 1489 548; x_wconf 84' lang='lat' dir='ltr'><strong>consternatus</strong></span> <span class='ocrx_word' id='word_1_14' title='bbox 1500 494 1757 550; x_wconf 89' lang='lat' dir='ltr'><strong>manebat</strong></span> <span class='ocrx_word' id='word_1_15' title='bbox 1781 510 1941 550; x_wconf 91' lang='lat' dir='ltr'><strong>eum:</strong></span> <span class='ocrx_word' id='word_1_16' title='bbox 1969 498 2023 567; x_wconf 81' lang='grc' dir='ltr'>Α</span> <span class='ocrx_word' id='word_1_17' title='bbox 2046 512 2172 553; x_wconf 93' lang='lat' dir='ltr'><strong>cum</strong></span> <span class='ocrx_word' id='word_1_18' title='bbox 2201 497 2417 554; x_wconf 79' lang='lat' dir='ltr'><strong>audiret</strong></span> <span class='ocrx_word' id='word_1_19' title='bbox 2443 496 2595 570; x_wconf 89' lang='lat' dir='ltr'><strong>quod</strong></span> <span class='ocrx_word' id='word_1_20' title='bbox 2606 495 3266 569; x_wconf 78' lang='lat' dir='ltr'><strong>episeopiBauvariorum</strong></span> <span class='ocrx_word' id='word_1_21' title='bbox 3296 498 3365 554; x_wconf 89' lang='lat' dir='ltr'><strong>de</strong></span> <span class='ocrx_word' id='word_1_22' title='bbox 3397 498 3673 570; x_wconf 58' lang='lat' dir='ltr'><strong>praedicto</strong></span> 
     </span>
    </p>
   </div>
   <div class='ocr_carea' id='block_1_5' title="bbox 326 576 1941 651">
    <p class='ocr_par' dir='ltr' id='par_1_5' title="bbox 326 576 1941 651">
     <span class='ocr_line' id='line_1_5' title="bbox 326 576 1941 651; baseline 0.007 -20"><span class='ocrx_word' id='word_1_23' title='bbox 326 576 590 633; x_wconf 70' lang='lat' dir='ltr'><strong>Praefatus</strong></span> <span class='ocrx_word' id='word_1_24' title='bbox 622 582 808 633; x_wconf 90' lang='lat' dir='ltr'><strong>autem</strong></span> <span class='ocrx_word' id='word_1_25' title='bbox 839 578 1133 651; x_wconf 83' lang='lat' dir='ltr'><strong>presbyter</strong></span> <span class='ocrx_word' id='word_1_26' title='bbox 1158 581 1474 639; x_wconf 89' lang='lat' dir='ltr'><strong>Gerhardus</strong></span> <span class='ocrx_word' id='word_1_27' title='bbox 1505 584 1642 641; x_wconf 89' lang='lat' dir='ltr'><strong>dixit</strong></span> <span class='ocrx_word' id='word_1_28' title='bbox 1671 586 1741 642; x_wconf 89' lang='lat' dir='ltr'><strong>ad</strong></span> <span class='ocrx_word' id='word_1_29' title='bbox 1771 603 1898 642; x_wconf 82' lang='lat' dir='ltr'><strong>eum</strong></span> <span class='ocrx_word' id='word_1_30' title='bbox 1928 605 1941 641; x_wconf 88' lang='lat'>:</span> 
     </span>
    </p>
   </div>
   <div class='ocr_carea' id='block_1_6' title="bbox 331 672 1948 753">
    <p class='ocr_par' dir='ltr' id='par_1_6' title="bbox 331 672 1948 753">
     <span class='ocr_line' id='line_1_6' title="bbox 331 672 1948 753; baseline 0.011 -33"><span class='ocrx_word' id='word_1_31' title='bbox 331 691 351 720; x_wconf 70' lang='grc' dir='ltr'><strong><em>ο</em></strong></span> <span class='ocrx_word' id='word_1_32' title='bbox 389 672 642 740; x_wconf 87' lang='lat' dir='ltr'><strong>Domine,</strong></span> <span class='ocrx_word' id='word_1_33' title='bbox 676 672 789 728; x_wconf 92' lang='lat' dir='ltr'><strong>noli</strong></span> <span class='ocrx_word' id='word_1_34' title='bbox 820 674 1150 743; x_wconf 90' lang='lat' dir='ltr'><strong>contristari,</strong></span> <span class='ocrx_word' id='word_1_35' title='bbox 1201 678 1300 732; x_wconf 90' lang='lat' dir='ltr'><strong>sed</strong></span> <span class='ocrx_word' id='word_1_36' title='bbox 1332 680 1625 735; x_wconf 85' lang='lat' dir='ltr'><strong>recordare</strong></span> <span class='ocrx_word' id='word_1_37' title='bbox 1655 682 1785 753; x_wconf 88' lang='lat' dir='ltr'><strong>quia</strong></span> <span class='ocrx_word' id='word_1_38' title='bbox 1824 682 1948 737; x_wconf 89' lang='lat' dir='ltr'><strong>aliis</strong></span> 
     </span>
    </p>
   </div>
   <div class='ocr_carea' id='block_1_7' title="bbox 327 762 1946 841">
    <p class='ocr_par' dir='ltr' id='par_1_7' title="bbox 327 762 1946 841">
     <span class='ocr_line' id='line_1_7' title="bbox 327 762 1946 841; baseline 0.007 -24"><span class='ocrx_word' id='word_1_39' title='bbox 327 764 530 819; x_wconf 90' lang='lat' dir='ltr'><strong>sanctis</strong></span> <span class='ocrx_word' id='word_1_40' title='bbox 551 762 830 835; x_wconf 84' lang='lat' dir='ltr'><strong>episcOpis</strong></span> <span class='ocrx_word' id='word_1_41' title='bbox 856 764 1114 819; x_wconf 85' lang='lat' dir='ltr'><strong>similiter</strong></span> <span class='ocrx_word' id='word_1_42' title='bbox 1140 768 1371 841; x_wconf 88' lang='lat' dir='ltr'><strong>contigit</strong></span> <span class='ocrx_word' id='word_1_43' title='bbox 1403 787 1417 835; x_wconf 87' lang='lat'><strong>;</strong></span> <span class='ocrx_word' id='word_1_44' title='bbox 1447 770 1542 824; x_wconf 91' lang='lat' dir='ltr'><strong>uni</strong></span> <span class='ocrx_word' id='word_1_45' title='bbox 1574 771 1723 826; x_wconf 90' lang='lat' dir='ltr'><strong>enim</strong></span> <span class='ocrx_word' id='word_1_46' title='bbox 1739 772 1946 827; x_wconf 91' lang='lat' dir='ltr'><strong>dictum</strong></span> 
     </span>
    </p>
   </div>
   <div class='ocr_carea' id='block_1_8' title="bbox 328 854 1947 928">
    <p class='ocr_par' dir='ltr' id='par_1_8' title="bbox 328 854 1947 928">
     <span class='ocr_line' id='line_1_8' title="bbox 328 854 1947 928; baseline 0.006 -18"><span class='ocrx_word' id='word_1_47' title='bbox 328 861 448 910; x_wconf 90' lang='lat' dir='ltr'><strong>est:</strong></span> <span class='ocrx_word' id='word_1_48' title='bbox 484 854 633 909; x_wconf 86' lang='lat' dir='ltr'><strong>Circa</strong></span> <span class='ocrx_word' id='word_1_49' title='bbox 682 855 863 910; x_wconf 83' lang='lat' dir='ltr'><strong>natale</strong></span> <span class='ocrx_word' id='word_1_50' title='bbox 917 859 1291 928; x_wconf 83' lang='lat' dir='ltr'><strong>apostolorum</strong></span> <span class='ocrx_word' id='word_1_51' title='bbox 1343 861 1411 916; x_wconf 89' lang='lat' dir='ltr'><strong>de</strong></span> <span class='ocrx_word' id='word_1_52' title='bbox 1472 862 1577 918; x_wconf 86' lang='lat' dir='ltr'><strong>hoc</strong></span> <span class='ocrx_word' id='word_1_53' title='bbox 1634 865 1836 919; x_wconf 80' lang='lat' dir='ltr'><strong>saeculo</strong></span> <span class='ocrx_word' id='word_1_54' title='bbox 1877 866 1947 921; x_wconf 86' lang='lat' dir='ltr'><strong>ad</strong></span> 
     </span>
    </p>
   </div>
   <div class='ocr_carea' id='block_1_9' title="bbox 328 947 1949 1024">
    <p class='ocr_par' dir='ltr' id='par_1_9' title="bbox 328 947 1949 1024">
     <span class='ocr_line' id='line_1_9' title="bbox 328 947 1949 1024; baseline 0.007 -24"><span class='ocrx_word' id='word_1_55' title='bbox 328 947 576 1018; x_wconf 88' lang='lat' dir='ltr'><strong>requiem</strong></span> <span class='ocrx_word' id='word_1_56' title='bbox 636 963 695 1002; x_wconf 90' lang='lat' dir='ltr'><strong>es</strong></span> <span class='ocrx_word' id='word_1_57' title='bbox 751 947 1138 1018; x_wconf 88' lang='lat' dir='ltr'><strong>perducturus,</strong></span> <span class='ocrx_word' id='word_1_58' title='bbox 1204 950 1251 1006; x_wconf 89' lang='lat' dir='ltr'><strong>is</strong></span> <span class='ocrx_word' id='word_1_59' title='bbox 1303 968 1429 1007; x_wconf 92' lang='lat' dir='ltr'><strong>cum</strong></span> <span class='ocrx_word' id='word_1_60' title='bbox 1476 963 1724 1024; x_wconf 83' lang='lat' dir='ltr'><strong>speraret</strong></span> <span class='ocrx_word' id='word_1_61' title='bbox 1773 971 1832 1011; x_wconf 84' lang='lat' dir='ltr'><strong>se</strong></span> <span class='ocrx_word' id='word_1_62' title='bbox 1890 957 1949 1012; x_wconf 89' lang='lat' dir='ltr'><strong>in</strong></span> 
     </span>
    </p>
   </div>
   <div class='ocr_carea' id='block_1_10' title="bbox 331 1028 1946 1125">
    <p class='ocr_par' dir='ltr' id='par_1_10' title="bbox 331 1028 1946 1125">
     <span class='ocr_line' id='line_1_10' title="bbox 331 1028 1946 1125; baseline 0.006 -30"><span class='ocrx_word' id='word_1_63' title='bbox 331 1042 513 1097; x_wconf 86' lang='lat' dir='ltr'><strong>natale</strong></span> <span class='ocrx_word' id='word_1_64' title='bbox 552 1042 926 1113; x_wconf 86' lang='lat' dir='ltr'><strong>apostolorum</strong></span> <span class='ocrx_word' id='word_1_65' title='bbox 977 1028 1208 1113; x_wconf 22' lang='lat' dir='ltr'><strong>obiissel,</strong></span> <span class='ocrx_word' id='word_1_66' title='bbox 1268 1046 1504 1103; x_wconf 70' lang='lat' dir='ltr'><strong>inducite</strong></span> <span class='ocrx_word' id='word_1_67' title='bbox 1538 1049 1588 1104; x_wconf 92' lang='lat' dir='ltr'><strong>ei</strong></span> <span class='ocrx_word' id='word_1_68' title='bbox 1645 1049 1946 1125; x_wconf 85' lang='lat' dir='ltr'><strong>prolonga-</strong></span> 
     </span>
    </p>
   </div>
   <div class='ocr_carea' id='block_1_11' title="bbox 327 1128 1951 1203">
    <p class='ocr_par' dir='ltr' id='par_1_11' title="bbox 327 1128 1951 1203">
     <span class='ocr_line' id='line_1_11' title="bbox 327 1128 1951 1203; baseline 0.009 -22"><span class='ocrx_word' id='word_1_69' title='bbox 327 1128 531 1185; x_wconf 88' lang='lat' dir='ltr'><strong>bantur</strong></span> <span class='ocrx_word' id='word_1_70' title='bbox 558 1146 734 1199; x_wconf 90' lang='lat' dir='ltr'><strong>usque</strong></span> <span class='ocrx_word' id='word_1_71' title='bbox 766 1131 823 1185; x_wconf 92' lang='lat' dir='ltr'><strong>in</strong></span> <span class='ocrx_word' id='word_1_72' title='bbox 868 1142 1126 1189; x_wconf 90' lang='lat' dir='ltr'><strong>octavum</strong></span> <span class='ocrx_word' id='word_1_73' title='bbox 1159 1135 1331 1203; x_wconf 92' lang='lat' dir='ltr'><strong>diem,</strong></span> <span class='ocrx_word' id='word_1_74' title='bbox 1391 1145 1447 1192; x_wconf 91' lang='lat' dir='ltr'><strong>et</strong></span> <span class='ocrx_word' id='word_1_75' title='bbox 1479 1147 1609 1193; x_wconf 92' lang='lat' dir='ltr'><strong>tunc</strong></span> <span class='ocrx_word' id='word_1_76' title='bbox 1658 1139 1951 1195; x_wconf 88' lang='lat' dir='ltr'><strong>defunctus</strong></span> 
     </span>
    </p>
   </div>
   <div class='ocr_carea' id='block_1_12' title="bbox 330 1218 1951 1302">
    <p class='ocr_par' dir='ltr' id='par_1_12' title="bbox 330 1218 1951 1302">
     <span class='ocr_line' id='line_1_12' title="bbox 330 1218 1951 1302; baseline 0.008 -30"><span class='ocrx_word' id='word_1_77' title='bbox 330 1225 432 1273; x_wconf 91' lang='lat' dir='ltr'><strong>est.</strong></span> <span class='ocrx_word' id='word_1_78' title='bbox 465 1218 649 1274; x_wconf 90' lang='lat' dir='ltr'><strong>Cassio</strong></span> <span class='ocrx_word' id='word_1_79' title='bbox 682 1221 970 1277; x_wconf 88' lang='lat' dir='ltr'><strong>Narniensi</strong></span> <span class='ocrx_word' id='word_1_80' title='bbox 997 1224 1285 1297; x_wconf 90' lang='lat' dir='ltr'><strong>cpisc0po,</strong></span> <span class='ocrx_word' id='word_1_81' title='bbox 1342 1243 1443 1297; x_wconf 87' lang='lat' dir='ltr'><strong>per</strong></span> <span class='ocrx_word' id='word_1_82' title='bbox 1489 1229 1786 1300; x_wconf 87' lang='lat' dir='ltr'><strong>quemdam</strong></span> <span class='ocrx_word' id='word_1_83' title='bbox 1820 1247 1951 1302; x_wconf 91' lang='lat' dir='ltr'><strong>pre-</strong></span> 
     </span>
    </p>
   </div>
   <div class='ocr_carea' id='block_1_13' title="bbox 336 1306 1952 1388">
    <p class='ocr_par' dir='ltr' id='par_1_13' title="bbox 336 1306 1952 1388">
     <span class='ocr_line' id='line_1_13' title="bbox 336 1306 1952 1388; baseline 0.009 -27"><span class='ocrx_word' id='word_1_84' title='bbox 336 1306 617 1377; x_wconf 90' lang='lat' dir='ltr'><strong>sbyterum</strong></span> <span class='ocrx_word' id='word_1_85' title='bbox 673 1308 744 1363; x_wconf 87' lang='lat' dir='ltr'><strong>ab</strong></span> <span class='ocrx_word' id='word_1_86' title='bbox 798 1310 998 1384; x_wconf 82' lang='lat' dir='ltr'><strong>angelo</strong></span> <span class='ocrx_word' id='word_1_87' title='bbox 1048 1312 1383 1388; x_wconf 86' lang='lat' dir='ltr'><strong>ﬂagellatum</strong></span> <span class='ocrx_word' id='word_1_88' title='bbox 1434 1316 1642 1373; x_wconf 91' lang='lat' dir='ltr'><strong>dictum</strong></span> <span class='ocrx_word' id='word_1_89' title='bbox 1671 1327 1755 1374; x_wconf 90' lang='lat' dir='ltr'><strong>est</strong></span> <span class='ocrx_word' id='word_1_90' title='bbox 1788 1337 1801 1374; x_wconf 91' lang='lat'>:</span> <span class='ocrx_word' id='word_1_91' title='bbox 1835 1321 1952 1377; x_wconf 89' lang='lat' dir='ltr'><strong>Non</strong></span> 
     </span>
    </p>
   </div>
   <div class='ocr_carea' id='block_1_14' title="bbox 332 1404 1952 1483">
    <p class='ocr_par' dir='ltr' id='par_1_14' title="bbox 332 1404 1952 1483">
     <span class='ocr_line' id='line_1_14' title="bbox 332 1404 1952 1483; baseline 0.01 -33"><span class='ocrx_word' id='word_1_92' title='bbox 332 1404 511 1452; x_wconf 89' lang='lat' dir='ltr'><strong>cesset</strong></span> <span class='ocrx_word' id='word_1_93' title='bbox 536 1413 732 1453; x_wconf 89' lang='lat' dir='ltr'><strong>manus</strong></span> <span class='ocrx_word' id='word_1_94' title='bbox 763 1405 875 1466; x_wconf 91' lang='lat' dir='ltr'><strong>tua,</strong></span> <span class='ocrx_word' id='word_1_95' title='bbox 934 1416 1045 1457; x_wconf 89' lang='lat' dir='ltr'><strong>non</strong></span> <span class='ocrx_word' id='word_1_96' title='bbox 1097 1412 1276 1460; x_wconf 89' lang='lat' dir='ltr'><strong>cesset</strong></span> <span class='ocrx_word' id='word_1_97' title='bbox 1311 1422 1410 1476; x_wconf 87' lang='lat' dir='ltr'><strong>pes</strong></span> <span class='ocrx_word' id='word_1_98' title='bbox 1457 1413 1605 1477; x_wconf 92' lang='lat' dir='ltr'><strong>tuus,</strong></span> <span class='ocrx_word' id='word_1_99' title='bbox 1657 1425 1758 1483; x_wconf 85' lang='lat' dir='ltr'><strong>age</strong></span> <span class='ocrx_word' id='word_1_100' title='bbox 1802 1412 1952 1483; x_wconf 92' lang='lat' dir='ltr'><strong>quod</strong></span> 
     </span>
    </p>
   </div>
   <div class='ocr_carea' id='block_1_15' title="bbox 333 1486 1953 1568">
    <p class='ocr_par' dir='ltr' id='par_1_15' title="bbox 333 1486 1953 1568">
     <span class='ocr_line' id='line_1_15' title="bbox 333 1486 1953 1568; baseline 0.011 -29"><span class='ocrx_word' id='word_1_101' title='bbox 333 1486 472 1559; x_wconf 82' lang='lat' dir='ltr'><strong>agis,</strong></span> <span class='ocrx_word' id='word_1_102' title='bbox 504 1502 737 1558; x_wconf 86' lang='lat' dir='ltr'><strong>operare</strong></span> <span class='ocrx_word' id='word_1_103' title='bbox 767 1490 916 1561; x_wconf 92' lang='lat' dir='ltr'><strong>quod</strong></span> <span class='ocrx_word' id='word_1_104' title='bbox 933 1494 1202 1563; x_wconf 89' lang='lat' dir='ltr'><strong>operaris,</strong></span> <span class='ocrx_word' id='word_1_105' title='bbox 1230 1495 1397 1551; x_wconf 86' lang='lat' dir='ltr'><strong>natali</strong></span> <span class='ocrx_word' id='word_1_106' title='bbox 1447 1499 1825 1568; x_wconf 87' lang='lat' dir='ltr'><strong>apostolorum</strong></span> <span class='ocrx_word' id='word_1_107' title='bbox 1847 1517 1953 1557; x_wconf 86' lang='lat' dir='ltr'><strong>ve-</strong></span> 
     </span>
    </p>
   </div>
   <div class='ocr_carea' id='block_1_16' title="bbox 334 1576 1956 1653">
    <p class='ocr_par' dir='ltr' id='par_1_16' title="bbox 334 1576 1956 1653">
     <span class='ocr_line' id='line_1_16' title="bbox 334 1576 1956 1653; baseline 0.009 -23"><span class='ocrx_word' id='word_1_108' title='bbox 334 1576 456 1631; x_wconf 91' lang='lat' dir='ltr'><strong>nies</strong></span> <span class='ocrx_word' id='word_1_109' title='bbox 486 1578 552 1631; x_wconf 92' lang='lat' dir='ltr'><strong>ad</strong></span> <span class='ocrx_word' id='word_1_110' title='bbox 580 1594 689 1633; x_wconf 91' lang='lat' dir='ltr'><strong>me.</strong></span> <span class='ocrx_word' id='word_1_111' title='bbox 713 1600 734 1629; x_wconf 70' lang='grc' dir='ltr'><strong><em>ι</em></strong></span> <span class='ocrx_word' id='word_1_112' title='bbox 762 1579 1066 1653; x_wconf 85' lang='lat' dir='ltr'><strong>Episcopus</strong></span> <span class='ocrx_word' id='word_1_113' title='bbox 1080 1593 1287 1652; x_wconf 90' lang='lat' dir='ltr'><strong>autem,</strong></span> <span class='ocrx_word' id='word_1_114' title='bbox 1309 1585 1593 1642; x_wconf 71' lang='lat' dir='ltr'><strong>aestimans</strong></span> <span class='ocrx_word' id='word_1_115' title='bbox 1617 1588 1675 1643; x_wconf 91' lang='lat' dir='ltr'><strong>in</strong></span> <span class='ocrx_word' id='word_1_116' title='bbox 1695 1589 1956 1645; x_wconf 87' lang='lat' dir='ltr'><strong>solemni-</strong></span> 
     </span>
    </p>
   </div>
   <div class='ocr_carea' id='block_1_17' title="bbox 336 1672 1955 1748">
    <p class='ocr_par' dir='ltr' id='par_1_17' title="bbox 336 1672 1955 1748">
     <span class='ocr_line' id='line_1_17' title="bbox 336 1672 1955 1748; baseline 0.009 -25"><span class='ocrx_word' id='word_1_117' title='bbox 336 1675 447 1725; x_wconf 89' lang='lat' dir='ltr'><strong>tate</strong></span> <span class='ocrx_word' id='word_1_118' title='bbox 468 1672 997 1746; x_wconf 64' lang='lat' dir='ltr'><strong>apostolorum,quaa</strong></span> <span class='ocrx_word' id='word_1_119' title='bbox 1022 1684 1153 1731; x_wconf 92' lang='lat' dir='ltr'><strong>tunc</strong></span> <span class='ocrx_word' id='word_1_120' title='bbox 1183 1678 1431 1748; x_wconf 87' lang='lat' dir='ltr'><strong>proxima</strong></span> <span class='ocrx_word' id='word_1_121' title='bbox 1469 1681 1721 1747; x_wconf 90' lang='lat' dir='ltr'><strong>erat,sibi</strong></span> <span class='ocrx_word' id='word_1_122' title='bbox 1742 1682 1955 1737; x_wconf 91' lang='lat' dir='ltr'><strong>obitum</strong></span> 
     </span>
    </p>
   </div>
   <div class='ocr_carea' id='block_1_18' title="bbox 332 1763 1959 1846">
    <p class='ocr_par' dir='ltr' id='par_1_18' title="bbox 332 1763 1959 1846">
     <span class='ocr_line' id='line_1_18' title="bbox 332 1763 1959 1846; baseline 0.009 -29"><span class='ocrx_word' id='word_1_123' title='bbox 332 1778 492 1818; x_wconf 91' lang='lat' dir='ltr'><strong>suum</strong></span> <span class='ocrx_word' id='word_1_124' title='bbox 526 1763 837 1833; x_wconf 88' lang='lat' dir='ltr'><strong>imminere,</strong></span> <span class='ocrx_word' id='word_1_125' title='bbox 870 1767 928 1822; x_wconf 90' lang='lat' dir='ltr'><strong>in</strong></span> <span class='ocrx_word' id='word_1_126' title='bbox 968 1768 1394 1843; x_wconf 86' lang='lat' dir='ltr'><strong>quibuscunque</strong></span> <span class='ocrx_word' id='word_1_127' title='bbox 1431 1773 1609 1844; x_wconf 91' lang='lat' dir='ltr'><strong>potuit</strong></span> <span class='ocrx_word' id='word_1_128' title='bbox 1633 1774 1704 1829; x_wconf 90' lang='lat' dir='ltr'><strong>ad</strong></span> <span class='ocrx_word' id='word_1_129' title='bbox 1734 1774 1959 1846; x_wconf 91' lang='lat' dir='ltr'><strong>deposi-</strong></span> 
     </span>
    </p>
   </div>
   <div class='ocr_carea' id='block_1_19' title="bbox 339 1856 1954 1935">
    <p class='ocr_par' dir='ltr' id='par_1_19' title="bbox 339 1856 1954 1935">
     <span class='ocr_line' id='line_1_19' title="bbox 339 1856 1954 1935; baseline 0.01 -25"><span class='ocrx_word' id='word_1_130' title='bbox 339 1856 548 1912; x_wconf 91' lang='lat' dir='ltr'><strong>tionem</strong></span> <span class='ocrx_word' id='word_1_131' title='bbox 584 1860 834 1930; x_wconf 91' lang='lat' dir='ltr'><strong>corporis</strong></span> <span class='ocrx_word' id='word_1_132' title='bbox 862 1862 947 1916; x_wconf 91' lang='lat' dir='ltr'><strong>sui</strong></span> <span class='ocrx_word' id='word_1_133' title='bbox 977 1879 1289 1935; x_wconf 84' lang='lat' dir='ltr'><strong>praeparare</strong></span> <span class='ocrx_word' id='word_1_134' title='bbox 1319 1882 1379 1921; x_wconf 90' lang='lat' dir='ltr'><strong>se</strong></span> <span class='ocrx_word' id='word_1_135' title='bbox 1408 1868 1640 1925; x_wconf 87' lang='lat' dir='ltr'><strong>studuit.</strong></span> <span class='ocrx_word' id='word_1_136' title='bbox 1673 1871 1954 1927; x_wconf 87' lang='lat' dir='ltr'><strong>Solemni-</strong></span> 
     </span>
    </p>
   </div>
   <div class='ocr_carea' id='block_1_20' title="bbox 336 1946 1958 2026">
    <p class='ocr_par' dir='ltr' id='par_1_20' title="bbox 336 1946 1958 2026">
     <span class='ocr_line' id='line_1_20' title="bbox 336 1946 1958 2026; baseline 0.012 -28"><span class='ocrx_word' id='word_1_137' title='bbox 336 1952 446 2000; x_wconf 90' lang='lat' dir='ltr'><strong>tate</strong></span> <span class='ocrx_word' id='word_1_138' title='bbox 474 1946 661 2019; x_wconf 89' lang='lat' dir='ltr'><strong>itaque</strong></span> <span class='ocrx_word' id='word_1_139' title='bbox 713 1948 1067 2019; x_wconf 82' lang='lat' dir='ltr'><strong>adveniente,</strong></span> <span class='ocrx_word' id='word_1_140' title='bbox 1099 1969 1269 2008; x_wconf 89' lang='lat' dir='ltr'><strong>sanus</strong></span> <span class='ocrx_word' id='word_1_141' title='bbox 1328 1958 1690 2026; x_wconf 88' lang='lat' dir='ltr'><strong>permanebat</strong></span> <span class='ocrx_word' id='word_1_142' title='bbox 1715 1968 1771 2016; x_wconf 90' lang='lat' dir='ltr'><strong>et</strong></span> <span class='ocrx_word' id='word_1_143' title='bbox 1801 1961 1958 2017; x_wconf 89' lang='lat' dir='ltr'><strong>inco-</strong></span> 
     </span>
    </p>
   </div>
   <div class='ocr_carea' id='block_1_21' title="bbox 336 2038 1958 2121">
    <p class='ocr_par' dir='ltr' id='par_1_21' title="bbox 336 2038 1958 2121">
     <span class='ocr_line' id='line_1_21' title="bbox 336 2038 1958 2121; baseline 0.011 -29"><span class='ocrx_word' id='word_1_144' title='bbox 336 2038 523 2105; x_wconf 89' lang='lat' dir='ltr'><strong>lumis,</strong></span> <span class='ocrx_word' id='word_1_145' title='bbox 547 2047 601 2094; x_wconf 92' lang='lat' dir='ltr'><strong>et</strong></span> <span class='ocrx_word' id='word_1_146' title='bbox 616 2040 697 2097; x_wconf 93' lang='lat' dir='ltr'><strong>sic</strong></span> <span class='ocrx_word' id='word_1_147' title='bbox 720 2043 942 2109; x_wconf 88' lang='lat' dir='ltr'><strong>mansit,</strong></span> <span class='ocrx_word' id='word_1_148' title='bbox 960 2043 1141 2100; x_wconf 91' lang='lat' dir='ltr'><strong>donec</strong></span> <span class='ocrx_word' id='word_1_149' title='bbox 1153 2047 1424 2102; x_wconf 89' lang='lat' dir='ltr'><strong>curricula</strong></span> <span class='ocrx_word' id='word_1_150' title='bbox 1449 2057 1662 2121; x_wconf 90' lang='lat' dir='ltr'><strong>septem</strong></span> <span class='ocrx_word' id='word_1_151' title='bbox 1688 2068 1958 2109; x_wconf 91' lang='lat' dir='ltr'><strong>annorum</strong></span> 
     </span>
    </p>
   </div>
   <div class='ocr_carea' id='block_1_22' title="bbox 339 2135 1958 2210">
    <p class='ocr_par' dir='ltr' id='par_1_22' title="bbox 339 2135 1958 2210">
     <span class='ocr_line' id='line_1_22' title="bbox 339 2135 1958 2210; baseline 0.011 -23"><span class='ocrx_word' id='word_1_152' title='bbox 339 2135 711 2204; x_wconf 61' lang='lat' dir='ltr'><strong>praeterirent,</strong></span> <span class='ocrx_word' id='word_1_153' title='bbox 736 2145 792 2191; x_wconf 87' lang='lat' dir='ltr'><strong>et</strong></span> <span class='ocrx_word' id='word_1_154' title='bbox 818 2143 950 2193; x_wconf 91' lang='lat' dir='ltr'><strong>tunc</strong></span> <span class='ocrx_word' id='word_1_155' title='bbox 992 2138 1049 2192; x_wconf 90' lang='lat' dir='ltr'><strong>in</strong></span> <span class='ocrx_word' id='word_1_156' title='bbox 1081 2141 1280 2196; x_wconf 86' lang='lat' dir='ltr'><strong>eodem</strong></span> <span class='ocrx_word' id='word_1_157' title='bbox 1326 2142 1437 2210; x_wconf 93' lang='lat' dir='ltr'><strong>die,</strong></span> <span class='ocrx_word' id='word_1_158' title='bbox 1486 2145 1631 2203; x_wconf 88' lang='lat' dir='ltr'><strong>sicut</strong></span> <span class='ocrx_word' id='word_1_159' title='bbox 1659 2149 1711 2202; x_wconf 90' lang='lat' dir='ltr'><strong>ei</strong></span> <span class='ocrx_word' id='word_1_160' title='bbox 1751 2150 1958 2205; x_wconf 89' lang='lat' dir='ltr'><strong>dictum</strong></span> 
     </span>
    </p>
   </div>
   <div class='ocr_carea' id='block_1_23' title="bbox 346 2226 1960 2302">
    <p class='ocr_par' dir='ltr' id='par_1_23' title="bbox 346 2226 1960 2302">
     <span class='ocr_line' id='line_1_23' title="bbox 346 2226 1960 2302; baseline 0.012 -24"><span class='ocrx_word' id='word_1_161' title='bbox 346 2232 449 2294; x_wconf 90' lang='lat' dir='ltr'><strong>est,</strong></span> <span class='ocrx_word' id='word_1_162' title='bbox 509 2226 704 2282; x_wconf 89' lang='lat' dir='ltr'><strong>multis</strong></span> <span class='ocrx_word' id='word_1_163' title='bbox 748 2228 914 2284; x_wconf 87' lang='lat' dir='ltr'><strong>bonis</strong></span> <span class='ocrx_word' id='word_1_164' title='bbox 970 2232 1298 2302; x_wconf 52' lang='lat' dir='ltr'><strong>praemissis,</strong></span> <span class='ocrx_word' id='word_1_165' title='bbox 1338 2242 1394 2291; x_wconf 92' lang='lat' dir='ltr'><strong>et</strong></span> <span class='ocrx_word' id='word_1_166' title='bbox 1451 2253 1607 2294; x_wconf 90' lang='lat' dir='ltr'><strong>sacro</strong></span> <span class='ocrx_word' id='word_1_167' title='bbox 1651 2240 1960 2298; x_wconf 89' lang='lat' dir='ltr'><strong>ministerio</strong></span> 
     </span>
    </p>
   </div>
   <div class='ocr_carea' id='block_1_24' title="bbox 342 2315 1964 2399">
    <p class='ocr_par' dir='ltr' id='par_1_24' title="bbox 342 2315 1964 2399">
     <span class='ocr_line' id='line_1_24' title="bbox 342 2315 1964 2399; baseline 0.012 -30"><span class='ocrx_word' id='word_1_168' title='bbox 342 2315 583 2385; x_wconf 83' lang='lat' dir='ltr'><strong>expleto,</strong></span> <span class='ocrx_word' id='word_1_169' title='bbox 600 2316 839 2372; x_wconf 86' lang='lat' dir='ltr'><strong>feliciter</strong></span> <span class='ocrx_word' id='word_1_170' title='bbox 863 2318 1115 2394; x_wconf 77' lang='lat' dir='ltr'><strong>migravit</strong></span> <span class='ocrx_word' id='word_1_171' title='bbox 1137 2324 1404 2380; x_wconf 70' lang='lat' dir='ltr'><strong>asazculo.</strong></span> <span class='ocrx_word' id='word_1_172' title='bbox 1427 2345 1455 2376; x_wconf 76' lang='grc' dir='ltr'><strong>ιο</strong></span> <span class='ocrx_word' id='word_1_173' title='bbox 1483 2326 1573 2382; x_wconf 87' lang='lat' dir='ltr'><strong>His</strong></span> <span class='ocrx_word' id='word_1_174' title='bbox 1594 2330 1964 2399; x_wconf 88' lang='lat' dir='ltr'><strong>auditis,san-</strong></span> 
     </span>
    </p>
   </div>
   <div class='ocr_carea' id='block_1_25' title="bbox 341 2408 1964 2493">
    <p class='ocr_par' dir='ltr' id='par_1_25' title="bbox 341 2408 1964 2493">
     <span class='ocr_line' id='line_1_25' title="bbox 341 2408 1964 2493; baseline 0.012 -34"><span class='ocrx_word' id='word_1_175' title='bbox 341 2413 462 2461; x_wconf 90' lang='lat' dir='ltr'><strong>ctus</strong></span> <span class='ocrx_word' id='word_1_176' title='bbox 494 2408 930 2480; x_wconf 88' lang='lat' dir='ltr'><strong>episcopusvera</strong></span> <span class='ocrx_word' id='word_1_177' title='bbox 959 2427 1080 2467; x_wconf 90' lang='lat' dir='ltr'><strong>esse</strong></span> <span class='ocrx_word' id='word_1_178' title='bbox 1112 2414 1433 2472; x_wconf 86' lang='lat' dir='ltr'><strong>recordatus</strong></span> <span class='ocrx_word' id='word_1_179' title='bbox 1459 2424 1562 2487; x_wconf 90' lang='lat' dir='ltr'><strong>est,</strong></span> <span class='ocrx_word' id='word_1_180' title='bbox 1596 2428 1650 2474; x_wconf 90' lang='lat' dir='ltr'><strong>et</strong></span> <span class='ocrx_word' id='word_1_181' title='bbox 1676 2423 1964 2493; x_wconf 85' lang='lat' dir='ltr'><strong>respondit</strong></span> 
     </span>
    </p>
   </div>
   <div class='ocr_carea' id='block_1_26' title="bbox 341 2498 1965 2576">
    <p class='ocr_par' dir='ltr' id='par_1_26' title="bbox 341 2498 1965 2576">
     <span class='ocr_line' id='line_1_26' title="bbox 341 2498 1965 2576; baseline 0.012 -25"><span class='ocrx_word' id='word_1_182' title='bbox 341 2498 393 2553; x_wconf 89' lang='lat' dir='ltr'><strong>ei</strong></span> <span class='ocrx_word' id='word_1_183' title='bbox 433 2498 626 2554; x_wconf 91' lang='lat' dir='ltr'><strong>dicens</strong></span> <span class='ocrx_word' id='word_1_184' title='bbox 659 2518 672 2554; x_wconf 93' lang='lat'>:</span> <span class='ocrx_word' id='word_1_185' title='bbox 715 2502 903 2557; x_wconf 73' lang='lat' dir='ltr'><strong>«Bene</strong></span> <span class='ocrx_word' id='word_1_186' title='bbox 922 2503 1335 2576; x_wconf 82' lang='lat' dir='ltr'><strong>dixisti,frater,</strong></span> <span class='ocrx_word' id='word_1_187' title='bbox 1373 2516 1467 2564; x_wconf 67' lang='lat' dir='ltr'><strong>net</strong></span> <span class='ocrx_word' id='word_1_188' title='bbox 1487 2513 1761 2568; x_wconf 88' lang='lat' dir='ltr'><strong>revelatus</strong></span> <span class='ocrx_word' id='word_1_189' title='bbox 1778 2522 1965 2571; x_wconf 90' lang='lat' dir='ltr'><strong>mente</strong></span> 
     </span>
    </p>
   </div>
   <div class='ocr_carea' id='block_1_27' title="bbox 344 2591 1965 2665">
    <p class='ocr_par' dir='ltr' id='par_1_27' title="bbox 344 2591 1965 2665">
     <span class='ocr_line' id='line_1_27' title="bbox 344 2591 1965 2665; baseline 0.011 -20"><span class='ocrx_word' id='word_1_190' title='bbox 344 2591 492 2646; x_wconf 91' lang='lat' dir='ltr'><strong>bono</strong></span> <span class='ocrx_word' id='word_1_191' title='bbox 524 2591 709 2646; x_wconf 89' lang='lat' dir='ltr'><strong>animo</strong></span> <span class='ocrx_word' id='word_1_192' title='bbox 743 2594 1028 2665; x_wconf 85' lang='lat' dir='ltr'><strong>manebat,</strong></span> <span class='ocrx_word' id='word_1_193' title='bbox 1048 2604 1246 2654; x_wconf 92' lang='lat' dir='ltr'><strong>etcum</strong></span> <span class='ocrx_word' id='word_1_194' title='bbox 1273 2615 1339 2656; x_wconf 91' lang='lat' dir='ltr'><strong>eo</strong></span> <span class='ocrx_word' id='word_1_195' title='bbox 1364 2604 1719 2660; x_wconf 89' lang='lat' dir='ltr'><strong>manentibus</strong></span> <span class='ocrx_word' id='word_1_196' title='bbox 1746 2606 1965 2662; x_wconf 89' lang='lat' dir='ltr'><strong>dulcem</strong></span> 
     </span>
    </p>
   </div>
   <div class='ocr_carea' id='block_1_28' title="bbox 345 2685 1967 2772">
    <p class='ocr_par' dir='ltr' id='par_1_28' title="bbox 345 2685 1967 2772">
     <span class='ocr_line' id='line_1_28' title="bbox 345 2685 1967 2772; baseline 0.011 -36"><span class='ocrx_word' id='word_1_197' title='bbox 345 2690 401 2737; x_wconf 87' lang='lat' dir='ltr'><strong>et</strong></span> <span class='ocrx_word' id='word_1_198' title='bbox 430 2685 782 2740; x_wconf 89' lang='lat' dir='ltr'><strong>commodum</strong></span> <span class='ocrx_word' id='word_1_199' title='bbox 815 2702 875 2741; x_wconf 88' lang='lat' dir='ltr'><strong>se</strong></span> <span class='ocrx_word' id='word_1_200' title='bbox 893 2688 1194 2746; x_wconf 87' lang='lat' dir='ltr'><strong>exhibebat</strong></span> <span class='ocrx_word' id='word_1_201' title='bbox 1231 2709 1241 2746; x_wconf 89' lang='lat'><strong>:</strong></span> <span class='ocrx_word' id='word_1_202' title='bbox 1269 2692 1477 2748; x_wconf 91' lang='lat' dir='ltr'><strong>nullum</strong></span> <span class='ocrx_word' id='word_1_203' title='bbox 1497 2695 1822 2772; x_wconf 88' lang='lat' dir='ltr'><strong>objurgans,</strong></span> <span class='ocrx_word' id='word_1_204' title='bbox 1843 2699 1967 2753; x_wconf 91' lang='lat' dir='ltr'><strong>nul-</strong></span> 
     </span>
    </p>
   </div>
   <div class='ocr_carea' id='block_1_29' title="bbox 342 2775 1969 2856">
    <p class='ocr_par' dir='ltr' id='par_1_29' title="bbox 342 2775 1969 2856">
     <span class='ocr_line' id='line_1_29' title="bbox 342 2775 1969 2856; baseline 0.012 -28"><span class='ocrx_word' id='word_1_205' title='bbox 342 2775 457 2830; x_wconf 92' lang='lat' dir='ltr'><strong>lum</strong></span> <span class='ocrx_word' id='word_1_206' title='bbox 489 2776 805 2848; x_wconf 89' lang='lat' dir='ltr'><strong>increpans,</strong></span> <span class='ocrx_word' id='word_1_207' title='bbox 838 2781 975 2835; x_wconf 89' lang='lat' dir='ltr'><strong>nulli</strong></span> <span class='ocrx_word' id='word_1_208' title='bbox 1009 2782 1201 2850; x_wconf 91' lang='lat' dir='ltr'><strong>iratus,</strong></span> <span class='ocrx_word' id='word_1_209' title='bbox 1236 2786 1371 2840; x_wconf 90' lang='lat' dir='ltr'><strong>nulli</strong></span> <span class='ocrx_word' id='word_1_210' title='bbox 1398 2787 1684 2856; x_wconf 88' lang='lat' dir='ltr'><strong>molestus,</strong></span> <span class='ocrx_word' id='word_1_211' title='bbox 1706 2791 1843 2846; x_wconf 92' lang='lat' dir='ltr'><strong>nulli</strong></span> <span class='ocrx_word' id='word_1_212' title='bbox 1876 2792 1969 2847; x_wconf 89' lang='lat' dir='ltr'><strong>ad-</strong></span> 
     </span>
    </p>
   </div>
   <div class='ocr_carea' id='block_1_30' title="bbox 345 2869 1967 2945">
    <p class='ocr_par' dir='ltr' id='par_1_30' title="bbox 345 2869 1967 2945">
     <span class='ocr_line' id='line_1_30' title="bbox 345 2869 1967 2945; baseline 0.012 -24"><span class='ocrx_word' id='word_1_213' title='bbox 345 2884 556 2931; x_wconf 89' lang='lat' dir='ltr'><strong>versus,</strong></span> <span class='ocrx_word' id='word_1_214' title='bbox 591 2869 803 2925; x_wconf 91' lang='lat' dir='ltr'><strong>nullum</strong></span> <span class='ocrx_word' id='word_1_215' title='bbox 834 2872 1063 2928; x_wconf 90' lang='lat' dir='ltr'><strong>verbum</strong></span> <span class='ocrx_word' id='word_1_216' title='bbox 1093 2875 1330 2945; x_wconf 84' lang='lat' dir='ltr'><strong>alicujus</strong></span> <span class='ocrx_word' id='word_1_217' title='bbox 1362 2879 1770 2938; x_wconf 88' lang='lat' dir='ltr'><strong>lamentationis</strong></span> <span class='ocrx_word' id='word_1_218' title='bbox 1799 2884 1867 2938; x_wconf 91' lang='lat' dir='ltr'><strong>ab</strong></span> <span class='ocrx_word' id='word_1_219' title='bbox 1901 2901 1967 2941; x_wconf 94' lang='lat' dir='ltr'><strong>eo</strong></span> 
     </span>
    </p>
   </div>
   <div class='ocr_carea' id='block_1_31' title="bbox 350 2957 1970 3046">
    <p class='ocr_par' dir='ltr' id='par_1_31' title="bbox 350 2957 1970 3046">
     <span class='ocr_line' id='line_1_31' title="bbox 350 2957 1970 3046; baseline 0.012 -36"><span class='ocrx_word' id='word_1_220' title='bbox 350 2957 703 3026; x_wconf 88' lang='lat' dir='ltr'><strong>audiebatur,</strong></span> <span class='ocrx_word' id='word_1_221' title='bbox 744 2961 842 3015; x_wconf 91' lang='lat' dir='ltr'><strong>sed</strong></span> <span class='ocrx_word' id='word_1_222' title='bbox 873 2962 1018 3016; x_wconf 88' lang='lat' dir='ltr'><strong>bona</strong></span> <span class='ocrx_word' id='word_1_223' title='bbox 1050 2966 1237 3020; x_wconf 88' lang='lat' dir='ltr'><strong>omnia</strong></span> <span class='ocrx_word' id='word_1_224' title='bbox 1276 2984 1399 3039; x_wconf 62' lang='lat' dir='ltr'><strong>qum</strong></span> <span class='ocrx_word' id='word_1_225' title='bbox 1429 2977 1561 3024; x_wconf 88' lang='lat' dir='ltr'><strong>tunc</strong></span> <span class='ocrx_word' id='word_1_226' title='bbox 1608 2973 1805 3041; x_wconf 90' lang='lat' dir='ltr'><strong>potuit,</strong></span> <span class='ocrx_word' id='word_1_227' title='bbox 1833 2992 1970 3046; x_wconf 65' lang='lat' dir='ltr'><strong>pra)-</strong></span> 
     </span>
    </p>
   </div>
   <div class='ocr_carea' id='block_1_32' title="bbox 348 3047 1964 3137">
    <p class='ocr_par' dir='ltr' id='par_1_32' title="bbox 348 3047 1964 3137">
     <span class='ocr_line' id='line_1_32' title="bbox 348 3047 1964 3137; baseline 0.013 -37"><span class='ocrx_word' id='word_1_228' title='bbox 348 3047 600 3102; x_wconf 89' lang='lat' dir='ltr'><strong>sentibus</strong></span> <span class='ocrx_word' id='word_1_229' title='bbox 629 3058 684 3102; x_wconf 91' lang='lat' dir='ltr'><strong>et</strong></span> <span class='ocrx_word' id='word_1_230' title='bbox 736 3049 1063 3108; x_wconf 88' lang='lat' dir='ltr'><strong>absentibus</strong></span> <span class='ocrx_word' id='word_1_231' title='bbox 1116 3053 1275 3110; x_wconf 81' lang='lat' dir='ltr'><strong>fecit.</strong></span> <span class='ocrx_word' id='word_1_232' title='bbox 1305 3057 1523 3114; x_wconf 87' lang='lat' dir='ltr'><strong>Nemini</strong></span> <span class='ocrx_word' id='word_1_233' title='bbox 1560 3059 1964 3137; x_wconf 89' lang='lat' dir='ltr'><strong>indulgentiam</strong></span> 
     </span>
    </p>
   </div>
   <div class='ocr_carea' id='block_1_33' title="bbox 347 3139 1967 3233">
    <p class='ocr_par' dir='ltr' id='par_1_33' title="bbox 347 3139 1967 3233">
     <span class='ocr_line' id='line_1_33' title="bbox 347 3139 1967 3233; baseline 0.014 -42"><span class='ocrx_word' id='word_1_234' title='bbox 347 3139 589 3233; x_wconf 53' lang='lat' dir='ltr'><strong>nega-vit,</strong></span> <span class='ocrx_word' id='word_1_235' title='bbox 611 3141 798 3233; x_wconf 77' lang='lat' dir='ltr'><strong>gratia</strong></span> <span class='ocrx_word' id='word_1_236' title='bbox 828 3159 942 3199; x_wconf 80' lang='lat' dir='ltr'><strong>suae</strong></span> <span class='ocrx_word' id='word_1_237' title='bbox 997 3146 1404 3206; x_wconf 90' lang='lat' dir='ltr'><strong>benedictionis</strong></span> <span class='ocrx_word' id='word_1_238' title='bbox 1442 3168 1636 3210; x_wconf 92' lang='lat' dir='ltr'><strong>omnes</strong></span> <span class='ocrx_word' id='word_1_239' title='bbox 1666 3158 1967 3233; x_wconf 88' lang='lat' dir='ltr'><strong>consigna—</strong></span> 
     </span>
    </p>
   </div>
   <div class='ocr_carea' id='block_1_34' title="bbox 349 3205 2040 3318">
    <p class='ocr_par' dir='ltr' id='par_1_34' title="bbox 349 3205 2040 3318">
     <span class='ocr_line' id='line_1_34' title="bbox 349 3205 2040 3318; baseline 0.015 -37"><span class='ocrx_word' id='word_1_240' title='bbox 349 3227 445 3282; x_wconf 90' lang='lat' dir='ltr'><strong>vit.</strong></span> <span class='ocrx_word' id='word_1_241' title='bbox 475 3227 773 3285; x_wconf 69' lang='lat' dir='ltr'><strong>Przedictus</strong></span> <span class='ocrx_word' id='word_1_242' title='bbox 812 3248 943 3288; x_wconf 91' lang='lat' dir='ltr'><strong>vero</strong></span> <span class='ocrx_word' id='word_1_243' title='bbox 995 3235 1312 3293; x_wconf 81' lang='lat' dir='ltr'><strong>Bichwinus</strong></span> <span class='ocrx_word' id='word_1_244' title='bbox 1359 3257 1567 3310; x_wconf 87' lang='lat' dir='ltr'><strong>comes,</strong></span> <span class='ocrx_word' id='word_1_245' title='bbox 1617 3262 1793 3318; x_wconf 87' lang='lat' dir='ltr'><strong>nepos</strong></span> <span class='ocrx_word' id='word_1_246' title='bbox 1823 3205 1965 3317; x_wconf 54' lang='lat' dir='ltr'><strong>Ejus,</strong></span> <span class='ocrx_word' id='word_1_247' title='bbox 1991 3205 2040 3274; x_wconf 63' lang='grc' dir='ltr'>Ο</span> 
     </span>
    </p>
   </div>
   <div class='ocr_carea' id='block_1_35' title="bbox 348 3320 1968 3414">
    <p class='ocr_par' dir='ltr' id='par_1_35' title="bbox 348 3320 1968 3414">
     <span class='ocr_line' id='line_1_35' title="bbox 348 3320 1968 3414; baseline 0.015 -40"><span class='ocrx_word' id='word_1_248' title='bbox 348 3320 531 3414; x_wconf 82' lang='lat' dir='ltr'><strong>adhuc</strong></span> <span class='ocrx_word' id='word_1_249' title='bbox 560 3321 628 3375; x_wconf 92' lang='lat' dir='ltr'><strong>de</strong></span> <span class='ocrx_word' id='word_1_250' title='bbox 659 3324 830 3398; x_wconf 89' lang='lat' dir='ltr'><strong>regali</strong></span> <span class='ocrx_word' id='word_1_251' title='bbox 856 3326 1141 3385; x_wconf 91' lang='lat' dir='ltr'><strong>locutione</strong></span> <span class='ocrx_word' id='word_1_252' title='bbox 1168 3348 1277 3388; x_wconf 89' lang='lat' dir='ltr'><strong>non</strong></span> <span class='ocrx_word' id='word_1_253' title='bbox 1311 3337 1713 3396; x_wconf 88' lang='lat' dir='ltr'><strong>revertebatur.</strong></span> <span class='ocrx_word' id='word_1_254' title='bbox 1743 3341 1819 3396; x_wconf 90' lang='lat' dir='ltr'><strong>De</strong></span> <span class='ocrx_word' id='word_1_255' title='bbox 1858 3358 1968 3414; x_wconf 93' lang='lat' dir='ltr'><strong>quo</strong></span> 
     </span>
    </p>
   </div>
   <div class='ocr_carea' id='block_1_36' title="bbox 352 3410 1970 3493">
    <p class='ocr_par' dir='ltr' id='par_1_36' title="bbox 352 3410 1970 3493">
     <span class='ocr_line' id='line_1_36' title="bbox 352 3410 1970 3493; baseline 0.015 -29"><span class='ocrx_word' id='word_1_256' title='bbox 352 3410 629 3467; x_wconf 89' lang='lat' dir='ltr'><strong>interdum</strong></span> <span class='ocrx_word' id='word_1_257' title='bbox 660 3414 882 3471; x_wconf 91' lang='lat' dir='ltr'><strong>dicebat</strong></span> <span class='ocrx_word' id='word_1_258' title='bbox 917 3434 929 3471; x_wconf 78' lang='grc' dir='ltr'><strong><em>τ</em></strong></span> <span class='ocrx_word' id='word_1_259' title='bbox 967 3440 991 3468; x_wconf 76' lang='grc' dir='ltr'>ι</span> <span class='ocrx_word' id='word_1_260' title='bbox 1021 3419 1600 3493; x_wconf 81' lang='lat' dir='ltr'><strong>ORichwine,utinam</strong></span> <span class='ocrx_word' id='word_1_261' title='bbox 1636 3446 1724 3484; x_wconf 92' lang='lat' dir='ltr'><strong>me</strong></span> <span class='ocrx_word' id='word_1_262' title='bbox 1750 3410 1970 3487; x_wconf 79' lang='lat' dir='ltr'><strong>vivente</strong></span> 
     </span>
    </p>
   </div>
   <div class='ocr_carea' id='block_1_37' title="bbox 354 3501 1973 3592">
    <p class='ocr_par' dir='ltr' id='par_1_37' title="bbox 354 3501 1973 3592">
     <span class='ocr_line' id='line_1_37' title="bbox 354 3501 1973 3592; baseline 0.015 -39"><span class='ocrx_word' id='word_1_263' title='bbox 354 3501 575 3592; x_wconf 82' lang='lat' dir='ltr'><strong>venires</strong></span> <span class='ocrx_word' id='word_1_264' title='bbox 601 3511 662 3557; x_wconf 90' lang='lat' dir='ltr'><strong>ut</strong></span> <span class='ocrx_word' id='word_1_265' title='bbox 693 3510 744 3557; x_wconf 90' lang='lat' dir='ltr'><strong>te</strong></span> <span class='ocrx_word' id='word_1_266' title='bbox 772 3505 1018 3562; x_wconf 90' lang='lat' dir='ltr'><strong>viderem</strong></span> <span class='ocrx_word' id='word_1_267' title='bbox 1052 3509 1064 3563; x_wconf 90' lang='lat' dir='ltr'><strong>l</strong></span> <span class='ocrx_word' id='word_1_268' title='bbox 1100 3532 1120 3563; x_wconf 75' lang='grc' dir='ltr'><strong><em>ι</em></strong></span> <span class='ocrx_word' id='word_1_269' title='bbox 1156 3512 1229 3568; x_wconf 86' lang='lat' dir='ltr'><strong>Eo</strong></span> <span class='ocrx_word' id='word_1_270' title='bbox 1251 3517 1732 3575; x_wconf 89' lang='lat' dir='ltr'><strong>annosolemnitas</strong></span> <span class='ocrx_word' id='word_1_271' title='bbox 1755 3528 1973 3592; x_wconf 87' lang='lat' dir='ltr'><strong>aposto-</strong></span> 
     </span>
    </p>
   </div>
   <div class='ocr_carea' id='block_1_38' title="bbox 353 3590 1978 3685">
    <p class='ocr_par' dir='ltr' id='par_1_38' title="bbox 353 3590 1978 3685">
     <span class='ocr_line' id='line_1_38' title="bbox 353 3590 1978 3685; baseline 0.015 -41"><span class='ocrx_word' id='word_1_272' title='bbox 353 3590 707 3685; x_wconf 29' lang='lat' dir='ltr'><strong>lorum‘Petri</strong></span> <span class='ocrx_word' id='word_1_273' title='bbox 739 3602 794 3650; x_wconf 90' lang='lat' dir='ltr'><strong>et</strong></span> <span class='ocrx_word' id='word_1_274' title='bbox 816 3596 970 3652; x_wconf 84' lang='lat' dir='ltr'><strong>Pauli</strong></span> <span class='ocrx_word' id='word_1_275' title='bbox 1000 3601 1287 3660; x_wconf 92' lang='lat' dir='ltr'><strong>Dominica</strong></span> <span class='ocrx_word' id='word_1_276' title='bbox 1316 3606 1408 3661; x_wconf 89' lang='lat' dir='ltr'><strong>die</strong></span> <span class='ocrx_word' id='word_1_277' title='bbox 1431 3610 1743 3680; x_wconf 88' lang='lat' dir='ltr'><strong>eveniebat,</strong></span> <span class='ocrx_word' id='word_1_278' title='bbox 1772 3590 1843 3668; x_wconf 88' lang='lat' dir='ltr'><strong>de</strong></span> <span class='ocrx_word' id='word_1_279' title='bbox 1867 3629 1978 3685; x_wconf 90' lang='lat' dir='ltr'><strong>qua</strong></span> 
     </span>
    </p>
   </div>
   <div class='ocr_carea' id='block_1_39' title="bbox 354 3681 1979 3770">
    <p class='ocr_par' dir='ltr' id='par_1_39' title="bbox 354 3681 1979 3770">
     <span class='ocr_line' id='line_1_39' title="bbox 354 3681 1979 3770; baseline 0.015 -36"><span class='ocrx_word' id='word_1_280' title='bbox 354 3681 586 3751; x_wconf 86' lang='lat' dir='ltr'><strong>Optimis</strong></span> <span class='ocrx_word' id='word_1_281' title='bbox 612 3686 884 3757; x_wconf 88' lang='lat' dir='ltr'><strong>moribus,</strong></span> <span class='ocrx_word' id='word_1_282' title='bbox 915 3689 1057 3745; x_wconf 89' lang='lat' dir='ltr'><strong>sicut</strong></span> <span class='ocrx_word' id='word_1_283' title='bbox 1099 3695 1350 3763; x_wconf 65' lang='lat' dir='ltr'><strong>praedixi,</strong></span> <span class='ocrx_word' id='word_1_284' title='bbox 1385 3699 1764 3770; x_wconf 86' lang='lat' dir='ltr'><strong>exspectabat,</strong></span> <span class='ocrx_word' id='word_1_285' title='bbox 1796 3681 1979 3759; x_wconf 79' lang='lat' dir='ltr'><strong>donec</strong></span> 
     </span>
    </p>
   </div>
   <div class='ocr_carea' id='block_1_40' title="bbox 358 3774 1981 3862">
    <p class='ocr_par' dir='ltr' id='par_1_40' title="bbox 358 3774 1981 3862">
     <span class='ocr_line' id='line_1_40' title="bbox 358 3774 1981 3862; baseline 0.015 -34"><span class='ocrx_word' id='word_1_286' title='bbox 358 3774 478 3829; x_wconf 93' lang='lat' dir='ltr'><strong>dies</strong></span> <span class='ocrx_word' id='word_1_287' title='bbox 507 3776 715 3847; x_wconf 62' lang='lat' dir='ltr'><strong>quintae</strong></span> <span class='ocrx_word' id='word_1_288' title='bbox 746 3779 897 3836; x_wconf 73' lang='lat' dir='ltr'><strong>feriae</strong></span> <span class='ocrx_word' id='word_1_289' title='bbox 927 3786 1317 3854; x_wconf 89' lang='lat' dir='ltr'><strong>pertransisset</strong></span> <span class='ocrx_word' id='word_1_290' title='bbox 1350 3806 1365 3856; x_wconf 87' lang='lat'><strong>;</strong></span> <span class='ocrx_word' id='word_1_291' title='bbox 1395 3789 1451 3844; x_wconf 91' lang='lat' dir='ltr'><strong>in</strong></span> <span class='ocrx_word' id='word_1_292' title='bbox 1485 3791 1579 3846; x_wconf 92' lang='lat' dir='ltr'><strong>illa</strong></span> <span class='ocrx_word' id='word_1_293' title='bbox 1609 3800 1791 3862; x_wconf 88' lang='lat' dir='ltr'><strong>nocte,</strong></span> <span class='ocrx_word' id='word_1_294' title='bbox 1817 3803 1981 3851; x_wconf 88' lang='lat' dir='ltr'><strong>antea</strong></span> 
     </span>
    </p>
   </div>
   <div class='ocr_carea' id='block_1_41' title="bbox 360 3872 1972 3955">
    <p class='ocr_par' dir='ltr' id='par_1_41' title="bbox 360 3872 1972 3955">
     <span class='ocr_line' id='line_1_41' title="bbox 360 3872 1972 3955; baseline 0.014 -37"><span class='ocrx_word' id='word_1_295' title='bbox 360 3881 527 3936; x_wconf 89' lang='lat' dir='ltr'><strong>quam</strong></span> <span class='ocrx_word' id='word_1_296' title='bbox 572 3883 769 3924; x_wconf 89' lang='lat' dir='ltr'><strong>aurora</strong></span> <span class='ocrx_word' id='word_1_297' title='bbox 797 3878 964 3928; x_wconf 69' lang='lat' dir='ltr'><strong>sextae</strong></span> <span class='ocrx_word' id='word_1_298' title='bbox 993 3872 1147 3931; x_wconf 67' lang='lat' dir='ltr'><strong>feriae</strong></span> <span class='ocrx_word' id='word_1_299' title='bbox 1178 3875 1324 3934; x_wconf 89' lang='lat' dir='ltr'><strong>bene</strong></span> <span class='ocrx_word' id='word_1_300' title='bbox 1380 3881 1640 3955; x_wconf 84' lang='lat' dir='ltr'><strong>cognosci</strong></span> <span class='ocrx_word' id='word_1_301' title='bbox 1682 3884 1972 3955; x_wconf 89' lang='lat' dir='ltr'><strong>potuisset.</strong></span> 
     </span>
    </p>
   </div>
   <div class='ocr_carea' id='block_1_42' title="bbox 360 3956 1980 4043">
    <p class='ocr_par' dir='ltr' id='par_1_42' title="bbox 360 3956 1980 4043">
     <span class='ocr_line' id='line_1_42' title="bbox 360 3956 1980 4043; baseline 0.014 -36"><span class='ocrx_word' id='word_1_302' title='bbox 360 3968 585 4024; x_wconf 88' lang='lat' dir='ltr'><strong>asperso</strong></span> <span class='ocrx_word' id='word_1_303' title='bbox 613 3956 800 4013; x_wconf 91' lang='lat' dir='ltr'><strong>cinere</strong></span> <span class='ocrx_word' id='word_1_304' title='bbox 830 3958 887 4013; x_wconf 91' lang='lat' dir='ltr'><strong>in</strong></span> <span class='ocrx_word' id='word_1_305' title='bbox 919 3961 1144 4019; x_wconf 92' lang='lat' dir='ltr'><strong>modum</strong></span> <span class='ocrx_word' id='word_1_306' title='bbox 1171 3967 1370 4036; x_wconf 92' lang='lat' dir='ltr'><strong>crucis,</strong></span> <span class='ocrx_word' id='word_1_307' title='bbox 1399 3976 1454 4024; x_wconf 92' lang='lat' dir='ltr'><strong>et</strong></span> <span class='ocrx_word' id='word_1_308' title='bbox 1484 3987 1628 4043; x_wconf 90' lang='lat' dir='ltr'><strong>aqua</strong></span> <span class='ocrx_word' id='word_1_309' title='bbox 1684 3972 1980 4029; x_wconf 88' lang='lat' dir='ltr'><strong>benedicta</strong></span> 
     </span>
    </p>
   </div>
   <div class='ocr_carea' id='block_1_43' title="bbox 361 4052 1977 4139">
    <p class='ocr_par' dir='ltr' id='par_1_43' title="bbox 361 4052 1977 4139">
     <span class='ocr_line' id='line_1_43' title="bbox 361 4052 1977 4139; baseline 0.014 -37"><span class='ocrx_word' id='word_1_310' title='bbox 361 4064 607 4119; x_wconf 88' lang='lat' dir='ltr'><strong>aspersa,</strong></span> <span class='ocrx_word' id='word_1_311' title='bbox 655 4067 715 4105; x_wconf 91' lang='lat' dir='ltr'><strong>sc</strong></span> <span class='ocrx_word' id='word_1_312' title='bbox 746 4052 952 4125; x_wconf 90' lang='lat' dir='ltr'><strong>deponi</strong></span> <span class='ocrx_word' id='word_1_313' title='bbox 1012 4055 1160 4123; x_wconf 86' lang='lat' dir='ltr'><strong>fecit,</strong></span> <span class='ocrx_word' id='word_1_314' title='bbox 1193 4066 1248 4115; x_wconf 90' lang='lat' dir='ltr'><strong>et</strong></span> <span class='ocrx_word' id='word_1_315' title='bbox 1277 4061 1356 4117; x_wconf 91' lang='lat' dir='ltr'><strong>sic</strong></span> <span class='ocrx_word' id='word_1_316' title='bbox 1390 4064 1611 4132; x_wconf 87' lang='lat' dir='ltr'><strong>jacebat</strong></span> <span class='ocrx_word' id='word_1_317' title='bbox 1639 4083 1815 4139; x_wconf 88' lang='lat' dir='ltr'><strong>usque</strong></span> <span class='ocrx_word' id='word_1_318' title='bbox 1847 4068 1977 4124; x_wconf 91' lang='lat' dir='ltr'><strong>dum</strong></span> 
     </span>
    </p>
   </div>
   <div class='ocr_carea' id='block_1_44' title="bbox 364 4146 1983 4217">
    <p class='ocr_par' dir='ltr' id='par_1_44' title="bbox 364 4146 1983 4217">
     <span class='ocr_line' id='line_1_44' title="bbox 364 4146 1983 4217; baseline 0.014 -22"><span class='ocrx_word' id='word_1_319' title='bbox 364 4156 561 4197; x_wconf 89' lang='lat' dir='ltr'><strong>aurora</strong></span> <span class='ocrx_word' id='word_1_320' title='bbox 587 4151 841 4200; x_wconf 88' lang='lat' dir='ltr'><strong>cunctam</strong></span> <span class='ocrx_word' id='word_1_321' title='bbox 868 4146 1219 4207; x_wconf 87' lang='lat' dir='ltr'><strong>latitudinem</strong></span> <span class='ocrx_word' id='word_1_322' title='bbox 1251 4154 1403 4211; x_wconf 90' lang='lat' dir='ltr'><strong>orbis</strong></span> <span class='ocrx_word' id='word_1_323' title='bbox 1441 4157 1777 4215; x_wconf 90' lang='lat' dir='ltr'><strong>illuminaret</strong></span> <span class='ocrx_word' id='word_1_324' title='bbox 1830 4160 1983 4217; x_wconf 89' lang='lat' dir='ltr'><strong>Tunc</strong></span> 
     </span>
    </p>
   </div>
   <div class='ocr_carea' id='block_1_45' title="bbox 364 4233 1985 4332">
    <p class='ocr_par' dir='ltr' id='par_1_45' title="bbox 364 4233 1985 4332">
     <span class='ocr_line' id='line_1_45' title="bbox 364 4233 1985 4332; baseline 0.015 -44"><span class='ocrx_word' id='word_1_325' title='bbox 364 4233 684 4332; x_wconf 78' lang='lat' dir='ltr'><strong>Richvvinus</strong></span> <span class='ocrx_word' id='word_1_326' title='bbox 713 4239 783 4293; x_wconf 93' lang='lat' dir='ltr'><strong>de</strong></span> <span class='ocrx_word' id='word_1_327' title='bbox 836 4242 1040 4312; x_wconf 91' lang='lat' dir='ltr'><strong>palatio</strong></span> <span class='ocrx_word' id='word_1_328' title='bbox 1083 4247 1306 4304; x_wconf 88' lang='lat' dir='ltr'><strong>rediens</strong></span> <span class='ocrx_word' id='word_1_329' title='bbox 1349 4250 1596 4321; x_wconf 81' lang='lat' dir='ltr'><strong>intravit,</strong></span> <span class='ocrx_word' id='word_1_330' title='bbox 1654 4264 1709 4310; x_wconf 88' lang='lat' dir='ltr'><strong>et</strong></span> <span class='ocrx_word' id='word_1_331' title='bbox 1756 4255 1985 4332; x_wconf 84' lang='lat' dir='ltr'><strong>legatio-</strong></span> 
     </span>
    </p>
   </div>
   <div class='ocr_carea' id='block_1_46' title="bbox 364 4329 1989 4405">
    <p class='ocr_par' dir='ltr' id='par_1_46' title="bbox 364 4329 1989 4405">
     <span class='ocr_line' id='line_1_46' title="bbox 364 4329 1989 4405; baseline 0.016 -24"><span class='ocrx_word' id='word_1_332' title='bbox 364 4344 491 4383; x_wconf 90' lang='lat' dir='ltr'><strong>nem</strong></span> <span class='ocrx_word' id='word_1_333' title='bbox 520 4329 870 4403; x_wconf 86' lang='lat' dir='ltr'><strong>imperatoris</strong></span> <span class='ocrx_word' id='word_1_334' title='bbox 919 4353 985 4393; x_wconf 92' lang='lat' dir='ltr'><strong>eo</strong></span> <span class='ocrx_word' id='word_1_335' title='bbox 1017 4340 1279 4398; x_wconf 90' lang='lat' dir='ltr'><strong>audiente</strong></span> <span class='ocrx_word' id='word_1_336' title='bbox 1327 4346 1595 4403; x_wconf 89' lang='lat' dir='ltr'><strong>recitavit.</strong></span> <span class='ocrx_word' id='word_1_337' title='bbox 1652 4348 1727 4405; x_wconf 89' lang='lat' dir='ltr'><strong>Eo</strong></span> <span class='ocrx_word' id='word_1_338' title='bbox 1775 4329 1989 4405; x_wconf 77' lang='lat' dir='ltr'><strong>scilicet</strong></span> 
     </span>
    </p>
   </div>
   <div class='ocr_carea' id='block_1_47' title="bbox 361 4420 1981 4500">
    <p class='ocr_par' dir='ltr' id='par_1_47' title="bbox 361 4420 1981 4500">
     <span class='ocr_line' id='line_1_47' title="bbox 361 4420 1981 4500; baseline 0.014 -26"><span class='ocrx_word' id='word_1_339' title='bbox 361 4420 479 4477; x_wconf 90' lang='lat' dir='ltr'><strong>viso</strong></span> <span class='ocrx_word' id='word_1_340' title='bbox 519 4421 910 4500; x_wconf 88' lang='lat' dir='ltr'><strong>legationeque</strong></span> <span class='ocrx_word' id='word_1_341' title='bbox 955 4432 1165 4500; x_wconf 90' lang='lat' dir='ltr'><strong>audita,</strong></span> <span class='ocrx_word' id='word_1_342' title='bbox 1205 4436 1398 4492; x_wconf 93' lang='lat' dir='ltr'><strong>oculos</strong></span> <span class='ocrx_word' id='word_1_343' title='bbox 1456 4438 1645 4495; x_wconf 89' lang='lat' dir='ltr'><strong>levans</strong></span> <span class='ocrx_word' id='word_1_344' title='bbox 1675 4442 1981 4496; x_wconf 89' lang='lat' dir='ltr'><strong>secundum</strong></span> 
     </span>
    </p>
   </div>
   <div class='ocr_carea' id='block_1_48' title="bbox 365 4515 1983 4602">
    <p class='ocr_par' dir='ltr' id='par_1_48' title="bbox 365 4515 1983 4602">
     <span class='ocr_line' id='line_1_48' title="bbox 365 4515 1983 4602; baseline 0.012 -37"><span class='ocrx_word' id='word_1_345' title='bbox 365 4527 518 4602; x_wconf 84' lang='lat' dir='ltr'><strong>suam</strong></span> <span class='ocrx_word' id='word_1_346' title='bbox 548 4515 976 4584; x_wconf 89' lang='lat' dir='ltr'><strong>possibilitatem</strong></span> <span class='ocrx_word' id='word_1_347' title='bbox 1011 4523 1215 4596; x_wconf 86' lang='lat' dir='ltr'><strong>gratias</strong></span> <span class='ocrx_word' id='word_1_348' title='bbox 1244 4526 1444 4600; x_wconf 87' lang='lat' dir='ltr'><strong>agebat</strong></span> <span class='ocrx_word' id='word_1_349' title='bbox 1472 4528 1580 4584; x_wconf 93' lang='lat' dir='ltr'><strong>Deo</strong></span> <span class='ocrx_word' id='word_1_350' title='bbox 1607 4530 1983 4602; x_wconf 89' lang='lat' dir='ltr'><strong>omnipotenti</strong></span> 
     </span>
    </p>
   </div>
   <div class='ocr_carea' id='block_1_49' title="bbox 2047 586 3682 663">
    <p class='ocr_par' dir='ltr' id='par_1_49' title="bbox 2047 586 3682 663">
     <span class='ocr_line' id='line_1_49' title="bbox 2047 586 3682 663; baseline 0.001 -19"><span class='ocrx_word' id='word_1_351' title='bbox 2047 587 2324 661; x_wconf 91' lang='lat' dir='ltr'><strong>colloquio</strong></span> <span class='ocrx_word' id='word_1_352' title='bbox 2358 588 2602 643; x_wconf 91' lang='lat' dir='ltr'><strong>redirent</strong></span> <span class='ocrx_word' id='word_1_353' title='bbox 2621 587 2689 643; x_wconf 89' lang='lat' dir='ltr'><strong>ad</strong></span> <span class='ocrx_word' id='word_1_354' title='bbox 2721 603 2878 643; x_wconf 92' lang='lat' dir='ltr'><strong>suam</strong></span> <span class='ocrx_word' id='word_1_355' title='bbox 2892 586 3255 658; x_wconf 84' lang='lat' dir='ltr'><strong>provinciam,</strong></span> <span class='ocrx_word' id='word_1_356' title='bbox 3281 587 3447 644; x_wconf 91' lang='lat' dir='ltr'><strong>misso</strong></span> <span class='ocrx_word' id='word_1_357' title='bbox 3467 588 3682 663; x_wconf 89' lang='lat' dir='ltr'><strong>legato,</strong></span> 
     </span>
    </p>
   </div>
   <div class='ocr_carea' id='block_1_50' title="bbox 2047 677 3685 749">
    <p class='ocr_par' dir='ltr' id='par_1_50' title="bbox 2047 677 3685 749">
     <span class='ocr_line' id='line_1_50' title="bbox 2047 677 3685 749; baseline -0.001 -16"><span class='ocrx_word' id='word_1_358' title='bbox 2047 679 2343 733; x_wconf 90' lang='lat' dir='ltr'><strong>voluerunt</strong></span> <span class='ocrx_word' id='word_1_359' title='bbox 2371 677 2850 749; x_wconf 88' lang='lat' dir='ltr'><strong>archiepiscopum</strong></span> <span class='ocrx_word' id='word_1_360' title='bbox 2908 677 3260 733; x_wconf 91' lang='lat' dir='ltr'><strong>Frederieum</strong></span> <span class='ocrx_word' id='word_1_361' title='bbox 3290 678 3358 733; x_wconf 90' lang='lat' dir='ltr'><strong>ad</strong></span> <span class='ocrx_word' id='word_1_362' title='bbox 3398 695 3685 734; x_wconf 91' lang='lat' dir='ltr'><strong>commen-</strong></span> 
     </span>
    </p>
   </div>
   <div class='ocr_carea' id='block_1_51' title="bbox 2049 768 3680 841">
    <p class='ocr_par' dir='ltr' id='par_1_51' title="bbox 2049 768 3680 841">
     <span class='ocr_line' id='line_1_51' title="bbox 2049 768 3680 841; baseline -0.001 -17"><span class='ocrx_word' id='word_1_363' title='bbox 2049 769 2332 825; x_wconf 88' lang='lat' dir='ltr'><strong>dationem</strong></span> <span class='ocrx_word' id='word_1_364' title='bbox 2376 768 2516 824; x_wconf 89' lang='lat' dir='ltr'><strong>sacri</strong></span> <span class='ocrx_word' id='word_1_365' title='bbox 2554 768 2801 840; x_wconf 85' lang='lat' dir='ltr'><strong>corporis</strong></span> <span class='ocrx_word' id='word_1_366' title='bbox 2858 783 3097 823; x_wconf 90' lang='lat' dir='ltr'><strong>vocare:</strong></span> <span class='ocrx_word' id='word_1_367' title='bbox 3131 784 3373 841; x_wconf 86' lang='lat' dir='ltr'><strong>cumque</strong></span> <span class='ocrx_word' id='word_1_368' title='bbox 3414 769 3483 824; x_wconf 90' lang='lat' dir='ltr'><strong>ad</strong></span> <span class='ocrx_word' id='word_1_369' title='bbox 3518 769 3680 823; x_wconf 91' lang='lat' dir='ltr'><strong>illum</strong></span> 
     </span>
    </p>
   </div>
   <div class='ocr_carea' id='block_1_52' title="bbox 2050 859 3680 927">
    <p class='ocr_par' dir='ltr' id='par_1_52' title="bbox 2050 859 3680 927">
     <span class='ocr_line' id='line_1_52' title="bbox 2050 859 3680 927; baseline 0 -12"><span class='ocrx_word' id='word_1_370' title='bbox 2050 860 2279 917; x_wconf 89' lang='lat' dir='ltr'><strong>nuntius</strong></span> <span class='ocrx_word' id='word_1_371' title='bbox 2303 860 2890 927; x_wconf 89' lang='lat' dir='ltr'><strong>veniret,inveniteum</strong></span> <span class='ocrx_word' id='word_1_372' title='bbox 2920 866 3068 915; x_wconf 89' lang='lat' dir='ltr'><strong>tanta</strong></span> <span class='ocrx_word' id='word_1_373' title='bbox 3095 859 3415 915; x_wconf 88' lang='lat' dir='ltr'><strong>infirmitate</strong></span> <span class='ocrx_word' id='word_1_374' title='bbox 3436 860 3680 915; x_wconf 83' lang='lat' dir='ltr'><strong>febrium</strong></span> 
     </span>
    </p>
   </div>
   <div class='ocr_carea' id='block_1_53' title="bbox 2050 950 3680 1021">
    <p class='ocr_par' dir='ltr' id='par_1_53' title="bbox 2050 950 3680 1021">
     <span class='ocr_line' id='line_1_53' title="bbox 2050 950 3680 1021; baseline 0.001 -17"><span class='ocrx_word' id='word_1_375' title='bbox 2050 950 2359 1018; x_wconf 89' lang='lat' dir='ltr'><strong>detentum,</strong></span> <span class='ocrx_word' id='word_1_376' title='bbox 2392 958 2451 1005; x_wconf 93' lang='lat' dir='ltr'><strong>ut</strong></span> <span class='ocrx_word' id='word_1_377' title='bbox 2492 950 2644 1006; x_wconf 89' lang='lat' dir='ltr'><strong>nullo</strong></span> <span class='ocrx_word' id='word_1_378' title='bbox 2675 950 2840 1005; x_wconf 90' lang='lat' dir='ltr'><strong>modo</strong></span> <span class='ocrx_word' id='word_1_379' title='bbox 2879 950 3145 1005; x_wconf 89' lang='lat' dir='ltr'><strong>advenire</strong></span> <span class='ocrx_word' id='word_1_380' title='bbox 3180 951 3471 1021; x_wconf 91' lang='lat' dir='ltr'><strong>potuisset.</strong></span> <span class='ocrx_word' id='word_1_381' title='bbox 3508 950 3680 1005; x_wconf 87' lang='lat' dir='ltr'><strong>Misso</strong></span> 
     </span>
    </p>
   </div>
   <div class='ocr_carea' id='block_1_54' title="bbox 2052 1040 3682 1111">
    <p class='ocr_par' dir='ltr' id='par_1_54' title="bbox 2052 1040 3682 1111">
     <span class='ocr_line' id='line_1_54' title="bbox 2052 1040 3682 1111; baseline -0.002 -14"><span class='ocrx_word' id='word_1_382' title='bbox 2052 1050 2235 1097; x_wconf 89' lang='lat' dir='ltr'><strong>autem</strong></span> <span class='ocrx_word' id='word_1_383' title='bbox 2262 1058 2385 1096; x_wconf 92' lang='lat' dir='ltr'><strong>cum</strong></span> <span class='ocrx_word' id='word_1_384' title='bbox 2417 1041 2640 1097; x_wconf 89' lang='lat' dir='ltr'><strong>tristitia</strong></span> <span class='ocrx_word' id='word_1_385' title='bbox 2699 1041 2832 1095; x_wconf 90' lang='lat' dir='ltr'><strong>inde</strong></span> <span class='ocrx_word' id='word_1_386' title='bbox 2889 1047 3226 1106; x_wconf 90' lang='lat' dir='ltr'><strong>revertente,</strong></span> <span class='ocrx_word' id='word_1_387' title='bbox 3280 1040 3495 1095; x_wconf 90' lang='lat' dir='ltr'><strong>audivit</strong></span> <span class='ocrx_word' id='word_1_388' title='bbox 3526 1040 3682 1111; x_wconf 91' lang='lat' dir='ltr'><strong>quod</strong></span> 
     </span>
    </p>
   </div>
   <div class='ocr_carea' id='block_1_55' title="bbox 2052 1129 3682 1206">
    <p class='ocr_par' dir='ltr' id='par_1_55' title="bbox 2052 1129 3682 1206">
     <span class='ocr_line' id='line_1_55' title="bbox 2052 1129 3682 1206; baseline -0.002 -19"><span class='ocrx_word' id='word_1_389' title='bbox 2052 1131 2400 1187; x_wconf 87' lang='lat' dir='ltr'><strong>venerandus</strong></span> <span class='ocrx_word' id='word_1_390' title='bbox 2430 1131 2729 1203; x_wconf 90' lang='lat' dir='ltr'><strong>episcopus</strong></span> <span class='ocrx_word' id='word_1_391' title='bbox 2760 1130 3118 1206; x_wconf 86' lang='lat' dir='ltr'><strong>Wolfgangus</strong></span> <span class='ocrx_word' id='word_1_392' title='bbox 3144 1130 3212 1185; x_wconf 91' lang='lat' dir='ltr'><strong>ad</strong></span> <span class='ocrx_word' id='word_1_393' title='bbox 3243 1130 3424 1186; x_wconf 92' lang='lat' dir='ltr'><strong>locum</strong></span> <span class='ocrx_word' id='word_1_394' title='bbox 3461 1129 3561 1202; x_wconf 92' lang='lat' dir='ltr'><strong>qui</strong></span> <span class='ocrx_word' id='word_1_395' title='bbox 3587 1129 3682 1184; x_wconf 85' lang='lat' dir='ltr'><strong>di-</strong></span> 
     </span>
    </p>
   </div>
   <div class='ocr_carea' id='block_1_56' title="bbox 2053 1218 3683 1296">
    <p class='ocr_par' dir='ltr' id='par_1_56' title="bbox 2053 1218 3683 1296">
     <span class='ocr_line' id='line_1_56' title="bbox 2053 1218 3683 1296; baseline -0.003 -20"><span class='ocrx_word' id='word_1_396' title='bbox 2053 1221 2197 1276; x_wconf 90' lang='lat' dir='ltr'><strong>citur</strong></span> <span class='ocrx_word' id='word_1_397' title='bbox 2217 1221 2575 1296; x_wconf 87' lang='lat' dir='ltr'><strong>Nordilingga</strong></span> <span class='ocrx_word' id='word_1_398' title='bbox 2602 1218 2793 1276; x_wconf 85' lang='lat' dir='ltr'><strong>venire</strong></span> <span class='ocrx_word' id='word_1_399' title='bbox 2810 1219 3079 1275; x_wconf 88' lang='lat' dir='ltr'><strong>voluisset</strong></span> <span class='ocrx_word' id='word_1_400' title='bbox 3111 1237 3125 1287; x_wconf 89' lang='lat'><strong>;</strong></span> <span class='ocrx_word' id='word_1_401' title='bbox 3150 1219 3206 1274; x_wconf 93' lang='lat' dir='ltr'><strong>in</strong></span> <span class='ocrx_word' id='word_1_402' title='bbox 3233 1234 3524 1274; x_wconf 89' lang='lat' dir='ltr'><strong>occursum</strong></span> <span class='ocrx_word' id='word_1_403' title='bbox 3548 1219 3683 1286; x_wconf 87' lang='lat' dir='ltr'><strong>ejus</strong></span> 
     </span>
    </p>
   </div>
   <div class='ocr_carea' id='block_1_57' title="bbox 2054 1308 3687 1381">
    <p class='ocr_par' dir='ltr' id='par_1_57' title="bbox 2054 1308 3687 1381">
     <span class='ocr_line' id='line_1_57' title="bbox 2054 1308 3687 1381; baseline -0.002 -15"><span class='ocrx_word' id='word_1_404' title='bbox 2054 1310 2350 1366; x_wconf 84' lang='lat' dir='ltr'><strong>festinavit.</strong></span> <span class='ocrx_word' id='word_1_405' title='bbox 2384 1310 2462 1364; x_wconf 72' lang='lat' dir='ltr'><strong>Ad</strong></span> <span class='ocrx_word' id='word_1_406' title='bbox 2503 1325 2630 1364; x_wconf 91' lang='lat' dir='ltr'><strong>eum</strong></span> <span class='ocrx_word' id='word_1_407' title='bbox 2661 1315 2809 1365; x_wconf 90' lang='lat' dir='ltr'><strong>certe</strong></span> <span class='ocrx_word' id='word_1_408' title='bbox 2876 1325 3001 1364; x_wconf 92' lang='lat' dir='ltr'><strong>cum</strong></span> <span class='ocrx_word' id='word_1_409' title='bbox 3048 1308 3380 1381; x_wconf 87' lang='lat' dir='ltr'><strong>perveniret,</strong></span> <span class='ocrx_word' id='word_1_410' title='bbox 3412 1309 3687 1363; x_wconf 84' lang='lat' dir='ltr'><strong>salutatus</strong></span> 
     </span>
    </p>
   </div>
   <div class='ocr_carea' id='block_1_58' title="bbox 2053 1397 3691 1473">
    <p class='ocr_par' dir='ltr' id='par_1_58' title="bbox 2053 1397 3691 1473">
     <span class='ocr_line' id='line_1_58' title="bbox 2053 1397 3691 1473; baseline -0.003 -17"><span class='ocrx_word' id='word_1_411' title='bbox 2053 1400 2122 1456; x_wconf 88' lang='lat' dir='ltr'><strong>ab</strong></span> <span class='ocrx_word' id='word_1_412' title='bbox 2152 1416 2219 1457; x_wconf 90' lang='lat' dir='ltr'><strong>eo</strong></span> <span class='ocrx_word' id='word_1_413' title='bbox 2250 1399 2459 1455; x_wconf 90' lang='lat' dir='ltr'><strong>audivit</strong></span> <span class='ocrx_word' id='word_1_414' title='bbox 2485 1397 2636 1470; x_wconf 90' lang='lat' dir='ltr'><strong>quod</strong></span> <span class='ocrx_word' id='word_1_415' title='bbox 2667 1399 2963 1473; x_wconf 84' lang='lat' dir='ltr'><strong>Augustam</strong></span> <span class='ocrx_word' id='word_1_416' title='bbox 3005 1398 3282 1452; x_wconf 89' lang='lat' dir='ltr'><strong>civitatem</strong></span> <span class='ocrx_word' id='word_1_417' title='bbox 3312 1413 3547 1472; x_wconf 85' lang='lat' dir='ltr'><strong>pergere</strong></span> <span class='ocrx_word' id='word_1_418' title='bbox 3584 1413 3691 1451; x_wconf 90' lang='lat' dir='ltr'><strong>vo-</strong></span> 
     </span>
    </p>
   </div>
   <div class='ocr_carea' id='block_1_59' title="bbox 2055 1492 3689 1565">
    <p class='ocr_par' dir='ltr' id='par_1_59' title="bbox 2055 1492 3689 1565">
     <span class='ocr_line' id='line_1_59' title="bbox 2055 1492 3689 1565; baseline -0.003 -14"><span class='ocrx_word' id='word_1_419' title='bbox 2055 1496 2269 1565; x_wconf 87' lang='lat' dir='ltr'><strong>luisset,</strong></span> <span class='ocrx_word' id='word_1_420' title='bbox 2297 1496 2517 1551; x_wconf 81' lang='lat' dir='ltr'><strong>visitare</strong></span> <span class='ocrx_word' id='word_1_421' title='bbox 2570 1502 2819 1550; x_wconf 90' lang='lat' dir='ltr'><strong>sanctum</strong></span> <span class='ocrx_word' id='word_1_422' title='bbox 2876 1493 2970 1548; x_wconf 92' lang='lat' dir='ltr'><strong>Dei</strong></span> <span class='ocrx_word' id='word_1_423' title='bbox 3002 1509 3223 1548; x_wconf 88' lang='lat' dir='ltr'><strong>servum</strong></span> <span class='ocrx_word' id='word_1_424' title='bbox 3267 1492 3589 1548; x_wconf 86' lang='lat' dir='ltr'><strong>Udalricum</strong></span> <span class='ocrx_word' id='word_1_425' title='bbox 3628 1492 3689 1546; x_wconf 89' lang='lat' dir='ltr'><strong>in</strong></span> 
     </span>
    </p>
   </div>
   <div class='ocr_carea' id='block_1_60' title="bbox 2057 1588 3686 1661">
    <p class='ocr_par' dir='ltr' id='par_1_60' title="bbox 2057 1588 3686 1661">
     <span class='ocr_line' id='line_1_60' title="bbox 2057 1588 3686 1661; baseline -0.004 -14"><span class='ocrx_word' id='word_1_426' title='bbox 2057 1591 2376 1648; x_wconf 81' lang='lat' dir='ltr'><strong>infirmitate</strong></span> <span class='ocrx_word' id='word_1_427' title='bbox 2403 1592 2706 1647; x_wconf 89' lang='lat' dir='ltr'><strong>detentum.</strong></span> <span class='ocrx_word' id='word_1_428' title='bbox 2743 1590 2838 1646; x_wconf 87' lang='lat' dir='ltr'><strong>Cui</strong></span> <span class='ocrx_word' id='word_1_429' title='bbox 2871 1590 2963 1645; x_wconf 93' lang='lat' dir='ltr'><strong>ille</strong></span> <span class='ocrx_word' id='word_1_430' title='bbox 2997 1589 3318 1661; x_wconf 84' lang='lat' dir='ltr'><strong>respondit:</strong></span> <span class='ocrx_word' id='word_1_431' title='bbox 3350 1614 3373 1636; x_wconf 74' lang='grc' dir='ltr'>κ</span> <span class='ocrx_word' id='word_1_432' title='bbox 3408 1588 3686 1644; x_wconf 89' lang='lat' dir='ltr'><strong>Dominus</strong></span> 
     </span>
    </p>
   </div>
   <div class='ocr_carea' id='block_1_61' title="bbox 2058 1679 3694 1755">
    <p class='ocr_par' dir='ltr' id='par_1_61' title="bbox 2058 1679 3694 1755">
     <span class='ocr_line' id='line_1_61' title="bbox 2058 1679 3694 1755; baseline -0.004 -15"><span class='ocrx_word' id='word_1_433' title='bbox 2058 1684 2331 1741; x_wconf 89' lang='lat' dir='ltr'><strong>sanctitati</strong></span> <span class='ocrx_word' id='word_1_434' title='bbox 2370 1692 2477 1739; x_wconf 74' lang='lat' dir='ltr'><strong>tuae</strong></span> <span class='ocrx_word' id='word_1_435' title='bbox 2518 1683 2779 1755; x_wconf 76' lang='lat' dir='ltr'><strong>praecepit</strong></span> <span class='ocrx_word' id='word_1_436' title='bbox 2816 1682 3042 1737; x_wconf 88' lang='lat' dir='ltr'><strong>visitare</strong></span> <span class='ocrx_word' id='word_1_437' title='bbox 3073 1697 3223 1748; x_wconf 93' lang='lat' dir='ltr'><strong>eum,</strong></span> <span class='ocrx_word' id='word_1_438' title='bbox 3256 1687 3310 1735; x_wconf 90' lang='lat' dir='ltr'><strong>et</strong></span> <span class='ocrx_word' id='word_1_439' title='bbox 3341 1694 3444 1752; x_wconf 90' lang='lat' dir='ltr'><strong>ego</strong></span> <span class='ocrx_word' id='word_1_440' title='bbox 3479 1679 3550 1734; x_wconf 87' lang='lat' dir='ltr'><strong>ad</strong></span> <span class='ocrx_word' id='word_1_441' title='bbox 3581 1679 3694 1734; x_wconf 91' lang='lat' dir='ltr'><strong>hoc</strong></span> 
     </span>
    </p>
   </div>
   <div class='ocr_carea' id='block_1_62' title="bbox 1982 1775 3694 1876">
    <p class='ocr_par' dir='ltr' id='par_1_62' title="bbox 1982 1775 3694 1876">
     <span class='ocr_line' id='line_1_62' title="bbox 1982 1775 3694 1876; baseline -0.005 -40"><span class='ocrx_word' id='word_1_442' title='bbox 1982 1808 2033 1876; x_wconf 81' lang='grc' dir='ltr'><strong>Β</strong></span> <span class='ocrx_word' id='word_1_443' title='bbox 2061 1780 2187 1836; x_wconf 89' lang='lat' dir='ltr'><strong>veni</strong></span> <span class='ocrx_word' id='word_1_444' title='bbox 2220 1788 2278 1835; x_wconf 92' lang='lat' dir='ltr'><strong>ut</strong></span> <span class='ocrx_word' id='word_1_445' title='bbox 2301 1779 2613 1834; x_wconf 89' lang='lat' dir='ltr'><strong>nuntiarem</strong></span> <span class='ocrx_word' id='word_1_446' title='bbox 2637 1777 2734 1832; x_wconf 90' lang='lat' dir='ltr'><strong>tibi</strong></span> <span class='ocrx_word' id='word_1_447' title='bbox 2758 1778 2890 1849; x_wconf 90' lang='lat' dir='ltr'><strong>quia</strong></span> <span class='ocrx_word' id='word_1_448' title='bbox 2907 1777 3321 1842; x_wconf 88' lang='lat' dir='ltr'><strong>defunctusest,</strong></span> <span class='ocrx_word' id='word_1_449' title='bbox 3351 1775 3496 1830; x_wconf 89' lang='lat' dir='ltr'><strong>etde</strong></span> <span class='ocrx_word' id='word_1_450' title='bbox 3527 1775 3694 1830; x_wconf 90' lang='lat' dir='ltr'><strong>omni</strong></span> 
     </span>
    </p>
   </div>
   <div class='ocr_carea' id='block_1_63' title="bbox 2060 1867 3699 1948">
    <p class='ocr_par' dir='ltr' id='par_1_63' title="bbox 2060 1867 3699 1948">
     <span class='ocr_line' id='line_1_63' title="bbox 2060 1867 3699 1948; baseline -0.004 -20"><span class='ocrx_word' id='word_1_451' title='bbox 2060 1871 2493 1948; x_wconf 85' lang='lat' dir='ltr'><strong>congregatione</strong></span> <span class='ocrx_word' id='word_1_452' title='bbox 2548 1870 2625 1925; x_wconf 89' lang='lat' dir='ltr'><strong>ibi</strong></span> <span class='ocrx_word' id='word_1_453' title='bbox 2681 1870 2793 1925; x_wconf 89' lang='lat' dir='ltr'><strong>Deo</strong></span> <span class='ocrx_word' id='word_1_454' title='bbox 2853 1868 3127 1924; x_wconf 90' lang='lat' dir='ltr'><strong>militante</strong></span> <span class='ocrx_word' id='word_1_455' title='bbox 3192 1877 3245 1924; x_wconf 93' lang='lat' dir='ltr'><strong>te</strong></span> <span class='ocrx_word' id='word_1_456' title='bbox 3296 1867 3572 1943; x_wconf 87' lang='lat' dir='ltr'><strong>flagitare,</strong></span> <span class='ocrx_word' id='word_1_457' title='bbox 3627 1875 3699 1921; x_wconf 90' lang='lat' dir='ltr'><strong>ut</strong></span> 
     </span>
    </p>
   </div>
   <div class='ocr_carea' id='block_1_64' title="bbox 2062 1957 3696 2029">
    <p class='ocr_par' dir='ltr' id='par_1_64' title="bbox 2062 1957 3696 2029">
     <span class='ocr_line' id='line_1_64' title="bbox 2062 1957 3696 2029; baseline -0.004 -12"><span class='ocrx_word' id='word_1_458' title='bbox 2062 1962 2260 2019; x_wconf 90' lang='lat' dir='ltr'><strong>festine</strong></span> <span class='ocrx_word' id='word_1_459' title='bbox 2291 1960 2514 2017; x_wconf 83' lang='lat' dir='ltr'><strong>venires</strong></span> <span class='ocrx_word' id='word_1_460' title='bbox 2546 1970 2599 2015; x_wconf 90' lang='lat' dir='ltr'><strong>ct</strong></span> <span class='ocrx_word' id='word_1_461' title='bbox 2649 1967 2902 2015; x_wconf 90' lang='lat' dir='ltr'><strong>sanctum</strong></span> <span class='ocrx_word' id='word_1_462' title='bbox 2944 1974 3145 2029; x_wconf 89' lang='lat' dir='ltr'><strong>corpus</strong></span> <span class='ocrx_word' id='word_1_463' title='bbox 3176 1958 3288 2013; x_wconf 89' lang='lat' dir='ltr'><strong>Deo</strong></span> <span class='ocrx_word' id='word_1_464' title='bbox 3319 1957 3696 2013; x_wconf 85' lang='lat' dir='ltr'><strong>commenda-</strong></span> 
     </span>
    </p>
   </div>
   <div class='ocr_carea' id='block_1_65' title="bbox 2062 2048 3702 2124">
    <p class='ocr_par' dir='ltr' id='par_1_65' title="bbox 2062 2048 3702 2124">
     <span class='ocr_line' id='line_1_65' title="bbox 2062 2048 3702 2124; baseline -0.005 -14"><span class='ocrx_word' id='word_1_465' title='bbox 2062 2071 2169 2110; x_wconf 90' lang='lat' dir='ltr'><strong>res.</strong></span> <span class='ocrx_word' id='word_1_466' title='bbox 2205 2074 2230 2106; x_wconf 81' lang='grc'>»</span> <span class='ocrx_word' id='word_1_467' title='bbox 2251 2054 2366 2119; x_wconf 86' lang='lat' dir='ltr'><strong>Quo</strong></span> <span class='ocrx_word' id='word_1_468' title='bbox 2388 2051 2599 2119; x_wconf 89' lang='lat' dir='ltr'><strong>audito,</strong></span> <span class='ocrx_word' id='word_1_469' title='bbox 2627 2059 2850 2106; x_wconf 89' lang='lat' dir='ltr'><strong>sanctus</strong></span> <span class='ocrx_word' id='word_1_470' title='bbox 2880 2050 3176 2121; x_wconf 90' lang='lat' dir='ltr'><strong>episcopus</strong></span> <span class='ocrx_word' id='word_1_471' title='bbox 3200 2065 3398 2124; x_wconf 87' lang='lat' dir='ltr'><strong>magna</strong></span> <span class='ocrx_word' id='word_1_472' title='bbox 3424 2048 3702 2103; x_wconf 72' lang='lat' dir='ltr'><strong>mmstitia</strong></span> 
     </span>
    </p>
   </div>
   <div class='ocr_carea' id='block_1_66' title="bbox 2062 2139 3700 2217">
    <p class='ocr_par' dir='ltr' id='par_1_66' title="bbox 2062 2139 3700 2217">
     <span class='ocr_line' id='line_1_66' title="bbox 2062 2139 3700 2217; baseline -0.005 -16"><span class='ocrx_word' id='word_1_473' title='bbox 2062 2153 2255 2217; x_wconf 89' lang='lat' dir='ltr'><strong>septus</strong></span> <span class='ocrx_word' id='word_1_474' title='bbox 2285 2151 2367 2199; x_wconf 90' lang='lat' dir='ltr'><strong>est</strong></span> <span class='ocrx_word' id='word_1_475' title='bbox 2398 2143 2491 2209; x_wconf 90' lang='lat' dir='ltr'><strong>;in</strong></span> <span class='ocrx_word' id='word_1_476' title='bbox 2522 2142 2717 2197; x_wconf 90' lang='lat' dir='ltr'><strong>eadem</strong></span> <span class='ocrx_word' id='word_1_477' title='bbox 2748 2149 2909 2197; x_wconf 90' lang='lat' dir='ltr'><strong>nocte</strong></span> <span class='ocrx_word' id='word_1_478' title='bbox 2965 2140 3210 2195; x_wconf 90' lang='lat' dir='ltr'><strong>diluculo</strong></span> <span class='ocrx_word' id='word_1_479' title='bbox 3241 2139 3505 2206; x_wconf 86' lang='lat' dir='ltr'><strong>surrexit,</strong></span> <span class='ocrx_word' id='word_1_480' title='bbox 3539 2146 3594 2194; x_wconf 91' lang='lat' dir='ltr'><strong>et</strong></span> <span class='ocrx_word' id='word_1_481' title='bbox 3624 2139 3700 2193; x_wconf 89' lang='lat' dir='ltr'><strong>ad</strong></span> 
     </span>
    </p>
   </div>
   <div class='ocr_carea' id='block_1_67' title="bbox 2063 2230 3702 2309">
    <p class='ocr_par' dir='ltr' id='par_1_67' title="bbox 2063 2230 3702 2309">
     <span class='ocr_line' id='line_1_67' title="bbox 2063 2230 3702 2309; baseline -0.004 -19"><span class='ocrx_word' id='word_1_482' title='bbox 2063 2238 2356 2309; x_wconf 83' lang='lat' dir='ltr'><strong>Augustam</strong></span> <span class='ocrx_word' id='word_1_483' title='bbox 2398 2248 2630 2307; x_wconf 89' lang='lat' dir='ltr'><strong>pergere</strong></span> <span class='ocrx_word' id='word_1_484' title='bbox 2661 2232 2848 2302; x_wconf 87' lang='lat' dir='ltr'><strong>coepit.</strong></span> <span class='ocrx_word' id='word_1_485' title='bbox 2908 2232 2969 2285; x_wconf 90' lang='lat' dir='ltr'><strong>In</strong></span> <span class='ocrx_word' id='word_1_486' title='bbox 3027 2230 3223 2285; x_wconf 89' lang='lat' dir='ltr'><strong>itinere</strong></span> <span class='ocrx_word' id='word_1_487' title='bbox 3254 2245 3387 2285; x_wconf 89' lang='lat' dir='ltr'><strong>vero</strong></span> <span class='ocrx_word' id='word_1_488' title='bbox 3439 2244 3569 2283; x_wconf 92' lang='lat' dir='ltr'><strong>cum</strong></span> <span class='ocrx_word' id='word_1_489' title='bbox 3600 2244 3702 2283; x_wconf 89' lang='lat' dir='ltr'><strong>co-</strong></span> 
     </span>
    </p>
   </div>
   <div class='ocr_carea' id='block_1_68' title="bbox 2063 2320 3703 2403">
    <p class='ocr_par' dir='ltr' id='par_1_68' title="bbox 2063 2320 3703 2403">
     <span class='ocr_line' id='line_1_68' title="bbox 2063 2320 3703 2403; baseline -0.004 -22"><span class='ocrx_word' id='word_1_490' title='bbox 2063 2327 2346 2403; x_wconf 87' lang='lat' dir='ltr'><strong>gnovisset</strong></span> <span class='ocrx_word' id='word_1_491' title='bbox 2373 2325 2523 2397; x_wconf 90' lang='lat' dir='ltr'><strong>quod</strong></span> <span class='ocrx_word' id='word_1_492' title='bbox 2553 2324 2622 2379; x_wconf 91' lang='lat' dir='ltr'><strong>ad</strong></span> <span class='ocrx_word' id='word_1_493' title='bbox 2651 2338 2960 2397; x_wconf 85' lang='lat' dir='ltr'><strong>congruum</strong></span> <span class='ocrx_word' id='word_1_494' title='bbox 2986 2329 3206 2392; x_wconf 90' lang='lat' dir='ltr'><strong>tempus</strong></span> <span class='ocrx_word' id='word_1_495' title='bbox 3236 2321 3367 2376; x_wconf 92' lang='lat' dir='ltr'><strong>illuc</strong></span> <span class='ocrx_word' id='word_1_496' title='bbox 3395 2320 3703 2392; x_wconf 89' lang='lat' dir='ltr'><strong>pervenire</strong></span> 
     </span>
    </p>
   </div>
   <div class='ocr_carea' id='block_1_69' title="bbox 2066 2413 3700 2490">
    <p class='ocr_par' dir='ltr' id='par_1_69' title="bbox 2066 2413 3700 2490">
     <span class='ocr_line' id='line_1_69' title="bbox 2066 2413 3700 2490; baseline -0.006 -15"><span class='ocrx_word' id='word_1_497' title='bbox 2066 2437 2179 2476; x_wconf 91' lang='lat' dir='ltr'><strong>non</strong></span> <span class='ocrx_word' id='word_1_498' title='bbox 2192 2420 2419 2484; x_wconf 89' lang='lat' dir='ltr'><strong>valeret,</strong></span> <span class='ocrx_word' id='word_1_499' title='bbox 2450 2417 2735 2489; x_wconf 66' lang='lat' dir='ltr'><strong>praemisso</strong></span> <span class='ocrx_word' id='word_1_500' title='bbox 2752 2416 2950 2472; x_wconf 89' lang='lat' dir='ltr'><strong>eodem</strong></span> <span class='ocrx_word' id='word_1_501' title='bbox 2965 2415 3171 2490; x_wconf 87' lang='lat' dir='ltr'><strong>legato,</strong></span> <span class='ocrx_word' id='word_1_502' title='bbox 3194 2413 3700 2469; x_wconf 87' lang='lat' dir='ltr'><strong>nuntiavitadven-</strong></span> 
     </span>
    </p>
   </div>
   <div class='ocr_carea' id='block_1_70' title="bbox 2067 2502 3705 2578">
    <p class='ocr_par' dir='ltr' id='par_1_70' title="bbox 2067 2502 3705 2578">
     <span class='ocr_line' id='line_1_70' title="bbox 2067 2502 3705 2578; baseline -0.004 -14"><span class='ocrx_word' id='word_1_503' title='bbox 2067 2519 2181 2565; x_wconf 88' lang='lat' dir='ltr'><strong>tum</strong></span> <span class='ocrx_word' id='word_1_504' title='bbox 2208 2509 2344 2578; x_wconf 86' lang='lat' dir='ltr'><strong>ejus.</strong></span> <span class='ocrx_word' id='word_1_505' title='bbox 2380 2506 2606 2563; x_wconf 87' lang='lat' dir='ltr'><strong>Interim</strong></span> <span class='ocrx_word' id='word_1_506' title='bbox 2642 2521 2775 2562; x_wconf 89' lang='lat' dir='ltr'><strong>vero</strong></span> <span class='ocrx_word' id='word_1_507' title='bbox 2830 2520 3032 2575; x_wconf 90' lang='lat' dir='ltr'><strong>corpus</strong></span> <span class='ocrx_word' id='word_1_508' title='bbox 3082 2504 3139 2558; x_wconf 89' lang='lat' dir='ltr'><strong>in</strong></span> <span class='ocrx_word' id='word_1_509' title='bbox 3195 2502 3431 2559; x_wconf 88' lang='lat' dir='ltr'><strong>ecclesia</strong></span> <span class='ocrx_word' id='word_1_510' title='bbox 3482 2510 3705 2558; x_wconf 69' lang='lat' dir='ltr'><strong>sanctae</strong></span> 
     </span>
    </p>
   </div>
   <div class='ocr_carea' id='block_1_71' title="bbox 2068 2596 3709 2676">
    <p class='ocr_par' dir='ltr' id='par_1_71' title="bbox 2068 2596 3709 2676">
     <span class='ocr_line' id='line_1_71' title="bbox 2068 2596 3709 2676; baseline -0.005 -17"><span class='ocrx_word' id='word_1_511' title='bbox 2068 2603 2249 2659; x_wconf 65' lang='lat' dir='ltr'><strong>Maria:</strong></span> <span class='ocrx_word' id='word_1_512' title='bbox 2272 2619 2301 2656; x_wconf 90' lang='lat' dir='ltr'><strong>a</strong></span> <span class='ocrx_word' id='word_1_513' title='bbox 2332 2599 2762 2676; x_wconf 86' lang='lat' dir='ltr'><strong>congregatione</strong></span> <span class='ocrx_word' id='word_1_514' title='bbox 2775 2597 2867 2652; x_wconf 90' lang='lat' dir='ltr'><strong>die</strong></span> <span class='ocrx_word' id='word_1_515' title='bbox 2903 2605 3320 2668; x_wconf 90' lang='lat' dir='ltr'><strong>noctuquecum</strong></span> <span class='ocrx_word' id='word_1_516' title='bbox 3347 2596 3709 2651; x_wconf 88' lang='lat' dir='ltr'><strong>orationibus</strong></span> 
     </span>
    </p>
   </div>
   <div class='ocr_carea' id='block_1_72' title="bbox 2071 2687 3702 2757">
    <p class='ocr_par' dir='ltr' id='par_1_72' title="bbox 2071 2687 3702 2757">
     <span class='ocr_line' id='line_1_72' title="bbox 2071 2687 3702 2757; baseline -0.004 -7"><span class='ocrx_word' id='word_1_517' title='bbox 2071 2705 2127 2750; x_wconf 89' lang='lat' dir='ltr'><strong>et</strong></span> <span class='ocrx_word' id='word_1_518' title='bbox 2154 2694 2449 2749; x_wconf 90' lang='lat' dir='ltr'><strong>missarum</strong></span> <span class='ocrx_word' id='word_1_519' title='bbox 2472 2688 2961 2757; x_wconf 87' lang='lat' dir='ltr'><strong>celebrationibus,</strong></span> <span class='ocrx_word' id='word_1_520' title='bbox 2994 2695 3153 2743; x_wconf 84' lang='lat' dir='ltr'><strong>caute</strong></span> <span class='ocrx_word' id='word_1_521' title='bbox 3184 2694 3239 2742; x_wconf 92' lang='lat' dir='ltr'><strong>et</strong></span> <span class='ocrx_word' id='word_1_522' title='bbox 3268 2687 3468 2742; x_wconf 89' lang='lat' dir='ltr'><strong>devote</strong></span> <span class='ocrx_word' id='word_1_523' title='bbox 3497 2695 3702 2743; x_wconf 91' lang='lat' dir='ltr'><strong>custo-</strong></span> 
     </span>
    </p>
   </div>
   <div class='ocr_carea' id='block_1_73' title="bbox 2070 2780 3709 2856">
    <p class='ocr_par' dir='ltr' id='par_1_73' title="bbox 2070 2780 3709 2856">
     <span class='ocr_line' id='line_1_73' title="bbox 2070 2780 3709 2856; baseline -0.005 -14"><span class='ocrx_word' id='word_1_524' title='bbox 2070 2787 2324 2842; x_wconf 87' lang='lat' dir='ltr'><strong>diebatur</strong></span> <span class='ocrx_word' id='word_1_525' title='bbox 2352 2799 2530 2856; x_wconf 90' lang='lat' dir='ltr'><strong>usque</strong></span> <span class='ocrx_word' id='word_1_526' title='bbox 2551 2782 2608 2836; x_wconf 93' lang='lat' dir='ltr'><strong>in</strong></span> <span class='ocrx_word' id='word_1_527' title='bbox 2639 2782 2785 2836; x_wconf 88' lang='lat' dir='ltr'><strong>diem</strong></span> <span class='ocrx_word' id='word_1_528' title='bbox 2816 2780 3191 2842; x_wconf 84' lang='lat' dir='ltr'><strong>Dominicam,-</strong></span> <span class='ocrx_word' id='word_1_529' title='bbox 3212 2780 3311 2834; x_wconf 91' lang='lat' dir='ltr'><strong>Die</strong></span> <span class='ocrx_word' id='word_1_530' title='bbox 3339 2795 3468 2834; x_wconf 89' lang='lat' dir='ltr'><strong>vero</strong></span> <span class='ocrx_word' id='word_1_531' title='bbox 3501 2780 3709 2834; x_wconf 88' lang='lat' dir='ltr'><strong>Domi-</strong></span> 
     </span>
    </p>
   </div>
   <div class='ocr_carea' id='block_1_74' title="bbox 2070 2868 3711 2947">
    <p class='ocr_par' dir='ltr' id='par_1_74' title="bbox 2070 2868 3711 2947">
     <span class='ocr_line' id='line_1_74' title="bbox 2070 2868 3711 2947; baseline -0.004 -16"><span class='ocrx_word' id='word_1_532' title='bbox 2070 2878 2194 2933; x_wconf 82' lang='lat' dir='ltr'><strong>nica</strong></span> <span class='ocrx_word' id='word_1_533' title='bbox 2210 2882 2331 2947; x_wconf 89' lang='lat' dir='ltr'><strong>post</strong></span> <span class='ocrx_word' id='word_1_534' title='bbox 2355 2875 2583 2946; x_wconf 89' lang='lat' dir='ltr'><strong>primam</strong></span> <span class='ocrx_word' id='word_1_535' title='bbox 2613 2871 2839 2926; x_wconf 86' lang='lat' dir='ltr'><strong>missam</strong></span> <span class='ocrx_word' id='word_1_536' title='bbox 2862 2886 2960 2942; x_wconf 89' lang='lat' dir='ltr'><strong>pro</strong></span> <span class='ocrx_word' id='word_1_537' title='bbox 2994 2870 3115 2939; x_wconf 88' lang='lat' dir='ltr'><strong>ejus</strong></span> <span class='ocrx_word' id='word_1_538' title='bbox 3144 2869 3330 2924; x_wconf 87' lang='lat' dir='ltr'><strong>anima</strong></span> <span class='ocrx_word' id='word_1_539' title='bbox 3357 2868 3711 2924; x_wconf 85' lang='lat' dir='ltr'><strong>celebratam</strong></span> 
     </span>
    </p>
   </div>
   <div class='ocr_carea' id='block_1_75' title="bbox 2070 2960 3708 3043">
    <p class='ocr_par' dir='ltr' id='par_1_75' title="bbox 2070 2960 3708 3043">
     <span class='ocr_line' id='line_1_75' title="bbox 2070 2960 3708 3043; baseline -0.005 -18"><span class='ocrx_word' id='word_1_540' title='bbox 2070 2974 2405 3043; x_wconf 85' lang='lat' dir='ltr'><strong>congregato</strong></span> <span class='ocrx_word' id='word_1_541' title='bbox 2445 2966 2593 3021; x_wconf 92' lang='lat' dir='ltr'><strong>clero</strong></span> <span class='ocrx_word' id='word_1_542' title='bbox 2616 2970 2670 3018; x_wconf 90' lang='lat' dir='ltr'><strong>et</strong></span> <span class='ocrx_word' id='word_1_543' title='bbox 2717 2962 3222 3018; x_wconf 88' lang='lat' dir='ltr'><strong>sanctimonialium</strong></span> <span class='ocrx_word' id='word_1_544' title='bbox 3255 2960 3708 3034; x_wconf 83' lang='lat' dir='ltr'><strong>congregatione</strong></span> 
     </span>
    </p>
   </div>
   <div class='ocr_carea' id='block_1_76' title="bbox 2068 3050 3714 3128">
    <p class='ocr_par' dir='ltr' id='par_1_76' title="bbox 2068 3050 3714 3128">
     <span class='ocr_line' id='line_1_76' title="bbox 2068 3050 3714 3128; baseline -0.005 -14"><span class='ocrx_word' id='word_1_545' title='bbox 2068 3059 2424 3125; x_wconf 87' lang='lat' dir='ltr'><strong>adveniente,</strong></span> <span class='ocrx_word' id='word_1_546' title='bbox 2455 3064 2510 3110; x_wconf 91' lang='lat' dir='ltr'><strong>et</strong></span> <span class='ocrx_word' id='word_1_547' title='bbox 2545 3068 2746 3128; x_wconf 87' lang='lat' dir='ltr'><strong>magna</strong></span> <span class='ocrx_word' id='word_1_548' title='bbox 2775 3053 2845 3107; x_wconf 89' lang='lat' dir='ltr'><strong>de</strong></span> <span class='ocrx_word' id='word_1_549' title='bbox 2876 3052 3175 3124; x_wconf 89' lang='lat' dir='ltr'><strong>provinciis</strong></span> <span class='ocrx_word' id='word_1_550' title='bbox 3204 3050 3562 3105; x_wconf 90' lang='lat' dir='ltr'><strong>multitudine</strong></span> <span class='ocrx_word' id='word_1_551' title='bbox 3595 3066 3714 3121; x_wconf 90' lang='lat' dir='ltr'><strong>po-</strong></span> 
     </span>
    </p>
   </div>
   <div class='ocr_carea' id='block_1_77' title="bbox 2069 3139 3705 3221">
    <p class='ocr_par' dir='ltr' id='par_1_77' title="bbox 2069 3139 3705 3221">
     <span class='ocr_line' id='line_1_77' title="bbox 2069 3139 3705 3221; baseline -0.007 -16"><span class='ocrx_word' id='word_1_552' title='bbox 2069 3149 2207 3221; x_wconf 90' lang='lat' dir='ltr'><strong>puli,</strong></span> <span class='ocrx_word' id='word_1_553' title='bbox 2237 3145 2546 3218; x_wconf 84' lang='lat' dir='ltr'><strong>presbyteri</strong></span> <span class='ocrx_word' id='word_1_554' title='bbox 2597 3145 2918 3200; x_wconf 90' lang='lat' dir='ltr'><strong>levaverunt</strong></span> <span class='ocrx_word' id='word_1_555' title='bbox 2949 3156 3173 3211; x_wconf 85' lang='lat' dir='ltr'><strong>corpus,</strong></span> <span class='ocrx_word' id='word_1_556' title='bbox 3207 3146 3262 3194; x_wconf 89' lang='lat' dir='ltr'><strong>et</strong></span> <span class='ocrx_word' id='word_1_557' title='bbox 3313 3140 3382 3193; x_wconf 89' lang='lat' dir='ltr'><strong>ad</strong></span> <span class='ocrx_word' id='word_1_558' title='bbox 3436 3139 3705 3194; x_wconf 86' lang='lat' dir='ltr'><strong>Sanctam</strong></span> 
     </span>
    </p>
   </div>
   <div class='ocr_carea' id='block_1_78' title="bbox 2069 3230 3713 3306">
    <p class='ocr_par' dir='ltr' id='par_1_78' title="bbox 2069 3230 3713 3306">
     <span class='ocr_line' id='line_1_78' title="bbox 2069 3230 3713 3306; baseline -0.006 -12"><span class='ocrx_word' id='word_1_559' title='bbox 2069 3239 2251 3294; x_wconf 87' lang='lat' dir='ltr'><strong>Afram</strong></span> <span class='ocrx_word' id='word_1_560' title='bbox 2276 3237 2370 3292; x_wconf 92' lang='lat' dir='ltr'><strong>ubi</strong></span> <span class='ocrx_word' id='word_1_561' title='bbox 2401 3242 2563 3291; x_wconf 87' lang='lat' dir='ltr'><strong>antea</strong></span> <span class='ocrx_word' id='word_1_562' title='bbox 2592 3233 2909 3306; x_wconf 90' lang='lat' dir='ltr'><strong>sepulcrum</strong></span> <span class='ocrx_word' id='word_1_563' title='bbox 2934 3232 3055 3301; x_wconf 89' lang='lat' dir='ltr'><strong>ejus</strong></span> <span class='ocrx_word' id='word_1_564' title='bbox 3088 3238 3460 3303; x_wconf 66' lang='lat' dir='ltr'><strong>praeparatum</strong></span> <span class='ocrx_word' id='word_1_565' title='bbox 3494 3230 3713 3298; x_wconf 86' lang='lat' dir='ltr'><strong>fuerat,</strong></span> 
     </span>
    </p>
   </div>
   <div class='ocr_carea' id='block_1_79' title="bbox 2072 3319 3713 3401">
    <p class='ocr_par' dir='ltr' id='par_1_79' title="bbox 2072 3319 3713 3401">
     <span class='ocr_line' id='line_1_79' title="bbox 2072 3319 3713 3401; baseline -0.006 -18"><span class='ocrx_word' id='word_1_566' title='bbox 2072 3336 2290 3401; x_wconf 91' lang='lat' dir='ltr'><strong>portare</strong></span> <span class='ocrx_word' id='word_1_567' title='bbox 2338 3332 2651 3396; x_wconf 69' lang='lat' dir='ltr'><strong>coeperunt.</strong></span> <span class='ocrx_word' id='word_1_568' title='bbox 2701 3322 2947 3393; x_wconf 89' lang='lat' dir='ltr'><strong>Cumque</strong></span> <span class='ocrx_word' id='word_1_569' title='bbox 2980 3321 3237 3377; x_wconf 91' lang='lat' dir='ltr'><strong>venirent</strong></span> <span class='ocrx_word' id='word_1_570' title='bbox 3269 3319 3337 3374; x_wconf 91' lang='lat' dir='ltr'><strong>ad</strong></span> <span class='ocrx_word' id='word_1_571' title='bbox 3369 3320 3578 3376; x_wconf 91' lang='lat' dir='ltr'><strong>collem</strong></span> <span class='ocrx_word' id='word_1_572' title='bbox 3611 3320 3713 3391; x_wconf 91' lang='lat' dir='ltr'><strong>qui</strong></span> 
     </span>
    </p>
   </div>
   <div class='ocr_carea' id='block_1_80' title="bbox 2071 3408 3710 3484">
    <p class='ocr_par' dir='ltr' id='par_1_80' title="bbox 2071 3408 3710 3484">
     <span class='ocr_line' id='line_1_80' title="bbox 2071 3408 3710 3484; baseline -0.006 -12"><span class='ocrx_word' id='word_1_573' title='bbox 2071 3418 2276 3473; x_wconf 86' lang='lat' dir='ltr'><strong>dicitur</strong></span> <span class='ocrx_word' id='word_1_574' title='bbox 2305 3413 2591 3471; x_wconf 86' lang='lat' dir='ltr'><strong>Pereleich</strong></span> <span class='ocrx_word' id='word_1_575' title='bbox 2645 3413 2765 3484; x_wconf 86' lang='lat' dir='ltr'><strong>[at.,</strong></span> <span class='ocrx_word' id='word_1_576' title='bbox 2821 3410 3113 3482; x_wconf 83' lang='lat' dir='ltr'><strong>Perelich],</strong></span> <span class='ocrx_word' id='word_1_577' title='bbox 3166 3408 3427 3481; x_wconf 68' lang='lat' dir='ltr'><strong>praefatus</strong></span> <span class='ocrx_word' id='word_1_578' title='bbox 3460 3408 3710 3463; x_wconf 88' lang='lat' dir='ltr'><strong>nuntius</strong></span> 
     </span>
    </p>
   </div>
   <div class='ocr_carea' id='block_1_81' title="bbox 2071 3500 3715 3577">
    <p class='ocr_par' dir='ltr' id='par_1_81' title="bbox 2071 3500 3715 3577">
     <span class='ocr_line' id='line_1_81' title="bbox 2071 3500 3715 3577; baseline -0.005 -12"><span class='ocrx_word' id='word_1_579' title='bbox 2071 3509 2241 3577; x_wconf 87' lang='lat' dir='ltr'><strong>venit,</strong></span> <span class='ocrx_word' id='word_1_580' title='bbox 2276 3515 2331 3563; x_wconf 90' lang='lat' dir='ltr'><strong>et</strong></span> <span class='ocrx_word' id='word_1_581' title='bbox 2377 3507 2674 3562; x_wconf 90' lang='lat' dir='ltr'><strong>adventum</strong></span> <span class='ocrx_word' id='word_1_582' title='bbox 2731 3502 3046 3576; x_wconf 85' lang='lat' dir='ltr'><strong>Wolfgangi</strong></span> <span class='ocrx_word' id='word_1_583' title='bbox 3106 3501 3357 3573; x_wconf 84' lang='lat' dir='ltr'><strong>episcopi</strong></span> <span class='ocrx_word' id='word_1_584' title='bbox 3408 3500 3715 3556; x_wconf 86' lang='lat' dir='ltr'><strong>nuntiavit.</strong></span> 
     </span>
    </p>
   </div>
   <div class='ocr_carea' id='block_1_82' title="bbox 2078 3590 3708 3668">
    <p class='ocr_par' dir='ltr' id='par_1_82' title="bbox 2078 3590 3708 3668">
     <span class='ocr_line' id='line_1_82' title="bbox 2078 3590 3708 3668; baseline -0.006 -15"><span class='ocrx_word' id='word_1_585' title='bbox 2078 3599 2161 3654; x_wconf 88' lang='lat' dir='ltr'><strong>Illi</strong></span> <span class='ocrx_word' id='word_1_586' title='bbox 2189 3606 2373 3653; x_wconf 89' lang='lat' dir='ltr'><strong>autem</strong></span> <span class='ocrx_word' id='word_1_587' title='bbox 2405 3595 2775 3668; x_wconf 89' lang='lat' dir='ltr'><strong>perducentes</strong></span> <span class='ocrx_word' id='word_1_588' title='bbox 2804 3608 3007 3663; x_wconf 92' lang='lat' dir='ltr'><strong>corpus</strong></span> <span class='ocrx_word' id='word_1_589' title='bbox 3060 3591 3113 3645; x_wconf 90' lang='lat' dir='ltr'><strong>in</strong></span> <span class='ocrx_word' id='word_1_590' title='bbox 3164 3590 3464 3646; x_wconf 87' lang='lat' dir='ltr'><strong>ecclesiam</strong></span> <span class='ocrx_word' id='word_1_591' title='bbox 3492 3597 3708 3645; x_wconf 64' lang='lat' dir='ltr'><strong>saneta:</strong></span> 
     </span>
    </p>
   </div>
   <div class='ocr_carea' id='block_1_83' title="bbox 2078 3679 3708 3753">
    <p class='ocr_par' dir='ltr' id='par_1_83' title="bbox 2078 3679 3708 3753">
     <span class='ocr_line' id='line_1_83' title="bbox 2078 3679 3708 3753; baseline -0.004 -11"><span class='ocrx_word' id='word_1_592' title='bbox 2078 3687 2241 3753; x_wconf 80' lang='lat' dir='ltr'><strong>Afrae,</strong></span> <span class='ocrx_word' id='word_1_593' title='bbox 2281 3693 2335 3741; x_wconf 89' lang='lat' dir='ltr'><strong>et</strong></span> <span class='ocrx_word' id='word_1_594' title='bbox 2372 3687 2506 3741; x_wconf 89' lang='lat' dir='ltr'><strong>item</strong></span> <span class='ocrx_word' id='word_1_595' title='bbox 2527 3684 2753 3737; x_wconf 87' lang='lat' dir='ltr'><strong>missam</strong></span> <span class='ocrx_word' id='word_1_596' title='bbox 2783 3679 3141 3736; x_wconf 85' lang='lat' dir='ltr'><strong>sacriﬁcalem</strong></span> <span class='ocrx_word' id='word_1_597' title='bbox 3171 3696 3295 3735; x_wconf 91' lang='lat' dir='ltr'><strong>cum</strong></span> <span class='ocrx_word' id='word_1_598' title='bbox 3326 3679 3477 3734; x_wconf 91' lang='lat' dir='ltr'><strong>omni</strong></span> <span class='ocrx_word' id='word_1_599' title='bbox 3522 3680 3708 3735; x_wconf 87' lang='lat' dir='ltr'><strong>devo-</strong></span> 
     </span>
    </p>
   </div>
   <div class='ocr_carea' id='block_1_84' title="bbox 2081 3772 3715 3850">
    <p class='ocr_par' dir='ltr' id='par_1_84' title="bbox 2081 3772 3715 3850">
     <span class='ocr_line' id='line_1_84' title="bbox 2081 3772 3715 3850; baseline -0.006 -14"><span class='ocrx_word' id='word_1_600' title='bbox 2081 3781 2232 3837; x_wconf 89' lang='lat' dir='ltr'><strong>tione</strong></span> <span class='ocrx_word' id='word_1_601' title='bbox 2265 3794 2364 3850; x_wconf 91' lang='lat' dir='ltr'><strong>pro</strong></span> <span class='ocrx_word' id='word_1_602' title='bbox 2396 3777 2586 3849; x_wconf 91' lang='lat' dir='ltr'><strong>requie</strong></span> <span class='ocrx_word' id='word_1_603' title='bbox 2617 3776 2739 3845; x_wconf 89' lang='lat' dir='ltr'><strong>ejus</strong></span> <span class='ocrx_word' id='word_1_604' title='bbox 2767 3774 2967 3829; x_wconf 64' lang='lat' dir='ltr'><strong>animae</strong></span> <span class='ocrx_word' id='word_1_605' title='bbox 2999 3774 3442 3828; x_wconf 88' lang='lat' dir='ltr'><strong>celebraverunt.</strong></span> <span class='ocrx_word' id='word_1_606' title='bbox 3481 3772 3715 3844; x_wconf 86' lang='lat' dir='ltr'><strong>Episco-</strong></span> 
     </span>
    </p>
   </div>
   <div class='ocr_carea' id='block_1_85' title="bbox 2081 3862 3720 3942">
    <p class='ocr_par' dir='ltr' id='par_1_85' title="bbox 2081 3862 3720 3942">
     <span class='ocr_line' id='line_1_85' title="bbox 2081 3862 3720 3942; baseline -0.005 -17"><span class='ocrx_word' id='word_1_607' title='bbox 2081 3886 2183 3942; x_wconf 89' lang='lat' dir='ltr'><strong>pus</strong></span> <span class='ocrx_word' id='word_1_608' title='bbox 2208 3884 2337 3925; x_wconf 92' lang='lat' dir='ltr'><strong>vero</strong></span> <span class='ocrx_word' id='word_1_609' title='bbox 2369 3884 2493 3923; x_wconf 93' lang='lat' dir='ltr'><strong>cum</strong></span> <span class='ocrx_word' id='word_1_610' title='bbox 2522 3866 2703 3921; x_wconf 86' lang='lat' dir='ltr'><strong>adhuc</strong></span> <span class='ocrx_word' id='word_1_611' title='bbox 2730 3880 2843 3920; x_wconf 91' lang='lat' dir='ltr'><strong>non</strong></span> <span class='ocrx_word' id='word_1_612' title='bbox 2897 3862 3134 3931; x_wconf 89' lang='lat' dir='ltr'><strong>veniret,</strong></span> <span class='ocrx_word' id='word_1_613' title='bbox 3175 3869 3231 3917; x_wconf 89' lang='lat' dir='ltr'><strong>et</strong></span> <span class='ocrx_word' id='word_1_614' title='bbox 3286 3863 3423 3918; x_wconf 88' lang='lat' dir='ltr'><strong>hora</strong></span> <span class='ocrx_word' id='word_1_615' title='bbox 3449 3862 3562 3917; x_wconf 90' lang='lat' dir='ltr'><strong>diei</strong></span> <span class='ocrx_word' id='word_1_616' title='bbox 3602 3878 3720 3918; x_wconf 89' lang='lat' dir='ltr'><strong>non</strong></span> 
     </span>
    </p>
   </div>
   <div class='ocr_carea' id='block_1_86' title="bbox 2081 3954 3719 4029">
    <p class='ocr_par' dir='ltr' id='par_1_86' title="bbox 2081 3954 3719 4029">
     <span class='ocr_line' id='line_1_86' title="bbox 2081 3954 3719 4029; baseline -0.006 -11"><span class='ocrx_word' id='word_1_617' title='bbox 2081 3963 2342 4029; x_wconf 87' lang='lat' dir='ltr'><strong>tardaret,</strong></span> <span class='ocrx_word' id='word_1_618' title='bbox 2404 3958 2511 4014; x_wconf 90' lang='lat' dir='ltr'><strong>nisi</strong></span> <span class='ocrx_word' id='word_1_619' title='bbox 2570 3966 2788 4029; x_wconf 88' lang='lat' dir='ltr'><strong>tempus</strong></span> <span class='ocrx_word' id='word_1_620' title='bbox 2861 3954 3259 4011; x_wconf 86' lang='lat' dir='ltr'><strong>celebrationis</strong></span> <span class='ocrx_word' id='word_1_621' title='bbox 3336 3954 3549 4025; x_wconf 90' lang='lat' dir='ltr'><strong>publici</strong></span> <span class='ocrx_word' id='word_1_622' title='bbox 3614 3954 3719 4008; x_wconf 90' lang='lat' dir='ltr'><strong>Dei</strong></span> 
     </span>
    </p>
   </div>
   <div class='ocr_carea' id='block_1_87' title="bbox 2081 4042 3718 4115">
    <p class='ocr_par' dir='ltr' id='par_1_87' title="bbox 2081 4042 3718 4115">
     <span class='ocr_line' id='line_1_87' title="bbox 2081 4042 3718 4115; baseline -0.005 -9"><span class='ocrx_word' id='word_1_623' title='bbox 2081 4049 2372 4107; x_wconf 90' lang='lat' dir='ltr'><strong>ministerii</strong></span> <span class='ocrx_word' id='word_1_624' title='bbox 2403 4048 2737 4115; x_wconf 88' lang='lat' dir='ltr'><strong>immineret,</strong></span> <span class='ocrx_word' id='word_1_625' title='bbox 2791 4053 2845 4100; x_wconf 90' lang='lat' dir='ltr'><strong>et</strong></span> <span class='ocrx_word' id='word_1_626' title='bbox 2892 4046 3000 4100; x_wconf 90' lang='lat' dir='ltr'><strong>hoc</strong></span> <span class='ocrx_word' id='word_1_627' title='bbox 3051 4060 3177 4099; x_wconf 90' lang='lat' dir='ltr'><strong>cum</strong></span> <span class='ocrx_word' id='word_1_628' title='bbox 3221 4043 3374 4099; x_wconf 90' lang='lat' dir='ltr'><strong>omni</strong></span> <span class='ocrx_word' id='word_1_629' title='bbox 3405 4042 3718 4099; x_wconf 84' lang='lat' dir='ltr'><strong>devotione</strong></span> 
     </span>
    </p>
   </div>
   <div class='ocr_carea' id='block_1_88' title="bbox 2083 4138 3719 4221">
    <p class='ocr_par' dir='ltr' id='par_1_88' title="bbox 2083 4138 3719 4221">
     <span class='ocr_line' id='line_1_88' title="bbox 2083 4138 3719 4221; baseline -0.006 -18"><span class='ocrx_word' id='word_1_630' title='bbox 2083 4165 2115 4203; x_wconf 90' lang='lat' dir='ltr'><strong>a</strong></span> <span class='ocrx_word' id='word_1_631' title='bbox 2160 4146 2592 4221; x_wconf 87' lang='lat' dir='ltr'><strong>congregatione</strong></span> <span class='ocrx_word' id='word_1_632' title='bbox 2675 4142 3004 4198; x_wconf 91' lang='lat' dir='ltr'><strong>clericorum</strong></span> <span class='ocrx_word' id='word_1_633' title='bbox 3084 4138 3468 4211; x_wconf 89' lang='lat' dir='ltr'><strong>perliceretur,</strong></span> <span class='ocrx_word' id='word_1_634' title='bbox 3553 4138 3719 4194; x_wconf 82' lang='lat' dir='ltr'><strong>venit</strong></span> 
     </span>
    </p>
   </div>
   <div class='ocr_carea' id='block_1_89' title="bbox 2090 4229 3716 4313">
    <p class='ocr_par' dir='ltr' id='par_1_89' title="bbox 2090 4229 3716 4313">
     <span class='ocr_line' id='line_1_89' title="bbox 2090 4229 3716 4313; baseline -0.006 -18"><span class='ocrx_word' id='word_1_635' title='bbox 2090 4240 2351 4313; x_wconf 80' lang='lat' dir='ltr'><strong>praefatus</strong></span> <span class='ocrx_word' id='word_1_636' title='bbox 2375 4238 2694 4308; x_wconf 89' lang='lat' dir='ltr'><strong>episcopus,</strong></span> <span class='ocrx_word' id='word_1_637' title='bbox 2749 4234 2845 4306; x_wconf 91' lang='lat' dir='ltr'><strong>qui</strong></span> <span class='ocrx_word' id='word_1_638' title='bbox 2904 4248 3031 4289; x_wconf 90' lang='lat' dir='ltr'><strong>cum</strong></span> <span class='ocrx_word' id='word_1_639' title='bbox 3080 4229 3386 4287; x_wconf 89' lang='lat' dir='ltr'><strong>honorifice</strong></span> <span class='ocrx_word' id='word_1_640' title='bbox 3412 4241 3716 4301; x_wconf 89' lang='lat' dir='ltr'><strong>susceptus</strong></span> 
     </span>
    </p>
   </div>
   <div class='ocr_carea' id='block_1_90' title="bbox 2090 4322 3713 4400">
    <p class='ocr_par' dir='ltr' id='par_1_90' title="bbox 2090 4322 3713 4400">
     <span class='ocr_line' id='line_1_90' title="bbox 2090 4322 3713 4400; baseline -0.007 -12"><span class='ocrx_word' id='word_1_641' title='bbox 2090 4334 2305 4400; x_wconf 83' lang='lat' dir='ltr'><strong>luisset,</strong></span> <span class='ocrx_word' id='word_1_642' title='bbox 2330 4341 2385 4386; x_wconf 88' lang='lat' dir='ltr'><strong>et</strong></span> <span class='ocrx_word' id='word_1_643' title='bbox 2412 4328 2646 4386; x_wconf 91' lang='lat' dir='ltr'><strong>orationi</strong></span> <span class='ocrx_word' id='word_1_644' title='bbox 2698 4326 2866 4382; x_wconf 87' lang='lat' dir='ltr'><strong>tinem</strong></span> <span class='ocrx_word' id='word_1_645' title='bbox 2893 4324 3272 4395; x_wconf 80' lang='lat' dir='ltr'><strong>imposuisset,</strong></span> <span class='ocrx_word' id='word_1_646' title='bbox 3305 4322 3560 4377; x_wconf 90' lang='lat' dir='ltr'><strong>salutatis</strong></span> <span class='ocrx_word' id='word_1_647' title='bbox 3584 4338 3619 4376; x_wconf 91' lang='lat' dir='ltr'><strong>a</strong></span> <span class='ocrx_word' id='word_1_648' title='bbox 3651 4340 3713 4377; x_wconf 89' lang='lat' dir='ltr'><strong>se</strong></span> 
     </span>
    </p>
   </div>
   <div class='ocr_carea' id='block_1_91' title="bbox 2091 4416 3714 4485">
    <p class='ocr_par' dir='ltr' id='par_1_91' title="bbox 2091 4416 3714 4485">
     <span class='ocr_line' id='line_1_91' title="bbox 2091 4416 3714 4485; baseline -0.007 -4"><span class='ocrx_word' id='word_1_649' title='bbox 2091 4426 2348 4481; x_wconf 89' lang='lat' dir='ltr'><strong>fratribus</strong></span> <span class='ocrx_word' id='word_1_650' title='bbox 2360 4423 2498 4479; x_wconf 83' lang='lat' dir='ltr'><strong>dixit</strong></span> <span class='ocrx_word' id='word_1_651' title='bbox 2528 4440 2541 4476; x_wconf 87' lang='lat'><strong>:</strong></span> <span class='ocrx_word' id='word_1_652' title='bbox 2567 4443 2591 4472; x_wconf 69' lang='grc' dir='ltr'><strong>α</strong></span> <span class='ocrx_word' id='word_1_653' title='bbox 2617 4419 2760 4485; x_wconf 86' lang='lat' dir='ltr'><strong>Quid</strong></span> <span class='ocrx_word' id='word_1_654' title='bbox 2776 4420 2932 4475; x_wconf 86' lang='lat' dir='ltr'><strong>vobis</strong></span> <span class='ocrx_word' id='word_1_655' title='bbox 2956 4418 3174 4474; x_wconf 89' lang='lat' dir='ltr'><strong>videtur</strong></span> <span class='ocrx_word' id='word_1_656' title='bbox 3201 4432 3273 4471; x_wconf 90' lang='lat' dir='ltr'><strong>an</strong></span> <span class='ocrx_word' id='word_1_657' title='bbox 3297 4416 3465 4471; x_wconf 90' lang='lat' dir='ltr'><strong>hodie</strong></span> <span class='ocrx_word' id='word_1_658' title='bbox 3487 4431 3714 4470; x_wconf 87' lang='lat' dir='ltr'><strong>sacrum</strong></span> 
     </span>
    </p>
   </div>
   <div class='ocr_carea' id='block_1_92' title="bbox 2084 4509 3712 4590">
    <p class='ocr_par' dir='ltr' id='par_1_92' title="bbox 2084 4509 3712 4590">
     <span class='ocr_line' id='line_1_92' title="bbox 2084 4509 3712 4590; baseline -0.008 -15"><span class='ocrx_word' id='word_1_659' title='bbox 2084 4535 2285 4590; x_wconf 89' lang='lat' dir='ltr'><strong>corpus</strong></span> <span class='ocrx_word' id='word_1_660' title='bbox 2313 4515 2789 4580; x_wconf 88' lang='lat' dir='ltr'><strong>commendamus,</strong></span> <span class='ocrx_word' id='word_1_661' title='bbox 2819 4512 2907 4569; x_wconf 91' lang='lat' dir='ltr'><strong>vel</strong></span> <span class='ocrx_word' id='word_1_662' title='bbox 2936 4512 3005 4565; x_wconf 90' lang='lat' dir='ltr'><strong>ad</strong></span> <span class='ocrx_word' id='word_1_663' title='bbox 3033 4510 3268 4565; x_wconf 90' lang='lat' dir='ltr'><strong>alterum</strong></span> <span class='ocrx_word' id='word_1_664' title='bbox 3300 4509 3447 4563; x_wconf 90' lang='lat' dir='ltr'><strong>diem</strong></span> <span class='ocrx_word' id='word_1_665' title='bbox 3474 4524 3712 4579; x_wconf 87' lang='lat' dir='ltr'><strong>procra-</strong></span> 
     </span>
    </p>
   </div>
   <div class='ocr_carea' id='block_1_93' title="bbox 364 4583 3722 4687">
    <p class='ocr_par' dir='ltr' id='par_1_93' title="bbox 364 4583 3722 4687">
     <span class='ocr_line' id='line_1_93' title="bbox 364 4583 3722 4687; baseline -0.001 -31"><span class='ocrx_word' id='word_1_666' title='bbox 364 4601 480 4674; x_wconf 91' lang='lat' dir='ltr'><strong>qui,</strong></span> <span class='ocrx_word' id='word_1_667' title='bbox 509 4583 815 4662; x_wconf 81' lang='lat' dir='ltr'><strong>secundum</strong></span> <span class='ocrx_word' id='word_1_668' title='bbox 860 4583 1222 4669; x_wconf 53' lang='lat' dir='ltr'><strong>dictavDavid</strong></span> <span class='ocrx_word' id='word_1_669' title='bbox 1272 4583 1557 4687; x_wconf 56' lang='lat' dir='ltr'><strong>prophetas</strong></span> <span class='ocrx_word' id='word_1_670' title='bbox 2084 4583 2395 4667; x_wconf 67' lang='lat' dir='ltr'><strong>stiiiemus?</strong></span> <span class='ocrx_word' id='word_1_671' title='bbox 2419 4629 2442 4661; x_wconf 79' lang='grc' dir='ltr'><strong>ι)</strong></span> <span class='ocrx_word' id='word_1_672' title='bbox 2482 4607 2579 4664; x_wconf 85' lang='lat' dir='ltr'><strong>Cui</strong></span> <span class='ocrx_word' id='word_1_673' title='bbox 2611 4607 2805 4662; x_wconf 83' lang='lat' dir='ltr'><strong>fratres</strong></span> <span class='ocrx_word' id='word_1_674' title='bbox 2834 4603 3259 4676; x_wconf 86' lang='lat' dir='ltr'><strong>respondentes,</strong></span> <span class='ocrx_word' id='word_1_675' title='bbox 3295 4602 3599 4657; x_wconf 86' lang='lat' dir='ltr'><strong>dixerunt:</strong></span> <span class='ocrx_word' id='word_1_676' title='bbox 3633 4600 3722 4655; x_wconf 71' lang='lat' dir='ltr'><strong>«Si</strong></span> 
     </span>
    </p>
   </div>
   <div class='ocr_carea' id='block_1_94' title="bbox 364 4697 1987 4784">
    <p class='ocr_par' dir='ltr' id='par_1_94' title="bbox 364 4697 1987 4784">
     <span class='ocr_line' id='line_1_94' title="bbox 364 4697 1987 4784; baseline 0.014 -35"><span class='ocrx_word' id='word_1_677' title='bbox 364 4697 668 4753; x_wconf 79' lang='lat' dir='ltr'><strong>timentium</strong></span> <span class='ocrx_word' id='word_1_678' title='bbox 696 4716 751 4755; x_wconf 88' lang='lat' dir='ltr'><strong>se</strong></span> <span class='ocrx_word' id='word_1_679' title='bbox 776 4703 963 4772; x_wconf 78' lang='lat' dir='ltr'><strong>faciet,</strong></span> <span class='ocrx_word' id='word_1_680' title='bbox 996 4713 1100 4761; x_wconf 90' lang='lat' dir='ltr'><strong>etc.</strong></span> <span class='ocrx_word' id='word_1_681' title='bbox 1138 4707 1305 4777; x_wconf 82' lang='lat' dir='ltr'><strong>(Psal.</strong></span> <span class='ocrx_word' id='word_1_682' title='bbox 1331 4713 1533 4784; x_wconf 77' lang='lat' dir='ltr'><strong>cxmv.)</strong></span> <span class='ocrx_word' id='word_1_683' title='bbox 1573 4713 1860 4770; x_wconf 85' lang='lat' dir='ltr'><strong>Richwino</strong></span> <span class='ocrx_word' id='word_1_684' title='bbox 1892 4732 1987 4771; x_wconf 89' lang='lat' dir='ltr'><strong>au-</strong></span> 
     </span>
    </p>
   </div>
   <div class='ocr_carea' id='block_1_95' title="bbox 370 4799 1985 4865">
    <p class='ocr_par' dir='ltr' id='par_1_95' title="bbox 370 4799 1985 4865">
     <span class='ocr_line' id='line_1_95' title="bbox 370 4799 1985 4865; baseline 0.011 -19"><span class='ocrx_word' id='word_1_685' title='bbox 370 4801 480 4847; x_wconf 90' lang='lat' dir='ltr'><strong>tem</strong></span> <span class='ocrx_word' id='word_1_686' title='bbox 507 4804 765 4865; x_wconf 83' lang='lat' dir='ltr'><strong>exeunte,</strong></span> <span class='ocrx_word' id='word_1_687' title='bbox 802 4799 1000 4854; x_wconf 89' lang='lat' dir='ltr'><strong>&#39;statim</strong></span> <span class='ocrx_word' id='word_1_688' title='bbox 1055 4801 1252 4858; x_wconf 90' lang='lat' dir='ltr'><strong>eadem</strong></span> <span class='ocrx_word' id='word_1_689' title='bbox 1308 4805 1445 4861; x_wconf 90' lang='lat' dir='ltr'><strong>hora</strong></span> <span class='ocrx_word' id='word_1_690' title='bbox 1494 4806 1709 4863; x_wconf 89' lang='lat' dir='ltr'><strong>clericis</strong></span> <span class='ocrx_word' id='word_1_691' title='bbox 1740 4808 1985 4865; x_wconf 89' lang='lat' dir='ltr'><strong>litaniam</strong></span> 
     </span>
    </p>
   </div>
   <div class='ocr_carea' id='block_1_96' title="bbox 375 4886 1985 4966">
    <p class='ocr_par' dir='ltr' id='par_1_96' title="bbox 375 4886 1985 4966">
     <span class='ocr_line' id='line_1_96' title="bbox 375 4886 1985 4966; baseline 0.009 -24"><span class='ocrx_word' id='word_1_692' title='bbox 375 4886 574 4942; x_wconf 89' lang='lat' dir='ltr'><strong>devote</strong></span> <span class='ocrx_word' id='word_1_693' title='bbox 595 4890 924 4947; x_wconf 90' lang='lat' dir='ltr'><strong>canentibus</strong></span> <span class='ocrx_word' id='word_1_694' title='bbox 952 4893 1195 4951; x_wconf 83' lang='lat' dir='ltr'><strong>animam</strong></span> <span class='ocrx_word' id='word_1_695' title='bbox 1242 4897 1354 4952; x_wconf 92' lang='lat' dir='ltr'><strong>Deo</strong></span> <span class='ocrx_word' id='word_1_696' title='bbox 1385 4900 1805 4966; x_wconf 84' lang='lat' dir='ltr'><strong>commendans,</strong></span> <span class='ocrx_word' id='word_1_697' title='bbox 1837 4917 1985 4958; x_wconf 89' lang='lat' dir='ltr'><strong>anno</strong></span> 
     </span>
    </p>
   </div>
   <div class='ocr_carea' id='block_1_97' title="bbox 375 4980 1991 5060">
    <p class='ocr_par' dir='ltr' id='par_1_97' title="bbox 375 4980 1991 5060">
     <span class='ocr_line' id='line_1_97' title="bbox 375 4980 1991 5060; baseline 0.009 -26"><span class='ocrx_word' id='word_1_698' title='bbox 375 4980 773 5039; x_wconf 88' lang='lat' dir='ltr'><strong>incarnationis</strong></span> <span class='ocrx_word' id='word_1_699' title='bbox 796 4984 1010 5040; x_wconf 90' lang='lat' dir='ltr'><strong>Domini</strong></span> <span class='ocrx_word' id='word_1_700' title='bbox 1042 4987 1212 5042; x_wconf 87' lang='lat' dir='ltr'><strong>nostri</strong></span> <span class='ocrx_word' id='word_1_701' title='bbox 1242 4987 1371 5044; x_wconf 87' lang='lat' dir='ltr'><strong>Jesu</strong></span> <span class='ocrx_word' id='word_1_702' title='bbox 1402 4989 1597 5046; x_wconf 89' lang='lat' dir='ltr'><strong>Christi</strong></span> <span class='ocrx_word' id='word_1_703' title='bbox 1641 4992 1767 5060; x_wconf 88' lang='lat'><strong>973,</strong></span> <span class='ocrx_word' id='word_1_704' title='bbox 1814 4994 1991 5050; x_wconf 60' lang='lat' dir='ltr'><strong>astatis</strong></span> 
     </span>
    </p>
   </div>
   <div class='ocr_carea' id='block_1_98' title="bbox 370 5076 1992 5153">
    <p class='ocr_par' dir='ltr' id='par_1_98' title="bbox 370 5076 1992 5153">
     <span class='ocr_line' id='line_1_98' title="bbox 370 5076 1992 5153; baseline 0.009 -26"><span class='ocrx_word' id='word_1_705' title='bbox 370 5076 985 5142; x_wconf 81' lang='lat' dir='ltr'><strong>Lxxxm,ordinationis</strong></span> <span class='ocrx_word' id='word_1_706' title='bbox 1037 5086 1221 5135; x_wconf 90' lang='lat' dir='ltr'><strong>autem</strong></span> <span class='ocrx_word' id='word_1_707' title='bbox 1262 5098 1309 5151; x_wconf 86' lang='lat' dir='ltr'><strong>L,</strong></span> <span class='ocrx_word' id='word_1_708' title='bbox 1369 5090 1562 5153; x_wconf 84' lang='lat' dir='ltr'><strong>quarto</strong></span> <span class='ocrx_word' id='word_1_709' title='bbox 1611 5085 1703 5140; x_wconf 88' lang='lat' dir='ltr'><strong>die</strong></span> <span class='ocrx_word' id='word_1_710' title='bbox 1754 5085 1893 5141; x_wconf 90' lang='lat' dir='ltr'><strong>Julii</strong></span> <span class='ocrx_word' id='word_1_711' title='bbox 1939 5104 1992 5141; x_wconf 79' lang='lat' dir='ltr'><strong>IV</strong></span> 
     </span>
    </p>
   </div>
   <div class='ocr_carea' id='block_1_99' title="bbox 375 5166 1990 5249">
    <p class='ocr_par' dir='ltr' id='par_1_99' title="bbox 375 5166 1990 5249">
     <span class='ocr_line' id='line_1_99' title="bbox 375 5166 1990 5249; baseline 0.007 -29"><span class='ocrx_word' id='word_1_712' title='bbox 375 5166 516 5234; x_wconf 87' lang='lat' dir='ltr'><strong>Non,</strong></span> <span class='ocrx_word' id='word_1_713' title='bbox 536 5167 787 5237; x_wconf 90' lang='lat' dir='ltr'><strong>ejusdem</strong></span> <span class='ocrx_word' id='word_1_714' title='bbox 807 5169 1037 5235; x_wconf 92' lang='lat' dir='ltr'><strong>mensis,</strong></span> <span class='ocrx_word' id='word_1_715' title='bbox 1072 5170 1162 5226; x_wconf 92' lang='lat' dir='ltr'><strong>die</strong></span> <span class='ocrx_word' id='word_1_716' title='bbox 1194 5169 1439 5239; x_wconf 89' lang='lat' dir='ltr'><strong>Veneris,</strong></span> <span class='ocrx_word' id='word_1_717' title='bbox 1464 5171 1615 5229; x_wconf 86' lang='lat' dir='ltr'><strong>felici</strong></span> <span class='ocrx_word' id='word_1_718' title='bbox 1646 5174 1800 5230; x_wconf 91' lang='lat' dir='ltr'><strong>obitu</strong></span> <span class='ocrx_word' id='word_1_719' title='bbox 1834 5177 1990 5249; x_wconf 85' lang='lat' dir='ltr'><strong>quasi</strong></span> 
     </span>
    </p>
   </div>
   <div class='ocr_carea' id='block_1_100' title="bbox 377 5256 1992 5336">
    <p class='ocr_par' dir='ltr' id='par_1_100' title="bbox 377 5256 1992 5336">
     <span class='ocr_line' id='line_1_100' title="bbox 377 5256 1992 5336; baseline 0.006 -25"><span class='ocrx_word' id='word_1_720' title='bbox 377 5270 573 5312; x_wconf 90' lang='lat' dir='ltr'><strong>somno</strong></span> <span class='ocrx_word' id='word_1_721' title='bbox 594 5256 746 5311; x_wconf 89' lang='lat' dir='ltr'><strong>suavi</strong></span> <span class='ocrx_word' id='word_1_722' title='bbox 777 5267 1090 5329; x_wconf 85' lang='lat' dir='ltr'><strong>soporatus,</strong></span> <span class='ocrx_word' id='word_1_723' title='bbox 1117 5262 1395 5335; x_wconf 88' lang='lat' dir='ltr'><strong>ergastulo</strong></span> <span class='ocrx_word' id='word_1_724' title='bbox 1423 5264 1670 5335; x_wconf 91' lang='lat' dir='ltr'><strong>corporis</strong></span> <span class='ocrx_word' id='word_1_725' title='bbox 1682 5273 1992 5336; x_wconf 82' lang='lat' dir='ltr'><strong>exemptus,</strong></span> 
     </span>
    </p>
   </div>
   <div class='ocr_carea' id='block_1_101' title="bbox 376 5346 1995 5426">
    <p class='ocr_par' dir='ltr' id='par_1_101' title="bbox 376 5346 1995 5426">
     <span class='ocr_line' id='line_1_101' title="bbox 376 5346 1995 5426; baseline 0.006 -26"><span class='ocrx_word' id='word_1_726' title='bbox 376 5346 633 5422; x_wconf 88' lang='lat' dir='ltr'><strong>migravit</strong></span> <span class='ocrx_word' id='word_1_727' title='bbox 656 5349 725 5404; x_wconf 90' lang='lat' dir='ltr'><strong>ad</strong></span> <span class='ocrx_word' id='word_1_728' title='bbox 749 5351 1018 5423; x_wconf 91' lang='lat' dir='ltr'><strong>requiem.</strong></span> <span class='ocrx_word' id='word_1_729' title='bbox 1062 5352 1165 5409; x_wconf 88' lang='lat' dir='ltr'><strong>Pro</strong></span> <span class='ocrx_word' id='word_1_730' title='bbox 1186 5362 1337 5410; x_wconf 93' lang='lat' dir='ltr'><strong>certo</strong></span> <span class='ocrx_word' id='word_1_731' title='bbox 1368 5362 1615 5411; x_wconf 89' lang='lat' dir='ltr'><strong>sanctum</strong></span> <span class='ocrx_word' id='word_1_732' title='bbox 1644 5370 1846 5426; x_wconf 90' lang='lat' dir='ltr'><strong>corpus</strong></span> <span class='ocrx_word' id='word_1_733' title='bbox 1871 5371 1995 5410; x_wconf 93' lang='lat' dir='ltr'><strong>cum</strong></span> 
     </span>
    </p>
   </div>
   <div class='ocr_carea' id='block_1_102' title="bbox 380 5438 1995 5512">
    <p class='ocr_par' dir='ltr' id='par_1_102' title="bbox 380 5438 1995 5512">
     <span class='ocr_line' id='line_1_102' title="bbox 380 5438 1995 5512; baseline 0.006 -21"><span class='ocrx_word' id='word_1_734' title='bbox 380 5438 447 5491; x_wconf 93' lang='lat' dir='ltr'><strong>ad</strong></span> <span class='ocrx_word' id='word_1_735' title='bbox 477 5439 770 5496; x_wconf 89' lang='lat' dir='ltr'><strong>lavandum</strong></span> <span class='ocrx_word' id='word_1_736' title='bbox 812 5454 963 5499; x_wconf 89' lang='lat' dir='ltr'><strong>more</strong></span> <span class='ocrx_word' id='word_1_737' title='bbox 1006 5442 1169 5498; x_wconf 87' lang='lat' dir='ltr'><strong>solito</strong></span> <span class='ocrx_word' id='word_1_738' title='bbox 1222 5444 1563 5499; x_wconf 89' lang='lat' dir='ltr'><strong>denudatum</strong></span> <span class='ocrx_word' id='word_1_739' title='bbox 1588 5444 1807 5512; x_wconf 88' lang='lat' dir='ltr'><strong>fuisset,</strong></span> <span class='ocrx_word' id='word_1_740' title='bbox 1840 5446 1995 5501; x_wconf 91' lang='lat' dir='ltr'><strong>suavi</strong></span> 
     </span>
    </p>
   </div>
   <div class='ocr_carea' id='block_1_103' title="bbox 383 5532 1994 5607">
    <p class='ocr_par' dir='ltr' id='par_1_103' title="bbox 383 5532 1994 5607">
     <span class='ocr_line' id='line_1_103' title="bbox 383 5532 1994 5607; baseline 0.004 -21"><span class='ocrx_word' id='word_1_741' title='bbox 383 5532 571 5589; x_wconf 89' lang='lat' dir='ltr'><strong>odoris</strong></span> <span class='ocrx_word' id='word_1_742' title='bbox 616 5532 888 5607; x_wconf 86' lang='lat' dir='ltr'><strong>fragantia</strong></span> <span class='ocrx_word' id='word_1_743' title='bbox 929 5552 1092 5590; x_wconf 89' lang='lat' dir='ltr'><strong>nares</strong></span> <span class='ocrx_word' id='word_1_744' title='bbox 1141 5537 1392 5592; x_wconf 92' lang='lat' dir='ltr'><strong>omnium</strong></span> <span class='ocrx_word' id='word_1_745' title='bbox 1430 5538 1504 5592; x_wconf 91' lang='lat' dir='ltr'><strong>ibi</strong></span> <span class='ocrx_word' id='word_1_746' title='bbox 1538 5539 1880 5593; x_wconf 90' lang='lat' dir='ltr'><strong>manentium</strong></span> <span class='ocrx_word' id='word_1_747' title='bbox 1908 5554 1994 5593; x_wconf 84' lang='lat' dir='ltr'><strong>re-</strong></span> 
     </span>
    </p>
   </div>
   <div class='ocr_carea' id='block_1_104' title="bbox 384 5622 1996 5702">
    <p class='ocr_par' dir='ltr' id='par_1_104' title="bbox 384 5622 1996 5702">
     <span class='ocr_line' id='line_1_104' title="bbox 384 5622 1996 5702; baseline 0.006 -26"><span class='ocrx_word' id='word_1_748' title='bbox 384 5622 575 5692; x_wconf 83' lang='lat' dir='ltr'><strong>plevit,</strong></span> <span class='ocrx_word' id='word_1_749' title='bbox 607 5634 662 5679; x_wconf 91' lang='lat' dir='ltr'><strong>et</strong></span> <span class='ocrx_word' id='word_1_750' title='bbox 693 5627 882 5681; x_wconf 92' lang='lat' dir='ltr'><strong>tandiu</strong></span> <span class='ocrx_word' id='word_1_751' title='bbox 913 5628 1213 5698; x_wconf 89' lang='lat' dir='ltr'><strong>permansit</strong></span> <span class='ocrx_word' id='word_1_752' title='bbox 1242 5630 1604 5702; x_wconf 89' lang='lat' dir='ltr'><strong>quoadusque</strong></span> <span class='ocrx_word' id='word_1_753' title='bbox 1621 5646 1821 5701; x_wconf 81' lang='lat' dir='ltr'><strong>corpus</strong></span> <span class='ocrx_word' id='word_1_754' title='bbox 1848 5631 1996 5685; x_wconf 88' lang='lat' dir='ltr'><strong>lava-</strong></span> 
     </span>
    </p>
   </div>
   <div class='ocr_carea' id='block_1_105' title="bbox 380 5712 1995 5785">
    <p class='ocr_par' dir='ltr' id='par_1_105' title="bbox 380 5712 1995 5785">
     <span class='ocr_line' id='line_1_105' title="bbox 380 5712 1995 5785; baseline 0.004 -19"><span class='ocrx_word' id='word_1_755' title='bbox 380 5719 495 5767; x_wconf 92' lang='lat' dir='ltr'><strong>tum</strong></span> <span class='ocrx_word' id='word_1_756' title='bbox 527 5712 1044 5785; x_wconf 63' lang='lat' dir='ltr'><strong>praadestinatisque</strong></span> <span class='ocrx_word' id='word_1_757' title='bbox 1073 5717 1321 5772; x_wconf 89' lang='lat' dir='ltr'><strong>vestibus</strong></span> <span class='ocrx_word' id='word_1_758' title='bbox 1383 5718 1655 5785; x_wconf 90' lang='lat' dir='ltr'><strong>indutum,</strong></span> <span class='ocrx_word' id='word_1_759' title='bbox 1687 5727 1742 5773; x_wconf 87' lang='lat' dir='ltr'><strong>et</strong></span> <span class='ocrx_word' id='word_1_760' title='bbox 1795 5717 1995 5775; x_wconf 87' lang='lat' dir='ltr'><strong>feretro</strong></span> 
     </span>
    </p>
   </div>
   <div class='ocr_carea' id='block_1_106' title="bbox 386 5801 1994 5879">
    <p class='ocr_par' dir='ltr' id='par_1_106' title="bbox 386 5801 1994 5879">
     <span class='ocr_line' id='line_1_106' title="bbox 386 5801 1994 5879; baseline 0.002 -21"><span class='ocrx_word' id='word_1_761' title='bbox 386 5803 731 5876; x_wconf 88' lang='lat' dir='ltr'><strong>impositum,</strong></span> <span class='ocrx_word' id='word_1_762' title='bbox 772 5801 829 5856; x_wconf 93' lang='lat' dir='ltr'><strong>in</strong></span> <span class='ocrx_word' id='word_1_763' title='bbox 869 5802 1158 5858; x_wconf 89' lang='lat' dir='ltr'><strong>ecclesiam</strong></span> <span class='ocrx_word' id='word_1_764' title='bbox 1202 5813 1527 5874; x_wconf 88' lang='lat' dir='ltr'><strong>portaretur.</strong></span> <span class='ocrx_word' id='word_1_765' title='bbox 1561 5806 1753 5863; x_wconf 88' lang='lat' dir='ltr'><strong>Clerus</strong></span> <span class='ocrx_word' id='word_1_766' title='bbox 1791 5822 1994 5879; x_wconf 87' lang='lat' dir='ltr'><strong>nempe</strong></span> 
     </span>
    </p>
   </div>
   <div class='ocr_carea' id='block_1_107' title="bbox 2088 4696 3720 4774">
    <p class='ocr_par' dir='ltr' id='par_1_107' title="bbox 2088 4696 3720 4774">
     <span class='ocr_line' id='line_1_107' title="bbox 2088 4696 3720 4774; baseline -0.009 -10"><span class='ocrx_word' id='word_1_767' title='bbox 2088 4716 2192 4764; x_wconf 68' lang='lat' dir='ltr'><strong>tua:</strong></span> <span class='ocrx_word' id='word_1_768' title='bbox 2220 4703 2495 4760; x_wconf 90' lang='lat' dir='ltr'><strong>sanctitati</strong></span> <span class='ocrx_word' id='word_1_769' title='bbox 2525 4702 2728 4774; x_wconf 89' lang='lat' dir='ltr'><strong>placet,</strong></span> <span class='ocrx_word' id='word_1_770' title='bbox 2762 4699 2927 4756; x_wconf 88' lang='lat' dir='ltr'><strong>nobis</strong></span> <span class='ocrx_word' id='word_1_771' title='bbox 2957 4700 3163 4754; x_wconf 90' lang='lat' dir='ltr'><strong>bonum</strong></span> <span class='ocrx_word' id='word_1_772' title='bbox 3203 4696 3426 4752; x_wconf 89' lang='lat' dir='ltr'><strong>videtur</strong></span> <span class='ocrx_word' id='word_1_773' title='bbox 3464 4696 3551 4750; x_wconf 90' lang='lat' dir='ltr'><strong>eis</strong></span> <span class='ocrx_word' id='word_1_774' title='bbox 3591 4711 3720 4750; x_wconf 90' lang='lat' dir='ltr'><strong>om-</strong></span> 
     </span>
    </p>
   </div>
   <div class='ocr_carea' id='block_1_108' title="bbox 2087 4784 3726 4865">
    <p class='ocr_par' dir='ltr' id='par_1_108' title="bbox 2087 4784 3726 4865">
     <span class='ocr_line' id='line_1_108' title="bbox 2087 4784 3726 4865; baseline -0.007 -16"><span class='ocrx_word' id='word_1_775' title='bbox 2087 4795 2276 4861; x_wconf 88' lang='lat' dir='ltr'><strong>nibus,</strong></span> <span class='ocrx_word' id='word_1_776' title='bbox 2306 4793 2398 4865; x_wconf 88' lang='lat' dir='ltr'><strong>qui</strong></span> <span class='ocrx_word' id='word_1_777' title='bbox 2435 4807 2583 4847; x_wconf 90' lang='lat' dir='ltr'><strong>nunc</strong></span> <span class='ocrx_word' id='word_1_778' title='bbox 2612 4789 2705 4845; x_wconf 88' lang='lat' dir='ltr'><strong>hic</strong></span> <span class='ocrx_word' id='word_1_779' title='bbox 2734 4789 2788 4843; x_wconf 92' lang='lat' dir='ltr'><strong>in</strong></span> <span class='ocrx_word' id='word_1_780' title='bbox 2830 4786 3128 4861; x_wconf 70' lang='lat' dir='ltr'><strong>praesentia</strong></span> <span class='ocrx_word' id='word_1_781' title='bbox 3166 4794 3317 4853; x_wconf 92' lang='lat' dir='ltr'><strong>sunt,</strong></span> <span class='ocrx_word' id='word_1_782' title='bbox 3354 4784 3726 4840; x_wconf 83' lang='lat' dir='ltr'><strong>annuntietur</strong></span> 
     </span>
    </p>
   </div>
   <div class='ocr_carea' id='block_1_109' title="bbox 2087 4875 3718 4958">
    <p class='ocr_par' dir='ltr' id='par_1_109' title="bbox 2087 4875 3718 4958">
     <span class='ocr_line' id='line_1_109' title="bbox 2087 4875 3718 4958; baseline -0.009 -15"><span class='ocrx_word' id='word_1_783' title='bbox 2087 4896 2148 4943; x_wconf 94' lang='lat' dir='ltr'><strong>ut</strong></span> <span class='ocrx_word' id='word_1_784' title='bbox 2173 4901 2333 4941; x_wconf 91' lang='lat' dir='ltr'><strong>mane</strong></span> <span class='ocrx_word' id='word_1_785' title='bbox 2390 4899 2645 4958; x_wconf 80' lang='lat' dir='ltr'><strong>congrua</strong></span> <span class='ocrx_word' id='word_1_786' title='bbox 2677 4882 2809 4937; x_wconf 90' lang='lat' dir='ltr'><strong>hora</strong></span> <span class='ocrx_word' id='word_1_787' title='bbox 2867 4881 2976 4935; x_wconf 87' lang='lat' dir='ltr'><strong>huc</strong></span> <span class='ocrx_word' id='word_1_788' title='bbox 3038 4878 3108 4933; x_wconf 92' lang='lat' dir='ltr'><strong>ad</strong></span> <span class='ocrx_word' id='word_1_789' title='bbox 3165 4875 3718 4933; x_wconf 89' lang='lat' dir='ltr'><strong>commendationem</strong></span> 
     </span>
    </p>
   </div>
   <div class='ocr_carea' id='block_1_110' title="bbox 2090 4964 3722 5045">
    <p class='ocr_par' dir='ltr' id='par_1_110' title="bbox 2090 4964 3722 5045">
     <span class='ocr_line' id='line_1_110' title="bbox 2090 4964 3722 5045; baseline -0.009 -14"><span class='ocrx_word' id='word_1_790' title='bbox 2090 4975 2229 5032; x_wconf 89' lang='lat' dir='ltr'><strong>sacri</strong></span> <span class='ocrx_word' id='word_1_791' title='bbox 2257 4971 2508 5045; x_wconf 91' lang='lat' dir='ltr'><strong>corporis</strong></span> <span class='ocrx_word' id='word_1_792' title='bbox 2558 4969 2915 5035; x_wconf 85' lang='lat' dir='ltr'><strong>conveniant,</strong></span> <span class='ocrx_word' id='word_1_793' title='bbox 2982 4975 3038 5023; x_wconf 91' lang='lat' dir='ltr'><strong>et</strong></span> <span class='ocrx_word' id='word_1_794' title='bbox 3091 4983 3122 5021; x_wconf 92' lang='lat' dir='ltr'><strong>a</strong></span> <span class='ocrx_word' id='word_1_795' title='bbox 3154 4973 3207 5021; x_wconf 92' lang='lat' dir='ltr'><strong>te</strong></span> <span class='ocrx_word' id='word_1_796' title='bbox 3235 4964 3498 5019; x_wconf 91' lang='lat' dir='ltr'><strong>salutaris</strong></span> <span class='ocrx_word' id='word_1_797' title='bbox 3526 4964 3722 5019; x_wconf 73' lang='lat' dir='ltr'><strong>hostia:</strong></span> 
     </span>
    </p>
   </div>
   <div class='ocr_carea' id='block_1_111' title="bbox 2092 5058 3713 5135">
    <p class='ocr_par' dir='ltr' id='par_1_111' title="bbox 2092 5058 3713 5135">
     <span class='ocr_line' id='line_1_111' title="bbox 2092 5058 3713 5135; baseline -0.01 -8"><span class='ocrx_word' id='word_1_798' title='bbox 2092 5086 2294 5127; x_wconf 90' lang='lat' dir='ltr'><strong>munus</strong></span> <span class='ocrx_word' id='word_1_799' title='bbox 2323 5068 2488 5124; x_wconf 89' lang='lat' dir='ltr'><strong>nobis</strong></span> <span class='ocrx_word' id='word_1_800' title='bbox 2505 5063 2944 5122; x_wconf 79' lang='lat' dir='ltr'><strong>sacrificantibus</strong></span> <span class='ocrx_word' id='word_1_801' title='bbox 2998 5078 3096 5135; x_wconf 92' lang='lat' dir='ltr'><strong>pro</strong></span> <span class='ocrx_word' id='word_1_802' title='bbox 3131 5061 3322 5133; x_wconf 89' lang='lat' dir='ltr'><strong>requie</strong></span> <span class='ocrx_word' id='word_1_803' title='bbox 3368 5059 3492 5128; x_wconf 86' lang='lat' dir='ltr'><strong>ejus</strong></span> <span class='ocrx_word' id='word_1_804' title='bbox 3512 5058 3713 5112; x_wconf 70' lang='lat' dir='ltr'><strong>animae</strong></span> 
     </span>
    </p>
   </div>
   <div class='ocr_carea' id='block_1_112' title="bbox 2093 5151 3725 5231">
    <p class='ocr_par' dir='ltr' id='par_1_112' title="bbox 2093 5151 3725 5231">
     <span class='ocr_line' id='line_1_112' title="bbox 2093 5151 3725 5231; baseline -0.01 -11"><span class='ocrx_word' id='word_1_805' title='bbox 2093 5166 2204 5220; x_wconf 89' lang='lat' dir='ltr'><strong>Deo</strong></span> <span class='ocrx_word' id='word_1_806' title='bbox 2234 5160 2516 5227; x_wconf 66' lang='lat' dir='ltr'><strong>offeratur,</strong></span> <span class='ocrx_word' id='word_1_807' title='bbox 2547 5158 2678 5231; x_wconf 89' lang='lat' dir='ltr'><strong>quia</strong></span> <span class='ocrx_word' id='word_1_808' title='bbox 2716 5171 2962 5231; x_wconf 87' lang='lat' dir='ltr'><strong>congrua</strong></span> <span class='ocrx_word' id='word_1_809' title='bbox 3028 5155 3163 5209; x_wconf 91' lang='lat' dir='ltr'><strong>hora</strong></span> <span class='ocrx_word' id='word_1_810' title='bbox 3220 5151 3501 5224; x_wconf 68' lang='lat' dir='ltr'><strong>praeterita</strong></span> <span class='ocrx_word' id='word_1_811' title='bbox 3531 5157 3638 5215; x_wconf 89' lang='lat' dir='ltr'><strong>est,</strong></span> <span class='ocrx_word' id='word_1_812' title='bbox 3671 5158 3725 5203; x_wconf 87' lang='lat' dir='ltr'><strong>et</strong></span> 
     </span>
    </p>
   </div>
   <div class='ocr_carea' id='block_1_113' title="bbox 2098 5246 3719 5331">
    <p class='ocr_par' dir='ltr' id='par_1_113' title="bbox 2098 5246 3719 5331">
     <span class='ocr_line' id='line_1_113' title="bbox 2098 5246 3719 5331; baseline -0.01 -15"><span class='ocrx_word' id='word_1_813' title='bbox 2098 5268 2155 5316; x_wconf 90' lang='lat' dir='ltr'><strong>tu</strong></span> <span class='ocrx_word' id='word_1_814' title='bbox 2182 5276 2242 5315; x_wconf 90' lang='lat' dir='ltr'><strong>es</strong></span> <span class='ocrx_word' id='word_1_815' title='bbox 2297 5273 2497 5331; x_wconf 88' lang='lat' dir='ltr'><strong>magna</strong></span> <span class='ocrx_word' id='word_1_816' title='bbox 2527 5253 2852 5310; x_wconf 89' lang='lat' dir='ltr'><strong>lassitudine</strong></span> <span class='ocrx_word' id='word_1_817' title='bbox 2916 5258 3129 5321; x_wconf 91' lang='lat' dir='ltr'><strong>septus.</strong></span> <span class='ocrx_word' id='word_1_818' title='bbox 3182 5270 3205 5299; x_wconf 71' lang='grc' dir='ltr'><strong>υ</strong></span> <span class='ocrx_word' id='word_1_819' title='bbox 3246 5247 3457 5313; x_wconf 86' lang='lat' dir='ltr'><strong>Quibus</strong></span> <span class='ocrx_word' id='word_1_820' title='bbox 3488 5246 3719 5311; x_wconf 84' lang='lat' dir='ltr'><strong>auditis,</strong></span> 
     </span>
    </p>
   </div>
   <div class='ocr_carea' id='block_1_114' title="bbox 2097 5340 3721 5424">
    <p class='ocr_par' dir='ltr' id='par_1_114' title="bbox 2097 5340 3721 5424">
     <span class='ocr_line' id='line_1_114' title="bbox 2097 5340 3721 5424; baseline -0.01 -16"><span class='ocrx_word' id='word_1_821' title='bbox 2097 5352 2397 5424; x_wconf 90' lang='lat' dir='ltr'><strong>episc0pus</strong></span> <span class='ocrx_word' id='word_1_822' title='bbox 2462 5347 2693 5404; x_wconf 89' lang='lat' dir='ltr'><strong>consilio</strong></span> <span class='ocrx_word' id='word_1_823' title='bbox 2733 5360 2927 5401; x_wconf 92' lang='lat' dir='ltr'><strong>eorum</strong></span> <span class='ocrx_word' id='word_1_824' title='bbox 2993 5340 3364 5398; x_wconf 91' lang='lat' dir='ltr'><strong>libentissime</strong></span> <span class='ocrx_word' id='word_1_825' title='bbox 3429 5354 3721 5394; x_wconf 89' lang='lat' dir='ltr'><strong>assensum</strong></span> 
     </span>
    </p>
   </div>
   <div class='ocr_carea' id='block_1_115' title="bbox 2098 5434 3725 5518">
    <p class='ocr_par' dir='ltr' id='par_1_115' title="bbox 2098 5434 3725 5518">
     <span class='ocr_line' id='line_1_115' title="bbox 2098 5434 3725 5518; baseline -0.01 -16"><span class='ocrx_word' id='word_1_826' title='bbox 2098 5446 2380 5518; x_wconf 58' lang='lat' dir='ltr'><strong>praebens,</strong></span> <span class='ocrx_word' id='word_1_827' title='bbox 2409 5444 2643 5499; x_wconf 89' lang='lat' dir='ltr'><strong>alterum</strong></span> <span class='ocrx_word' id='word_1_828' title='bbox 2695 5441 2841 5496; x_wconf 92' lang='lat' dir='ltr'><strong>diem</strong></span> <span class='ocrx_word' id='word_1_829' title='bbox 2882 5436 3213 5510; x_wconf 89' lang='lat' dir='ltr'><strong>expectavit.</strong></span> <span class='ocrx_word' id='word_1_830' title='bbox 3278 5434 3349 5488; x_wconf 84' lang='lat' dir='ltr'><strong>Ea</strong></span> <span class='ocrx_word' id='word_1_831' title='bbox 3379 5448 3516 5488; x_wconf 89' lang='lat' dir='ltr'><strong>vero</strong></span> <span class='ocrx_word' id='word_1_832' title='bbox 3566 5438 3725 5486; x_wconf 89' lang='lat' dir='ltr'><strong>nocte</strong></span> 
     </span>
    </p>
   </div>
   <div class='ocr_carea' id='block_1_116' title="bbox 2100 5520 3726 5609">
    <p class='ocr_par' dir='ltr' id='par_1_116' title="bbox 2100 5520 3726 5609">
     <span class='ocr_line' id='line_1_116' title="bbox 2100 5520 3726 5609; baseline -0.012 -16"><span class='ocrx_word' id='word_1_833' title='bbox 2100 5537 2381 5609; x_wconf 86' lang='lat' dir='ltr'><strong>Hiltegart,</strong></span> <span class='ocrx_word' id='word_1_834' title='bbox 2408 5550 2547 5590; x_wconf 89' lang='lat' dir='ltr'><strong>uxor</strong></span> <span class='ocrx_word' id='word_1_835' title='bbox 2598 5529 2810 5604; x_wconf 70' lang='lat' dir='ltr'><strong>praefati</strong></span> <span class='ocrx_word' id='word_1_836' title='bbox 2845 5526 3111 5584; x_wconf 79' lang='lat' dir='ltr'><strong>Richwini</strong></span> <span class='ocrx_word' id='word_1_837' title='bbox 3169 5523 3414 5592; x_wconf 88' lang='lat' dir='ltr'><strong>comitis,</strong></span> <span class='ocrx_word' id='word_1_838' title='bbox 3473 5520 3726 5593; x_wconf 86' lang='lat' dir='ltr'><strong>quamvis</strong></span> 
     </span>
    </p>
   </div>
   <div class='ocr_carea' id='block_1_117' title="bbox 2072 5611 3726 5696">
    <p class='ocr_par' dir='ltr' id='par_1_117' title="bbox 2072 5611 3726 5696">
     <span class='ocr_line' id='line_1_117' title="bbox 2072 5611 3726 5696; baseline -0.011 -15"><span class='ocrx_word' id='word_1_839' title='bbox 2072 5646 2073 5649; x_wconf 43' lang='grc' dir='ltr'><strong>η</strong></span> <span class='ocrx_word' id='word_1_840' title='bbox 2097 5632 2289 5696; x_wconf 90' lang='lat' dir='ltr'><strong>nupta,</strong></span> <span class='ocrx_word' id='word_1_841' title='bbox 2318 5631 2503 5679; x_wconf 89' lang='lat' dir='ltr'><strong>tamen</strong></span> <span class='ocrx_word' id='word_1_842' title='bbox 2523 5622 2656 5677; x_wconf 89' lang='lat' dir='ltr'><strong>satis</strong></span> <span class='ocrx_word' id='word_1_843' title='bbox 2673 5618 2953 5691; x_wconf 88' lang='lat' dir='ltr'><strong>religiosa,</strong></span> <span class='ocrx_word' id='word_1_844' title='bbox 2988 5614 3158 5681; x_wconf 89' lang='lat' dir='ltr'><strong>venit,</strong></span> <span class='ocrx_word' id='word_1_845' title='bbox 3194 5611 3575 5682; x_wconf 89' lang='lat' dir='ltr'><strong>camisaleque</strong></span> <span class='ocrx_word' id='word_1_846' title='bbox 3603 5625 3726 5664; x_wconf 88' lang='lat' dir='ltr'><strong>cera</strong></span> 
     </span>
    </p>
   </div>
   <div class='ocr_carea' id='block_1_118' title="bbox 2096 5697 3727 5787">
    <p class='ocr_par' dir='ltr' id='par_1_118' title="bbox 2096 5697 3727 5787">
     <span class='ocr_line' id='line_1_118' title="bbox 2096 5697 3727 5787; baseline -0.012 -16"><span class='ocrx_word' id='word_1_847' title='bbox 2096 5713 2381 5787; x_wconf 89' lang='lat' dir='ltr'><strong>perfusum</strong></span> <span class='ocrx_word' id='word_1_848' title='bbox 2431 5712 2633 5779; x_wconf 89' lang='lat' dir='ltr'><strong>attulit,</strong></span> <span class='ocrx_word' id='word_1_849' title='bbox 2690 5718 2747 5765; x_wconf 89' lang='lat' dir='ltr'><strong>et</strong></span> <span class='ocrx_word' id='word_1_850' title='bbox 2802 5705 3236 5764; x_wconf 88' lang='lat' dir='ltr'><strong>sublimissimos</strong></span> <span class='ocrx_word' id='word_1_851' title='bbox 3274 5700 3515 5758; x_wconf 87' lang='lat' dir='ltr'><strong>clericos</strong></span> <span class='ocrx_word' id='word_1_852' title='bbox 3572 5697 3727 5770; x_wconf 86' lang='lat' dir='ltr'><strong>petiit</strong></span> 
     </span>
    </p>
   </div>
   <div class='ocr_carea' id='block_1_119' title="bbox 2096 5793 3724 5876">
    <p class='ocr_par' dir='ltr' id='par_1_119' title="bbox 2096 5793 3724 5876">
     <span class='ocr_line' id='line_1_119' title="bbox 2096 5793 3724 5876; baseline -0.012 -15"><span class='ocrx_word' id='word_1_853' title='bbox 2096 5813 2156 5862; x_wconf 93' lang='lat' dir='ltr'><strong>ut</strong></span> <span class='ocrx_word' id='word_1_854' title='bbox 2184 5822 2339 5862; x_wconf 89' lang='lat' dir='ltr'><strong>sacro</strong></span> <span class='ocrx_word' id='word_1_855' title='bbox 2397 5803 2615 5876; x_wconf 86' lang='lat' dir='ltr'><strong>corpori</strong></span> <span class='ocrx_word' id='word_1_856' title='bbox 2671 5807 2829 5858; x_wconf 87' lang='lat' dir='ltr'><strong>caute</strong></span> <span class='ocrx_word' id='word_1_857' title='bbox 2893 5803 3109 5854; x_wconf 87' lang='lat' dir='ltr'><strong>secreto</strong></span> <span class='ocrx_word' id='word_1_858' title='bbox 3162 5793 3631 5859; x_wconf 78' lang='lat' dir='ltr'><strong>circumdaretur,</strong></span> <span class='ocrx_word' id='word_1_859' title='bbox 3659 5803 3724 5843; x_wconf 87' lang='lat' dir='ltr'><strong>ne</strong></span> 
     </span>
    </p>
   </div>
  </div>
