3924 6410
234 417 379 475 1053

1824 419 1969 475 VlTA
1985 460 1996 473 .

3458 421 3599 477 1054

232 540 599 597 sacerdotalis
620 548 900 612 paratura,
932 556 1041 612 qua
1074 541 1300 597 indutus
1329 548 1468 608 erat,
1516 543 1628 598 cito
1655 558 1685 597 a
1716 548 1861 598 terra
1887 546 1942 615 Α
1965 541 2151 598 omnia
2181 558 2350 614 supra
2397 543 2620 597 modum
2650 543 2834 607 chara,
2895 548 2950 597 et
2996 540 3223 597 herbam
3256 542 3506 615 undique
3538 545 3594 600 in

231 638 734 696 consummaretur,
795 646 901 702 qua
958 631 1077 701 ipse
1109 632 1291 687 adhuc
1347 632 1543 687 vivens
1597 634 1862 703 praecepit

236 735 311 774 ne
362 720 665 775 tabulatum
724 722 934 795 lignum
975 722 1193 793 corpori
1250 724 1370 793 ejus
1415 724 1862 795 supposuissent,

235 814 339 868 sed
395 830 545 883 purae
601 823 757 868 terra:
814 816 1187 885 imponerent,
1260 826 1313 870 et
1368 816 1553 891 ligneo
1602 815 1866 886 Operculo

234 902 596 972 cooperirent
631 921 643 956 :
678 904 770 974 qui
802 904 1111 957 secundum
1162 905 1285 973 ejus
1337 905 1661 975 petitionem
1694 903 1865 959 cami-

234 996 358 1050 sale
413 996 629 1068 corpori
687 1013 841 1051 sacro
900 998 1405 1053 circumdederunt.
1469 999 1623 1053 Mane
1681 1007 1865 1055 autem

236 1090 406 1150 facto.
466 1105 665 1163 magna
739 1090 1098 1145 multitudine
1156 1092 1347 1162 p0puli
1408 1092 1759 1159 adveniente,
1818 1106 1872 1153 et

237 1179 467 1234 clericis
497 1180 1127 1254 sanctimonialibusque
1184 1184 1389 1239 ibidem
1438 1185 1548 1239 Deo
1582 1184 1867 1238 militanti-

240 1271 349 1324 bus
380 1272 747 1344 congregatis,
782 1275 876 1327 sed
905 1281 957 1328 et
988 1275 1055 1329 de
1090 1275 1388 1345 provinciis
1443 1276 1648 1340 multis,
1691 1276 1865 1329 sacris

242 1366 451 1423 ofﬁciis
505 1369 790 1424 utentibus
836 1370 1133 1438 adjunctis,
1194 1370 1448 1437 antistes,
1495 1371 1708 1425 cunctis
1768 1386 1867 1440 pro

239 1456 368 1526 ejus
394 1457 578 1511 anima
631 1459 1092 1527 sacriﬁcantibus,
1145 1479 1341 1535 magna
1387 1463 1717 1518 contritione
1745 1478 1867 1518 cor-

243 1546 334 1601 dis
366 1552 419 1600 et
450 1546 834 1602 humiliatione
872 1549 1164 1605 salutarem
1229 1550 1430 1606 obtulit
1462 1552 1702 1606 hostiam
1730 1552 1865 1616 Deo,

245 1639 482 1709 insuper
535 1638 703 1693 etiam
766 1640 985 1710 publica
1044 1642 1210 1696 missa
1262 1644 1498 1712 expleta,
1558 1659 1752 1697 omnes
1815 1643 1871 1696 in

245 1744 544 1783 commune
594 1728 780 1783 sobrio
836 1736 889 1783 et
944 1738 1103 1785 cauto
1154 1748 1413 1787 sermone
1472 1733 1777 1800 admonuit,
1813 1743 1872 1789 ut

247 1834 353 1891 pro
413 1820 505 1874 illa
554 1836 742 1874 sancta
823 1821 1005 1875 anima
1063 1822 1253 1876 intima
1310 1822 1618 1879 intentione
1681 1825 1864 1879 cordis

248 1914 451 1967 devote
509 1922 819 1978 exorarent,
918 1921 976 1968 ut
1043 1915 1193 1969 omni
1256 1916 1479 1971 vinculo
1538 1917 1863 1973 delictorum

247 2001 523 2066 absoluta,
587 2002 692 2056 Ι)ρο
750 2002 1012 2069 donante,
1073 2004 1302 2073 perenni
1354 2006 1556 2078 gaudio
1612 2007 1667 2060 in
1690 2024 1865 2063 aevum

246 2109 375 2148 eum
411 2092 616 2147 sanctis
648 2099 701 2147 et
730 2093 922 2147 electis
970 2093 1066 2148 Dei
1121 2095 1331 2166 perfrui
1376 2105 1697 2153 mereretur.
1734 2084 1870 2153 Ora-

247 2184 402 2239 tione
458 2191 641 2238 autem
681 2186 987 2239 secundum
1045 2186 1271 2239 verbum
1324 2187 1445 2255 ejus
1488 2188 1556 2241 ab
1610 2189 1873 2244 omnibus

246 2282 496 2347 peracta,
559 2276 855 2347 episcopus
909 2293 1109 2348 corpus
1177 2279 1450 2349 sepelivit,
1512 2288 1566 2334 et
1632 2281 1869 2335 animam

246 2369 619 2440 omnipotenti
680 2371 791 2425 Deo
850 2372 1205 2425 devotissime
1259 2388 1380 2425 cum
1442 2374 1695 2444 lacrymis
1720 2390 1871 2429 com-

246 2458 554 2513 mendavit.
577 2458 809 2512 Ministri
832 2467 1034 2527 autem,
1065 2460 1205 2514 sicut
1230 2462 1551 2532 praedictum
1576 2470 1679 2528 est,
1708 2480 1873 2534 oper-

244 2552 373 2606 culo
430 2551 615 2625 ligneo
681 2567 883 2621 corpus
945 2563 1375 2623 coeperuerunt,
1434 2565 1487 2609 et
1541 2572 1711 2625 super
1768 2558 1873 2611 hoc

244 2640 514 2715 gradibus
532 2640 729 2695 murati
754 2642 993 2711 sepulcri
1017 2643 1251 2697 densum
1286 2644 1532 2717 ligneum
1564 2645 1871 2700 tabulatum

246 2740 746 2804 superposuerunt,
815 2734 868 2788 in
918 2734 1207 2805 superﬁcie
1268 2743 1451 2791 autem
1517 2746 1677 2792 terrae
1746 2754 1869 2793 cum

250 2829 532 2899 lapidibus
557 2829 867 2897 conjunctis
924 2829 1154 2885 firmiter
1187 2832 1524 2887 clauserunt.
1563 2833 1653 2887 llis
1684 2833 1756 2888 ita
1780 2850 1871 2905 pe-

250 2916 439 2989 ractis,
472 2923 764 2994 episcopus
794 2922 861 2976 ad
889 2925 1181 2996 Augustam
1201 2941 1366 2980 causa
1388 2926 1656 2980 orationis
1684 2943 1871 2997 perre-

249 3016 350 3071 xit.
386 3015 738 3069 Orationibus
786 3015 1166 3087 multipliciter
1220 3019 1635 3084 consummatis,
1693 3035 1722 3072 a
1769 3019 1875 3074 fra-

252 3108 435 3163 tribus
463 3124 562 3178 per
611 3107 935 3162 charitatem
985 3117 1227 3179 rogatus,
1280 3116 1588 3179 paraturam
1641 3112 1878 3166 missati-

252 3215 400 3265 eam,
436 3214 559 3268 qua:
588 3196 689 3252 fuit
709 3199 880 3253 sancti
914 3199 1172 3262 Udalrici,
1208 3217 1438 3271 quarum
1465 3201 1750 3272 opulentia
1780 3202 1875 3257 ille

250 3288 448 3343 vivens
473 3288 813 3352 abundabat,
846 3297 1071 3359 prOpter
1084 3289 1202 3359 ejus
1228 3290 1579 3345 sanctitatem
1610 3291 1871 3362 suscepit:

250 3381 656 3448 ethonoriﬁce,
689 3381 831 3435 sicut
886 3381 1093 3452 Optime
1154 3382 1356 3457 dignus
1411 3392 1548 3451 erat,
1590 3384 1873 3454 dimissus,

251 3474 369 3527 Deo
398 3471 599 3526 comite
630 3470 694 3524 ad
716 3471 941 3541 propria
963 3488 1218 3526 reversus
1248 3479 1348 3528 est.

325 3560 554 3615 XXVlll.
612 3560 738 3614 Post
794 3560 1009 3615 obitum
1081 3561 1258 3616 sancti
1314 3562 1550 3618 Udalrici
1601 3564 1874 3636 episcopi,

255 3646 548 3702 lleinricus
570 3646 714 3702 ﬁlius
736 3649 1033 3704 Purchardi
1059 3651 1278 3706 comitis
1300 3668 1589 3708 successor
1612 3654 1732 3722 ejus
1752 3653 1880 3709 effe-

256 3744 381 3792 ctus
413 3745 513 3803 est,
549 3752 662 3792 non
693 3739 921 3809 provide
954 3740 1009 3795 in
1068 3741 1213 3797 ovile
1245 3742 1429 3797 ovium
1464 3743 1746 3809 intrando,
1779 3746 1880 3800 sed

254 3827 485 3883 aliunde
516 3828 1360 3899 ascendendo,quiaPurchardo
1392 3832 1531 3887 duce
1554 3833 1885 3890 Alamanno-

257 3938 404 3986 rum,
438 3922 533 3993 qui
589 3920 752 3976 ﬁliam
786 3928 1094 3978 matertera:
1152 3923 1272 3991 ejus
1314 3924 1509 3980 habuit
1546 3942 1794 3994 uxorem,
1830 3934 1883 3983 et

256 4010 387 4065 aliis
410 4010 682 4081 plurimis,
716 4011 813 4065 sed
844 4017 896 4065 et
929 4011 1259 4081 quibusdam
1281 4012 1568 4080 militibus,
1598 4015 1691 4085 qui
1722 4016 1788 4069 ab
1812 4032 1879 4071 eo

257 4101 535 4155 beneﬁcia
562 4118 662 4155 sua
691 4100 881 4174 augeri
906 4109 1081 4157 astuta
1094 4111 1208 4158 arte
1240 4105 1561 4175 cupiebant,
1584 4106 1881 4161 consilian-

256 4191 428 4254 tibus,
457 4189 644 4244 subtili
676 4190 845 4260 cuepit
896 4191 1130 4246 consilio
1158 4194 1430 4249 aestimare
1465 4195 1704 4266 qualiter
1735 4213 1881 4266 prae-

258 4280 470 4335 dictum
503 4280 682 4335 locum
729 4280 833 4335 sibi
882 4282 1154 4352 potuisset
1183 4300 1450 4355 usurpare
1492 4303 1506 4351 ;
1540 4286 1796 4357 quamvis
1827 4286 1881 4341 in

260 4370 387 4439 ejus
411 4369 698 4425 scientiam
731 4370 1039 4438 deveniret,
1097 4373 1245 4442 quod
1303 4372 1685 4428 Werinharius
1711 4374 1883 4429 abbas

259 4466 319 4520 in
352 4466 589 4536 quadam
612 4465 877 4521 invisibili
903 4466 1219 4522 carnalibus
1236 4467 1410 4522 oculis
1424 4469 1878 4543 congregatione,

257 4553 356 4609 ubi
388 4563 612 4609 sanctus
641 4555 926 4609 Udalricus
966 4557 1022 4609 in
1054 4557 1250 4611 exstasi
1306 4558 1508 4613 mentis
1553 4559 1877 4629 adjunctus,

256 4646 473 4702 audivit
500 4665 512 4700 :
543 4647 596 4701 Si
630 4648 739 4703 duo
779 4648 901 4703 aliis
923 4650 1346 4717 concordarent,
1371 4650 1439 4705 ab
1466 4651 1616 4707 omni
1638 4652 1729 4706 illa
1753 4668 1882 4708 con-

251 4737 578 4813 gregatione
609 4738 678 4792 ad
720 4739 825 4793 hoc
856 4738 1223 4793 ministerium
1266 4738 1456 4795 fuisset
1488 4740 1883 4805 destinatus,ut

254 4834 382 4903 ejus
437 4848 728 4890 successor
777 4832 1111 4901 efﬁceretur,
1184 4835 1349 4891 sicuti
1400 4843 1563 4891 antea
1630 4838 1878 4907 praedixi.

257 4925 491 4990 Quidam
516 4924 724 4991 clerici,
758 4925 1025 4980 advocato
1057 4933 1112 4980 et
1142 4925 1265 4980 aliis
1309 4925 1638 4997 quibusdam
1685 4926 1884 4982 militi-

258 5014 368 5068 bus
395 5014 465 5068 de
495 5014 691 5069 eodem
752 5014 1076 5086 episc0patu
1139 5031 1326 5070 secum
1368 5015 1784 5082 comitantibus,
1816 5017 1884 5071 ad

256 5112 475 5159 curtcm
508 5103 861 5173 imperatoris
914 5103 1172 5158 baculum
1232 5105 1608 5177 episcopalem
1649 5105 1882 5162 terendo

255 5196 373 5250 iter
415 5209 579 5266 agere
638 5201 944 5264 cmperunt.
1014 5192 1258 5264 Cumque
1315 5195 1382 5248 ad
1437 5193 1880 5249 Wormacensem

258 5285 544 5343 civitatem
594 5285 662 5340 ad
697 5285 1089 5340 monasterium
1149 5285 1324 5339 sancti
1376 5284 1583 5356 Cyriaci
1609 5286 1881 5350 venirent,

258 5379 602 5433 invenerunt
633 5377 708 5431 ibi
750 5377 1125 5432 Purchardum
1157 5378 1355 5433 ducem
1390 5393 1514 5432 cum
1565 5393 1732 5433 uxore
1787 5392 1889 5432 sua

252 5472 313 5524 in
392 5468 707 5525 inﬁrmitate
758 5477 1110 5541 occupatum.
1172 5470 1416 5542 Cumque
1474 5472 1525 5525 ei
1575 5472 1892 5527 indicarent

252 5561 504 5616 studium
558 5561 775 5615 itineris
824 5563 942 5627 sui,
999 5562 1330 5633 quibusdam
1382 5562 1888 5619 machinationibus

253 5649 459 5707 callida
481 5649 695 5705 ratione
725 5650 792 5704 ab
845 5666 911 5706 eo
951 5649 1099 5705 illusi
1131 5658 1259 5705 sunt
1289 5669 1303 5718 ;
1355 5651 1485 5723 quia
1529 5649 1767 5706 dixiteis
1789 5650 1895 5704 im-

254 5750 572 5816 peratorem
590 5744 676 5797 his
708 5743 908 5797 diebus
938 5759 1112 5814 prOpe
1151 5744 1207 5797 in
1252 5743 1463 5799 ultimis
1497 5742 1703 5799 ﬁnibus
1735 5743 1892 5817 regni

260 5837 386 5905 ejus
417 5835 640 5900 morari,
674 5840 739 5890 et
761 5835 818 5890 in
863 5851 927 5890 ea
958 5836 1045 5890 via
1093 5853 1255 5907 quam
1288 5852 1519 5910 pergere
1552 5835 1892 5903 debuerunt,

1890 1863 1941 1931 B

1968 635 2294 690 defensione
2343 652 2588 702 munere,
2636 644 2691 694 et
2731 639 2858 694 ideo
2915 637 3254 707 semetipsos
3310 641 3365 690 et
3400 651 3593 691 eorum

1968 725 2211 780 caballos
2227 725 2375 780 nulla
2402 728 2790 783 commoditate
2823 743 2987 798 posse
3000 725 3317 781 sustentari.
3342 725 3459 780 Non
3475 734 3599 797 post

1968 819 2169 873 multos
2195 818 2315 873 dies
2333 819 2631 888 imperator
2659 829 2849 875 noster
2874 821 2989 875 vult
3020 819 3205 893 regale
3256 817 3595 889 colloquium

1968 908 2169 962 habere
2201 908 2268 961 ad
2299 908 2479 963 locum
2531 908 2625 979 qui
2672 909 2875 964 dicitur
2934 907 3233 975 Erinstein,
3272 907 3405 961 illuc
3436 905 3599 962 facile

1979 1000 2206 1070 potestis
2238 1000 2337 1067 ire,
2367 1000 2493 1055 ideo
2523 1001 2859 1056 revertimini
2902 1017 3069 1068 nunc,
3099 1007 3153 1054 et
3186 1000 3409 1071 quando
3440 1016 3602 1055 meus

1975 1095 2156 1143 certus
2186 1090 2413 1143 nuntius
2441 1090 2600 1145 vobis
2631 1091 2907 1160 praedictae
2940 1088 3239 1145 locutionis
3270 1088 3418 1144 diem
3452 1105 3602 1144 nun-

1977 1179 2207 1234 tiaturus
2254 1181 2559 1243 advenerit,
2613 1180 2743 1235 illuc
2801 1181 2988 1235 venire
3047 1196 3117 1234 ne
3176 1179 3484 1254 dubitetis;
3521 1179 3599 1233 ibi

1969 1268 2116 1321 enim
2142 1284 2229 1321 me
2250 1268 2543 1323 invenietis
2567 1268 2789 1323 ﬁrmum
2816 1268 2973 1323 vobis
2992 1267 3109 1323 fore
3123 1268 3517 1336 adjutorem,et
3541 1268 3597 1321 in

1970 1357 2247 1412 electione
2277 1357 2579 1427 episc0pali
2610 1358 2728 1411 sine
2754 1356 3119 1428 ambiguitate
3164 1373 3250 1411 me
3282 1356 3470 1411 sciatis
3498 1373 3600 1412 vo-

1972 1449 2057 1503 bis
2087 1449 2433 1504 concordari.
2470 1450 2561 1503 His
2621 1449 2808 1503 verbis
2854 1449 3079 1516 auditis,
3130 1464 3261 1503 vera
3302 1464 3426 1503 esse
3455 1449 3603 1504 msti-

1971 1552 2208 1608 mantes,
2240 1551 2293 1597 et
2324 1543 2572 1598 consiliis
2602 1545 2721 1611 ejus
2744 1544 3180 1611 consentientes,
3208 1544 3414 1599 reversi
3448 1551 3597 1600 sunt.

1974 1637 2089 1692 Non
2121 1638 2495 1707 postmultum
2534 1654 2664 1693 vero
2691 1639 2959 1710 temporis
2989 1639 3218 1693 nuntius
3239 1639 3394 1693 ducis
3428 1639 3603 1705 venit,

1974 1735 2028 1783 et
2072 1729 2252 1800 regale
2285 1729 2623 1800 colloquium
2658 1731 2713 1783 in
2758 1730 3028 1800 praedicto
3054 1731 3175 1785 loco
3205 1746 3428 1785 manere
3459 1730 3607 1785 indi-

1973 1821 2134 1885 cavit,
2168 1837 2375 1892 eosque
2408 1822 2541 1877 illuc
2568 1823 2759 1877 venire
2791 1824 3101 1879 admonuit.
3137 1824 3236 1889 Qui
3267 1824 3453 1879 statim
3478 1825 3604 1879 aliis

1967 1909 2230 1964 fratribus
2287 1927 2476 1965 secum
2531 1912 2791 1983 sumptis,
2834 1913 2902 1966 ad
2955 1912 3239 1983 praefatum
3272 1911 3451 1965 locum
3477 1926 3605 1980 per-

1968 2018 2100 2075 gere
2151 2000 2570 2058 festinaverunt.
2621 2003 2866 2076 Cumque
2921 2004 3469 2075 appropinquassent
3522 2002 3599 2056 ad

1972 2094 2152 2149 locum
2178 2094 2270 2165 qui
2293 2094 2359 2148 ad
2378 2095 2610 2150 Balneos
2632 2096 2968 2162 nominatur,
3018 2095 3244 2167 quidam
3277 2093 3506 2148 nuntius
3521 2092 3603 2147 eis

1974 2185 2171 2240 obvius
2192 2185 2353 2240 dixit:
2374 2207 2403 2236 α
2434 2186 2723 2241 Heinricus
2750 2186 2894 2241 filius
2910 2186 3210 2241 Purchardi
3229 2200 3393 2256 quem
3418 2184 3601 2254 impe-

1974 2282 2120 2329 rator
2160 2292 2285 2329 cum
2352 2276 2467 2330 suis
2512 2276 2793 2344 ﬁdelibus,
2854 2285 2910 2332 et
2963 2277 3072 2332 dux
3138 2275 3489 2331 Purchardus
3528 2275 3599 2329 ad

1973 2367 2269 2440 Augustam
2303 2368 2609 2423 antistitem
2637 2385 2761 2424 esse
2782 2370 3174 2439 decreverunt,
3204 2385 3353 2423 nunc
3376 2369 3484 2423 cito
3504 2382 3605 2422 oc-

1971 2468 2153 2514 curret
2173 2459 2351 2525 vobis,
2386 2480 2410 2510 »
2450 2460 2555 2515 Hac
2577 2461 2790 2515 ratione
2821 2461 3031 2528 audita,
3054 2460 3363 2516 contristati
3388 2459 3594 2514 fratres

1974 2567 2041 2607 eo
2071 2552 2217 2623 quod
2246 2552 2313 2607 de
2347 2552 2606 2623 praedicta
2664 2553 2938 2608 electione
2987 2554 3233 2625 episcopi
3264 2553 3469 2625 privari
3501 2553 3603 2607 de-

1974 2644 2231 2711 buerunt,
2260 2645 2401 2699 ultra
2430 2661 2541 2700 non
2610 2655 2738 2700 sunt
2793 2646 3095 2720 pr0gressi,
3128 2647 3226 2701 sed
3259 2653 3600 2702 revertentes

1975 2736 2031 2790 in
2060 2737 2181 2792 loco
2221 2743 2536 2807 Opportuno
2566 2745 3047 2808 exspectaverunt,
3080 2755 3257 2809 usque
3299 2738 3431 2793 dum
3460 2753 3605 2808 pra:-

1973 2824 2143 2881 fatum
2177 2826 2493 2882 Heinricum
2525 2828 2655 2882 inde
2686 2829 3103 2883 comitarentur.
3137 2828 3235 2896 ζΕο
3267 2827 3451 2881 statim
3488 2826 3603 2895 die,

1973 2933 2096 2971 cum
2142 2917 2210 2971 ad
2260 2924 2436 2972 castra
2476 2918 2731 2973 venirent
2783 2917 2988 2972 milites
3037 2917 3130 2989 qui
3168 2918 3238 2972 de
3293 2917 3436 2972 duce
3464 2915 3604 2972 Pur-

1977 3012 2183 3066 chardo
2214 3027 2337 3066 cum
2368 3011 2624 3067 Heinrieo
2661 3021 2952 3079 venerunt,
2979 3012 3272 3079 adjunctos
3301 3011 3409 3065 sibi
3444 3011 3610 3067 cleri-

1977 3118 2073 3157 cos
2126 3118 2318 3176 rOgare
2367 3110 2676 3173 coeperunt,
2734 3110 2792 3158 ut
2850 3103 3165 3158 Heinricum
3224 3104 3279 3158 in
3302 3118 3603 3159 commune

1976 3192 2300 3261 episcopum
2332 3207 2455 3246 esse
2483 3192 2910 3262 comprobarent
2931 3192 2985 3246 in
3004 3191 3203 3247 eodem
3230 3192 3373 3247 loco.
3401 3192 3501 3256 Qui
3527 3192 3611 3247 in-

1977 3280 2168 3335 ducias
2199 3279 2499 3350 petierunt,
2532 3297 2710 3352 usque
2743 3281 2797 3334 in
2829 3281 3111 3336 communi
3136 3282 3400 3353 capitulo,
3448 3282 3602 3337 domi

1977 3372 2159 3428 cuncti
2188 3370 2383 3426 fratres
2421 3371 2479 3425 in
2509 3387 2680 3426 unum
2709 3387 2767 3426 se
2801 3372 3199 3429 coadunarent.
3231 3372 3476 3444 Cumque
3497 3374 3610 3429 mi-

1976 3462 2102 3516 lites
2124 3461 2230 3515 hoc
2256 3459 2582 3525 refutarent,
2615 3469 2670 3515 et
2699 3461 2865 3533 longa
2894 3460 3039 3515 inter
3077 3477 3135 3516 se
3167 3461 3445 3518 locutione
3476 3479 3608 3518 eon-

1980 3553 2297 3617 tenderent,
2327 3553 2533 3608 reversi
2552 3552 2622 3607 ad
2637 3552 2975 3621 Heinricum,
2992 3568 3118 3608 cum
3152 3553 3487 3625 quibusdam
3504 3555 3611 3610 cle-

1981 3643 2112 3699 ricis
2138 3644 2428 3718 elegerunt
2446 3658 2568 3697 eum
2594 3657 2764 3713 super
2786 3657 2845 3696 se
2860 3658 2982 3696 esse
3006 3641 3364 3712 episcopum;
3385 3643 3611 3714 quidam

1983 3750 2112 3789 vero
2145 3750 2269 3789 eum
2302 3748 2413 3788 non
2445 3732 2738 3807 eligentes,
2798 3730 2867 3785 ad
2900 3732 3196 3803 Augustam
3230 3739 3613 3801 pervenerunt

1985 3824 2053 3878 ad
2076 3833 2308 3879 caeteros
2337 3822 2549 3878 fratres.
2611 3821 2854 3892 Cumque
2883 3818 2953 3874 ad
2994 3820 3293 3893 Augustam
3341 3819 3602 3891 perveni-

1986 3925 2107 3971 rent
2131 3917 2210 3971 sic
2221 3916 2553 3987 sequestrati
2566 3915 2620 3969 in
2636 3912 2907 3969 electione
2922 3912 3062 3982 ejus,
3078 3911 3231 3968 venit
3257 3911 3485 3984 quidam
3510 3927 3609 3968 co-

1984 4024 2122 4074 mes,
2156 4007 2515 4063 Wolveradus
2529 4005 2900 4071 nomine,cum
2915 4004 3038 4058 aliis
3063 4003 3398 4075 quibusdam
3427 4004 3600 4060 homi-

1982 4098 2148 4153 nibus
2178 4098 2334 4170 quasi
2362 4097 2697 4171 legationem
2747 4095 2814 4148 ab
2853 4095 3187 4165 imperatore
3237 4096 3466 4151 terendo
3521 4096 3592 4150 ad

1982 4186 2493 4263 congregationem,
2525 4187 2717 4241 dicens
2742 4203 2754 4240 :
2775 4185 3121 4256 «Imperator
3145 4185 3606 4241 demandavitvo-

1986 4280 2073 4335 bis
2092 4282 2322 4355 gratiam
2336 4287 2390 4335 et
2407 4280 2841 4336 misericordiam
2864 4285 2918 4335 et
2932 4279 3120 4334 omnia
3137 4280 3304 4347 bona,
3337 4287 3392 4334 et
3416 4288 3611 4351 postu-

1985 4373 2117 4428 lavit
2140 4381 2201 4429 ut
2230 4373 2393 4428 istum
2447 4359 2736 4428 dominum
2782 4367 3117 4438 Heinricum,
3154 4386 3316 4442 quem
3352 4368 3445 4424 ille
3475 4385 3600 4424 cum

1985 4464 2100 4517 suis
2130 4463 2388 4518 ﬁdelibus
2417 4462 2659 4517 decrevit
2688 4461 2744 4515 in
2774 4461 2876 4517 isto
2904 4461 3025 4516 loco
3048 4476 3170 4516 esse
3208 4465 3509 4530 pastorem,
3540 4464 3601 4512 ut

1985 4563 2040 4608 et
2065 4570 2162 4609 vos
2193 4554 2264 4608 ob
2290 4568 2533 4608 amorem
2566 4553 2652 4607 sui
2680 4551 2981 4607 antistitem
3005 4551 3167 4606 vobis
3200 4550 3408 4622 eligere
3449 4564 3596 4604 una-

1986 4645 2212 4701 nimiter
2228 4662 2340 4701 non
2356 4644 2619 4700 renuatis.
2634 4668 2659 4691 ››
2686 4643 2910 4717 Legatio
2928 4650 3110 4698 autem
3142 4644 3261 4699 haec
3278 4640 3614 4698 fraudulenti

1984 4736 2218 4792 consilio
2250 4736 2560 4807 composita
2589 4743 2726 4790 erat.
2771 4734 2865 4789 Cui
2896 4734 3301 4805 respondentes
3329 4734 3608 4789 dixerunt:

1986 4854 2010 4877 «ι
2045 4829 2240 4885 Veniat
2266 4831 2356 4885 ille
2382 4847 2506 4885 cum
2525 4830 2682 4886 vobis
2714 4830 2782 4884 ad
2806 4830 3108 4901 capitulum
3135 4837 3388 4886 nostrum
3425 4830 3495 4885 ad
3520 4846 3615 4885 au-

1988 4920 2258 4976 diendum
2297 4937 2569 4993 responsa
2599 4928 2802 4977 nostra.
2835 4943 2855 4973 ι
2883 4921 3126 4994 Cumque
3146 4921 3235 4976 vix
3252 4922 3625 4978 obtinuissent

1988 5018 2048 5065 ut
2079 5010 2136 5064 in
2182 5011 2484 5081 capitulum
2538 5011 3093 5087 intrarent,legebant
3141 5013 3408 5068 lectiones
3450 5029 3624 5070 cano-

1987 5098 2143 5154 nicas
2165 5100 2235 5155 de
2251 5101 2523 5156 electione
2536 5101 2861 5158 antistitum.
2890 5103 3153 5158 Praefatus
3168 5103 3611 5171 Heinricus,cum

1986 5195 2235 5250 audisset
2265 5196 2333 5251 de
2368 5198 2703 5254 lectionibus
2734 5198 2789 5253 in
2852 5200 3150 5271 praesentia
3200 5200 3441 5256 recitatis
3470 5199 3621 5271 quod

1987 5287 2044 5340 in
2088 5294 2361 5357 potestate
2423 5298 2581 5346 esset
2643 5289 3041 5347 canonicorum
3099 5304 3224 5345 eum
3281 5289 3487 5361 eligere
3534 5288 3623 5344 vel

1987 5379 2251 5446 refutare,
2295 5397 2420 5437 cum
2478 5384 2639 5438 venia
2687 5384 2974 5439 humiliter
3017 5382 3315 5455 postulavit
3367 5389 3427 5436 ut
3489 5396 3618 5436 eum

1988 5471 2319 5541 episcOpum
2377 5473 2588 5546 eligere
2615 5490 2731 5531 non
2782 5477 3239 5549 dedignarentur,
3291 5473 3624 5545 promittens

1994 5558 2096 5623 eis,
2130 5559 2176 5613 si
2211 5561 2332 5628 ejus
2390 5563 2751 5631 postulationi
2783 5565 3189 5627 consentirent,
3226 5563 3281 5617 in
3335 5568 3619 5634 posterum

1994 5649 2310 5724 omnigenae
2327 5654 2738 5709 commoditatis
2770 5657 3198 5728 impensionem.
3235 5654 3334 5721 Qui
3359 5654 3481 5725 ejus
3506 5669 3629 5725 pro-

1994 5739 2352 5797 missionibus
2380 5741 2697 5810 credentes,
2729 5746 2956 5816 quidam
2984 5761 3115 5804 vero
3144 5752 3365 5817 sponte,
3396 5743 3621 5816 quidam

1994 5848 2120 5888 vero
2153 5831 2532 5889 dissensiones
2545 5832 2796 5904 vitando,
2826 5851 3025 5895 omnes
3054 5837 3308 5895 tamenin
3325 5850 3624 5893 commune
