3924 6400
323 428 461 484 1055

1398 426 1450 477 S.
1498 422 1806 478 UDALRICI
1846 419 2219 476 AUGUSTANI
2261 418 2576 474 EPISCOPI.

3538 416 3680 472 1056

321 558 685 613 decreverunt
705 571 829 611 eum
860 571 984 611 esse
1029 556 1373 627 episcopum.
1434 554 1554 609 Haec
1575 570 1705 609 vero
1738 552 1939 609 electio
1967 557 2018 625 Α
2044 553 2283 608 tatemin
2314 551 2665 607 obsidionem
2693 549 2832 619 ejus.
2882 549 3128 622 Cumque
3165 547 3460 605 obsidione
3517 546 3678 606 ﬁnita

323 648 514 702 cumin
532 646 764 702 ecclesia
792 646 1061 701 militibus
1085 645 1372 702 etfamiliae
1420 656 1550 702 nota
1566 644 1709 700 facta
1722 644 1938 710 fuisset,

321 738 647 794 sonantibus
705 737 989 808 campanis
1042 738 1111 792 ab
1179 738 1440 793 omnibus
1484 736 1938 793 confirmabatur.

321 830 471 885 Tunc
497 831 716 884 demum
750 829 1007 900 praefatus
1037 830 1343 897 Heinricus,
1378 829 1678 900 assumptis
1715 828 1945 900 quibus-

324 920 446 973 dam
514 918 813 985 canonicis,
871 919 1112 989 perrexit
1192 920 1260 974 ad
1319 920 1729 991 imperatorem,
1781 926 1836 974 et
1882 918 1939 973 in

325 1010 614 1080 praesentia
665 1009 786 1077 ejus
839 1008 1074 1064 aliorum
1128 1011 1447 1066 testimonio
1517 1011 1812 1067 roboratus
1870 1010 1940 1065 de

323 1100 592 1156 electione
623 1100 744 1168 ejus
775 1101 1061 1168 nuntiavit,
1099 1102 1383 1157 humiliter
1410 1102 1665 1177 ﬂagitans
1690 1110 1747 1157 ut
1774 1120 1803 1157 a
1825 1102 1939 1157 cel-

322 1195 560 1250 situdine
592 1196 712 1264 ejus
745 1195 1053 1266 imperialis
1085 1197 1376 1267 potestatis
1417 1197 1763 1268 pontificium
1809 1212 1944 1268 prae-

323 1284 661 1339 nominatum
690 1284 741 1338 ei
782 1286 1202 1340 concederetur.
1268 1286 1572 1357 imperator
1609 1294 1792 1342 autem
1826 1286 1947 1354 ejus

322 1375 574 1445 petitioni
596 1377 1074 1442 noncontradixit,
1099 1394 1283 1449 neque
1296 1379 1558 1434 continuo
1585 1378 1937 1450 adimplevit,

323 1467 772 1537 sedpromisitut
837 1476 962 1539 post
1016 1469 1262 1540 quinque
1303 1470 1424 1525 dies
1480 1471 1535 1525 in
1591 1472 1939 1526 solemnitate

320 1554 491 1608 sancti
545 1555 775 1609 Mauritii
831 1555 949 1626 ejus
990 1555 1247 1626 petitioni
1306 1573 1593 1613 assensum
1648 1559 1939 1630 praeberet,

322 1641 464 1697 sicut
494 1652 547 1698 et
578 1642 725 1698 fecit.
760 1643 957 1699 Postea
993 1660 1124 1700 vero
1191 1653 1393 1702 statuto
1454 1657 1701 1719 tempore
1733 1649 1807 1703 ad
1836 1648 1946 1703 Ma-

322 1736 566 1808 guntiam
600 1737 769 1799 venit,
815 1745 869 1791 et
896 1753 927 1790 a
951 1737 1232 1808 Rudperto
1288 1740 1710 1812 archiepiscopo
1744 1749 1799 1795 et
1828 1742 1947 1795 suis

322 1820 683 1896 suffraganeis
711 1825 1159 1884 benedictionem
1190 1830 1563 1901 epis00palem
1589 1833 1823 1904 accepit.
1854 1832 1944 1887 His

326 1932 455 1971 vero
495 1920 837 1989 temporibus
866 1922 985 1978 Otto
1020 1924 1164 1978 filius
1192 1924 1430 1987 Luitolti,
1475 1926 1571 1980 filii
1604 1927 1814 1982 Ottonis
1839 1928 1943 1982 im-

326 2012 617 2080 peratoris,
647 2012 757 2071 dux
784 2013 884 2068 fuit
914 2016 1366 2084 Alamannorum,
1390 2026 1445 2072 et
1471 2018 1776 2085 Heinricus,
1801 2019 1945 2075 filius

328 2100 565 2158 Heinrici
608 2104 788 2160 fratris
819 2107 1066 2175 ejusdem
1100 2108 1469 2179 imperatoris,
1502 2111 1608 2165 dux
1638 2111 1943 2168 Bauvario-

330 2210 449 2248 rum
478 2206 592 2250 erat
621 2214 635 2263 ;
668 2199 784 2269 qui,
818 2200 1069 2271 quamvis
1092 2218 1158 2256 ex
1184 2202 1363 2259 vicina
1394 2204 1949 2276 pr0pinquitatecha-

328 2286 489 2342 ritate
527 2290 807 2359 conjuncti
840 2291 955 2347 fore
1008 2293 1352 2362 debuissent,
1420 2312 1485 2351 ex
1536 2299 1947 2355 machinatione

329 2375 471 2429 male
503 2378 788 2433 suadentis
810 2380 1025 2436 Satanae
1060 2383 1295 2439 invidias
1326 2392 1381 2440 et
1409 2385 1785 2442 dissensiones
1808 2389 1950 2443 inter
1980 2441 1987 2445 .

329 2483 388 2521 se
418 2483 678 2524 exercere
699 2483 1009 2542 cceperunt.
1069 2475 1355 2531 Heinricus
1410 2478 1595 2551 itaque
1649 2480 1948 2552 episcopus

332 2562 617 2632 zequivoco
649 2580 750 2618 suo
782 2566 906 2619 duci
936 2567 1117 2636 aptior
1144 2569 1346 2623 mansit
1386 2571 1439 2625 in
1472 2572 1752 2641 omnibus,
1777 2580 1831 2628 et
1855 2575 1947 2646 ip-

334 2649 451 2704 sius
476 2653 727 2706 consiliis
782 2654 905 2724 plus
950 2658 1307 2713 consentiens
1364 2677 1528 2731 quam
1562 2661 1743 2718 Ottoni
1800 2665 1949 2734 duci,

333 2741 584 2809 quamvis
614 2742 805 2797 civitas
834 2744 1077 2818 Augusta
1102 2747 1156 2800 in
1178 2764 1281 2802 suo
1313 2750 1514 2805 ducatu
1546 2752 1648 2806 sita
1681 2763 1949 2810 maneret.

336 2829 438 2884 Pro
468 2832 571 2886 hac
607 2850 737 2889 vero
788 2851 846 2889 re
888 2837 1008 2893 Otto
1031 2839 1139 2892 dux
1201 2846 1389 2895 contra
1427 2857 1553 2896 eum
1595 2843 1768 2899 iratus
1828 2861 1951 2902 esse

337 2924 525 2994 etrapit,
559 2933 614 2980 et
643 2942 764 2980 cum
791 2926 1051 2983 fidelibus
1072 2930 1185 2984 suis
1211 2932 1493 2987 consiliari
1542 2935 1693 3001 utei,
1746 2937 1802 2991 in
1833 2940 1957 3010 qui-

336 3012 663 3086 buscunque
730 3017 1022 3087 potuisset,
1065 3020 1455 3076 adversaretur
1495 3040 1509 3089 ;
1543 3026 1691 3095 quod
1720 3035 1775 3082 et
1807 3026 1952 3083 fecit.

336 3105 568 3177 Insuper
617 3108 918 3179 episcopus
971 3112 1303 3182 quibusdam
1356 3114 1620 3171 militibus
1660 3120 1959 3189 nepotibus

334 3196 509 3250 sancti
538 3197 786 3268 episcOpi
820 3199 1075 3262 Udalrici,
1108 3202 1431 3273 Manegoldo
1460 3212 1513 3259 et
1546 3207 1835 3278 Hulpaldo,
1867 3226 1958 3266 vo-

338 3287 438 3342 luit
467 3288 739 3345 beneficia
768 3292 1106 3360 abstrahere,
1142 3304 1370 3366 pr0pter
1421 3300 1784 3370 quorumdam
1819 3319 1955 3359 con-

339 3378 482 3442 silia,
507 3380 628 3435 sine
656 3382 871 3437 illorum
915 3391 1087 3439 reatu.
1127 3387 1233 3456 [psi
1288 3397 1493 3457 autem,
1528 3391 1659 3462 quia
1690 3393 1957 3466 episcopo

335 3481 527 3528 sancto
557 3475 808 3530 Udalrico
843 3478 1025 3532 adhuc
1074 3479 1292 3535 vivente
1334 3482 1402 3536 ab
1434 3498 1502 3539 eo
1536 3486 1685 3540 missi
1719 3503 1866 3558 saepe
1900 3489 1956 3542 in

335 3565 537 3620 auxilio
568 3566 916 3637 imperatoris
947 3586 1070 3625 cum
1142 3572 1297 3627 herili
1340 3574 1696 3632 multitudine
1719 3578 1953 3635 militum

335 3665 628 3723 venerunt,
661 3663 716 3711 et
736 3658 791 3712 in
822 3659 941 3728 ejus
965 3662 1187 3718 servitio
1206 3663 1556 3737 voluntatem
1585 3667 1706 3734 ejus
1731 3677 1956 3724 strenue

339 3749 393 3803 in
425 3751 683 3806 omnibus
703 3753 1092 3825 adimplentes,
1121 3757 1312 3812 tandiu
1342 3768 1765 3829 permanserunt
1786 3779 1959 3835 usque

339 3854 464 3892 cum
489 3839 636 3894 illius
675 3842 850 3916 gratia
876 3845 1201 3900 muneribus
1246 3847 1496 3902 honorati
1530 3850 1712 3905 redire
1744 3852 1960 3906 dimissi

342 3938 490 3986 sunt.
516 3932 726 4006 Regina
756 3934 921 3989 etiam
954 3936 1319 4008 profitebatur
1371 3956 1561 3995 eorum
1594 3958 1655 3995 se
1684 3958 1807 3998 esse
1836 3959 1965 4015 pro-

341 4019 651 4091 pinquam;
687 4023 813 4079 ideo
853 4025 1125 4082 beneficia
1170 4036 1394 4099 accepta
1446 4030 1711 4103 episcopo
1743 4041 1964 4089 contra-

345 4106 604 4165 dixerunt
659 4118 713 4165 et
773 4112 828 4165 in
881 4128 1073 4169 eorum
1114 4123 1413 4186 potestate,
1470 4133 1536 4173 eo
1594 4119 1839 4187 nolente,
1881 4128 1963 4176 te-

347 4210 608 4258 nuerunt.
641 4204 942 4277 EpiscOpus
966 4207 1149 4279 itaque
1183 4209 1269 4263 his
1316 4217 1371 4264 et
1396 4210 1518 4265 aliis
1558 4212 1747 4265 multis
1771 4213 1967 4268 adver-

345 4291 420 4345 sis
444 4291 721 4367 fatigatus,
774 4295 943 4349 tristis
986 4295 1217 4353 effectus
1269 4304 1373 4353 est.
1426 4300 1680 4365 Quodam
1712 4307 1963 4371 tempore

349 4399 471 4438 cum
506 4385 806 4455 imperator
862 4388 982 4443 Otto
1026 4397 1247 4462 gentem
1293 4392 1612 4447 Sclavorum
1651 4409 1775 4447 cum
1809 4409 1967 4449 exer-

345 4472 454 4527 citu
487 4473 752 4530 invadere
791 4477 1075 4545 voluisset,
1105 4485 1159 4533 et
1185 4479 1325 4545 Otto,
1372 4498 1467 4552 qui
1517 4489 1649 4537 tunc
1697 4482 1806 4536 dux
1847 4491 1966 4539 erat

344 4566 773 4624 Alamannorum
802 4576 856 4625 et
888 4572 1302 4643 Bauvariorum,
1329 4574 1583 4630 Heinrico
1619 4576 1967 4647 deposito,in

314 4688 320 4693 ο
349 4658 684 4726 adjutorium
716 4662 834 4733 ejus
885 4663 1076 4719 venire
1143 4681 1268 4721 cum
1323 4668 1641 4722 Alamannis
1671 4677 1725 4723 et
1758 4669 1969 4725 Noricis

351 4758 575 4820 paratus
593 4754 1169 4828 esset,Heinricusque
1201 4758 1496 4830 episcopus
1522 4759 1603 4815 ire
1636 4776 1695 4815 se
1724 4777 1847 4816 cum
1878 4761 1973 4817 illo

353 4842 721 4911 promitteret,
777 4848 1129 4917 exspectavit.
1162 4865 1285 4904 cum
1322 4851 1437 4905 suis
1495 4851 1764 4907 militibus
1794 4853 1975 4907 donec

353 4937 639 4993 recederet
664 4941 960 5005 exercitus,
1001 4950 1076 5008 et,
1108 4943 1251 4999 sicut
1299 4953 1459 5001 antea
1505 4946 1776 5001 consiliati
1822 4941 1970 5012 sunt,

352 5031 644 5099 occupavit
671 5048 794 5086 cum
823 5033 1096 5090 militibus
1125 5036 1238 5090 suis
1264 5037 1513 5093 civitates
1544 5053 1682 5109 quas
1715 5038 1974 5109 potuit,et

353 5121 554 5190 ipsein
607 5123 985 5201 Nuwingburg
1014 5127 1254 5183 intravit.
1300 5129 1590 5185 Heinricus
1629 5140 1839 5195 autem,
1875 5132 1970 5202 qui

352 5217 514 5264 antea
544 5209 650 5265 dux
683 5211 805 5276 fuit,
858 5214 1127 5270 Pazonam
1171 5217 1449 5273 civitatem
1522 5218 1761 5285 intravit,
1790 5235 1855 5274 ea
1886 5236 1973 5274 ra-

357 5299 512 5356 tione
529 5310 588 5357 ut
618 5303 814 5360 Ottone
843 5322 968 5361 cum
991 5309 1238 5364 exercitu
1265 5310 1584 5378 recedente,
1628 5311 1971 5381 provinciam

356 5392 460 5446 sibi
486 5394 760 5462 adjutorio
810 5400 1029 5470 nepotis
1074 5401 1159 5455 sui
1217 5402 1463 5472 episcopi
1493 5402 1831 5475 subjugaret.
1868 5403 1979 5458 Hoc

356 5481 542 5551 itaque
599 5487 892 5541 consilium
942 5505 1068 5545 eum
1121 5490 1304 5546 Ottoni
1356 5490 1484 5546 duci
1541 5498 1729 5545 notum
1775 5488 1976 5545 factum

361 5572 578 5641 fuisset,
629 5595 880 5637 reversus
934 5591 1018 5639 est
1065 5600 1188 5639 cum
1242 5586 1485 5640 exercitu
1534 5584 1821 5639 ambarum
1852 5600 1981 5654 pro-

358 5670 685 5739 vinciarum,
732 5684 787 5731 et
836 5678 1054 5734 obsedit
1108 5697 1234 5735 eum
1302 5682 1358 5734 in
1448 5680 1677 5751 przefata
1760 5679 1978 5736 civitate

364 5757 591 5814 Pazova.
647 5762 977 5837 Imperator;
998 5774 1177 5822 autem
1225 5768 1372 5833 Otto,
1413 5785 1537 5823 cum
1565 5768 1658 5823 Dei
1682 5768 1980 5824 clementia

366 5851 627 5908 liberatus
657 5871 688 5908 a
716 5855 943 5921 Sclavis,
993 5860 1145 5914 venit
1174 5870 1296 5930 post
1316 5878 1443 5916 eum
1471 5862 1540 5915 ad
1560 5859 1812 5915 eamdem
1842 5859 1978 5914 civi-

2044 653 2098 703 et
2126 646 2372 702 carmula
2425 645 2697 719 mitigata,
2750 646 3052 715 imperator
3098 645 3164 699 ad
3226 644 3521 699 Saxoniam
3580 658 3676 697 re-

2043 743 2367 803 verteretur,
2412 742 2607 806 postea
2638 742 2843 790 statuto
2885 740 3134 805 tempore
3181 733 3468 788 Heinricus
3528 731 3679 786 ﬁlius

2045 827 2305 894 Heinrici,
2331 835 2386 882 et
2410 827 2729 899 aequivocus
2760 827 2882 896 ejus
2932 825 3080 880 ﬁlius
3108 823 3369 880 Perhtolfi
3398 825 3466 878 ad
3496 824 3677 878 collo-

2043 922 2235 993 quium
2286 920 2636 992 imperatoris
2682 920 2861 976 vocati
2915 927 3063 987 sunt,
3106 936 3229 975 cum
3272 920 3476 992 quibus
3502 918 3672 975 etiam

2044 1013 2332 1069 Heinricus
2358 1011 2657 1082 episcopus
2686 1012 2754 1066 ad
2784 1012 3174 1084 imperatorem
3207 1027 3266 1065 se
3297 1010 3365 1065 ad
3397 1026 3675 1065 excusan-

2044 1103 2175 1157 dum
2206 1102 2277 1157 de
2340 1101 2605 1172 praedicto
2660 1111 2816 1157 reatu
2874 1100 3050 1165 venit,
3082 1109 3141 1156 ut
3170 1100 3454 1155 restitutus
3482 1099 3676 1173 gratia:

2047 1190 2167 1258 ejus
2189 1189 2257 1243 ad
2302 1189 2528 1260 propria
2587 1189 2769 1243 redire
2821 1199 3147 1245 mereretur.
3212 1191 3433 1244 Peracto
3484 1190 3677 1259 itaque

2047 1282 2347 1354 colloquio,
2381 1282 2668 1336 Hcinricus
2715 1288 2769 1336 et
2838 1298 3160 1354 aequivocus
3187 1282 3307 1352 ejus
3326 1283 3377 1336 in
3411 1281 3676 1335 exsilium

2040 1372 2352 1426 missisunt.
2366 1369 2652 1424 lleinricus
2667 1376 2849 1425 autem
2867 1369 3547 1440 episcopusaqurdinam
3576 1367 3676 1422 ubi

2041 1471 2266 1518 sanctus
2297 1462 2595 1533 requiescit
2649 1462 2959 1537 Luitgerus,
3011 1461 3195 1516 abbati
3243 1460 3312 1515 ad
3341 1460 3678 1515 custodien-

2042 1552 2171 1606 dum
2203 1549 2623 1605 commendatus
2646 1557 2750 1604 est.
2782 1549 3027 1620 Cumque
3048 1548 3120 1602 ibi
3147 1549 3215 1602 de
3258 1548 3463 1602 Pascha
3493 1562 3679 1618 usque

2050 1643 2524 1716 postnativitatem
2557 1645 2732 1700 sancti
2763 1644 2991 1709 Joannis
3025 1643 3279 1715 Baptista:
3318 1658 3441 1697 cum
3474 1658 3679 1716 magna

2048 1738 2261 1793 cautela
2317 1738 2709 1802 custodiretur,
2775 1734 2977 1789 factum
3029 1741 3112 1787 est
3168 1733 3457 1803 imperiale
3497 1732 3682 1787 collo-

2043 1830 2236 1901 quium
2270 1831 2325 1885 in
2348 1830 2555 1901 Oppido
2596 1829 2744 1900 quod
2786 1828 2990 1883 dicitur
3020 1828 3377 1883 Trutmanna.
3412 1826 3547 1880 llluc
3580 1841 3683 1879 ve-

2046 1934 2246 1980 nerunt
2297 1925 2407 1979 duo
2477 1923 2782 1995 presbyteri
2841 1922 3151 1977 Gerbardus
3200 1928 3254 1975 et
3275 1920 3576 1974 Anamotus
3607 1919 3685 1974 de

2048 2023 2303 2095 Augusta,
2338 2027 2412 2086 et,
2446 2036 2569 2074 cum
2591 2019 2904 2074 interventu
2937 2017 3148 2072 Ottonis
3179 2016 3337 2071 ducis
3368 2023 3426 2070 et
3455 2015 3686 2086 episco—

2049 2126 2241 2181 porum
2267 2109 2342 2164 ibi
2374 2110 2750 2175 inventorum,
2778 2108 3233 2179 supplicaverunt
3258 2122 3368 2162 non
3398 2106 3578 2161 solum
3608 2106 3683 2160 de

2048 2200 2383 2269 semetipsis,
2413 2199 2512 2254 sed
2540 2199 2607 2253 de
2638 2198 2895 2254 omnibus
2943 2197 3162 2253 clericis
3206 2206 3262 2251 et
3293 2196 3451 2250 laicis
3486 2196 3540 2248 in
3568 2210 3677 2250 eo-

2050 2289 2181 2342 dem
2241 2289 2564 2359 episeOpatu
2626 2287 3028 2353 habitantibus,
3091 2302 3160 2341 ne
3221 2285 3315 2339 diu
3372 2284 3688 2356 episcopali

2050 2384 2299 2439 custodia
2355 2384 2724 2454 privarentur.
2804 2383 3110 2452 Imperator
3166 2389 3351 2435 autem
3411 2379 3675 2451 petitioni

2051 2476 2450 2548 Ottonisjducis
2502 2483 2556 2530 et
2612 2474 2845 2529 aliorum
2877 2491 3105 2530 suorum
3146 2473 3393 2528 fidelium
3431 2472 3695 2544 praefato-

2050 2585 2284 2641 rumque
2312 2568 2637 2623 clericorum
2670 2566 3039 2629 satisfaciens,
3094 2566 3418 2635 episc0pum
3452 2563 3521 2617 de
3547 2563 3695 2618 exsi-

2053 2660 2128 2714 lio
2156 2657 2345 2712 reduci
2372 2655 2655 2727 praecepit,
2679 2664 2733 2709 et
2757 2655 2812 2708 in
2840 2654 3133 2724 praesentia
3164 2669 3283 2717 sua,
3318 2651 3514 2706 iterato
3550 2649 3698 2704 fide-

2054 2747 2221 2802 litatis
2259 2761 2372 2800 suae
2401 2750 2769 2809 sacramento,
2819 2758 2942 2796 eum
3002 2740 3177 2814 gratia
3232 2756 3332 2794 sua
3363 2740 3431 2794 ad
3458 2740 3692 2810 episcoo

2055 2843 2239 2906 patum
2300 2851 2460 2890 suum
2522 2834 2704 2889 redire
2769 2832 3063 2889 concessit.
3138 2831 3447 2886 Restitutus
3493 2837 3689 2910 aqtem

2060 2926 2116 2980 in
2142 2941 2300 2979 suum
2363 2925 2540 2979 locum
2596 2922 2895 2993 episcopus
2945 2926 3178 2975 tractare
3240 2919 3295 2972 in
3349 2916 3540 2971 animo
3582 2931 3689 2970 suo

2060 3016 2229 3087 coepit
2272 3030 2370 3086 pro
2416 3015 2624 3087 quibus
2679 3014 2924 3068 reatibus
2954 3012 3006 3067 ei
3055 3019 3164 3066 tam
3197 3010 3414 3064 diversa
3446 3009 3688 3063 adversa

2061 3107 2142 3162 sic
2172 3105 2493 3177 frequenter
2518 3102 2872 3168 accidissent,
2915 3100 3008 3172 qui
3049 3116 3079 3153 a
3133 3099 3275 3153 duce
3303 3097 3693 3168 multipliciter

2063 3202 2184 3267 plus
2228 3211 2393 3266 quam
2423 3203 2804 3248 antecessores
2855 3190 2940 3244 sui
2999 3187 3403 3257 injuriabatur;
3456 3196 3512 3239 et
3558 3186 3695 3257 quia

2059 3292 2338 3363 principes
2366 3289 2601 3343 militum
2652 3284 2926 3342 beneﬁcia
2978 3301 3079 3339 sua
3108 3290 3299 3339 contra
3348 3282 3694 3337 voluntatem

2059 3385 2179 3453 ejus
2212 3383 2425 3437 habere.
2448 3380 2874 3452 przesumebaut,
2917 3386 2972 3432 et
3004 3375 3323 3432 electissimi
3366 3375 3436 3429 de
3456 3384 3698 3445 paterna

2058 3492 2157 3531 sua
2183 3474 2392 3528 familia
2421 3472 2825 3527 ministratores
2854 3470 3073 3523 diverso
3141 3467 3303 3522 modo
3338 3475 3568 3536 repente
3604 3466 3697 3520 in-

2061 3567 2350 3631 terierunt,
2382 3569 2597 3618 secreto
2624 3561 3030 3617 afamiliaribus
3053 3558 3271 3614 clericis
3302 3556 3693 3631 interrogavit,

2060 3656 2107 3712 si
2134 3662 2360 3710 sanctus
2392 3654 2678 3708 Udalrieus
2706 3652 2775 3707 de
2808 3649 3170 3705 Werenhario
3202 3648 3403 3702 abbate
3442 3647 3690 3717 diceret,

2061 3754 2120 3803 ut
2157 3744 2578 3812 successorejus
2609 3742 2727 3798 fieri
2759 3738 3253 3807 deberet,sicutiei
3284 3744 3445 3791 antea
3474 3736 3690 3790 dictum

2062 3842 2160 3891 est.
2198 3833 2514 3905 Cumquein
2538 3832 2764 3888 veritate
2796 3845 2984 3884 verum
3005 3844 3129 3882 esse
3150 3824 3687 3900 cognovisset,quod

2062 3934 2225 3983 antea
2254 3927 2482 3981 credere
2516 3924 2711 3989 noluit,
2745 3921 2965 3993 expavit
2991 3936 3052 3974 se
3082 3918 3572 3980 vehementer,sed
3594 3933 3697 3986 pu-

2062 4018 2203 4073 blice
2227 4033 2338 4073 non
2365 4014 2781 4078 manifestavit;
2828 4026 2926 4082 pro
2978 4025 3044 4063 eo
3087 4010 3212 4080 plus
3267 4006 3509 4078 expavit,
3553 4005 3693 4076 quia

2064 4118 2193 4165 tunc
2222 4110 2543 4181 frequenter
2568 4107 2725 4179 signa
2788 4118 2987 4178 magna
3014 4107 3068 4155 et
3108 4098 3386 4154 mirabilia
3402 4097 3469 4151 ad
3500 4097 3699 4167 sepul-

2066 4219 2218 4259 crum
2248 4194 3073 4268 sanctiUdalriciepiscopi,Deo
3086 4186 3699 4255 concedente,fiebant.

2065 4293 2217 4347 Tunc
2241 4292 2464 4346 demum
2492 4289 2549 4342 in
2580 4287 2810 4342 meliora
2841 4280 3223 4353 multipliciter
3271 4288 3537 4343 mutatus,
3564 4293 3691 4332 cum

2070 4384 2179 4439 Deo
2207 4399 2267 4437 se
2298 4379 2587 4452 pacificare
2613 4386 2842 4434 conatus
2861 4383 2961 4435 est,
2988 4380 3041 4429 et
3073 4371 3356 4426 matricem
3388 4368 3687 4424 ecclesiam

2069 4490 2211 4530 novo
2239 4480 2385 4529 tecto
2417 4471 2706 4542 coeperire
2732 4467 3016 4540 praecepit,
3059 4472 3114 4519 et
3153 4478 3322 4533 super
3360 4460 3553 4515 Licum
3585 4459 3702 4514 ﬂu-

2071 4570 2215 4624 vium
2257 4568 2325 4622 ad
2354 4567 2609 4621 Sanctam
2656 4563 2837 4618 Afrum
2889 4570 3113 4632 pontem
3154 4554 3493 4627 composuit.
3530 4555 3616 4617 Et,
3643 4560 3703 4609 ut

2072 4661 2258 4716 nullus
2288 4676 2353 4714 ex
2384 4656 2594 4712 familia
2618 4656 2688 4710 de
2715 4662 2884 4726 ponte
2916 4653 3201 4708 teloneum
3228 4658 3321 4704 aut
3356 4647 3525 4702 ullam
3561 4646 3696 4701 red-

2073 4752 2408 4808 hibitionem
2439 4750 2738 4821 acciperet,
2773 4746 3057 4819 praecepit,
3082 4744 3178 4798 sed
3203 4742 3257 4796 in
3287 4741 3705 4811 eleemosynam

2072 4846 2192 4914 ejus
2219 4844 2543 4915 quicunque
2568 4840 2877 4896 voluissent
2906 4838 3028 4892 sine
3056 4833 3500 4892 contradictione
3532 4839 3589 4885 et
3609 4847 3704 4886 oc-

2073 4937 2372 5008 cupatione
2403 4943 2697 5007 pergerent
2739 4932 2935 4987 Postea
2961 4939 3143 4985 autem
3176 4928 3404 4982 Romam
3433 4932 3487 4979 et
3510 4924 3704 4977 limina

2073 5041 2389 5086 sanctorum
2426 5026 2801 5099 apostolorum
2829 5023 2973 5079 Petri
2993 5031 3048 5076 et
3070 5018 3222 5074 Pauli
3246 5033 3344 5090 pro
3373 5016 3705 5071 remissione

2073 5124 2400 5179 delictorum
2459 5135 2685 5175 suorum
2734 5117 2974 5171 visitavit
3048 5113 3108 5169 Et
3164 5118 3327 5166 antea
3374 5124 3539 5180 quam
3575 5108 3703 5161 illuc

2076 5229 2307 5286 pergere
2350 5210 2634 5280 coepisset,
2696 5205 3091 5278 proprietatem
3143 5216 3308 5272 quam
3371 5204 3527 5269 pater
3569 5212 3702 5251 suus

2077 5306 2425 5363 Purchardus
2446 5305 2501 5359 in
2535 5303 2895 5359 Geisinhausa
2925 5298 3134 5353 habere
3151 5296 3301 5350 visus
3315 5300 3419 5357 est,
3450 5298 3507 5347 et
3538 5306 3700 5363 quam

2080 5398 2329 5455 Eticboni
2361 5396 2512 5451 fideli
2545 5411 2644 5451 suo
2675 5394 2777 5449 sub
2807 5388 3126 5447 testimonio
3156 5384 3515 5448 contradidit,
3537 5399 3603 5437 ea
3624 5383 3703 5436 vi-

2081 5495 2283 5550 delicet
2306 5493 2523 5548 ratione
2556 5499 2615 5546 ut
2643 5505 2768 5545 eam
2803 5488 2934 5542 illuc
2980 5483 3212 5540 firmiter
3268 5478 3702 5537 transfunderet,

2082 5580 2174 5640 ubi
2205 5600 2330 5638 eum
2353 5580 2499 5637 filius
2517 5581 2637 5649 ejus
2671 5576 2959 5632 Heinricus
2980 5573 3280 5644 episcOpus
3306 5576 3552 5641 rogaret,
3583 5572 3708 5619 tunc

2082 5690 2182 5745 pro
2204 5684 2354 5729 certo
2387 5671 2577 5726 Ethich
2632 5667 2946 5741 postulante
3006 5662 3272 5736 episcopo
3327 5655 3557 5712 tradidit
3585 5670 3704 5709 enm

2081 5782 2247 5823 manu
2261 5763 2675 5836 ejuspraafatam
2696 5760 3086 5832 preprietatem
3120 5748 3701 5824 legitime,secundum

2081 5858 2259 5931 legem
2287 5854 2631 5919 Noricorum,
2672 5856 2874 5905 sanctas
2907 5844 3086 5900 Marize
3118 5857 3287 5911 super
3310 5839 3482 5892 altare
3511 5838 3631 5905 ejus
3652 5836 3703 5889 in
