3924 6470
216 448 351 504 4057
1793 433 1947 489 'VIT‘A
3418 435 3556 490 i058

211 583 447 655 Augusta
475 577 700 634 civitate
731 577 917 643 situm,
960 583 1015 630 et
1051 590 1219 646 super
1255 586 1475 643 capsam
1510 571 1830 625 deauralam
1855 568 1912 637 Α
1934 564 2031 630 ita,
2062 564 2202 619 sicut
2233 563 2481 634 priedixi,
2524 563 2774 634 expletis,
2807 564 3037 619 Romam
3071 567 3311 637 perrexit
3332 576 3388 622 et
3417 569 3558 623 votis

212 668 600 739 lapidibusque
623 665 853 719 inclusis
872 663 1209 729 decoratam,
1234 678 1355 718 cum
1396 661 1633 716 ecclesia
1665 666 1718 714 et
1749 667 1833 714 to—
1934 656 2048 711 suis
2088 656 2323 726 peractis
2362 671 2529 710 sanus
2560 655 2627 709 ad
2669 657 2896 727 propria
2944 658 3111 712 venit.
3150 659 3341 714 Adhuc
3373 668 3554 715 autem

218 761 287 816 tis
313 760 587 818 aediliciis,
620 775 744 813 cum
777 757 944 831 agris,
979 756 1168 827 pratis,
1203 755 1441 826 pascuis,
1476 753 1830 818 molendinis,
1936 748 2083 801 intus
2112 764 2311 818 magna
2340 747 2594 818 angustia
2622 747 2825 801 mentis
2870 749 3126 820 angebat,
3162 766 3262 819 pro
3293 766 3359 805 eo
3410 752 3555 822 quod

218 856 376 927 aquis
395 869 774 926 aquarumque
808 852 1155 913 decursibus,
1181 852 1285 906 viis
1307 859 1360 905 et
1389 851 1570 915 inviis,
1605 850 1767 903 eivita

2006 836 2138 890 duce
2181 835 2399 901 Ottone,
2432 852 2683 906 quamVis
2746 838 2988 890 exterius
3020 836 3290 907 paciﬁcati
3350 849 3555 906 essent,

220 925 340 1011 bus,
365 925 554 1013 sylvis,
590 942 764 997 tonsis
787 951 843 995 et
878 941 1133 1005 intonsis,
1168 940 1415 1011 QUZPSltiS
1444 947 1497 993 et
1538 939 1719 993 adhuc
1750 938 1834 991 in-
1939 925 2063 997 plus
2092 929 2393 1000 COgCDalur
2422 941 2587 997 quam
2636 932 3013 982 antecessores
3045 928 3129 982 sui
3172 928 3223 983 ei
3272 930 3558 985 servitium

221 1031 527 1104 quirendis,
559 1037 614 1084 et
643 1046 766 1084 cum
808 1028 1016 1083 familia
1048 1038 1102 1083 et
1133 1045 1256 1084 cum
1290 1028 1548 1083 omnibus
1578 1027 1644 1081 ad
1687 1044 1839 1082 eam-
1940 1020 2119 1075 facere
2152 1021 2218 1075 de
2253 1020 2423 1075 rebus
2451 1022 2663 1076 Sancta:
2697 1021 2903 1083 Mariae:
2939 1032 2993 1077 et
3024 1039 3123 1095 pro
3154 1040 3220 1079 eo
3253 1027 3399 1096 quod
3433 1028 3563 1098 qui-

223 1123 343 1176 dem
372 1121 764 1191 pr0prietatem
797 1119 922 1187 jure
952 1117 1382 1189 pertinentibus,
1427 1117 1531 1170 nisi
1564 1134 1632 1171 xx
1665 1116 1841 1170 hubas
1942 1111 2065 1164 dam
2097 1109 2300 1164 milites
2332 1108 2604 1164 beneﬁcia
2636 1112 3011 1166 ecclesiastica
3042 1114 3108 1167 ad
3142 1114 3288 1168 illius
3320 1122 3564 1185 potesta-

224 1221 371 1270 extra
418 1213 774 1268 traditionem
817 1212 1054 1276 dimisit;
1097 1220 1152 1265 et
1207 1227 1300 1266 eas
1361 1212 1609 1265 servituti
1668 1211 1839 1265 sancti
1944 1199 2197 1266 ῑεῐηὲῑπε
2228 1198 2560 1268 ροτῐίηεηῐίᾶ
2583 1207 2773 1253 00mm
2802 1200 2921 1268 (“ius
2943 1202 3277 1257 νοιιιηῐθῐθῐη
3308 1205 3564 1274 pOSSidc—

222 1305 399 1379 Magni
433 1304 501 1358 1|d
530 1304 736 1358 Fauces
782 1302 1060 1367 decrevit;
1106 1301 1498 1372 canonicisque
1540 1300 1837 1371 ριειοίιεινίι,
1944 1286 2091 1341 bant.
2131 1287 2267 1351 Quia
2296 1287 2389 1341 ille
2420 1304 2485 1341 ex
2515 1288 2799 1342 nobilibus
2832 1290 3153 1359 parentibus
3193 1300 3345 1347 ortus
3375 1303 3479 1361 est,
3513 1303 3567 1350 et

226 1404 284 1451 ut
313 1403 639 1467 potestatem
662 1394 950 1460 haberent,
982 1393 1027 1447 si
1060 1394 1287 1457 vellent,
1321 1394 1545 1447 easdem
1580 1392 1756 1446 hubas
1776 1409 1842 1446 xx
1942 1379 2315 1452 grammaticm
2379 1381 2514 1435 ariis
2583 1380 2931 1453 aliorumque
2989 1382 3252 1438 librorum
3311 1403 3564 1461 magnam

226 1504 349 1543 cum
382 1504 414 1542 χ
446 1488 502 1542 in
526 1488 628 1541 ista
644 1486 930 1558 provincia
960 1485 1015 1539 in
1045 1485 1194 1540 bono
1221 1485 1491 1540 100053113
1521 1484 1684 1539 pubis
1707 1500 1845 1539 con-
1943 1469 2228 1523 scientiam
2254 1468 2793 1539 habebat,suavique
2811 1469 3088 1541 colloquio
3102 1478 3154 1525 et
3177 1472 3319 1528 bene
3334 1484 3566 1531 sonante

224 1577 494 1643 cambire,
517 1577 805 1630 imnanum
823 1574 1157 1629 Werinharii
1181 1575 1452 1639 advocati,
1477 1582 1529 1628 et
1554 1575 1607 1628 in
1630 1590 1850 1628 manum
1954 1560 2181 1632 loquela
2212 1562 2367 1615 Valde
2383 1577 2627 1635 congrue
2658 1560 3019 1627 embel‘abai»
3047 1563 3103 1616 ίη
3131 1566 3334 1620 sanctis
3359 1567 3570 1621 SOlem-

230 1668 495 1724 Gerhardi
527 1668 832 1739 prmpositi,
857 1684 957 1738 pro
1000 1666 1246 1722 remedio
1290 1666 1490 1721 animae
1522 1683 1655 1731 sum,
1686 1673 1737 1720 et
1767 1682 1860 1735 pa-
1963 1655 2250 1721 nitatibus,
2282 1656 2337 1709 in
2366 1656 2459 1709 Dei
2495 1655 2719 1710 servitio
2742 1655 2793 1710 et
2825 1656 2878 1710 in
2905 1658 3263 1726 prardictione
3295 1662 3573 1719 studiosus

231 1760 332 1815 uis
362 1760 665 1830 matrisque
719 1774 833 1813 sure
863 1766 917 1813 et
973 1765 1283 1813 materterze
1328 1774 1442 1812 suae
1496 1767 1855 1813 maerorum-
1966 1745 2084 1800 fuit.
2119 1745 2522 1801 Heriliservitio
2539 1745 2607 1800 ad
2638 1762 2883 1800 mensam
2911 1750 3349 1818 suamutebatur,
3375 1763 3571 1808 etcum

233 1865 341 1920 que
394 1847 828 1918 propinquorum
873 1855 926 1901 et,
983 1854 1269 1917 parentum
1330 1862 1578 1912 suorum,
1625 1847 1679 1900 in
1735 1862 1853 1900 eam
1886 1851 2026 1944 BOO
2052 1836 2632 1906 manentibuscopiam
2658 1836 3216 1910 inanducandiatque
3242 1838 3579 1897 bibendilti-

234 1936 665 2009 placitationcm,
719 1942 776 1989 ut.
809 1935 861 1989 in
889 1937 1015 2004 jure
1060 1943 1113 1989 et
1152 1942 1426 2005 potestate
1459 1936 1854 1991 canonicorum
1886 1926 1935 1944 υ
1963 1926 2059 1981 lari
2090 1927 2240 1981 vultu
2271 1934 2325 1981 et
2355 1927 2573 1998 placida
2602 1934 2787 1981 mente
2827 1929 3086 1998 porrexit.
3122 1930 3362 1985 Familia:
3392 1940 3574 1989 autem

234 2025 630 2097 perpetualiter
652 2025 706 2077 in
738 2024 1022 2079 oblatione
1052 2032 1391 2094 permaneat,
1424 2024 1575 2079 salvo
1599 2024 1654 2078 in
1676 2024 1859 2080 omni—
1960 2026 2084 2097 plus
2108 2025 2258 2093 justo
2304 2025 2500 2079 saevior
2524 2024 2749 2092 exstitit,
2781 2041 2970 2080 eorum
2997 2027 3088 2095 jus
3119 2027 3363 2083 tollendo
3389 2070 3403 2096 ,
3437 2036 3491 2085 et
3521 2030 3577 2083 in

234 2119 338 2173 bus
371 2135 561 2173 eorum
594 2118 920 2189 quotidiano
951 2117 1232 2186 stipendio
1259 2134 1271 2180 ;
1307 2124 1360 2170 et
1390 2125 1449 2171 ut
1481 2116 1606 2187 ipsi,
1640 2133 1739 2188 pro
1768 2134 1859 2171 re-
1960 2118 2295 2188 quibusdam
2325 2116 2460 2171 locis
2498 2132 2698 2171 novum
2747 2132 2971 2171 censum
3000 2119 3259 2173 creando.
3294 2119 3444 2175 Tnnc
3483 2120 3579 2175 de-

232 2212 362 2282 quie
394 2211 514 2277 ejus
546 2210 768 2276 animae,
800 2210 961 2264 annis
992 2208 1224 2280 singulis
1255 2216 1382 2262 ante
1415 2209 1857 2263 anniversarium
1968 2228 2113 2265 mum
2146 2210 2520 2285 cognoscebat
2546 2210 2694 2281 quod
2736 2210 3020 2281 praelibata
3051 2212 3296 2277 adversa,
3334 2212 3438 2266 nisi
3471 2213 3581 2268 Deo

231 2304 381 2358 diem
402 2304 469 2358 ad
495 2304 684 2358 horam
709 2301 1079 2372 vespertinam
1109 2299 1356 2370 vigiliam
1388 2301 1607 2370 plenam
1629 2300 1695 2354 de
1727 2317 1863 2355 voce
1967 2300 2262 2369 adjuvante
2311 2307 2364 2353 et
2410 2298 2714 2370 imperialis
2755 2299 3099 2353 celsitudinis
3156 2301 3331 2373 gratia
3376 2302 3581 2356 machi-

230 2396 538 2459 celebrent,
580 2402 633 2449 et
690 2395 746 2447 in
803 2394 1184 2449 anniversario
1234 2395 1324 2448 die
1380 2394 1574 2447 iterum
1621 2393 1862 2465 vigiliam
1968 2405 2156 2462 nante,
2186 2413 2449 2467 superare
2481 2412 2591 2451 non
2616 2397 2815 2467 potuit,
2842 2392 2904 2449 'et
2931 2403 3044 2451 toto
3078 2397 3200 2451 nisu
3231 2397 3455 2452 servitio
3488 2398 3586 2451 im-

230 2488 510 2558 expleant,
545 2494 597 2542 et
627 2487 900 2541 celebrata
941 2486 1110 2540 missa
1143 2487 1349 2547 altaris,
1400 2485 1594 2539 lioslim
1632 2486 1864 2541 oblatio-
1968 2489 2235 2558 peratoris
2273 2505 2332 2542 se
2373 2487 2657 2542 innectere
2694 2487 2919 2552 studuit,
2973 2495 3031 2542 ut
3069 2489 3438 2560 acquisitione
3467 2489 3589 2558 ejus

234 2596 363 2633 nem
414 2593 609 2633 omnes
636 2578 691 2631 in
734 2593 1028 2633 commune
1088 2579 1197 2632 Deo
1254 2576 1511 2639 oll‘erant,
1548 2584 1601 2630 et
1635 2576 1867 2646 insuper
1966 2580 2155 2654 gratiae
2194 2594 2389 2634 omnes
2435 2579 2854 2635 contrarietates
2884 2579 2934 2633 ei
2960 2580 3029 2633 ab
3056 2580 3178 2635 aliis
3208 2581 3586 2652 undiqueim-

235 2680 457 2725 centum
492 2685 764 2740 pauperes
810 2668 1107 2723 sufﬁcienti
1149 2669 1425 2739 stipendio
1458 2669 1659 2722 edendi
1695 2676 1748 2723 et
1783 2669 1869 2723 bi-
1967 2673 2262 2738 minentes,
2293 2689 2417 2727 cum
2442 2674 2563 2741 ejus
2594 2672 2891 2742 praesentia
2923 2682 3115 2727 etcum
3141 2674 3262 2742 ejus
3294 2673 3591 2744 prmceptis

238 2762 412 2817 bendi
444 2769 759 2833 procurent,
792 2771 847 2815 et
869 2778 932 2816 ex
961 2762 1043 2816 eis
1074 2762 1363 2816 duodecim
1389 2763 1643 2825 vestiant,
1678 2761 1734 2814 in
1758 2777 1867 2816 uno
1970 2761 2371 2835 mitigarentur.
2419 2761 2549 2816 ideo
2590 2760 2761 2832 igitur
2789 2760 2990 2830 saepius
3028 2777 3157 2816 cuin
3210 2760 3592 2831 imperialibus

239 2867 390 2907 anno
422 2851 598 2906 laneis
627 2850 991 2914 vestimentis,
1024 2857 1077 2904 et
1120 2851 1172 2903 in
1203 2850 1377 2904 altero
1402 2866 1547 2903 anno
1576 2850 1753 2904 laneis
1781 2850 1873 2903 in—
1983 2854 2306 2910 muneribus
2334 2870 2460 2908 eum
2483 2853 2739 2919 visitavit,
2771 2859 2826 2907 et
2855 2852 3061 2906 drudes
3104 2854 3221 2923 [al,,
3249 2861 3452 2925 gratos,
3495 2854 3550 2907 al
3581 2894 3594 2919 ,

244 2941 437 3005 duant.
473 2948 528 2995 et
551 2940 757 3014 caligas
778 2939 1267 3008 calceamenlaque
1291 2938 1591 3007 praebeant.
1617 2939 1670 2992 Si
1687 2948 1869 2993 autem
1980 2944 2343 3014 consiliarios]
2364 2958 2495 2997 suos
2516 2941 2679 2997 donis
2708 2941 2969 3015 congruis
2994 2941 3102 2994 sibi
3128 2941 3473 3013 complacare
3495 2948 3602 2995 sat-

245 3029 449 3100 aliquis
478 3043 767 3083 50608550?
801 3028 916 3099 [αι-ο
942 3043 1121 3092 ῐηθυε,
1155 3032 1205 3081 εἰ
1234 3030 1310 3081 Sic
1334 3027 1538 3097 Ροείίίι]
1573 3028 1693 3095 θ]υεῖ
1722 3029 1869 3082 Μηί-
1971 3036 2188 3107 agebat,
2223 3043 2276 3091 et
2316 3036 2549 3106 insuper
2580 3033 2798 3089 hostilia
2828 3033 3026 3088 itinera
3057 3049 3178 3087 cum
3212 3049 3281 3089 eo
3307 3032 3595 3107 pergebat,

241 3125 360 3172 stes
390 3118 533 3171 hanc
556 3116 965 3187 placitationem
986 3116 1292 3186 irrumpere
1314 3117 1630 3174 tentaverit.
1650 3128 1703 3170 et
1726 3134 1868 3188 pne-
1971 3128 2154 3182 {aliter
2180 3127 2322 3181 sicut
2363 3127 2413 3180 ei
2442 3126 2651 3196 optime
2681 3125 2990 3179 mslimabat
3016 3124 3255 3195 placere,
3300 3126 3454 3178 Ληηο
3495 3124 3595 3179 ita-

241 3210 445 3264 dictam
514 3209 901 3280 proprietatem
963 3208 1248 3262 canonicis
1275 3208 1578 3262 auferendo
1624 3208 1679 3263 in
1711 3226 1865 3263 suam
1902 3281 1937 3288 Δ
1969 3233 2077 3288 que
2117 3215 2335 3271 Domini
2367 3215 2538 3268 nostri
2566 3213 2696 3267 Jesu
2741 3211 2934 3267 Christi
2975 3212 3099 3277 983,
3133 3212 3436 3282 imperator
3465 3227 3591 3265 cum

242 3303 539 3358 utilitatem
567 3302 753 3373 aliquo
798 3302 962 3356 modo
1008 3302 1260 3374 redigere
1309 3310 1541 3356 conatus
1595 3302 1779 3367 fuerit,
1812 3309 1865 3356 et
1891 3281 1942 3348 Ο
1968 3281 2216 3362 exercitu
2248 3306 2550 3361 Calabriam
2569 3305 2912 3374 provinciam
2932 3302 3069 3357 adiit
3093 3320 3106 3369 ;
3132 3281 3263 3358 illuc
3294 3304 3462 3357 etiam
3485 3304 3601 3374 epi-

244 3395 321 3449 ita
344 3394 557 3449 ratione
583 3394 635 3447 ei
662 3400 946 3464 comperta
975 3393 1302 3447 statimvnon
1334 3392 1655 3454 restituerit,
1689 3394 1867 3448 haere-
1942 3402 2171 3468 scepus
2200 3395 2485 3450 Heinricus
2515 3410 2638 3448 cum
2672 3409 2738 3448 eo
2786 3392 3066 3464 pervenit:
3126 3410 3366 3465 cumque
3398 3394 3473 3448 ibi
3500 3411 3604 3464 pu-

245 3486 348 3540 des
401 3478 522 3553 ejus
559 3484 787 3559 legitimi
836 3483 1069 3537 liberam
1111 3482 1351 3536 habeant
1400 3489 1725 3552 potestatem
1763 3489 1872 3537 tres
1972 3504 2079 3559 gna
2119 3501 2242 3540 cum
2291 3482 2612 3538 Sarracenis
2645 3488 2922 3557 ageretur.
2958 3481 3215 3552 plurimis
3245 3482 3322 3536 ibi
3354 3498 3419 3536 ex
3444 3490 3597 3537 utra-

244 3596 460 3659 ponere
487 3596 660 3649 super
687 3579 858 3633 altare
891 3577 1167 3641 denarios,
1192 3585 1246 3631 et
1269 3577 1527 3632 eamdem
1562 3578 1872 3648 proprieta-
1950 3571 2083 3653 "que
2107 3588 2259 3652 parte
2291 3579 2507 3645 occisis,
2537 3579 2645 3632 heu
2672 3576 2859 3633 dolor!
2894 3578 3010 3632 sive
3049 3584 3261 3649 captus,
3295 3578 3408 3631 sive
3442 3577 3598 3632 occi-

246 3686 359 3733 tem
392 3675 525 3729 inde
550 3673 824 3727 redimere
851 3678 905 3724 et
928 3670 983 3723 in
1010 3671 1100 3741 jus
1130 3669 1413 3740 proprium
1438 3670 1726 3740 possidere
1746 3686 1870 3725 om-
1987 3687 2100 3735 sus,
2149 3668 2313 3723 etiam
2346 3667 2420 3721 ibi
2454 3665 2756 3721 remansiit.
2802 3665 2978 3735 Supra
3023 3666 3249 3720 modum
3293 3674 3379 3721 est
3406 3665 3616 3722 lamen-

249 3767 424 3822 nibus
448 3765 504 3819 in
536 3763 777 3818 futurum
807 3759 1283 3834 generationibus.
1988 3760 2215 3815 tandum
2252 3758 2490 3829 perditio
2521 3757 2661 3828 ejus,
2691 3756 2821 3828 quia
2847 3756 3000 3810 locus
3026 3755 3148 3824 ejus
3169 3772 3200 3809 a
3226 3755 3447 3811 clericis
3473 3757 3610 3823 suis,

325 3857 515 3910 Actum
551 3854 811 3926 Augusta,
856 3851 911 3903 in
941 3848 1174 3903 ecclesia
1213 3853 1418 3902 sanetie
1455 3847 1549 3901 Dei
1592 3848 1885 3903 Genitricis
1987 3857 2041 3905 et
2063 3848 2393 3921 propinquis
2414 3849 2734 3921 etcognatis
2750 3857 2803 3902 et
2825 3846 3020 3901 amicis
3052 3847 3286 3901 inveniri
3315 3854 3369 3901 et
3400 3848 3609 3903 visitari

256 3945 442 4003 Mariae
470 3951 599 3997 ante
615 3942 807 4003 altare,
839 3939 1101 4009 episcOpo
1136 3936 1388 3991 Heinrico
1423 3944 1796 4006 perpetrante.
1828 3938 1880 3991 in
1985 3962 2096 4001 non
2126 3952 2323 4016 potest.
2360 3944 2732 3999 Periculosum
2756 3952 2840 3998 est
2869 3943 3027 3999 valde
3066 3943 3351 3998 decretum
3380 3943 3477 3998 Dei
3508 3960 3609 4015 per

254 4033 555 4108 priesentia
607 4028 1024 4093 canonicorum,
1080 4042 1260 4081 coram
1321 4024 1631 4097 frequentia
1689 4042 1797 4098 pop

2058 4054 2112 4093 os
2154 4046 2374 4094 sanctos
2433 4036 2731 4091 revelatum
2789 4035 3116 4107 supergredi
3173 4046 3228 4090 et
3276 4036 3607 4107 prephetias

255 4134 312 4180 et
342 4140 531 4179 00mm
564 4120 795 4176 ίοδίίδυε
824 4115 1156 4172 δυῖπιοῑθιίλ
1982 4146 2274 4201 spernere,
2301 4126 2524 4183 dicente
2556 4129 2827 4199 scriptura
2853 4146 2865 4182 ι
2905 4128 3176 4197 Spiritum
3202 4129 3370 4182 nolite
3399 4131 3613 4182 exstin-

336 4217 569 4290 Signum
617 4212 734 4267 Em]
764 4211 856 4281 (Ιυί
903 4211 1042 4263 hanc
1081 4206 1431 4261 traditionem
1469 4204 1615 4260 ίθθίίο
1659 4206 1887 4280 Signum
1993 4227 2508 4295 guere,prophetias
2534 4227 2695 4280 nolite
2713 4241 2965 4296 spernere
2991 4226 3031 4294 (1
3058 4224 3238 4278 Thess.
3263 4224 3617 4293 v.).Weren-

263 4309 562 4367 Adalbcm~
598 4304 826 4375 Signum
857 4298 1048 4354 1300b.
1094 4298 1148 4351 δ·
1184 4297 1547 4390 Marahugfat-
1579 4298 1658 4390 δέ
1694 4298 1887 4390 wine"
1994 4319 2177 4373 harius
2207 4326 2386 4372 autem
2422 4326 2612 4389 postea
2644 4317 2712 4371 ab
2758 4317 3089 4388 imperatore
3147 4316 3523 4390 interrogatus
3565 4317 3611 4370 si

266 4400 441 4454 halm.
491 4398 546 4451 8.
597 4393 861 4450 Hunurid.
893 4391 927 4446 8
994 4390 1284 4464 Engilmar.
1321 4388 1376 4444 8.
1408 4387 1611 4441 Wezzi.
1644 4389 1698 4442 S.
1726 4389 1815 4461 Pili

2068 4411 2369 4481 iscOpatum
2403 4409 2655 4480 accipere
2688 4409 2870 4471 vellet,
2901 4409 3041 4463 sicut
3072 4418 3295 4463 sanctus
3329 4408 3614 4464 Udalricus

270 4491 397 4545 rim.
430 4488 484 4543 8.
516 4485 862 4540 Gundachar.
895 4482 950 4537 S.
974 4480 1185 4537 Cadolt.
1221 4479 1316 4534 lsti
1338 4479 1408 4533 de
1440 4478 1724 4549 provincia
1746 4480 1819 4535 No

2069 4506 2153 4553 tea
2176 4498 2439 4564 decrevit,
2475 4499 2569 4569 qui
2602 4514 2727 4552 cum
2757 4497 2936 4552 adhuc
2968 4506 3113 4551 esset
3135 4513 3302 4551 sanus
3321 4506 3374 4551 et
3407 4497 3616 4552 incolu-

271 4595 469 4637 CONm
493 4579 621 4646 (62)·
720 4669 729 4671 A
958 4666 969 4671 _
1052 4664 1062 4671 _
1172 4663 1212 4671 __
1664 4661 1711 4671 Μ
1997 4592 2123 4655 mis,
2149 4590 2437 4661 respondit
2466 4607 2525 4646 se
2552 4591 2693 4645 ultra
2723 4592 2870 4645 hunc
2908 4589 3287 4661 episcopatum
3329 4606 3441 4646 non
3480 4591 3623 4645 velle

346 4675 439 4729 Ῑδιί
482 4680 661 4727 autem
701 4669 769 4724 de
820 4664 1103 4739 PmViWia
1158 4663 1604 4717 Alamannorum
1660 4661 1965 4746 SignumD
1992 4685 2261 4754 accipere.
2298 4683 2423 4737 Post
2470 4681 2965 4737 contradictionem
3000 4688 3182 4735 autem
3242 4681 3615 4752 episcopatus,

268 4771 618 4827 Wercnhel‘e
665 4766 965 4821 advocatus
1014 4761 1108 4832 (ἰαί
1168 4761 1313 4814 “me
1366 4759 1717 4814 traditionem
1769 4775 1890 4812 cum
1998 4781 2105 4827 uta
2134 4770 2405 4824 ministris
2431 4770 2551 4838 ejus
2574 4771 2839 4841 comperi.
2872 4770 3060 4840 paucis
3079 4769 3230 4825 horis
3256 4770 3617 4841 interpositis,

270 4879 447 4920 manu
480 4857 740 4915 Gerhardi
795 4851 1075 4925 praepositi
1119 4849 1351 4919 acoepit.
1385 4848 1440 4901 S.
1498 4846 1785 4917 Histipold.

2077 4863 2265 4918 irmari
2295 4862 2462 4933 coapit
2489 4869 2543 4916 et
2571 4863 2639 4916 ad
2668 4863 2908 4936 Luggam
2932 4861 3096 4916 vitam
3118 4860 3320 4931 ﬁnivit,
3353 4869 3626 4933 etcorpus

274 4953 569 5011 ϐοιθιδοῑίιι
635 4951 690 5004 S-
742 4946 1036 5018 Βθὶζίηῗιπ·
1098 4943 1153 4996 S-
1211 4940 1467 5012 Snidger'
1626 4938 1789 5030 Ar”)?
2000 4961 2122 5028 ejus
2143 4956 3629 5030 portatumestusqueadsanctumDominum,ethono-

273 5042 449 5100 Vrolf.
484 5042 639 5094 Anno
660 5033 1060 5092 incarnationis
1091 5030 1307 5086 Domini
1362 5028 1529 5083 nostri
1563 5028 1694 5082 Jesu
1755 5028 1822 5082 Ch

2077 5028 2157 5103 ire
2186 5053 2267 5102 est
2287 5046 2583 5117 sepultum.
2620 5045 2741 5100 Otto
2758 5054 2943 5100 autem
2968 5045 3076 5099 dux
3101 5045 3264 5099 etiam
3284 5045 3352 5099 ad
3386 5044 3626 5118 Luggam

272 5139 347 5194 sti
380 5130 804 5206 nongentesimo
832 5125 1192 5199 octogesimo,
1226 5122 1534 5177 Indictione
1560 5137 1677 5188 vm,
1710 5138 1759 5174 iv
1787 5122 1821 5174 N

2081 5139 2301 5194 functus
2329 5148 2435 5203 est,
2467 5145 2520 5192 et
2549 5154 2580 5192 a
2621 5137 2737 5191 suis
2768 5153 2938 5208 super
2971 5145 3232 5192 montana
3264 5143 3534 5207 portatus,
3566 5144 3625 5191 ut

277 5247 386 5288 nas
416 5228 633 5292 Octob.,
664 5231 718 5279 et
744 5239 811 5277 xx
851 5221 955 5291 (63)
990 5219 1079 5273 die
1110 5218 1279 5272 Jovis.
1334 5215 1445 5290 Ego
1474 5214 1646 5289 igitur
1676 5214 1826 5269 Gerh:

2074 5246 2183 5301 que
2196 5230 2264 5283 ad
2277 5225 2709 5300 Aschaﬁ'enburg
2722 5227 3037 5297 perductus,
3050 5242 3173 5280 cum
3194 5241 3394 5299 magno
3415 5227 3623 5281 honore

279 5323 391 5376 dus
420 5317 685 5390 indignus
712 5312 1000 5385 presbyter
1046 5307 1232 5365 notavi
1263 5306 1409 5360 diem
1452 5311 1505 5358 et
1552 5319 1758 5359 annum
1816 5304 1828 5357 1

2007 5331 2062 5377 et
2088 5318 2666 5375 nimialamentatione
2699 5316 2776 5371 ibi
2803 5324 2958 5372 terrm
2980 5316 3399 5371 commendatus
3414 5324 3514 5370 est.

363 5514 472 5580 (62)
521 5511 677 5565 Aliud
723 5508 1006 5577 exemplar
1043 5507 1161 5560 haec
1200 5502 1440 5580 nomina
1471 5502 1640 5580 habet
1646 5519 1684 5580 :_
1729 5501 1907 5580 Eticlt,
2012 5501 2263 5580 Sttizlger.
2296 5500 2497 5580 Arabe,
2536 5497 2877 5580 Vrolf.”Di.es
2914 5504 2967 5552 et
2997 5513 3176 5578 annus
3214 5513 3324 5553 non
3356 5494 3632 5580 estascri-

282 5566 584 5647 Addi—(iero,
615 5582 799 5641 Iacob,
831 5566 1216 5637 Mltrahunart,
1255 5574 1588 5648 Wilichalm,
1638 5573 1907 5648 Eanfrid,
2012 5566 2167 5648 ptusi
2212 5572 2406 5648 Sedet
2433 5571 2516 5623 ιιξθ
2564 5568 2964 5648 appellationes
3002 5568 3411 5648 inversassunt,
3442 5569 3529 5623 isti
3561 5566 3630 5622 de

279 5640 600 5726 Erigilmar',
654 5654 856 5716 Wezzi,
928 5651 1207 5726 Pilegrim,
1232 5720 1244 5726 _
1274 5646 1650 5726 Gundecliqr,_
1695 5644 1905 5726 Cedo“,
2012 5640 2294 5726 provipcia
2320 5643 2765 5726 Alamannorum,
2799 5640 2885 5726 isti
2908 5648 3089 5694 autem
3114 5640 3184 5694 de
3216 5640 3559 5696 Noricorum.

291 5710 600 5795 wgiithere,
631 5710 923 5785 Gerharliz',
972 5710 1265 5786 Hittebold,
1309 5717 1578 5782 Gotebold,
1609 5716 1907 5782 Reginhar,
2012 5710 2027 5713 ⁷
2085 5714 2192 5784 (63)
2219 5717 2289 5768 Et
2319 5730 2389 5767 xx
2417 5712 2635 5769 videtur
2664 5710 2960 5766 delendum
