3924 6402
368 410 509 468 1059

1406 460 1415 470 ,
1449 399 1505 455 S.
1546 390 1855 452 UDALRICI
1894 388 2265 448 AUGUSTANI
2308 393 2621 453 EPISCOPI.

3580 408 3724 465 1060

1086 607 1877 715 MIRACULA
1985 605 2087 702 S.
2186 609 2942 716 UDALRICI.

434 862 472 916 Ι.
516 860 645 915 Post
674 856 1219 914 commendationem
1280 854 1506 926 pretiosi
1562 850 1810 908 thesauri
1840 848 1980 904 sacri
2008 845 2062 915 Α
2087 850 2284 906 collem
2318 852 2412 923 qui
2438 853 2645 909 dicitur
2669 855 2941 912 Perileich
2998 859 3232 924 veniret,
3264 876 3295 915 a
3341 861 3498 917 febre
3521 864 3730 919 acriter

362 950 610 1021 corporis
629 947 890 1013 Udalrici,
924 947 1188 1018 tapetium
1221 944 1475 1016 sepulcro
1506 942 1986 1014 superponebatur

364 1046 419 1094 et
449 1038 732 1093 assiduum
762 1037 952 1091 lumen
978 1035 1293 1107 appositum
1323 1033 1442 1089 sine
1464 1031 1873 1088 intermissione
1901 1045 1992 1085 ar-

368 1127 555 1182 debat.
613 1125 844 1191 Quidam
877 1133 1060 1179 autem
1107 1123 1399 1179 custodum
1432 1122 1720 1176 ardentem
1766 1136 1990 1175 cereum

364 1222 589 1276 incaute
601 1219 946 1291 posuitjuxta
957 1218 1301 1290 sepulcrum;
1329 1233 1440 1290 quo
1459 1218 1778 1282 recedente,
1800 1231 1992 1271 cereus

363 1318 566 1375 cecidit
602 1317 659 1372 in
697 1326 1070 1373 transversum
1120 1332 1289 1387 super
1334 1314 1603 1386 tapetium
1634 1313 1897 1385 sepulcri,
1940 1319 1995 1368 et

363 1414 566 1469 ardens
589 1413 1092 1485 permansitdonee
1124 1412 1215 1467 illa
1245 1427 1371 1483 pars
1399 1411 1544 1466 cerei
1566 1426 1691 1482 quae
1722 1425 1893 1480 super
1915 1417 1996 1463 ta-

364 1509 572 1579 petium
594 1508 817 1577 jacebat
856 1507 925 1563 ab
959 1507 1089 1582 igne
1131 1506 1601 1571 consumebatur;
1641 1511 1696 1560 et
1736 1520 1861 1559 cum
1895 1520 1994 1559 an-

365 1598 557 1654 teriori
590 1605 748 1670 parte
781 1597 971 1669 tapetii
1006 1614 1128 1668 quae
1159 1597 1414 1668 sepulcro
1448 1595 1732 1651 eminebat
1762 1595 1998 1661 conjun-

365 1698 484 1746 ctus
504 1690 746 1753 arderet,
779 1697 834 1745 et
855 1689 1133 1743 ﬂammam
1160 1704 1377 1744 sursum
1406 1704 1506 1759 per
1533 1687 1800 1758 tapetium
1833 1686 1995 1742 emit-

363 1790 529 1853 teret,
584 1791 771 1839 custos
828 1783 1073 1850 advenit,
1130 1790 1186 1837 et
1241 1782 1349 1836 hoc
1400 1781 1598 1835 videns
1642 1779 1998 1835 tremefactus

365 1873 670 1944 obstupuit,
705 1881 760 1929 et
787 1873 936 1944 quod
959 1873 1141 1927 adhuc
1162 1873 1486 1927 remanebat
1517 1872 1585 1926 de
1610 1886 1772 1927 ceree
1798 1871 1999 1926 timens

365 1962 610 2028 abstulit,
671 1962 1056 2034 tapetiumque
1112 1961 1349 2017 sollicite
1401 1960 1641 2032 inspexit
1684 1960 1729 2014 si
1762 1960 1830 2014 ab
1871 1959 1998 2033 igne

370 2057 583 2130 aliquid
614 2057 932 2123 laederetur,
958 2056 1252 2130 vestigium
1280 2056 1428 2127 ignis
1459 2055 1526 2109 de
1556 2055 1802 2109 minimis
1836 2054 1999 2109 micis

373 2146 551 2202 cereis
579 2146 815 2211 invenit,
848 2162 1017 2201 unum
1056 2161 1187 2200 vero
1244 2145 1419 2216 pilum
1449 2145 1503 2198 in
1537 2142 1829 2215 superficie
1860 2150 1915 2198 et
1943 2144 1999 2197 in
2033 2177 2083 2246 Β

370 2240 542 2295 latere
570 2238 811 2310 sepulcri
850 2237 906 2292 in
934 2237 1142 2308 tapetio
1173 2243 1428 2292 exustum
1470 2236 1719 2291 invenire
1749 2250 1861 2290 non
1894 2250 2002 2305 po-

373 2336 493 2389 tuit.
544 2335 656 2390 Hoc
684 2333 1008 2389 miraculum
1040 2349 1163 2388 cum
1207 2331 1473 2403 magistro
1512 2347 1613 2386 suo
1642 2336 1696 2386 et
1735 2329 2002 2384 fratribus

372 2423 675 2487 nuntiaret,
722 2429 777 2476 et
803 2421 1094 2493 vestigium
1138 2420 1286 2476 cerei
1332 2425 1682 2484 monstraret,
1732 2424 1785 2474 et
1817 2427 2000 2473 tamen

370 2512 640 2582 tapetium
670 2511 903 2566 illaesum
930 2510 1272 2576 ostenderet,
1315 2508 1685 2564 admiratione
1716 2515 1769 2563 et
1793 2507 2000 2583 gaudio

372 2600 571 2672 repleti
600 2602 772 2656 Deum
797 2596 1457 2672 omnesgloriﬁcaverunt
1483 2605 1537 2653 et
1564 2605 1813 2675 sanctum
1842 2595 2006 2653 Udal-

374 2694 574 2749 ricum.

450 2782 515 2837 ll.
547 2781 804 2848 Quamvis
834 2781 1014 2836 adhuc
1045 2780 1256 2836 nullum
1288 2779 1426 2834 inibi
1462 2787 1654 2851 aperte
1685 2779 1805 2835 fieri
1834 2780 2007 2835 mira-

377 2873 560 2929 culum
591 2871 1012 2942 comperiretur,
1041 2871 1333 2943 utriusque
1364 2888 1528 2926 sexus
1564 2871 1789 2927 familiae
1822 2871 2010 2926 multi-

374 2962 510 3018 tudo
556 2960 766 3033 jugiter
826 2958 1143 3029 pavimento
1184 2967 1476 3030 prostrata,
1530 2959 1789 3031 positioni
1831 2959 2006 3015 sancti

373 3053 624 3125 corporis
661 3053 943 3120 adjuncta,
977 3053 1329 3109 necessitatis
1361 3070 1473 3109 suae
1519 3053 1778 3128 suffragia
1809 3071 2000 3127 preca-

372 3143 553 3208 batur,
579 3141 1120 3213 deprebendensque
1136 3141 1186 3195 ei
1213 3142 1385 3198 multa
1417 3142 1732 3215 omnigenze
1754 3158 2005 3199 commo-

372 3233 562 3288 ditatis
608 3231 815 3286 auxilia
848 3230 978 3285 inde
1032 3231 1282 3299 evenire,
1338 3230 1688 3304 frequentius
1744 3233 2004 3289 eumdem

373 3322 541 3392 coepit
566 3320 791 3375 visitare
812 3321 1013 3375 locum.
1046 3319 1236 3391 Itaque
1267 3336 1389 3375 cum
1421 3320 1490 3374 ab
1523 3321 1843 3377 assiduitate
1871 3322 2006 3376 visi-

370 3414 628 3479 tantium,
657 3411 887 3467 Domino
925 3411 1291 3478 concedente,
1323 3410 1579 3482 plurimis
1607 3412 1699 3467 ille
1730 3428 2008 3469 commen-

373 3508 595 3562 daretur
617 3504 797 3570 locus,
818 3502 971 3558 venit
1001 3502 1227 3575 quidam
1270 3504 1436 3560 homo
1476 3505 1546 3559 de
1579 3505 1863 3576 provincia
1894 3506 2003 3562 Νο-

377 3599 637 3664 ricorum,
680 3597 906 3652 nomine
961 3597 1370 3673 Reginwalech,
1416 3599 1510 3669 qni
1577 3599 1795 3673 integro
1855 3616 2003 3656 anno

376 3688 531 3745 febre
571 3689 829 3763 fatigatus
859 3688 925 3743 ad
952 3688 1178 3743 nimiam
1208 3687 1587 3744 infirmitatem
1611 3690 1902 3757 deductus,
1932 3692 2001 3746 ad

376 3782 712 3839 Wicfredum
748 3781 1107 3853 praepositum
1140 3779 1390 3851 ejusdem
1422 3781 1529 3837 loci
1560 3782 1731 3849 venit,
1764 3782 2003 3839 interro-

377 3890 515 3947 gans
538 3888 663 3926 eum
687 3871 731 3926 si
763 3871 995 3943 aliquod
1017 3869 1363 3926 liberationis
1393 3888 1507 3927 suae
1531 3873 2000 3930 medicamentum

377 3961 428 4016 ei
468 3960 713 4015 indicare
736 3959 1021 4031 potuisset.
1056 3959 1157 4023 Qui
1190 3960 1557 4031 respondens,
1586 3960 1757 4016 dixit:
1792 3987 1817 4008 ‹‹
1853 3961 2000 4016 Vade

379 4063 434 4109 et
459 4052 684 4125 acquire
715 4052 812 4108 tibi
854 4051 1134 4117 baculum,
1165 4059 1218 4108 et
1249 4061 1406 4123 porta
1438 4070 1564 4109 eum
1592 4055 1660 4109 ad
1685 4056 2002 4127 sepulcrum

378 4146 589 4202 domini
618 4146 727 4202 mei
758 4147 933 4201 sancti
968 4144 1207 4201 Udalrici
1238 4162 1338 4216 pro
1378 4146 1643 4217 sospitate
1674 4155 1784 4203 tua.
1833 4170 1853 4198 ν
1901 4149 2002 4213 Qui

377 4237 666 4293 ambulans
705 4235 835 4290 inde
864 4235 1105 4290 concidit
1162 4234 1267 4289 sibi
1317 4235 1574 4290 baculum
1621 4237 1691 4292 de
1723 4237 1872 4309 ligno
1913 4237 2003 4292 bi-

376 4327 656 4392 dullaneo,
687 4325 995 4396 etportavit
1021 4339 1149 4379 eum
1182 4324 1251 4378 ad
1284 4323 1575 4395 praefatum
1612 4327 1998 4396 praepositum.

378 4422 476 4488 Qui
502 4422 791 4477 ambulans
821 4434 942 4475 cum
984 4434 1050 4475 eo
1082 4419 1238 4474 duxit
1268 4434 1395 4473 eum
1428 4418 1497 4473 ad
1528 4427 1777 4475 sanctum
1810 4422 2002 4492 sepul-

376 4530 552 4581 crum,
575 4519 630 4569 et
660 4511 984 4568 monstravit
1021 4511 1071 4566 ei
1110 4509 1367 4566 baculum
1402 4526 1613 4581 ponere
1646 4529 1814 4584 super
1840 4513 1999 4567 illud.

377 4603 637 4660 Oratione
670 4602 833 4657 etiam
865 4600 1190 4657 clericorum
1223 4599 1418 4667 fretus,
1449 4606 1503 4656 et
1532 4602 1781 4657 doctrina
1809 4618 2000 4659 eorum

376 4693 431 4748 in
474 4692 582 4749 ﬁde
632 4692 991 4759 confortatus,
1046 4692 1241 4748 eadem
1302 4693 1435 4748 hora
1466 4709 1498 4748 a
1535 4692 1687 4749 febre
1733 4693 2002 4752 liberatus

376 4786 599 4842 sanitati
630 4784 923 4841 manifeste
947 4784 1198 4840 redditus
1229 4793 1331 4841 est.

449 4879 655 4933 Eodem
683 4892 813 4932 vero
865 4883 1115 4946 tempore
1165 4876 1221 4930 in
1276 4874 1395 4931 istis
1426 4877 1749 4950 regionibus
1807 4879 1999 4936 incre-

378 4971 563 5026 dibilis
620 4969 917 5025 multitudo
949 4968 1281 5040 populorum
1336 4968 1588 5025 febribus
1646 4970 1998 5047 fatigabatur.

377 5064 634 5130 Quicum
690 5062 945 5118 audirent
975 5060 1260 5132 praefatum
1304 5062 1588 5118 hominem
1630 5065 1698 5118 ad
1751 5073 2001 5122 sanctum

374 5157 708 5228 sepulcrum,
758 5157 901 5212 sicut
927 5155 1176 5228 praedixi,
1220 5155 1388 5210 fuisse
1430 5155 1747 5225 liberatum,
1778 5159 2001 5231 quidam

376 5261 502 5302 cum
535 5246 766 5313 baculis,
796 5246 1023 5320 quidam
1055 5247 1218 5302 etiam
1246 5245 1448 5301 additis
1476 5246 1599 5301 aliis
1629 5248 2005 5305 oblationibus

374 5335 777 5391 festinaverunt
822 5352 918 5408 pro
950 5336 1184 5392 sanitate
1231 5351 1330 5390 sua
1378 5343 1626 5392 sanctum
1660 5337 1882 5393 visitare
1914 5356 2006 5393 se-

376 5426 652 5494 pulcrum.
680 5427 780 5489 Qui
802 5442 1017 5494 omnes,
1046 5426 1421 5498 undecunque
1452 5425 1726 5494 venirent,
1756 5428 2010 5483 celeriter

374 5515 595 5570 sanitati
628 5516 1082 5572 restituebantur.

446 5611 538 5665 lll.
574 5611 806 5674 Quidam
836 5613 905 5668 de
962 5612 1171 5667 familia
1221 5619 1425 5668 sanctae
1455 5612 1655 5677 Mariae,
1709 5612 2001 5666 Hisenhart

378 5703 499 5776 [al.,
533 5706 805 5776 lsenhart]
838 5708 1084 5776 nomine,
1124 5723 1297 5763 unum
1328 5709 1396 5765 de
1440 5709 1651 5765 baculis
1681 5710 1775 5782 qui
1808 5710 1875 5765 ad
1907 5726 1999 5765 se-

376 5795 627 5864 pulcrum
672 5794 742 5849 de
774 5794 1007 5850 infirmis
1047 5798 1430 5868 portabantur,
1480 5799 1628 5867 tulit,
1669 5806 1722 5853 et
1776 5815 1903 5855 eum
1943 5800 1998 5853 in

382 5898 549 5940 manu
580 5882 879 5955 portando,
931 5884 1058 5940 inde
1091 5883 1374 5944 ambulare
1403 5886 1603 5956 ccepit:
1649 5903 1887 5957 cumque
1931 5888 1999 5941 ad

2016 4924 2074 4993 D

2092 937 2307 1012 fatigari
2338 942 2525 1012 coepit.
2552 941 2707 999 Tune
2740 946 3092 1014 persentiens
3122 964 3222 1018 pro
3245 965 3357 1020 quo
3384 957 3539 1006 reatu
3573 952 3731 1006 infir-

2094 1020 2269 1083 mitati
2302 1032 2726 1101 concederetur,
2758 1052 3046 1109 regressus
3074 1038 3141 1093 ad
3175 1038 3516 1108 sepulcrum,
3549 1041 3730 1095 bacu-

2096 1114 2208 1169 lum
2243 1118 2485 1174 restituit
2512 1120 2564 1174 in
2592 1121 2774 1177 locum
2806 1124 2901 1179 ubi
2930 1141 3058 1180 eum
3086 1126 3232 1187 tulit.
3259 1134 3567 1200 votumque
3602 1128 3735 1183 fecit

2095 1215 2155 1261 ut
2209 1207 2350 1262 ultra
2384 1209 2591 1264 nullum
2634 1211 2765 1267 inde
2814 1212 3033 1271 auferre
3064 1225 3450 1286 praesumeret,
3485 1228 3735 1291 votoque

2097 1309 2321 1369 peracto
2354 1319 2384 1356 a
2414 1302 2568 1359 febre
2597 1305 2861 1361 dimissus
2895 1316 3000 1364 est.

2170 1389 2252 1444 IV.
2290 1391 2362 1444 De
2395 1396 2824 1466 congregatione
2848 1398 3060 1454 Sanctae
3085 1400 3225 1455 Afrae
3246 1403 3538 1473 presbyter
3562 1420 3736 1471 unus,

2097 1482 2335 1559 Adelger
2363 1485 2699 1552 nominatus,
2734 1490 2855 1545 tulit
2894 1491 2962 1545 de
2993 1492 3255 1563 sepulcro
3294 1495 3435 1550 duos
3485 1496 3741 1552 bacellos

2098 1579 2381 1647 speeiosos
2398 1582 2803 1653 advidendum,
2820 1592 2871 1640 et
2886 1588 3117 1657 aptosin
3141 1590 3400 1646 manibus
3419 1592 3489 1646 ad
3512 1600 3741 1662 portan-

2100 1670 2252 1737 dum,
2286 1678 2333 1726 et
2352 1672 2789 1731 suiobliviscens
2816 1680 3055 1747 portavit
3080 1695 3176 1736 eos
3205 1681 3260 1735 in
3292 1682 3519 1737 domum
3553 1700 3737 1738 suam.

2102 1757 2291 1831 ibique
2324 1778 2445 1816 cum
2479 1764 2736 1831 sedisset,
2770 1766 2978 1821 invasit
2999 1784 3125 1823 eum
3154 1770 3410 1825 oscitatio
3441 1772 3645 1826 crebra
3688 1780 3741 1826 et

2100 1848 2419 1919 obripilatio
2460 1854 2601 1907 cutis
2662 1855 2921 1923 maxima,
2953 1864 3010 1911 et
3048 1858 3234 1913 omnia
3288 1861 3541 1916 membra
3571 1863 3741 1915 taedio

2100 1953 2367 2016 occupata
2399 1957 2548 2015 sunt,
2584 1949 2656 2003 ita
2687 1958 2746 2005 ut
2777 1952 3034 2009 virtutem
3089 1955 3345 2023 sedendi,
3390 1973 3579 2028 neque
3620 1975 3744 2012 am-

2101 2035 2351 2105 bulandi,
2384 2056 2487 2095 nec
2517 2042 2711 2097 saltem
2736 2043 2959 2111 jacendi
3001 2053 3126 2116 apte
3181 2063 3291 2102 non
3328 2050 3608 2119 potuisset
3636 2050 3745 2105 ha-

2111 2126 2262 2184 bere.
2308 2130 2406 2195 Qui
2442 2131 2584 2188 inter
2612 2136 2976 2207 semetipsum
3007 2138 3282 2194 aestimare
3304 2142 3475 2213 coepit
3498 2159 3600 2213 pro
3631 2160 3743 2215 qua

2113 2232 2169 2271 re
2201 2226 2309 2272 tam
2343 2220 2526 2275 subita
2555 2222 2833 2278 solutione
2886 2226 3258 2282 membrorum
3300 2241 3651 2304 gravaretur,
3688 2240 3743 2286 et

2102 2321 2336 2380 surgens
2365 2310 2517 2364 venit
2544 2312 2612 2365 ad
2645 2312 2981 2369 Wicfredum
3008 2318 3390 2386 praepositum,
3419 2325 3476 2373 et
3508 2320 3741 2375 nuntia-

2101 2400 2178 2454 vit
2209 2400 2287 2453 illi
2315 2408 2574 2457 eventum
2605 2406 2701 2459 rei.
2735 2406 2831 2461 Cui
2864 2408 2954 2462 ille
2985 2409 3158 2465 dixit:
3194 2431 3219 2461 «
3252 2411 3330 2465 Tu
3361 2427 3431 2465 ne
3465 2412 3608 2467 istos
3637 2412 3744 2466 ba-

2103 2491 2556 2549 cellosdesancto
2574 2496 2828 2565 sepulcro
2845 2498 3055 2553 tulisti?
3076 2522 3096 2551 ι
3125 2500 3403 2564 Quidixit:
3435 2525 3452 2549 -
3487 2502 3567 2556 Ita
3582 2502 3692 2558 feci
3721 2526 3744 2551 υ

2115 2607 2138 2629 α
2175 2584 2414 2650 Festina,
2440 2586 2617 2658 inquit
2642 2588 2758 2655 ille,
2793 2606 3063 2661 reponere
3082 2607 3180 2647 eos
3208 2593 3262 2646 in
3298 2592 3479 2648 locum
3501 2610 3695 2650 suum.
3723 2618 3742 2646 ο

2112 2675 2222 2731 Hoc
2240 2693 2366 2732 cum
2394 2678 2593 2735 factum
2628 2681 2841 2749 fuisset,
2875 2683 3028 2738 omni
3056 2685 3505 2741 incommoditate
3537 2702 3754 2758 corpo—

2109 2770 2185 2825 ris
2214 2771 2419 2846 fugata,
2455 2776 2742 2848 presbyter
2771 2777 3083 2847 confestim,
3112 2780 3333 2837 sanitati
3363 2782 3613 2850 pristinae
3663 2800 3752 2839 re-

2111 2862 2331 2919 stitutus
2361 2874 2465 2921 est.

2182 2956 2243 3010 V.
2278 2956 2604 3030 Quicunque
2635 2961 2798 3016 etiam
2831 2962 2901 3017 de
2937 2963 3297 3019 multitudine
3326 2963 3478 3040 vulgi
3530 2966 3603 3020 de
3647 2983 3747 3037 ap-

2111 3051 2345 3119 portatis
2375 3052 2590 3109 baculis
2619 3054 2677 3109 in
2716 3073 2914 3112 manus
2945 3073 3074 3113 suas
3105 3067 3456 3130 acceperunt,
3499 3068 3562 3116 ut
3592 3061 3751 3117 inter

2106 3157 2259 3198 sacra
2292 3146 2553 3202 mvsteria
2591 3164 2651 3202 se
2691 3164 2861 3219 super
2899 3166 2995 3206 eos
3038 3151 3391 3218 inclinarent,
3426 3158 3481 3207 et
3523 3153 3749 3209 facilius

2109 3230 2278 3287 finem
2303 3236 2551 3306 mysterii
2578 3246 2984 3308 exspectarent,
3023 3242 3314 3312 repentina
3345 3243 3639 3299 invasione
3665 3244 3748 3299 fe-

2108 3321 2221 3377 bris
2261 3324 2503 3394 quassati
2529 3335 2677 3393 sunt,
2711 3338 3108 3402 compertaque
3147 3347 3314 3387 causa
3360 3340 3617 3400 eventus,
3654 3351 3750 3389 re-

2104 3411 2265 3481 jectis
2291 3412 2504 3469 baculis
2535 3417 2730 3472 eadem
2763 3419 2899 3473 hora
2920 3419 3137 3477 liberati
3167 3428 3318 3476 sunt.
3530 3404 3541 3415 ’

2180 3500 2266 3557 Vl.
2302 3502 2393 3556 His
2443 3505 2665 3560 casibus
2717 3506 3013 3583 divulgatis
3049 3550 3064 3573 ,
3121 3517 3175 3565 et
3226 3512 3281 3564 in
3334 3511 3588 3565 notitiam
3640 3528 3750 3567 un—

2108 3588 2276 3660 dique
2331 3592 2578 3647 omnium
2638 3594 2911 3662 deductis,
2968 3597 3152 3653 nullus
3218 3600 3597 3669 praesumebat
3658 3602 3745 3656 vel

2108 3683 2398 3739 minimum
2449 3686 2724 3761 bacellum
2769 3689 2888 3744 sine
2926 3689 3150 3745 licentia
3197 3691 3328 3745 inde
3362 3691 3632 3757 auferre;
3688 3701 3745 3748 et

2107 3774 2236 3832 ideo
2284 3783 2434 3831 tanta
2485 3779 2778 3835 multitudo
2829 3781 3147 3837 baculorum
3212 3783 3471 3851 excrevit,
3532 3791 3593 3839 ut
3664 3785 3745 3839 fa-

2107 3868 2212 3923 cile
2266 3869 2604 3925 dinumerari
2659 3888 2771 3927 non
2831 3874 3118 3943 potuisset.
3168 3891 3272 3931 nec
3320 3876 3442 3931 sine
3494 3876 3744 3946 impedi-

2107 3964 2293 4013 mento
2329 3958 2385 4011 in
2442 3960 2659 4031 angulis
2702 3962 2951 4016 ecclesiae
2985 3963 3264 4019 collocari.
3320 3964 3476 4019 Unde
3532 3964 3739 4020 factum

2105 4057 2187 4103 est
2219 4056 2278 4103 ut
2336 4067 2502 4121 super
2544 4051 2731 4107 trabes
2762 4053 3013 4123 ejusdem
3070 4054 3343 4123 ecclesiae,
3394 4056 3492 4110 ubi
3547 4058 3744 4127 sepul-

2104 4157 2257 4197 crum
2316 4142 2484 4198 situm
2530 4153 2634 4211 est,
2692 4156 3049 4216 ponerentur.
3114 4147 3470 4204 Mansionarii
3528 4150 3743 4221 itaque,

2105 4234 2466 4305 praecipiente
2502 4251 2694 4293 eorum
2727 4239 3010 4313 magistro,
3060 4238 3379 4311 frequenter
3413 4257 3513 4295 eos
3552 4242 3624 4295 ad
3660 4242 3743 4297 fo-

2104 4336 2229 4377 cum
2288 4331 2528 4393 portant,
2590 4336 2645 4382 et
2701 4328 2784 4382 eis
2837 4328 3162 4383 ardentibus
3213 4345 3397 4383 ceram
3458 4330 3528 4384 ad
3590 4331 3740 4385 mol-

2103 4414 2276 4473 litiem
2359 4417 2618 4490 redigunt
2672 4419 2739 4474 ad
2827 4421 3086 4475 candelas
3142 4421 3600 4492 multiplicandas
3667 4424 3738 4476 ad

2103 4511 2386 4567 servitium
2445 4513 2559 4567 Dei.
2618 4513 2796 4583 Super
2842 4513 3026 4569 trabes
3075 4520 3261 4569 tamen
3313 4514 3537 4585 plurimi
3597 4532 3745 4571 sem-

2104 4622 2205 4676 per
2256 4606 2643 4673 remanebunt,
2701 4613 2757 4662 et
2814 4608 2868 4661 hi
2922 4608 3146 4680 quieos
3200 4609 3577 4679 conspiciunt,
3625 4626 3741 4665 non

2104 4704 2301 4766 putant
2348 4713 2641 4752 numerum
2682 4713 2874 4752 eorum
2917 4697 2974 4751 in
3034 4698 3220 4768 aliquo
3254 4700 3544 4754 minorari.
3597 4700 3742 4755 Sus-

2115 4789 2389 4844 tentacula
2440 4804 2632 4844 eorum
2688 4789 2806 4860 qui,
2861 4789 3036 4863 gratia
3086 4790 3179 4845 Dei
3220 4791 3590 4857 concedente,
3644 4808 3745 4863 per

2105 4877 2301 4932 merita
2337 4877 2510 4932 sancti
2560 4877 2796 4933 Udalrici
2857 4894 2889 4932 a
2933 4879 3163 4934 diversis
3208 4877 3629 4936 infirmitatibus
3661 4882 3740 4935 ibi

2106 4978 2235 5027 sunt
2264 4971 2502 5039 liberati,
2538 4971 2773 5042 plurima
2808 4972 3074 5042 pendent,
3109 4980 3163 5027 et
3202 4972 3436 5027 aliorum
3467 4976 3740 5047 analogiw

2105 5061 2409 5116 secundum
2463 5061 2711 5115 membra
2767 5061 2986 5117 diversa
3038 5058 3435 5116 inﬁrmantium
3487 5062 3739 5136 figuratae

2106 5153 2268 5208 etiam
2321 5153 2572 5223 plurimae
2628 5153 2701 5207 ibi
2740 5153 2912 5207 videri
2956 5159 3204 5223 possunt.
3247 5153 3514 5208 Vehicula
3571 5155 3736 5208 etiam

2105 5257 2297 5300 eorum
2350 5244 2444 5315 qui
2501 5244 2671 5299 carris
2699 5242 3035 5314 snperpositi
3077 5242 3404 5298 multimoda
3447 5243 3739 5298 debilitate

2111 5340 2489 5394 membrorum
2538 5338 2719 5393 manci
2761 5338 2890 5392 illuc
2920 5337 3236 5403 veniebant,
3277 5346 3333 5391 ct
3382 5338 3436 5391 in
3478 5338 3740 5393 omnibus

2110 5432 2380 5488 membris
2410 5432 2653 5504 perfecta
2701 5431 2933 5486 sanitate
2992 5429 3362 5497 donabantur,
3419 5431 3628 5485 relictis
3662 5430 3736 5483 ibi

2109 5522 2280 5577 carris
2310 5539 2434 5577 cum
2480 5521 2733 5597 tuguriis,
2771 5518 3017 5589 pedestri
3054 5519 3251 5572 itinere
3288 5518 3394 5573 lasti
3425 5520 3736 5577 redierunt.

2109 5617 2235 5665 ante
2264 5610 2411 5664 fores
2443 5608 2690 5663 ecclesize
2722 5606 2971 5677 conspici
3014 5614 3263 5676 possunt.

2173 5700 2278 5755 Vll.
2318 5699 2608 5770 Cujusdam
2642 5712 2772 5754 vero
2799 5696 3049 5752 mulieris
3076 5695 3192 5750 ﬁlia
3215 5695 3269 5750 in
3302 5695 3537 5753 brachio
3564 5696 3616 5751 in
3648 5705 3739 5751 to-

2100 5801 2215 5848 tum
2258 5790 2463 5846 debilis
2491 5790 2631 5845 facta
2662 5789 2719 5843 in
2769 5803 2912 5861 pago
2956 5788 3319 5855 Gcltenstein,
3354 5789 3444 5843 cui
3500 5789 3735 5861 quadam

2103 5894 2265 5942 nocte
2291 5884 2346 5936 in
2374 5882 2585 5940 somnis
2619 5882 2827 5942 dictum
2862 5886 2982 5937 est:
3018 5880 3195 5946 Quare
3227 5879 3397 5935 ﬁliam
3430 5889 3581 5937 tuam
3610 5896 3736 5936 cum
