3924 6470
222 476 354 530 1061

1721 465 2079 521 MIRACULA.

3426 478 3564 536 1062

222 614 451 658 lucerna
471 614 585 656 non
606 597 870 670 producis
908 595 977 651 ad
1027 594 1343 667 sepulcrum
1382 593 1558 649 sancti
1601 592 1839 649 Udalrici
1867 592 2277 666 Avulneratam
2332 592 2621 650 lamentari
2670 596 2860 668 coepit,
2919 597 3095 668 pistor
3153 608 3338 657 autem
3370 602 3427 657 in
3456 602 3563 659 ﬁde

222 713 320 769 pro
351 696 587 751 sanitate
612 710 713 749 sua
742 692 771 747 τ
798 714 828 744 io
845 693 973 758 Quae
998 689 1380 763 expergefacta
1402 688 1679 744 somnium
1707 703 1845 742 nun-

223 788 377 844 tiavit
406 785 530 842 filiae
562 802 699 851 suae,
733 791 786 839 et
824 791 885 839 ut
942 782 1178 838 celerius
1208 780 1387 852 potuit
1417 796 1536 835 eam
1569 779 1700 835 illuc
1722 794 1846 834 cum

226 883 457 939 candela
493 880 774 953 perduxit,
824 887 877 934 et
926 877 1166 949 perfecta
1196 876 1429 931 sanitate
1462 881 1703 946 recepta,
1726 890 1847 930 eam

225 973 360 1027 inde
392 973 572 1027 lanam
604 971 673 1026 ad
708 969 988 1041 pr0priam
1018 968 1423 1039 possessionem
1444 965 1669 1021 revexit.

301 1067 437 1121 Vlll.
468 1067 543 1121 De
600 1065 799 1121 eodem
847 1079 977 1119 vero
1024 1078 1167 1135 pago
1226 1062 1294 1117 de
1343 1061 1610 1133 Oppidulo
1638 1059 1850 1116 Tonin-

226 1174 386 1231 gewe
415 1166 632 1225 vocato,
670 1156 895 1229 quidam
935 1156 1102 1211 homo
1157 1154 1245 1210 cui
1294 1170 1455 1209 aures
1494 1153 1694 1209 clausae
1726 1162 1855 1207 sunt

230 1260 293 1307 ut
322 1252 463 1306 nihil
491 1251 683 1306 audire
710 1249 1001 1321 potuisset,
1027 1257 1082 1304 et
1103 1249 1293 1324 lingua
1322 1248 1509 1322 ligata,
1533 1248 1607 1303 ita
1637 1255 1697 1303 ut
1720 1264 1856 1303 nun-

236 1361 403 1417 quam
436 1344 607 1399 ullum
642 1341 871 1398 verbum
921 1341 1170 1414 proferre
1216 1340 1508 1413 potuisset,
1560 1340 1628 1394 ad
1669 1338 1859 1410 sepul-

225 1453 383 1493 crum
414 1436 586 1491 sancti
613 1435 849 1490 Udalrici
873 1451 903 1489 a
936 1434 1197 1490 fratribus
1221 1434 1336 1489 suis
1366 1434 1637 1489 deductus
1658 1439 1761 1499 est,
1804 1441 1859 1489 et

225 1525 309 1580 ibi
342 1532 652 1597 prostratus
675 1523 770 1578 diu
805 1523 1270 1595 jacuitlacrymas
1315 1522 1601 1577 fundendo
1634 1540 1649 1588 ;
1683 1522 1862 1577 eleva-

229 1627 324 1672 tus
349 1623 531 1671 autem
565 1631 597 1670 a
627 1614 889 1670 fratribus
909 1630 1009 1685 per
1038 1614 1231 1668 altaria
1262 1613 1537 1669 deductus
1564 1620 1665 1668 est.
1701 1612 1864 1668 Cum-

232 1722 345 1777 que
376 1704 662 1759 ambulare
718 1702 1003 1774 coepisset.
1058 1709 1114 1757 et
1169 1701 1483 1774 perveniret
1535 1710 1663 1756 ante
1693 1700 1862 1756 altare

228 1796 412 1851 sancti
441 1794 657 1857 Donati,
690 1794 839 1867 quod
868 1800 952 1848 est
981 1793 1145 1848 situm
1195 1793 1265 1848 ad
1299 1792 1703 1848 occidentalem
1735 1810 1860 1864 par-

228 1901 347 1946 tem
380 1889 648 1955 ecclesiie,
680 1888 888 1943 audivit
941 1888 1185 1944 sonitum
1244 1888 1562 1943 canentium
1602 1886 1659 1942 in
1692 1889 1860 1943 choro

1948 685 2287 741 confortatus
2324 702 2491 742 sanus
2523 691 2770 744 recessit.

2018 779 2105 835 XI.
2138 780 2288 836 Alius
2318 788 2497 837 autem
2531 799 2597 838 ex
2669 784 2897 853 familia,
2946 788 3172 843 nomine
3224 789 3570 847 Adelhardus

1954 872 2069 943 [al..
2103 872 2486 945 Adalhardus],
2508 891 2633 930 cum
2658 876 2727 931 de
2757 879 3002 951 Augusta
3030 880 3251 936 civitate
3313 882 3382 938 ad
3410 900 3565 939 suam

1952 961 2298 1017 mansionem
2326 980 2448 1034 qua)
2466 971 2549 1019 est
2564 964 2736 1020 sitain
2748 967 2954 1038 Oppido
2989 969 3241 1044 Eitingen
3264 972 3570 1038 nominato,

1955 1070 2187 1129 pergere
2209 1055 2493 1124 voluisset,
2509 1066 2637 1112 ante
2669 1067 2880 1131 portam
2897 1061 3134 1117 civitatis
3148 1063 3373 1135 quidam
3406 1066 3572 1121 homo

1957 1158 2083 1197 eum
2114 1159 2238 1197 cum
2271 1143 2393 1198 aliis
2417 1144 2611 1200 bibere
2644 1148 2874 1223 rogavit.
2897 1147 3140 1222 Cumque
3160 1150 3354 1206 bibere
3374 1154 3577 1224 ccepis-

1956 1243 2102 1302 sent,
2134 1236 2357 1308 quidam
2399 1237 2474 1292 ibi
2516 1242 2855 1297 manentium
2924 1259 3023 1313 pro
3077 1244 3344 1301 charitate
3398 1248 3575 1302 sancti

1960 1324 2198 1380 Udalrici
2218 1326 2516 1397 postulavit
2545 1344 2642 1384 eos
2674 1338 2862 1401 potum
2895 1331 3167 1402 accipere.
3196 1332 3456 1390 Priefatus
3475 1352 3578 1391 au-

1962 1427 2073 1472 tem
2105 1418 2450 1475 Adelhardus
2474 1421 2756 1477 sordidum
2773 1424 3002 1479 verbum
3028 1441 3096 1480 ex
3121 1440 3217 1481 ore
3246 1443 3346 1482 suo
3371 1428 3579 1494 emisit,

1964 1516 2019 1564 et
2040 1510 2299 1580 poculum
2320 1520 2524 1587 regatie
2543 1513 2827 1569 charitatis
2842 1516 3093 1586 accipere
3126 1518 3580 1591 renuit.Cumque

1964 1601 2250 1671 paululum
2282 1603 2413 1659 inde
2432 1605 2743 1676 recederet,
2776 1606 2834 1660 in
2848 1607 3188 1679 planitieviae
3214 1626 3358 1682 equo
3377 1627 3478 1667 suo
3496 1627 3583 1667 ca-

1965 1690 2133 1747 dente
2158 1708 2284 1749 crus
2317 1695 2438 1764 ejus
2476 1696 2709 1753 fractum
2742 1705 2845 1763 est,
2877 1707 2932 1754 et
2958 1700 3033 1755 ita
3071 1702 3140 1755 ad
3172 1719 3327 1758 suam
3354 1704 3578 1759 domum

1964 1802 2086 1841 cum
2108 1786 2297 1844 labore
2311 1789 2583 1847 deductus
2599 1792 2766 1867 longo
2783 1801 3033 1866 tempore
3050 1796 3249 1851 debilis
3260 1799 3581 1869 permansit.

1963 1876 2157 1933 Postea
2184 1896 2317 1936 vero
2334 1889 2521 1938 votum
2542 1884 2610 1937 ad
2624 1885 2941 1955 sepulcrum
2967 1888 3141 1943 sancti
3161 1889 3396 1945 Udalrici
3413 1891 3581 1958 vovit,

230 1977 593 2044 clericorum,
637 1942 701 2031 'et
744 1975 960 2031 inﬁrma
1001 1977 1182 2032 adhuc
1232 1992 1369 2033 voce
1424 1977 1562 2031 dixit
1600 1976 1861 2032 fratribus
1884 1942 1931 2009 Β
1963 1981 2037 2039 et,
2061 1973 2172 2029 Deo
2194 1974 2459 2044 donante,
2484 1942 2712 2034 sanitati
2729 1985 2811 2034 est
2828 1980 3194 2048 restitutus,et
3224 1982 3429 2038 deinde
3452 1942 3584 2039 cha:

230 2070 354 2124 suis
388 2086 401 2123 :
438 2090 462 2120 α
479 2068 615 2124 Ecce
630 2068 796 2124 audio
819 2068 1035 2140 etloqui
1065 2084 1311 2140 possum.
1335 2090 1355 2121 ι
1381 2068 1622 2135 Quicum
1638 2075 1861 2140 peracto

228 2160 333 2216 Dei
364 2160 673 2216 ministerio
697 2160 812 2216 haec
832 2160 1049 2215 clericis
1078 2161 1500 2226 annuntiarent,
1534 2168 1588 2216 et
1618 2161 1724 2232 ipsi
1765 2177 1862 2217 ve-

231 2253 437 2308 raciter
462 2253 581 2307 haec
619 2253 694 2307 ita
723 2268 844 2308 esse
885 2259 1308 2327 cognoscerent,
1334 2269 1631 2324 campanas
1662 2269 1862 2309 sonare

229 2340 508 2405 fecerunt,
539 2348 593 2396 et
620 2341 725 2412 ipsi
757 2340 813 2395 in
846 2356 1141 2396 commune
1183 2341 1351 2395 Deum
1409 2340 1635 2395 laudare
1666 2356 1860 2413 cmpe-

236 2441 389 2502 runt,
423 2434 855 2507 laudationeque
916 2434 1069 2491 finita
1100 2452 1224 2490 cum
1267 2434 1511 2506 perfecta
1569 2436 1788 2508 loquela
1811 2444 1865 2491 et

238 2527 459 2602 integro
491 2528 681 2583 auditu
707 2529 945 2584 donatus
972 2526 1233 2599 praefatus
1264 2526 1515 2583 infirmus
1543 2527 1697 2584 abire
1730 2544 1863 2601 pro-

237 2617 462 2673 meruit.

316 2706 403 2759 1X.
433 2705 504 2759 Ex
532 2704 741 2760 familia
760 2704 1013 2777 episcOpi
1036 2704 1590 2761 Heinricisimilarius
1615 2706 1862 2777 quidam,

237 2797 533 2853 Luitnotus
573 2797 910 2863 nominatus,
945 2804 1097 2851 reatu
1139 2798 1363 2869 preprio
1392 2798 1627 2872 gratiam
1655 2798 1865 2853 domini

233 2890 325 2946 sui
354 2889 733 2961 perdidit,pro
764 2905 831 2946 eo
853 2889 1002 2961 quod
1045 2888 1185 2943 farra
1202 2906 1301 2960 per
1325 2889 1444 2945 loca
1475 2889 1721 2961 episcopi
1757 2890 1863 2943 sibi

236 2981 630 3037 commendata
664 2997 861 3053 magna
920 2981 1195 3037 incautela
1234 2980 1542 3051 dissipavit.
1596 2981 1696 3046 Qui
1741 2998 1862 3037 cum

237 3088 271 3126 a
303 3070 573 3125 ministris
602 3069 851 3141 episcOpi
896 3071 1256 3125 vehementer
1314 3070 1531 3125 territus
1570 3072 1868 3126 maximum

238 3159 498 3214 timorem
549 3158 843 3224 incideret,
901 3158 970 3211 ad
1021 3157 1336 3227 sepulcrum
1397 3157 1571 3212 sancti
1631 3157 1868 3212 Udalrici

1960 2059 2176 2115 ritatem
2199 2080 2363 2134 quam
2393 2073 2559 2121 antea
2606 2067 2815 2138 sprevit
2869 2068 3008 2125 alios
3038 2069 3361 2142 frequenter
3391 2071 3586 2128 bibere

1962 2156 2281 2226 postulavit.

2034 2248 2147 2303 Xll.
2205 2249 2264 2303 In
2318 2249 2545 2321 praefata
2584 2252 2714 2308 villa
2771 2253 2987 2328 Eitinga
3043 2254 3283 2328 quadam
3341 2256 3432 2312 die
3460 2274 3583 2313 cum

1963 2336 2120 2392 multi
2148 2354 2212 2392 ex
2240 2337 2448 2393 familia
2488 2340 2653 2395 simul
2684 2341 2753 2395 ad
2783 2342 3091 2397 bibendum
3142 2343 3198 2397 in
3233 2361 3404 2399 unum
3437 2362 3579 2401 ροη-

1962 2425 2175 2498 gregati
2206 2424 2456 2492 fuissent,
2486 2426 2588 2482 fuit
2620 2429 2764 2484 inter
2790 2445 2887 2485 eos
2908 2446 3072 2496 unus,
3109 2432 3336 2487 nomine
3371 2433 3584 2490 Walte-

1964 2514 2104 2579 rich,
2135 2515 2442 2587 discipulus
2472 2517 2755 2586 Wicfredi,
2798 2521 3081 2591 praepositi
3112 2523 3180 2577 de
3214 2523 3412 2579 Sancta
3460 2524 3586 2579 Afra

1966 2606 2082 2679 qui,
2113 2623 2236 2662 cum
2266 2609 2484 2665 audiret
2506 2610 2582 2664 ibi
2616 2611 2897 2681 postulare
2930 2613 3106 2667 sancti
3136 2614 3389 2685 episcopi
3424 2615 3590 2671 Udal-

1967 2700 2424 2771 ricicharitatem,
2466 2704 2697 2776 profano
2762 2721 2859 2761 ore
2909 2707 3068 2778 quasi
3098 2707 3434 2764 insaniendo
3452 2710 3591 2764 stul-

1967 2792 2179 2849 tissime
2208 2794 2422 2851 locutus
2461 2804 2545 2852 est
2578 2813 2592 2851 :
2627 2822 2653 2845 α
2686 2797 2827 2863 Quid
2885 2798 3022 2853 mihi
3077 2800 3305 2870 prodest
3352 2801 3590 2857 charitas

1967 2879 2117 2935 illius
2143 2883 2412 2954 episc0pi,
2473 2884 2603 2955 quia
2668 2884 2762 2940 ille
2799 2885 2959 2958 signa
3020 2886 3201 2942 facere
3264 2904 3374 2944 non
3407 2896 3588 2960 potest

1969 2973 2264 3045 plusquam
2296 2992 2441 3030 unus
2465 2976 2618 3031 canis
2651 2974 2680 3029 ?
2716 3000 2737 3023 ιι
2771 2978 2869 3033 lllo
2898 2978 3068 3034 verbo
3092 2979 3321 3048 emisso,
3369 2981 3592 3038 diabolo

1970 3079 2270 3120 concessus
2307 3067 2583 3138 loquelam
2643 3068 2888 3123 hominis
2919 3070 3122 3134 amisit,
3173 3078 3227 3126 et
3259 3087 3412 3126 more
3440 3075 3596 3127 canis

1971 3158 2207 3216 furendo
2239 3177 2437 3217 sonare
2469 3162 2656 3233 cazpit,
2690 3170 2745 3218 et
2762 3165 3085 3238 ganniendo
3124 3173 3291 3236 atque
3323 3167 3593 3235 latrando,

244 3270 349 3324 pro
378 3252 709 3308 liberatione
741 3252 1087 3307 imminentis
1113 3252 1380 3327 angustia:
1432 3252 1602 3307 nudis
1631 3252 1872 3323 pedibus
1898 3304 1941 3327 η
1972 3266 2140 3320 parvo
2194 3258 2445 3323 tempore
2504 3254 2746 3319 evoluto,
2800 3256 2908 3310 heu
2945 3254 2958 3309 l
2999 3254 3393 3312 miserabiliter
3424 3258 3591 3313 vitam

240 3304 502 3412 accessit,
551 3351 607 3400 et
650 3344 728 3398 ibi
779 3344 872 3400 diu
931 3359 1055 3399 cum
1104 3304 1719 3415 ιεοῗγιηίεθάίιιιοιτίῖπη
1750 3304 1944 3413 ejusC
1973 3344 2168 3402 ﬁnivit.

242 3437 571 3509 postulavit.
604 3436 735 3491 [nde
766 3442 951 3492 autem
970 3453 1093 3492 cum
1120 3442 1503 3505 reverteretur,
1539 3437 1730 3507 paucis
1759 3437 1873 3493 die-

242 3524 737 3596 businterpositis,
810 3524 1026 3580 facilius
1080 3541 1243 3596 quam
1304 3525 1533 3579 credere
1575 3525 1868 3596 potuisset,

240 3621 486 3697 gratiam
518 3620 603 3674 sui
636 3619 845 3675 domini
878 3619 1108 3690 recepit.
1139 3618 1349 3674 Deinde
1380 3619 1436 3671 in
1463 3618 1727 3673 auxilium
1750 3618 1871 3687 ejus

241 3714 488 3769 firmiter
536 3712 744 3784 ubique
800 3709 1110 3778 confidens,
1170 3710 1227 3764 in
1280 3710 1620 3765 recreationc
1643 3727 1742 3765 sua
1773 3726 1870 3781 pro

237 3819 437 3859 amore
462 3802 918 3875 ejusfrequenter
933 3799 1185 3866 bibebat,
1211 3807 1266 3854 et
1293 3798 1434 3854 alios
1460 3799 1658 3854 bibere
1688 3807 1874 3871 postu-

238 3895 367 3950 lare
398 3891 708 3948 consuevit.

318 3984 384 4040 X.
430 3983 582 4039 Idem
614 3981 904 4037 Luitnotus
940 3979 1184 4053 quadam
1225 3978 1316 4032 die
1347 3977 1415 4032 ad
1441 3977 1665 4032 domum
1702 3978 1876 4032 Razo-

231 4078 330 4132 nis
367 4077 488 4149 [al.,
529 4073 802 4144 Rasonis],
839 4072 930 4144 qui
964 4080 1095 4128 tunc
1123 4078 1321 4141 potens
1342 4068 1601 4123 minister
1625 4067 1875 4140 episcOpi

229 4173 370 4238 fuit,
406 4173 462 4225 in
503 4169 710 4241 Oppido
740 4168 1027 4243 Pobingga
1069 4166 1244 4233 venit,
1275 4174 1329 4221 et
1361 4164 1578 4219 ibicum
1602 4180 1668 4219 eo
1710 4181 1878 4236 pran-

236 4267 409 4322 dium
449 4263 707 4335 sumpsit.
751 4262 1007 4327 Quicum
1062 4265 1337 4314 saturatus
1368 4257 1525 4313 abire
1586 4257 1877 4325 voluisset,

234 4353 520 4429 praefatus
550 4353 695 4406 Razo
716 4351 1087 4425 cogebateum
1120 4347 1243 4419 plus
1272 4347 1341 4402 ad
1374 4340 1880 4415 bibendum.Cujus

235 4444 514 4521 petitioni
544 4444 635 4498 ille
657 4442 1035 4498 contradicere
1059 4456 1171 4495 non
1187 4438 1447 4506 audebat,
1483 4438 1580 4492 sed
1615 4455 1710 4493 vas
1728 4439 1877 4509 quod

230 4541 343 4597 illi-
374 4535 765 4610 porrigebatur
794 4531 1031 4603 accepit,
1064 4531 1303 4586 dicendo
1335 4548 1348 4583 :
1388 4551 1411 4580 α
1445 4530 1609 4584 Istam
1641 4529 1875 4583 siceram

232 4634 452 4690 bibere
473 4645 573 4701 pro
612 4626 877 4683 charitate
907 4624 1080 4679 sancti
1114 4621 1373 4688 Udalrici,
1403 4638 1500 4693 per
1530 4620 1689 4690 cujus
1720 4620 1879 4688 adju-

234 4730 465 4787 torium
496 4726 565 4781 de
617 4722 869 4778 maximis
898 4720 1168 4795 angustiis
1198 4720 1459 4774 liberatus
1491 4732 1634 4782 sum,
1667 4716 1793 4771 volo
1849 4737 1875 4764 η

234 4822 511 4892 Cumque
540 4817 798 4889 poculum
829 4813 1126 4875 hausisset,
1154 4820 1210 4866 et
1238 4827 1334 4866 vas
1365 4826 1489 4865 cum
1522 4824 1688 4863 manu
1721 4807 1880 4862 deor-

232 4931 377 4973 sum
410 4917 675 4976 verteret,
726 4907 864 4963 dixit
890 4923 904 4963 :
931 4927 962 4958 α
1005 4905 1135 4960 Cum
1166 4903 1270 4959 ista
1301 4901 1568 4957 eharitate
1606 4899 1878 4974 signatus,

232 5011 446 5060 certus
486 5015 607 5054 sum
639 4995 770 5069 quia
827 4995 1035 5050 nullius
1085 4991 1431 5049 adversitatis
1474 4989 1713 5061 pravitas
1746 4988 1879 5042 mihi

230 5097 428 5157 hodie
496 5093 698 5165 poterit
753 5106 979 5157 nocere,
1046 5088 1143 5144 sed
1194 5102 1378 5159 neque
1416 5083 1636 5158 gladius
1674 5098 1882 5154 corpus

230 5203 449 5247 meum
475 5184 779 5241 vulnerare.
813 5179 955 5235 nCui
979 5177 1300 5234 Razodixit:
1333 5200 1359 5223 κ
1395 5176 1467 5229 Da
1500 5172 1881 5246 mihidigitum

228 5297 440 5348 tuum,
469 5289 529 5336 ut
560 5280 778 5337 videam
801 5276 848 5333 si
879 5274 1138 5331 cultellus
1164 5287 1323 5327 meus
1358 5277 1515 5325 tuum
1543 5268 1733 5340 “possit
1760 5267 1885 5324 vul-

230 5388 462 5434 nerare
485 5369 810 5425 membrum.
842 5390 868 5413 n
911 5365 1008 5430 Qui
1033 5363 1215 5419 statim
1243 5376 1446 5434 magna
1490 5355 1602 5411 ﬁde
1650 5354 1883 5428 digitum

226 5480 421 5525 suum
461 5461 510 5515 ei
531 5456 867 5532 porrigebat.
904 5455 1026 5525 Ipse
1049 5459 1231 5507 autem
1264 5448 1612 5520 apprehenso
1643 5444 1764 5513 ejus
1795 5443 1884 5498 di-

2041 3437 2177 3492 Xlll.
2223 3439 2280 3493 In
2312 3437 2528 3494 civitate
2582 3440 2826 3513 Augusta
2879 3440 3105 3512 quidam
3160 3442 3316 3498 faber
3346 3444 3595 3500 Hrevuns

1972 3536 2220 3593 vocatus,
2277 3529 2443 3604 longo
2491 3538 2738 3602 tempore
2795 3548 2995 3607 magna
3054 3533 3375 3591 inﬁrmitate
3426 3536 3597 3592 totius

1972 3622 2218 3692 corporis
2242 3621 2519 3686 detentus,
2554 3624 2629 3678 ita
2683 3631 2743 3678 ut
2794 3624 3081 3681 ambulare
3110 3642 3221 3681 non
3257 3636 3444 3698 posset
3475 3629 3581 3684 nisi

1972 3710 2095 3765 aliis
2114 3711 2524 3780 adjuvantibus,
2548 3720 2602 3767 et
2623 3713 2898 3768 interdum
2920 3730 3044 3769 cum
3074 3715 3296 3770 duobus
3316 3724 3593 3773 sustenta-

1973 3803 2112 3858 culis
2140 3811 2498 3867 sustentatus,
2538 3819 2709 3875 prepe
2767 3812 3077 3860 terratenus
3108 3806 3376 3862 inclinato
3409 3809 3595 3879 capite

1978 3895 2044 3948 ad
2077 3896 2389 3950 necessaria
2405 3896 2655 3967 corporis
2682 3896 2767 3950 vix
2789 3897 3062 3966 pervenit.
3084 3897 3186 3961 Qui
3208 3915 3332 3953 cum
3348 3899 3601 3956 audisset

1977 3988 2181 4043 multos
2209 3988 2457 4044 infirmos
2495 3988 2565 4042 ad
2596 3989 2910 4060 sepulcrum
2935 3996 3182 4044 sanctum
3213 4006 3361 4061 saape
3390 3993 3597 4056 sanari,

1978 4080 2145 4150 erepit
2175 4079 2305 4135 illuc
2343 4080 2483 4135 ultra
2523 4080 2669 4135 vires
2720 4095 2935 4150 repere,
2976 4087 3032 4135 et
3061 4096 3225 4135 mane
3251 4081 3494 4138 diluculo
3527 4083 3597 4138 de

1979 4169 2272 4224 mansione
2294 4185 2395 4224 sua
2426 4169 2596 4235 exire,
2630 4177 2686 4223 et
2708 4169 2841 4223 illuc
2867 4176 2994 4223 ante
3038 4169 3227 4225 horam
3248 4169 3357 4224 diei
3379 4171 3593 4226 tertiam

1980 4261 2068 4317 vix
2099 4261 2409 4331 pervenire.
2442 4261 2685 4332 Cumque
2716 4261 2819 4316 hoc
2849 4260 3165 4332 frequenter
3202 4260 3599 4334 fecisset,quo-

1981 4350 2105 4405 dam
2134 4357 2384 4421 tempore
2433 4350 2487 4404 in
2528 4351 2976 4424 Quadragesima,
3033 4352 3123 4406 die
3176 4351 3425 4416 Veneris,
3467 4367 3590 4407 cum

1983 4438 2050 4492 ad
2081 4443 2316 4508 portam,
2349 4438 2437 4493 cui
2468 4438 2682 4509 capella
2709 4439 2884 4494 sancti
2905 4438 3190 4494 Michaelis
3217 4446 3299 4494 est
3326 4454 3599 4510 superpo-

1980 4530 2104 4594 sita,
2129 4530 2362 4590 veniret.
2388 4530 2531 4585 ultra
2571 4531 2792 4586 modum
2824 4532 2997 4586 lassus
3026 4540 3081 4586 et
3099 4531 3372 4586 universis
3390 4531 3598 4586 viribus

1980 4621 2272 4676 destitutus
2302 4622 2577 4689 subsistit,
2638 4623 2833 4678 dicens
2866 4642 2879 4677 :
2913 4648 2939 4671 ‹‹
2975 4624 3207 4681 Domine
3248 4625 3416 4689 Deus,
3445 4624 3605 4679 Pater

1982 4714 2360 4785 omnipotens,
2392 4730 2736 4787 cognoscere
2780 4714 3013 4789 dignare
3052 4726 3258 4788 quanta
3288 4715 3605 4771 infirmitate

1984 4822 2132 4861 nunc
2157 4805 2321 4860 istum
2352 4805 2462 4859 adii
2504 4806 2709 4871 locum,
2742 4813 2796 4861 et
2824 4823 2924 4877 per
2948 4807 3152 4862 merita
3181 4807 3356 4862 sancti
3387 4806 3605 4862 confes-

1982 4895 2122 4950 soris
2137 4894 2216 4950 tui
2232 4893 2470 4949 Udalrici
2500 4894 2766 4949 miserere
2786 4894 2918 4959 mei,
2936 4918 2962 4941 ι»
2979 4903 3035 4950 et
3052 4896 3453 4967 aliquantulum
3472 4910 3609 4966 pau-

1983 4991 2134 5039 satus
2154 4983 2328 5054 repsit
2351 4998 2525 5054 usque
2554 4982 2622 5037 ad
2658 4982 2996 5053 sepulcrum.
3028 4982 3205 5039 Finita
3236 4983 3310 5038 ibi
3333 4983 3606 5047 oratione,

1985 5076 2117 5130 dum
2143 5073 2386 5144 acceptis
2412 5070 2807 5128 sustentaculis
2822 5070 3121 5140 adjuvante
3155 5072 3359 5127 comite
3374 5087 3476 5128 suo
3495 5087 3612 5125 sur-

1985 5182 2119 5239 gere
2155 5162 2443 5231 voluisset,
2475 5177 2645 5216 unum
2659 5160 3170 5215 sustentaculumin
3201 5160 3612 5230 pavimentola-

1986 5275 2146 5331 psum
2174 5265 2277 5323 est,
2306 5262 2359 5311 et
2387 5255 2505 5326 ipse
2535 5253 2602 5308 ad
2627 5261 2825 5308 terram
2843 5251 3039 5306 iterum
3068 5251 3320 5318 dejectus
3338 5258 3444 5320 est,
3463 5258 3518 5306 et
3542 5251 3599 5305 in

1984 5348 2295 5418 dejectione
2328 5360 2510 5420 genua
2539 5343 2660 5411 ejus
2691 5347 2837 5395 retro
2896 5340 2951 5394 in
2983 5338 3360 5395 contractione
3393 5355 3601 5396 nervo-

1987 5459 2106 5498 rum
2128 5456 2285 5497 more
2335 5437 2630 5493 fractorum
2685 5432 3008 5488 malleorum
3055 5430 3295 5485 sonitum
3326 5429 3601 5500 fecerunt,

1993 5542 2048 5591 et
2074 5549 2231 5590 crura
2251 5548 2351 5603 per
2381 5529 2748 5602 pavimentum
2763 5532 2990 5581 extensa
3019 5530 3166 5578 sunt.
3204 5522 3398 5579 Comes
3419 5532 3606 5578 autem

1991 5625 2140 5680 illius
2166 5638 2291 5679 cum
2332 5621 2497 5676 solito
2535 5634 2688 5674 more
2751 5633 2877 5671 eum
2930 5616 3112 5669 levare
3151 5613 3438 5681 voluisset,
3469 5614 3608 5669 dixit

1991 5715 2069 5770 illi
2100 5734 2117 5781 ;
2149 5738 2173 5762 κ
2210 5709 2769 5782 Exspectapaulisper
2802 5702 3368 5773 ;utmihividetur,ex
3384 5704 3609 5775 meipso

1989 5818 2218 5878 surgere
2234 5816 2459 5873 possum
2490 5805 2548 5854 et
2576 5797 2932 5852 ambulare.»
2965 5791 3056 5847 llis
3071 5790 3261 5863 dictis,
3294 5792 3611 5848 dimissisin

1990 5897 2306 5969 pavimento
2343 5889 2758 5960 sustentaculis,
2797 5886 3007 5947 surexit
3044 5890 3101 5940 et
3138 5884 3464 5944 ambulavit.
3510 5882 3611 5947 Qui

226 5557 394 5633 gito,
432 5550 540 5605 alia
574 5565 739 5603 manu
761 5544 1042 5601 cultellum
1077 5543 1148 5597 de
1177 5539 1376 5615 vagina
1405 5538 1690 5633 extrahere
1723 5552 1890 5633 cona-

228 5626 449 5708 batur,
476 5639 546 5695 ad
569 5635 970 5693 vulnerandum
1014 5631 1249 5706 digitum
1282 5626 1671 5701 praenominati
1714 5626 1892 5697 pisto-

222 5740 344 5803 ris,
383 5729 746 5805 propriaique
801 5740 915 5780 sum
969 5721 1156 5777 manui
1216 5734 1342 5774 cum
1410 5716 1608 5772 eodem
1662 5714 1888 5770 cultello

222 5826 475 5908 grande
530 5822 731 5876 vulnus
788 5816 1000 5884 infecit,
1077 5814 1426 5908 digitumque
1475 5808 1886 5879 apprehensum

221 5903 425 5982 simul
452 5921 507 5972 et
544 5912 824 5971 cultellum
854 5910 1053 5967 festine
1077 5903 1464 5976 dereliquit,et
1486 5917 1639 5958 suam
1661 5915 1887 5956 manum
