3924 6406
391 405 530 463 1063

1471 392 1519 445 S.
1571 388 1876 446 UDALRICI
1920 386 2288 443 AUGUSTANI
2332 387 2644 444 EPISCOPI.

3595 394 3737 450 1064

386 538 569 594 statim
598 533 672 588 ibi
706 538 931 601 accepta
961 544 1143 593 cruce,
1173 524 1414 592 clericis:
1441 522 1765 593 cteterisque
1798 519 2007 575 civibus
2036 519 2087 586 A
2110 517 2296 572 studio
2356 517 2605 572 discendi
2655 534 2801 589 saepe
2863 517 3008 572 inter
3068 519 3349 575 scholares
3395 519 3736 581 morabatur,

388 647 511 685 cum
541 644 606 682 eo
640 622 1058 685 comitantibus,
1088 618 1211 673 sine
1242 616 1440 671 baculo
1480 621 1732 685 patenter
1770 612 1839 666 ad
1870 611 2007 665 San-

385 730 523 778 ctam
573 718 796 773 Mariam
848 716 903 768 in
935 716 1230 786 Augustam
1265 709 1541 763 civitatem
1583 704 2005 777 perambulavit,

387 810 576 880 ibique
620 805 717 859 Dei
766 802 1023 857 laudibus
1080 800 1132 853 in
1165 814 1461 853 commune
1511 795 1769 876 peractis,
1815 792 2008 847 eadem

389 900 523 953 hora
554 895 621 949 ad
655 896 907 948 Sanctam
942 889 1123 944 Afram
1162 905 1380 944 crucem
1423 886 1695 958 portando
1719 898 2008 959 regressus

391 998 492 1046 est.

460 1081 570 1135 XIV
609 1072 1377 1147 Nativusquidampauperde
1394 1070 1601 1140 Oppido
1637 1069 1785 1140 quod
1809 1068 2008 1121 dicitur

385 1172 677 1241 Messlinga
712 1169 831 1239 [al.,
862 1161 1518 1237 Messinga],Ililtibaldus
1566 1158 1811 1223 nomine,
1848 1156 2007 1211 caaci-

389 1270 497 1317 tate
533 1258 819 1329 perculsus
865 1264 967 1315 est,
1017 1261 1071 1307 et
1121 1253 1175 1306 in
1233 1252 1326 1305 illa
1375 1250 1616 1305 czecitate
1664 1248 1803 1302 duos
1833 1262 2010 1301 annos

388 1348 738 1422 perduravit:
786 1344 947 1399 tertio
975 1353 1160 1397 autem
1203 1356 1373 1405 anno,
1408 1339 1628 1410 quidam
1663 1338 1919 1394 homines
1942 1337 2011 1390 de

389 1443 584 1498 eodem
618 1453 759 1512 pago
792 1450 1023 1507 pergere
1054 1434 1420 1487 decreverunt
1449 1429 1516 1482 ad
1548 1430 1841 1502 Augustam
1877 1427 2013 1481 civi-

389 1544 554 1593 tatem
590 1549 755 1588 causa
781 1529 1077 1586 orationis:
1104 1527 1197 1600 qui
1216 1527 1546 1580 invenerunt
1578 1541 1701 1578 eum
1728 1523 1784 1576 in
1815 1522 2009 1577 eodem

391 1626 592 1681 itinere
607 1640 729 1678 cum
755 1622 895 1675 duce
926 1635 1027 1673 suo
1058 1626 1262 1672 victum
1285 1631 1382 1687 per
1411 1614 1617 1685 oppida
1646 1618 2007 1684 quaerentem,

391 1725 443 1770 et
473 1716 733 1770 dixerunt
757 1710 807 1765 ei
844 1727 856 1763 :
890 1709 1091 1784 ~Perge
1132 1707 1421 1761 nobiscum
1444 1706 1511 1759 ad
1546 1706 1842 1777 Augustam
1874 1700 2011 1756 civi-

390 1818 556 1864 tatem
590 1813 644 1860 et
669 1804 736 1858 ad
770 1802 1083 1873 sepulcrum
1116 1799 1290 1853 sancti
1362 1798 1621 1861 Udalrici,
1676 1796 1905 1851 forsitan
1939 1793 2009 1848 ibi

2111 626 2233 665 cum
2264 608 2331 663 ad
2383 609 2727 680 prepinquos
2782 625 2912 663 suos
2950 618 3335 677 reverteretur,
3380 620 3567 666 mutus
3598 611 3739 666 eﬂ‘e-

2113 712 2229 759 ctus
2252 712 2335 759 est
2364 721 2376 757 :
2410 721 2645 776 cumque
2678 704 2744 757 ab
2778 704 2857 758 eis
2906 706 2973 758 ad
3006 705 3322 775 sepulcrum
3352 716 3603 760 sanctum
3639 706 3739 759 de-

2113 796 2311 850 ductus
2370 796 2581 859 fuisset,
2629 795 2850 850 emissis
2921 797 2989 851 de
3049 813 3146 851 ore
3198 812 3297 851 suo
3360 798 3579 851 duobus
3633 797 3734 851 de-

2112 886 2282 941 nariis
2310 903 2477 957 super
2505 887 2841 957 sepulcrum,
2870 887 3144 958 loquelam
3196 904 3359 958 quam
3393 887 3602 953 amisit,
3641 904 3731 942 re—

2112 979 2278 1048 cepit.

2182 1072 2335 1125 XVII.
2391 1070 2576 1125 Caecus
2597 1071 2819 1142 quidam
2876 1087 3001 1127 cum
3055 1071 3215 1127 valde
3259 1071 3483 1142 parvqu
3507 1072 3736 1126 ductore

2109 1160 2175 1213 ad
2208 1170 2457 1214 sanetum
2491 1160 2673 1214 locum
2711 1159 2929 1213 hiemali
2960 1166 3207 1230 tempore
3236 1159 3445 1215 studuit
3465 1176 3698 1231 pergere
3725 1177 3738 1213 ε

2113 1252 2208 1323 qui
2241 1268 2363 1306 cum
2407 1252 2739 1305 Smutturam
2785 1251 3002 1305 ﬂuviam
3049 1252 3549 1327 transgrederetur,
3584 1261 3641 1305 et
3672 1251 3739 1305 ad

2112 1344 2335 1417 longum
2359 1345 2589 1398 rivulum
2609 1344 2676 1398 de
2694 1342 2971 1400 fonticulis
3000 1352 3394 1418 congregatum
3406 1361 3577 1414 super
3596 1344 3740 1399 viam

2115 1438 2497 1493 decurrentem
2527 1439 2762 1505 veniret,
2816 1439 3011 1494 ductor
3057 1440 3175 1507 ejus
3205 1440 3255 1494 ei
3295 1439 3559 1493 auxilium
3594 1454 3743 1508 pree-

2115 1527 2249 1582 bere
2274 1543 2383 1582 non
2441 1529 2636 1599 potuit,
2692 1528 2788 1581 sed
2831 1529 2899 1582 de
2958 1528 3160 1603 frigore
3193 1536 3248 1583 et
3278 1528 3606 1583 lassitudine
3649 1526 3744 1580 de-

2115 1620 2275 1675 fectis
2304 1620 2510 1674 viribus
2559 1620 3026 1676 cecidit.'Czecus
3090 1629 3295 1687 autem,
3356 1621 3589 1675 ductore
3649 1635 3744 1672 ca—

2114 1709 2300 1773 dente,
2346 1724 2543 1781 magna
2569 1724 2700 1763 cura
2744 1715 2799 1763 et
2855 1709 3074 1763 tristitia
3115 1726 3214 1780 per
3243 1710 3537 1764 decursum
3581 1707 3742 1761 rivuli

2115 1815 2236 1853 cum
2271 1797 2469 1852 baculo
2498 1798 2743 1870 undique
2772 1798 3048 1869 palpando
3080 1799 3397 1865 ambulavit,
3435 1806 3489 1852 et
3535 1812 3745 1869 magna

390 1895 825 1954 misericordiam
860 1870 2246 1963 consequipoteris.nQuibusillerespon-Bvoce
2286 1890 2575 1945 clamando
2656 1891 2719 1944 ad
2780 1899 3024 1945 sanctam
3097 1890 3320 1945 Mariam
3377 1896 3429 1944 et
3491 1896 3745 1943 sanctam

388 1988 470 2045 dit
503 2007 515 2042 :
552 2014 571 2035 ι
610 1984 895 2058 Stipendia
912 1982 1049 2037 mihi
1082 1977 1924 2044 etductorimeo,etoblationes
1944 1975 2012 2030 ad

390 2081 482 2134 illa
521 2085 713 2133 sancta
743 2077 863 2130 loca
897 2073 1261 2127 deferendum
1319 2087 1426 2126 non
1484 2070 1681 2124 habeo.
1719 2089 1747 2118 η
1783 2068 1881 2133 Qui
1923 2084 2013 2122 re-

391 2168 754 2239 spondentes,
779 2165 1034 2219 dixerunt
1070 2180 1081 2216 :
1117 2185 1138 2213 α
1170 2161 1224 2214 Si
1254 2160 1543 2215 nobiscum
1567 2159 1716 2224 ieris,
1748 2163 2012 2228 quantum

392 2272 687 2330 possumus
703 2254 1055 2310 auxiliatores
1085 2252 1165 2306 tui
1205 2266 1415 2305 sumus.
1444 2270 1469 2301 υ
1506 2249 1746 2313 Quorum
1777 2264 2017 2302 consen-

389 2350 535 2404 tiens
566 2345 925 2402 suasionibus
946 2360 1069 2398 cum
1104 2343 1183 2397 eis
1214 2342 1456 2413 perrexit
1514 2341 1580 2395 ad
1610 2344 1928 2415 Augustam,
1963 2345 2017 2392 et

390 2441 585 2494 eadem
610 2443 768 2491 nocte
783 2436 939 2504 juxta
958 2442 1206 2487 sanctum
1232 2432 1547 2503 sepulcrum
1569 2428 1704 2484 foris
1725 2428 2015 2483 ecclesiam

391 2531 539 2585 diem
576 2527 908 2598 exspectavit
933 2526 1198 2581 futurum.
1252 2523 1411 2578 Mane
1467 2530 1653 2577 autem
1682 2520 1844 2586 facto,
1878 2516 2018 2573 infra

389 2624 681 2680 ecclesiam
712 2623 780 2676 ad
811 2622 1126 2692 sepulcrum
1180 2619 1452 2674 deductus
1502 2619 1699 2673 devote
1731 2617 1928 2681 oravit,
1963 2623 2018 2671 et

394 2725 556 2772 antea
580 2714 842 2769 amissum
868 2715 1051 2767 lumen
1084 2714 1394 2775 oculorum,
1418 2711 1593 2782 gratia
1616 2711 1708 2764 Dei
1747 2710 2012 2775 donante,

396 2804 633 2874 recepit,
663 2802 951 2872 levataque
980 2817 1162 2867 cruce,
1202 2801 1503 2855 comitante
1563 2815 1685 2853 cum
1716 2814 1782 2853 eo
1816 2813 2013 2873 magna

395 2894 752 2950 multitudine
803 2892 1018 2963 populi,
1068 2892 1135 2946 ad
1192 2891 1445 2946 Sanctam
1480 2890 1703 2945 Mariam
1736 2890 2014 2960 pervenit,

394 2994 449 3041 et
480 2983 717 3055 qualiter
742 2983 811 3036 sit
874 2981 1232 3049 illuminatus,
1265 2980 1479 3035 civibus
1518 2980 1635 3034 suis
1686 2980 1734 3035 ei
1766 2980 2014 3035 testimo-

397 3077 549 3131 nium
582 3075 845 3129 dantibus
873 3072 1142 3128 recitavit.

468 3168 571 3223 XV.
601 3166 846 3231 Quodam
880 3166 991 3232 (δι)
1019 3171 1271 3234 tempore
1311 3180 1433 3219 cum
1468 3174 1692 3219 sanctus
1720 3163 2017 3236 episcOpus

395 3259 462 3315 ad
493 3259 766 3330 synodum
793 3257 1005 3311 Ottonis
1033 3256 1383 3326 imperatoris
1412 3255 1469 3309 in
1500 3254 1849 3330 lnglunheim
1881 3269 2019 3309 con-

395 3362 673 3428 gregatam
696 3359 970 3423 pergeret,
1008 3350 1233 3422 quidam
1270 3366 1482 3421 pauper
1509 3351 1577 3404 de
1618 3350 1827 3421 Oppido
1854 3348 2018 3403 Aﬂ‘el-

397 3444 646 3510 terbach,
682 3442 927 3512 Rudpret
955 3442 1072 3511 [al.,
1104 3442 1417 3512 Rutpertus]
1453 3441 1853 3509 vocatus,juxta
1874 3442 2016 3496 viam

399 3533 450 3586 ei
482 3533 813 3601 conjunctus
844 3539 947 3594 est,
976 3530 1182 3584 iliasua
1204 3531 1272 3585 de
1300 3540 1493 3585 ventre
1526 3531 1782 3601 prolapsa
1814 3531 1865 3585 in
1897 3530 2018 3586 loco

400 3620 650 3675 umbilici
702 3626 924 3691 portans
974 3619 1027 3672 in
1081 3620 1205 3674 sinu
1252 3635 1387 3675 suo:
1420 3636 1658 3692 cumque
1712 3636 1777 3674 ea
1832 3629 2022 3690 aperto

398 3710 523 3764 sinu
578 3709 842 3779 episcopo
896 3708 1236 3775 ostenderet,
1299 3709 1561 3779 praecepit
1629 3707 1678 3762 ei
1729 3708 2020 3764 denarium

398 3798 516 3853 dari
547 3807 602 3852 et
630 3796 769 3851 dixit
794 3796 873 3849 illi
904 3813 916 3849 :
954 3816 973 3846 ι
1000 3796 1058 3849 In
1092 3812 1226 3867 pace
1244 3797 1337 3850 Dei
1358 3812 1545 3870 perge.
1567 3796 1691 3860 -Qui
1715 3812 1823 3852 non
1848 3798 2020 3853 multo

400 3896 521 3957 post
553 3893 823 3956 tempore,
883 3884 1159 3939 meliorari
1206 3884 1277 3938 de
1325 3885 1416 3939 die
1468 3887 1524 3937 in
1555 3884 1703 3938 diem
1744 3883 1934 3954 erepit,
1968 3890 2022 3938 et

401 3989 594 4036 sanato
622 3990 812 4036 ventre
843 3979 911 4033 de
946 3980 1205 4049 praedicta
1247 3978 1566 4034 infirmitate
1621 3980 1883 4033 liberatus
1915 3988 2019 4033 est.

404 4073 598 4127 Postea
620 4082 804 4126 autem
841 4071 987 4125 idem
1049 4072 1168 4142 ipse
1234 4072 1465 4127 claudus
1517 4071 1692 4127 factus
1731 4078 1833 4139 est,
1866 4072 1940 4126 ita
1963 4082 2023 4127 ut

398 4166 503 4220 nisi
532 4166 811 4220 scamellis
852 4173 1190 4219 sustentatus
1247 4166 1530 4220 ambulare
1563 4165 2022 4235 potuisset,utili-

397 4263 504 4310 tate
537 4254 700 4309 etiam
731 4254 939 4308 dextra:
980 4271 1179 4309 manus
1237 4255 1293 4309 in
1351 4255 1702 4310 lineamentis
1734 4262 1879 4309 totus
1906 4255 2019 4325 pri-

393 4356 549 4400 vatus
575 4351 682 4398 est.
739 4345 844 4398 Hac
897 4343 1219 4399 infirmitate
1277 4360 1401 4399 cum
1460 4352 1697 4415 quatuor
1728 4344 1890 4398 annis
1920 4345 2017 4399 de-

394 4444 578 4490 tentus
598 4434 914 4499 mansisset,
972 4433 1306 4487 desideravit
1351 4434 1542 4489 venire
1572 4435 1638 4489 ad
1705 4436 2018 4506 sepulcrum

392 4530 565 4584 sancti
591 4529 848 4594 Udalrici,
908 4536 962 4583 et
1012 4531 1354 4599 comparavit
1411 4546 1592 4585 ceram
1635 4547 1796 4602 quam
1832 4548 2018 4586 secum

393 4621 461 4674 ad
493 4619 807 4689 sepulcrum
841 4618 1081 4673 deferret
1107 4627 1456 4689 ;comparata
1487 4628 1670 4675 autem
1700 4636 1824 4675 cera
1848 4620 2019 4675 virtus

393 4709 444 4763 ei
486 4708 541 4762 in
601 4708 996 4764 sustentaculis
1052 4708 1399 4785 baculorqm,
1455 4710 1699 4764 dimissis
1739 4710 2018 4764 seamellis

396 4802 719 4857 ambulandi
774 4818 1038 4857 concessa
1088 4810 1190 4858 est.
1251 4802 1385 4857 Illuc
1434 4811 1616 4857 autem
1670 4804 1851 4857 taliter
1893 4820 2015 4857 cum

394 4895 734 4965 perveniret,
786 4910 980 4949 manus
1036 4894 1158 4962 ejus
1198 4901 1251 4948 et
1302 4910 1483 4966 genua
1520 4895 1739 4949 sanitati
1766 4897 2013 4950 restituta

395 4990 584 5045 munia
605 5007 703 5044 sua
737 4996 1089 5060 receperunt,
1145 4990 1218 5043 ita
1271 4997 1330 5043 ut
1379 4989 1523 5043 idem
1557 4990 1722 5044 homo
1752 4990 1870 5044 sine
1902 5006 2019 5044 sus-

393 5082 691 5138 tentaculis
718 5089 935 5136 erectus
965 5082 1226 5155 gradiens
1257 5082 1617 5152 tripudiando
1647 5082 1874 5138 rediret.

463 5176 597 5231 XVI.
634 5178 706 5229 De
738 5190 908 5247 regno
955 5176 1119 5230 etiam
1175 5174 1413 5230 Lotharii
1475 5174 1699 5246 quidam
1736 5175 2019 5230 Lutericus

394 5268 512 5341 [al.,
541 5269 871 5339 Luitharius]
907 5270 1001 5341 qui
1034 5270 1207 5325 multo
1256 5280 1503 5340 tempore
1564 5269 1685 5324 luce
1728 5271 2013 5326 oculorum

392 5360 590 5426 caruit,
624 5359 690 5412 ad
732 5365 979 5413 sanctum
1028 5359 1339 5430 sepulcrum
1390 5359 1560 5425 venit,
1587 5368 1640 5413 et
1671 5359 2020 5415 orationibus

394 5447 633 5516 peractis
662 5446 840 5500 visum
874 5447 1079 5503 clarum
1106 5448 1332 5518 recepit.

465 5539 621 5593 XVII.
683 5537 919 5594 Clericus
959 5539 1209 5611 quidam,
1270 5540 1363 5611 qui
1423 5539 1478 5593 in
1530 5540 1770 5613 Augusta
1801 5541 2019 5596 civitate

468 5692 581 5761 (64)
610 5690 719 5745 Hoc
754 5691 1095 5763 miraculum
1158 5693 1211 5746 in
1246 5709 1358 5748 uno
1393 5694 1692 5763 exemplari
1716 5695 1877 5749 etiam
1922 5693 2023 5749 sub

394 5758 571 5817 tinem
594 5762 797 5831 capitis
829 5763 915 5831 23
964 5764 1093 5818 Vita:
1155 5766 1210 5819 S.
1273 5764 1509 5818 Udalrici
1556 5758 1814 5819 relatum.
1856 5766 2025 5821 Porro

396 5829 688 5887 minimum
717 5829 932 5885 duabus
959 5833 1384 5905 Ingelheimens.
1410 5836 1685 5907 synodisS
1742 5836 1753 5885 l
1805 5837 2024 5891 lalrictts

2116 1980 2317 2047 Afram,
2353 1988 2407 2035 et
2460 1981 2529 2036 ad
2588 1989 2834 2035 sanctum
2891 1998 3107 2037 servum
3152 1982 3245 2036 Dei
3278 1980 3616 2045 l'dalricum,
3648 1980 3751 2033 ad-

2109 2071 2378 2139 jutorium
2411 2080 2464 2127 et
2519 2073 2952 2127 misericordiam
2984 2074 3089 2128 sibi
3140 2074 3257 2129 dari
3301 2074 3512 2126 intenta
3557 2078 3749 2124 mente

2120 2164 2404 2239 flagitavit.
2439 2166 2683 2237 Cumque
2730 2165 2810 2221 sic
2876 2167 3152 2236 palpando
3181 2173 3235 2220 et
3278 2163 3571 2219 clamando
3600 2178 3749 2233 pene

2117 2275 2293 2330 usque
2318 2258 2384 2313 ad
2417 2256 2580 2313 finem
2633 2258 2791 2313 rivuli
2850 2259 3183 2330 perveniret,
3244 2257 3339 2311 Dei
3372 2257 3616 2311 donante
3643 2254 3751 2308 cle-

2117 2347 2343 2411 mentia,
2367 2347 2549 2402 subito
2592 2347 2800 2418 apertis
2853 2348 3031 2402 oculis
3087 2346 3275 2401 lumen
3305 2344 3537 2415 aspexit,
3573 2350 3628 2397 et
3663 2358 3752 2395 re-

2117 2440 2378 2513 grediens
2431 2440 2714 2495 ductorem
2758 2456 2918 2494 suum
2977 2439 3195 2504 levavit,
3230 2446 3284 2492 et
3324 2453 3503 2508 usque
3526 2436 3755 2499 adsan-

2118 2539 2263 2587 ctum
2276 2533 2619 2601 sepulcrum,
2641 2531 3081 2602 omnipotentem
3099 2532 3268 2585 Deum
3284 2539 3337 2585 et
3368 2533 3590 2583 sanctos
3613 2540 3750 2578 suos

2121 2619 2417 2691 laudando,
2451 2619 2901 2691 portavit,ibique
2930 2618 3221 2673 manifeste
3242 2617 3464 2672 clericis
3496 2622 3551 2669 et
3572 2611 3757 2669 omni-

2116 2711 2220 2765 bus
2252 2711 2619 2781 praesentibus
2658 2728 2779 2782 quae
2830 2711 2880 2765 ei
2915 2711 2971 2765 in
3010 2712 3097 2766 via
3129 2711 3446 2766 acciderant
3478 2708 3753 2763 recitavit.

2188 2799 2319 2854 XIX.
2380 2800 2775 2871 Fuitquaedam
2810 2808 3061 2856 matrona
3122 2800 3174 2854 in
3234 2801 3567 2855 Francorum
3626 2814 3756 2867 pro-

2121 2892 2299 2947 vincia
2333 2892 2608 2963 praedives
2647 2900 2701 2947 et
2760 2893 2985 2960 nobilis,
3039 2910 3164 2964 quae
3198 2900 3415 2962 arrepta
3455 2908 3486 2944 a
3526 2890 3757 2945 diabolo

2120 2979 2289 3034 nimie
2320 2979 2608 3034 laborabat
2634 2999 2646 3045 ;
2677 2980 2744 3033 ad
2774 2981 2930 3050 cujus
2963 2981 3302 3052 ereptioncm
3339 2980 3590 3051 quinque
3635 2978 3759 3049 epi-

2118 3068 2270 3138 scopi
2299 3084 2424 3124 cum
2456 3069 2578 3123 aliis
2610 3068 2862 3139 plurimis
2895 3077 3292 3125 convenerunt.
3329 3068 3430 3132 Qui
3464 3084 3588 3122 cum
3628 3067 3757 3120 dia-

2118 3161 2305 3216 bolum
2345 3161 2689 3216 orationibus
2754 3169 2808 3216 et
2860 3161 3340 3232 conjuratibnibus
3378 3168 3664 3215 aretarent
3698 3167 3755 3212 ut

2119 3256 2405 3311 obsessum
2451 3272 2654 3327 corpus
2703 3256 3028 3322 dimitteret,
3088 3256 3332 3312 clamans
3392 3265 3446 3309 et
3501 3255 3751 3323 eiulans,

2121 3349 2255 3402 dixit
2290 3366 2301 3402 :
2336 3376 2349 3395 ι
2400 3349 2510 3403 Nisi
2552 3348 2761 3419 aliquid
2795 3348 2864 3402 de
2897 3348 3062 3403 rebus
3094 3348 3341 3419 episcopi
3376 3344 3618 3400 Udalrici
3642 3346 3751 3399 huc

2119 3440 2573 3512 veneritpropter
2593 3449 2834 3496 vestrum
2896 3448 3235 3512 praeceptum
3292 3456 3615 3510 possessum
3660 3456 3755 3494 vas

2121 3548 2230 3587 non
2259 3533 2494 3587 dimitto.
2532 3553 2556 3583 »
2594 3532 2838 3604 Cumque
2896 3532 3095 3587 iterum
3130 3541 3293 3604 atque
3327 3532 3526 3586 iterum
3558 3532 3759 3585 eadem

2126 3639 2390 3694 re~ponsa
2412 3623 2656 3690 iteraret,
2690 3624 2961 3678 aestimare
3013 3631 3301 3695 coeperunt
3350 3631 3408 3677 ut
3442 3623 3661 3697 legatos
3695 3623 3760 3678 ad

2124 3716 2419 3790 Augustam
2461 3716 2769 3783 mitterent,
2834 3724 2895 3771 ut
2934 3716 3141 3788 aliquid
3173 3716 3529 3787 acquirerem
3559 3716 3633 3769 de
3678 3732 3763 3769 re-

2123 3804 2226 3860 bus
2250 3807 2519 3877 cpisc0pi.
2554 3807 2777 3861 Interim
2842 3823 2971 3861 vero
3003 3823 3124 3861 cum
3167 3807 3285 3859 ba‘c
3335 3806 3479 3859 inter
3509 3822 3569 3859 se
3598 3806 3759 3859 arbi-

2123 3903 2417 3961 trarentur,
2451 3899 2709 3953 clamavit
2742 3898 3000 3953 diabolus
3031 3916 3128 3969 per
3167 3914 3228 3953 os
3260 3906 3525 3952 matrome
3562 3916 3574 3950 :
3612 3919 3642 3947 υ
3674 3898 3762 3951 Va?

2127 3988 2297 4041 mihi!
2333 4006 2410 4043 vae
2442 3989 2577 4043 mihi
2607 3988 2619 4042 ἔ
2652 3990 2742 4043 hic
2774 3989 2826 4043 in
2862 3989 3145 4046 vicinitate
3168 4000 3253 4044 est
3284 3989 3577 4060 presbyter
3610 4007 3758 4045 unus

2124 4084 2219 4154 qui
2251 4084 2420 4138 habet
2468 4085 2751 4139 humerale
2807 4083 2955 4157 quod
2998 4085 3102 4139 fuit
3146 4085 3358 4155 praefati
3386 4085 3645 4156 episcopi
3686 4104 3750 4149 ;ο

2123 4173 2375 4244 quamvis
2434 4189 2543 4228 non
2599 4181 2816 4245 sponte,
2876 4174 2974 4228 sed
3008 4175 3117 4229 Deo
3153 4174 3409 4243 jubente,
3444 4174 3759 4229 nominavit

2124 4262 2505 4333 presbyterum
2532 4272 2595 4317 .et
2632 4264 2816 4318 locum
2871 4263 2963 4317 ubi
3015 4262 3281 4318 habitavit
3361 4263 3611 4334 Cumque
3674 4279 3759 4317 ac—

2121 4351 2353 4405 cersitus
2385 4352 2674 4424 presbyter
2701 4368 2821 4407 cum
2866 4352 3133 4406 humerali
3163 4352 3398 4417 veniret,
3451 4360 3756 4423 antequam

2123 4442 2347 4496 domum
2371 4444 3195 4511 intraret,d2emondixit:«Vae
3232 4443 3244 4496 ἔ
3275 4461 3353 4498 vae
3390 4444 3402 4497 l
3438 4446 3758 4499 nuneveuit

2123 4537 2404 4592 humerale
2438 4539 2709 4609 episcopi.
2745 4564 2764 4583 η
2798 4539 2888 4593 His
2918 4540 3082 4593 dictis
3113 4540 3404 4595 clamando
3423 4548 3476 4595 et
3508 4540 3761 4595 dolendo

2121 4643 2320 4698 corpus
2369 4636 2636 4683 matronae
2672 4629 2827 4683 valde
2887 4629 3169 4701 fatigatum
3226 4630 3473 4702 reliquit.
3512 4631 3761 4684 Interro-

2121 4728 2277 4791 gatus
2310 4729 2492 4775 autem
2544 4722 2835 4792 presbyter
2884 4723 3028 4777 unde
3062 4724 3110 4776 ei
3174 4722 3454 4777 humerale
3512 4724 3758 4783 veniret.

2122 4813 2468 4880 respondens
2490 4812 2665 4866 dixrt:
2712 4840 2721 4857 ο
2763 4812 3067 4883 Episc0pus
3122 4812 3420 4883 aliquando
3465 4814 3533 4866 ad
3572 4815 3761 4888 regale

2121 4901 2462 4971 colloquium
2496 4898 2799 4973 pergendo,
2853 4900 2919 4953 ad
2981 4907 3220 4955 nostram
3254 4902 3550 4956 ecclesiam
3581 4904 3761 4969 venit,

2121 5004 2175 5050 et
2203 5012 2304 5049 nos
2353 4995 2457 5049 sibi
2518 4996 2741 5048 missam
2800 5003 3019 5049 cantare
3078 4995 3307 5068 rogavit,
3342 5012 3583 5068 cumque
3629 4998 3755 5051 alba

2121 5103 2224 5142 nos
2258 5087 2410 5141 indui
2433 5087 2553 5141 sine
2587 5087 2853 5141 humerali
2898 5087 3039 5140 velle
3072 5087 3307 5150 videret,
3342 5086 3482 5140 dixit
3534 5104 3546 5139 :
3602 5112 3625 5133 α
3656 5085 3759 5139 [bi

2128 5200 2147 5227 α
2183 5189 2266 5233 est
2287 5189 2529 5233 vestrum
2572 5179 2852 5233 humerale
2876 5178 2903 5231 ‘?
2945 5205 2956 5226 ι
2994 5179 3084 5232 Cui
3114 5194 3217 5253 ego
3250 5179 3512 5250 reSpondi
3545 5198 3557 5233 :
3591 5206 3607 5226 α
3639 5179 3759 5233 Non

2120 5267 2299 5322 habeo
2342 5267 2644 5321 humerale.
2705 5266 2854 5321 Tunc
2923 5266 3014 5321 ille
3067 5267 3215 5321 istud
3260 5268 3551 5322 humerale
3591 5269 3761 5337 jussit

2123 5359 2255 5412 mihi
2287 5358 2502 5414 donari.
2540 5383 2565 5406 »ι
2602 5358 2844 5413 Matrona
2894 5365 3077 5413 autem
3128 5375 3159 5414 a
3190 5359 3469 5415 daemonio
3503 5362 3759 5424 liberata.

2121 5456 2175 5503 et
2206 5451 2391 5504 sensui
2427 5450 2761 5521 sanitatique
2818 5452 3085 5516 restituta,
3129 5457 3242 5505 tota
3273 5451 3606 5507 vestimenta
3638 5468 3760 5515 sua,

2123 5542 2328 5613 quibus
2372 5559 2438 5597 eo
2482 5542 2575 5595 die
2636 5542 2990 5609 induebatur,
3051 5560 3174 5598 cum
3222 5545 3416 5618 caligis
3448 5555 3503 5600 et
3536 5545 3761 5599 calcea-

2129 5695 2378 5750 interf'uit
2408 5713 2421 5761 ;
2458 5695 2799 5765 posterioris,
2844 5712 2966 5767 quze
3006 5703 3127 5751 acta
3178 5712 3270 5751 an.
3302 5697 3430 5764 972,
3466 5699 3683 5753 mentio
3707 5686 3766 5750 tit

2129 5766 2186 5841 i_n
2218 5768 2337 5841 Vita
2367 5768 2842 5841 cap._23.LPrioris
2864 5766 3137 5824 inteminit
3158 5768 3406 5841 an.:9t8,
3437 5787 3509 5824 vn
3546 5771 3602 5824 ld
3630 5771 3761 5825 Jun-

2128 5837 2393 5894 Flodoard
2405 5837 2465 5893 us
2498 5838 2552 5894 in
2585 5839 2785 5895 Chron.
