3942 6396
479 459 594 522 195

1498 450 1835 515 ATTONIS
1884 445 2469 514 VERGELLENSIS
2515 450 2868 514 EPISCOPI

3783 458 3892 520 196

480 610 595 650 non
624 595 865 649 invenio.
900 590 1234 647 Notandum
1266 589 1405 661 quia
1451 604 1565 643 non
1604 587 1704 653 ait,
1760 586 1967 649 facere,
2026 583 2128 640 sed
2160 585 2212 650 Α
2246 588 2433 639 autem
2461 586 2709 641 scientiae
2740 585 2866 639 boni
2893 589 2942 640 et
2970 586 3109 640 mali
3133 601 3246 642 non
3294 588 3595 644 cumederct
3644 588 3798 660 (Gen.
3833 609 3894 659 ιι,

482 684 759 755 perﬁcere
789 681 957 753 quasi
990 681 1208 735 diceret
1238 695 1252 734 :
1289 679 1515 749 adjacet
1546 675 1711 745 velle,
1765 676 1822 728 id
1856 672 2127 742 est,nolle

479 772 923 842 concupiscere;
943 770 1012 824 ad
1014 770 1171 840 jacet
1200 768 1404 832 facere,
1430 765 1488 820 id
1519 761 2127 834 est,concupiscentiis

475 859 879 924 resistere,sed
903 874 1015 912 non
1050 857 1275 925 adjacet
1306 854 1666 926 perﬁcere,id
1697 857 1804 917 est,
1830 852 1958 905 sine
1987 866 2124 904 con-

484 948 863 1019 cupiscentiis
884 961 1030 1001 esse.
1064 944 1179 998 Cur
1213 958 1349 1015 ergo
1382 943 1490 997 hoc
1523 944 1870 997 mandatum
1902 944 1992 993 est
2019 939 2124 993 da-

476 1041 637 1104 tum,
673 1036 721 1090 si
752 1034 949 1106 perﬁci
981 1049 1097 1088 non
1125 1036 1316 1103 potest
1343 1032 1370 1086 ?
1401 1032 1568 1101 Quia,
1601 1031 1709 1085 etsi
1742 1030 1802 1083 in
1860 1028 1968 1082 hac
2008 1028 2125 1081 vita

480 1124 610 1180 sine
642 1121 1115 1195 concupiscentia
1135 1120 1327 1176 vivere
1349 1137 1463 1175 non
1488 1134 1826 1191 possumus:
1845 1118 2124 1186 Quoniam

466 1228 661 1283 corpus
685 1211 825 1282 quod
853 1211 1249 1281 corrumpitur,
1282 1212 1551 1279 aggravat
1582 1209 1909 1275 animam,et
1932 1205 2120 1276 depri-

461 1303 567 1356 mit
612 1303 833 1356 terrena
886 1299 1217 1354 inhabitatio
1270 1314 1490 1353 sensum
1559 1298 1738 1351 multa
1794 1296 2121 1365 cogitantem

464 1391 619 1461 (Sap.
652 1406 731 1453 ιχ,
765 1389 875 1459 14),
905 1386 1244 1458 perﬁcietur
1269 1391 1468 1441 tamen
1502 1386 1560 1439 in
1594 1387 1816 1449 futuro,
1847 1398 1984 1438 cum
2016 1382 2120 1437 eri-

466 1492 601 1532 mus
632 1476 748 1531 Deo
781 1480 838 1531 et
868 1474 1091 1547 angelis
1137 1474 1371 1529 sociati.
1434 1473 1505 1529 Ut
1533 1478 1729 1528 autem
1787 1471 2121 1526 ostenderet

472 1565 767 1635 quomodo
827 1564 1101 1635 perﬁcere
1156 1579 1270 1617 non
1332 1562 1637 1623 inveniret,
1697 1560 1912 1631 adjecit
1955 1576 1967 1615 :
2004 1561 2120 1614 Non

468 1655 618 1709 enim
649 1653 787 1724 quod
817 1652 934 1707 volo
952 1652 1172 1717 bonum,
1204 1652 1301 1706 hoc
1330 1667 1430 1721 ago
1459 1650 1553 1706 sed
1584 1650 1724 1721 quod
1752 1650 1878 1703 noto
1908 1648 2119 1701 malum

470 1743 568 1797 hoc
592 1740 1061 1813 facio.Sed,quod
1087 1744 1175 1795 est
1205 1738 1426 1794 malum
1458 1739 1614 1809 quod
1646 1737 1852 1793 nolens
1873 1735 2119 1807 agebat?

464 1830 910 1902 Concupiscere.
945 1829 1108 1884 Sicut
1137 1835 1195 1885 et
1226 1830 1468 1894 bonum,
1503 1828 1660 1899 quod
1688 1826 1889 1881 volens
1944 1839 2116 1896 agere

2238 672 2326 741 16,
2365 674 2454 743 17)
2489 689 2501 738 ;
2536 679 2679 727 tunc
2715 674 2871 729 enim
2903 675 3077 741 cmpit
3105 692 3235 730 esse
3265 676 3376 731 iste
3416 676 3748 735 conﬂictus.
3782 679 3897 735 Cur

2237 766 2435 817 autem
2463 761 2565 816 illa
2596 762 2768 829 mala,
2811 763 2867 817 id
2900 767 3011 830 est,
3041 764 3444 820 membrorum
3465 771 3523 821 et
3556 769 3779 839 peccati
3807 769 3896 824 lex

2235 851 2451 905 dicitur
2477 850 2505 905 ?
2535 851 2680 914 Quia
2709 852 2967 923 legitime
2998 853 3215 908 factum
3264 858 3352 909 est
3382 860 3466 921 ut,
3527 855 3756 912 homini
3792 859 3892 928 qui

2235 938 2423 993 noluit
2452 940 2688 995 obedire
2720 940 2834 995 Deo
2859 957 3107 1006 suo,non
3140 941 3403 997 obediret
3436 959 3570 999 caro
3592 945 3894 1016 ipsius.Ex

2235 1044 2404 1097 poena
2436 1029 2653 1099 quippe
2685 1028 2903 1098 peccati
2932 1030 3330 1085 descendit.Et
3359 1034 3449 1086 est
3477 1048 3691 1088 sensus
3715 1050 3729 1088 :
3753 1032 3891 1089 Con-

2231 1115 2467 1171 delector
2495 1132 2645 1172 enim
2676 1118 2785 1187 legi
2810 1118 2906 1172 Dei
2934 1118 3230 1173 secundum
3259 1121 3587 1175 interiorem
3618 1121 3895 1177 hominem

2231 1203 2379 1276 (251)
2409 1205 2787 1261 Condelector
2814 1206 2924 1278 legi
2960 1206 3055 1261 Dei
3088 1208 3415 1263 secundum
3467 1207 3795 1277 hominem,
3831 1211 3889 1267 id

2229 1298 2339 1360 est,
2372 1294 2506 1349 nolo
2534 1294 2963 1365 concupiscere.
3002 1296 3158 1351 Video
3188 1305 3374 1351 autem
3402 1297 3585 1354 aliam
3624 1300 3801 1369 legem
3829 1301 3890 1356 in

2228 1384 2493 1439 membris
2522 1386 2677 1451 meis,
2712 1392 3108 1452 repugnantem
3138 1386 3248 1455 legi
3295 1390 3493 1442 mentis
3520 1403 3683 1455 meae,
3717 1393 3767 1444 et
3796 1406 3891 1445 ca-

2223 1474 2525 1541 ptivantem
2581 1489 2670 1528 me
2699 1475 2758 1527 in
2799 1475 2914 1543 tege
2940 1475 3163 1543 peccati,
3198 1490 3325 1546 quae
3370 1480 3447 1531 est
3504 1478 3565 1531 in
3617 1479 3887 1534 membris

2226 1563 2380 1628 meis,
2414 1559 2471 1614 id
2504 1565 2612 1625 est,
2645 1566 2858 1616 coactus
2878 1564 3027 1633 (252)
3058 1565 3428 1635 concupisco.
3469 1565 3876 1638 Captivantem

2228 1648 2390 1717 dicit,
2425 1649 2718 1719 captivare
2750 1650 3065 1717 volentem,
3100 1651 3184 1707 vel
3218 1658 3371 1708 certe
3419 1654 3491 1708 ad
3538 1656 3884 1711 exteriorem

2226 1736 2525 1791 hominem
2562 1739 2828 1806 refertur,
2857 1740 2957 1810 qui
2990 1740 3249 1811 quotidie
3273 1743 3695 1814 corrumpitur.
3729 1748 3793 1800 In
3817 1761 3883 1800 eo

2228 1840 2367 1881 sane
2400 1827 2553 1897 quod
2587 1827 2761 1883 homo
2794 1828 3119 1884 secundum
3178 1829 3515 1887 interiorem
3578 1831 3882 1889 hominem

464 1936 580 1975 non
611 1924 951 1990 poterat,est
979 1919 1106 1973 sine
1136 1915 1609 1988 concupiscentia
1640 1914 1958 1970 esse.Unde
1980 1913 2115 1967 bea-
2146 1958 2193 2024 Β
2225 1913 2337 1985 legi
2373 1915 2473 1970 Dei
2504 1915 2957 1989 condelectatur,
2986 1934 3200 1989 magna
3230 1918 3328 1974 Dei
3362 1918 3664 1977 miseratio
3687 1927 3882 1978 osten-

465 2013 475 2024 ι
595 2014 608 2024 Α
685 2023 692 2024 ,
791 2007 829 2024 ιο
886 2023 892 2024 ,
931 2023 942 2024 γ
1027 2009 1066 2024 Λ
1133 2006 1184 2024 ,1
1225 2023 1242 2024 η
1276 2004 1586 2024 _l,,-__l__m_
1645 2003 1751 2024 1.--
1790 2019 1889 2024 -.._-
1923 2002 1976 2024 ΞΔ
2008 2006 2088 2024 --ι
2229 2002 2381 2024 ΔΞΑ--..
2416 2020 2427 2024 -
2469 2004 2711 2024 -_a-_3-_
2752 2005 2891 2024 --,!,_-
2934 2005 3095 2024 ιγγᾉκΑ
3150 2023 3157 2024 ,
3236 2007 3362 2024 ,.-a'
3724 2010 3761 2024 ο.

461 2013 558 2063 tus
579 2007 950 2078 Augustinus
980 2024 993 2062 :
1025 2006 1187 2072 Quod
1222 2005 1352 2061 nolo
1372 2004 1616 2072 malum,
1645 2003 1755 2058 hoc
1786 2002 1980 2075 ago,id
2003 2006 2113 2069 est,

459 2095 808 2168 concupisco
842 2121 855 2163 ;
889 2096 991 2151 sed
1029 2111 1143 2151 non
1176 2095 1397 2163 vincor,
1434 2094 1575 2165 quia
1606 2092 1773 2148 malas
1805 2092 2112 2162 concupis-

458 2183 552 2238 tis:
580 2201 698 2239 non
725 2184 1002 2239 assentio.
1037 2185 1196 2239 Idem
1244 2200 1376 2240 vero
1434 2184 1496 2238 B:
1533 2182 1895 2253 Augustinus
1948 2180 2109 2247 dicit,

462 2273 604 2342 quia
634 2271 855 2326 malum
889 2273 1044 2343 quod
1076 2288 1248 2343 agere
1308 2270 1541 2327 nolebat
1588 2280 1646 2325 et
1673 2272 1900 2341 agebat,
1929 2267 2111 2323 libido

461 2360 697 2416 erat.Do
728 2377 842 2431 quo
875 2361 1030 2416 malo
1051 2361 1189 2415 alibi
1213 2361 1359 2415 dicit
1392 2377 1405 2414 :
1440 2362 1613 2415 Datus
1640 2368 1717 2414 est
1746 2359 1884 2414 mihi
1912 2360 2110 2413 stimu-

458 2451 544 2503 lus
573 2451 760 2503 carnis
788 2464 947 2517 meae,
1000 2450 1229 2518 angelus
1270 2449 1515 2515 Satanre,
1545 2450 1643 2519 qui
1698 2464 1783 2502 me
1809 2448 2113 2517 colaphizet

463 2538 539 2607 (II
568 2538 690 2593 Cor.
721 2554 823 2603 xu,
854 2538 932 2608 7).
971 2536 1300 2591 Libidinem
1332 2537 1549 2607 quippe
1580 2536 1706 2590 suis
1739 2534 1959 2589 viribus
1984 2535 2109 2589 vin-

459 2642 589 2682 cere
618 2625 999 2694 volebat;sed
1034 2625 1171 2696 quia
1202 2640 1320 2679 non
1353 2624 1786 2696 potuit,idcirco
1822 2624 2110 2678 exclama-

453 2715 537 2771 vit
567 2731 581 2769 :
610 2731 722 2770 non
750 2717 903 2769 enim
930 2713 1071 2785 quod
1096 2715 1214 2769 volo
1247 2714 1466 2781 bonum,
1500 2719 1613 2768 etc.

530 2803 591 2858 Si
617 2806 802 2858 autem
831 2804 972 2874 quod
998 2807 1125 2858 noto
1150 2802 1301 2857 illud
1326 2803 1468 2873 facio
1500 2803 1556 2856 id
1586 2806 1665 2857 est
1702 2809 1923 2856 coactus
1960 2801 2108 2870 (250)

457 2894 780 2963 concupisco
813 2912 827 2961 ;
843 2893 965 2963 jam
994 2907 1105 2947 non
1134 2907 1229 2961 ego
1269 2908 1461 2962 operor
1522 2891 1686 2945 illud.
1746 2890 1908 2953 Quod
1969 2889 2110 2944 dicit

447 2981 572 3052 jam
604 2981 874 3052 superius
904 2980 1311 3052 accipiendum
1342 2981 1525 3035 est.Et
1546 2978 1685 3050 quia
1716 2983 1939 3049 poterat
1969 2976 2105 3031 dici:

457 3070 592 3141 quis
623 3086 758 3142 ergo
790 3074 1067 3143 Operatur
1093 3068 1442 3141 ?subjunxit
1475 3087 1487 3125 :
1522 3067 1783 3139 sed,quod
1813 3068 2026 3121 habitat
2047 3069 2108 3120 in

454 3175 562 3225 me,
591 3167 895 3231 peccatum,
926 3158 984 3214 id
1012 3163 1122 3230 est,
1155 3158 1349 3214 carnis
1399 3156 1686 3229 fragilitas
1718 3181 1733 3224 ;
1765 3156 1918 3211 hanc
1947 3155 2105 3210 enim

456 3246 639 3304 voluit
669 3248 888 3319 peccati
920 3248 1156 3303 nomine
1186 3246 1502 3318 designari.

2224 2002 2383 2058 ditur
2416 2020 2429 2070 ;
2462 2004 2715 2059 exterior
2743 2005 2899 2059 enim
2934 2005 3108 2061 homo
3139 2007 3401 2077 quotidie
3438 2010 3879 2083 corrumpitur;

2223 2090 2467 2147 interior
2495 2108 2628 2147 vero
2656 2092 2855 2147 divina
2888 2094 3258 2151 miseratione
3293 2096 3615 2169 inspiratus
3646 2100 3884 2170 proﬁcit

2222 2184 2277 2233 ct
2309 2180 2623 2236 innovatur
2653 2182 2723 2237 ds
2753 2181 2846 2237 die
2867 2182 2926 2237 in
2958 2183 3134 2238 diem.

2294 2270 2502 2339 Infelix
2531 2287 2629 2337 ego
2681 2270 2837 2326 homo
2870 2276 2890 2324 !
2919 2271 3065 2337 Quia
3104 2272 3346 2330 .viderat
3400 2274 3715 2347 Apostolus
3771 2276 3876 2332 hoc

2220 2358 2437 2412 bellum
2468 2358 2580 2413 sibi
2609 2359 2819 2428 inesse,
2853 2375 3119 2431 quaerens
3148 2361 3702 2434 refugium,nullum
3735 2365 3793 2420 in
3815 2383 3877 2421 se

2220 2447 2472 2517 reperire
2506 2448 2695 2517 potuit
2728 2466 2741 2515 ;
2776 2448 3027 2520 ideoque
3083 2450 3434 2507 exclamavit
3466 2468 3479 2506 :
3511 2452 3719 2524 Infelix
3775 2470 3876 2525 ego

2220 2535 2377 2591 homo
2401 2539 2421 2589 !
2454 2534 2749 2590 Infelicem
2782 2554 2843 2591 se
2869 2536 3030 2605 dicit,
3065 2544 3301 2610 propter
3330 2540 3523 2595 carnis
3584 2540 3866 2613 fragilita-

2220 2628 2358 2693 tem,
2392 2623 2451 2677 in
2484 2640 2601 2694 qua
2633 2641 2896 2694 manens,
2921 2625 3096 2680 etiam
3130 2627 3335 2682 nolens
3391 2628 3865 2701 concupiscebat.

2218 2713 2490 2776 Sed,cum
2513 2729 2718 2767 omnes
2740 2714 3088 2781 moriantur,
3107 2719 3226 2769 tam
3255 2716 3389 2770 boni
3410 2734 3589 2788 quam
3620 2723 3678 2773 et
3712 2718 3871 2786 mali,

2219 2799 2298 2871 pii
2320 2804 2379 2855 et
2408 2800 2757 2871 impii,quod
2786 2802 3433 2859 manifestatextremus
3455 2806 3582 2862 dies
3607 2806 3866 2876 illorum;

2217 2887 2357 2958 quid
2390 2887 2501 2942 sibi
2533 2886 2656 2941 vult
2684 2888 2837 2959 quod
2869 2888 3182 2959 Apostolus
3207 2890 3428 2947 subdit:
3467 2893 3600 2960 Quis
3629 2909 3715 2948 me
3737 2892 3875 2949 Iibe-

2217 2976 2364 3031 rabit
2407 2976 2472 3031 de
2526 2992 2753 3042 corpore
2806 2980 2996 3032 mortis
3048 2978 3265 3049 hujus?
3298 2980 3363 3034 Et
3417 2980 3526 3036 hoc
3593 2998 3698 3054 pro
3739 3000 3862 3039 ma-

2215 3081 2330 3137 gno
2359 3066 2508 3136 (253)
2539 3066 2737 3136 gratias
2770 3066 2865 3120 Dei
2902 3066 3123 3121 tribuit.
3169 3068 3279 3123 Sed
3340 3070 3664 3126 notandum
3724 3071 3867 3143 quia

2216 3171 2330 3210 non
2366 3154 2447 3210 ait
2474 3158 2730 3221 tantum,
2752 3154 2816 3209 de
2842 3170 3062 3225 corpore
3097 3158 3294 3212 mortis
3349 3173 3552 3214 verum
3613 3159 3866 3228 addidit,

2214 3243 2396 3315 hujus.
2432 3243 2568 3298 Mali
2600 3244 2895 3312 enim,etsi
2926 3244 3248 3300 liberentur
3277 3246 3351 3301 de
3383 3262 3624 3319 corpore
3656 3249 3868 3305 mortis

537 3336 684 3402 Quid
715 3353 849 3392 vero
872 3342 965 3391 est
993 3337 1146 3407 quod
1181 3336 1495 3407 Apostolus
1527 3351 1683 3390 nunc
1715 3350 1777 3390 se
1808 3350 1922 3389 non
1964 3349 2096 3404 ope-
2131 3324 2173 3392 C
2211 3332 2409 3403 hujus,
2440 3338 2635 3388 tamen
2668 3338 3031 3389 revertentur
3059 3334 3131 3388 ad
3164 3350 3377 3406 corpus
3416 3337 3622 3391 mortis
3658 3335 3861 3408 hujus,

460 3425 599 3495 rari,
633 3440 789 3481 nunc
821 3440 883 3480 se
908 3425 1135 3496 operari
1164 3424 1327 3490 dicit,
1378 3424 1490 3478 nisi
1553 3423 1692 3495 quia
1749 3421 2102 3493 operabatur

455 3513 947 3586 concupiscentiis
974 3513 1298 3569 resistendo
1326 3512 1353 3567 ‘t
1383 3512 1744 3583 Operabatur
1791 3509 2102 3581 fragilitate

454 3619 572 3658 non
601 3604 952 3671 operabatur
993 3601 1292 3657 voluntate
1327 3619 1340 3669 ;
1372 3600 1723 3672 operabatur
1767 3615 1959 3665 carne,
1984 3614 2100 3653 non

452 3692 810 3762 operabatur
839 3697 1052 3745 mente.

523 3780 746 3835 Invenio
777 3781 952 3847 igitur
981 3780 1173 3849 legem,
1204 3779 1409 3833 volenti
1439 3777 1581 3831 mihi
1635 3779 1821 3847 facere
1877 3776 2098 3841 bonum,

454 3870 719 3938 quoniam
746 3868 958 3922 malum
986 3866 1128 3921 mihi
1156 3867 1394 3937 adjacet.
1446 3865 1515 3919 Et
1541 3870 1631 3921 est
1662 3880 1874 3919 sensus
1905 3880 1918 3918 :
1954 3862 2098 3918 mihi

451 3954 668 4011 volenti
701 3956 889 4010 facere
919 3955 1162 4021 bonum,
1194 3953 1426 4008 invenio
1470 3952 1657 4023 legem
1714 3952 1955 4006 bonum.
1993 3957 2101 4005 Lex

450 4046 609 4100 enim
638 4044 864 4099 bonum
893 4046 1003 4111 est,
1034 4044 1176 4114 quia
1204 4043 1360 4098 bona
1388 4042 1683 4114 praedicat.
1727 4041 1838 4095 Sed
1869 4040 1975 4094 hoc
2007 4039 2100 4094 bo-

451 4149 595 4188 num
624 4132 772 4188 meis
798 4131 1026 4189 viribus
1054 4129 1299 4202 implere
1350 4147 1468 4187 non
1498 4146 1763 4202 possum,
1819 4128 2099 4200 quoniam

454 4221 677 4278 malum
716 4220 861 4276 mihi
908 4220 1155 4291 adjacet,
1187 4220 1247 4276 id
1277 4224 1387 4287 est,
1437 4218 1629 4275 carnis
1687 4218 1973 4291 fragilitas
2026 4218 2097 4272 ad

452 4311 669 4367 malam
719 4311 1263 4382 concupiscentiam
1313 4309 1489 4380 cogit.
1540 4310 1609 4363 Et
1663 4308 1804 4378 quia
1848 4307 2102 4362 obscura

448 4405 616 4456 erant
646 4416 777 4472 quae
807 4400 1233 4471 dixerat,quasi
1265 4396 1899 4470 exponens,subjunxit
1931 4396 2100 4465 (ϐοη-

447 4489 685 4546 delector
705 4490 855 4545 enim
885 4492 993 4559 tegi
1023 4490 1143 4555 Dei,
1177 4491 1287 4543 etc.
1320 4492 1385 4541 In
1422 4486 1639 4558 quibus
1668 4484 1861 4541 verbis
1892 4490 2098 4540 notan-

451 4579 591 4633 dum
623 4578 763 4648 quia
793 4583 1045 4649 quatuor
1076 4576 1272 4649 legum
1303 4576 1444 4631 facit
1499 4574 1817 4647 Apostolus
1849 4574 2098 4631 mentio-

2212 3421 2487 3492 quoniam
2504 3422 2715 3476 mortui
2734 3423 2801 3476 ad
2822 3422 3176 3493 supplicium
3201 3424 3584 3493 deducentur;
3603 3442 3864 3498 cumque

2211 3509 2656 3578 resurrexerint,
2695 3510 2803 3565 etsi
2851 3510 3209 3566 immortalia
3254 3527 3497 3584 corpora
3550 3514 3858 3586 recipient,

2212 3603 2409 3653 tamen
2440 3598 3006 3669 corruptibilia,cum
3038 3600 3253 3670 quibus
3285 3602 3412 3656 sine
3444 3603 3559 3657 fine
3591 3604 3858 3659 crucien-

2209 3694 2325 3743 tur.
2360 3686 2479 3742 Soli
2510 3703 2646 3758 ergo
2677 3687 2845 3742 electi
2876 3688 2946 3743 de
2976 3704 3214 3761 corpore
3246 3690 3450 3745 mortis
3498 3691 3681 3761 hujus
3712 3692 3863 3749 libe-

2210 3780 2436 3843 rantur,
2470 3776 2920 3847 quoniam,dum
2955 3779 3306 3849 moriuntur,
3330 3779 3403 3834 ab
3434 3779 3543 3835 hoc
3573 3781 3857 3838 conflictu

2211 3864 2459 3931 liberati,
2494 3865 2564 3919 ad
2596 3864 2876 3935 gaudium
2911 3870 3302 3936 transeunt,et
3333 3873 3862 3940 resurgentes,cor-

2212 3970 2352 4024 pora
2380 3952 2848 4024 incorruptibilia
2876 3958 2935 4009 et
2972 3954 3331 4011 immortalia
3388 3956 3692 4029 recipient,
3724 3975 3863 4014 cum

2210 4042 2425 4113 quibus
2448 4042 2575 4095 sine
2598 4043 2712 4096 ﬁne
2739 4041 3218 4115 lsetenturJgitur
3239 4060 3423 4099 unum
3444 4044 3634 4100 solum
3659 4048 3864 4117 gratias

2210 4130 2308 4185 Dei
2340 4131 2488 4201 (254)
2520 4130 2811 4201 refugium
2843 4131 3081 4197 invenit,
3116 4133 3365 4205 ideoque
3396 4134 3865 4206 subjunxitzgra-

2208 4221 2287 4274 tia
2318 4220 2417 4274 Dei
2449 4261 2463 4287 ,
2493 4235 2559 4273 ac
2594 4219 2641 4273 si
2674 4220 2890 4275 diceret
2921 4237 2934 4275 :
2970 4221 3094 4276 Non
3128 4223 3275 4277 meis
3305 4223 3549 4291 viribus,
3575 4241 3693 4280 non
3731 4241 3864 4281 meo

2210 4312 2444 4374 conatu,
2476 4308 2577 4362 sed
2610 4307 2709 4363 Dei
2745 4309 3121 4365 miseratione
3152 4310 3463 4367 liberabor.
3499 4313 3565 4366 Et
3613 4312 3863 4384 pulchre

2210 4396 2517 4466 subjungit
2548 4413 2562 4450 ε
2589 4411 2689 4467 per
2715 4400 2902 4452 Jesum
2929 4398 3212 4454 Christum
3256 4401 3554 4455 Dominum
3583 4406 3859 4470 nostrum,

2210 4483 2509 4556 quoniam,
2534 4484 2687 4539 sicut
2717 4501 2820 4556 per
2864 4502 3049 4542 unum
3096 4504 3275 4558 mors,
3330 4489 3411 4544 ita
3442 4494 3499 4545 et
3530 4506 3635 4561 per
3666 4507 3857 4551 unum

2209 4574 2555 4629 resurrectio
2583 4579 2972 4643 mortuorum;
3008 4576 3161 4631 sicut
3179 4578 3337 4633 enim
3361 4577 3417 4632 in
3446 4579 3632 4634 Adam
3652 4596 3860 4635 omnes

452 4680 587 4721 nem
624 4683 638 4720 :
672 4666 792 4730 Dei,
827 4666 1069 4733 mentis,
1129 4666 1347 4736 peccati
1405 4670 1463 4719 et
1518 4664 1938 4720 membrorum.
2004 4664 2097 4717 He
2130 4687 2178 4752 Β
2212 4663 2563 4732 moriuntur,
2590 4662 2671 4752 ita
2700 4663 2760 4717 in
2792 4663 3019 4752 Christo
3049 4681 3253 4722 omnes
3272 4664 3862 4740 viviﬁcabunturJgi-

455 4759 652 4809 autem
680 4758 932 4823 quatuor
959 4754 1087 4808 dua:
1118 4758 1297 4818 sunt;
1330 4769 1467 4807 nam
1515 4752 1608 4808 lex
1661 4754 1753 4809 Dei
1787 4758 1843 4807 et
1885 4752 2099 4809 mentis

452 4859 573 4897 una
602 4846 693 4898 est
725 4859 739 4909 ;
773 4841 1171 4897 membrorum
1204 4846 1263 4895 et
1288 4841 1506 4911 peccati
1538 4840 1808 4897 similiter
1837 4858 1976 4898 una.

526 4931 636 4986 Sed
670 4930 906 5002 quando
938 4934 1074 4983 ortas
1106 4933 1246 4984 sunt
1303 4929 1389 4981 hae
1442 4928 1599 4999 leges
1627 4928 1657 4982 ?
1682 4929 1928 4997 Scilicet,
1962 4946 2097 4985 cum

456 5020 685 5091 primus
718 5018 894 5074 homo
929 5019 988 5073 in
1022 5018 1295 5089 paradiso
1325 5016 1512 5085 legem
1559 5016 1659 5071 Dei
1692 5022 2098 5091 transgressus

448 5111 537 5163 est
564 5124 577 5174 ;
621 5107 683 5162 Ut
711 5107 777 5161 de
805 5108 957 5161 omni
990 5104 1148 5176 tigno
1190 5104 1445 5176 paradisi
1473 5104 1770 5163 comederet
1799 5124 1820 5169 ;
1849 5110 1918 5163 de
1947 5109 2098 5178 ligno

522 5265 675 5339 (250)
704 5266 929 5339 Coactus
964 5264 1208 5339 fortasse
1240 5264 1554 5339 legendum
1612 5264 1789 5319 etiam
1834 5265 1893 5320 in
1925 5285 2096 5339 supe-

453 5335 594 5391 riori
625 5340 782 5402 nota,
815 5336 914 5390 ubi
947 5337 1018 5391 ad
1051 5336 1208 5391 hunc
1237 5338 1510 5392 eumdem
1576 5340 1800 5391 textum
1833 5354 1948 5393 non
1978 5335 2099 5395 om-

452 5406 595 5479 nino
624 5406 776 5479 clare
800 5412 1015 5463 vocatus
1046 5408 1278 5479 legitur.

528 5477 674 5549 (251)
703 5480 763 5533 lu
796 5483 991 5549 autog.
1022 5477 1275 5549 quatuor
1301 5478 1477 5533 verba
1534 5477 1657 5532 hac
1714 5484 1845 5550 post
1899 5485 2098 5537 notam

453 5548 537 5603 ita
565 5548 782 5621 scripta
811 5548 957 5605 sunt
980 5548 1410 5621 compendiose.
1443 5566 1493 5604 e.
1523 5550 1560 5604 l.
1594 5551 1647 5604 d.
1678 5548 1731 5605 ,ςξ
1757 5551 1811 5604 h.

524 5620 675 5693 (253)
707 5621 787 5677 En
817 5620 1027 5693 iterum
1070 5620 1314 5691 repetita
1351 5622 1554 5693 eadem
1589 5622 1804 5693 verba,
1838 5638 1941 5693 per
1969 5639 2096 5693 quae

449 5691 1237 5765 conﬁrmaturintelligentia
1255 5691 1634 5765 expositionis
1656 5691 1924 5749 unius—ex
1944 5691 2098 5751 notis

440 5760 619 5850 paulo
651 5760 1069 5838 superioribus
1094 5764 1166 5824 ad
1188 5760 1366 5823 verba
1397 5772 1615 5833 vocatus
1646 5765 1915 5821 invenior.

2209 4756 2324 4820 tur,
2358 4752 2525 4823 quasi
2556 4751 2773 4807 diceret
2802 4750 3016 4823 aliquis
3049 4769 3062 4808 :
3089 4770 3219 4824 quae
3249 4759 3337 4811 est
3366 4754 3487 4811 haec
3516 4772 3702 4824 mors,
3728 4760 3862 4829 (pro

2210 4858 2327 4912 qua
2352 4846 2581 4896 tantum
2609 4857 2643 4897 a
2664 4858 2904 4912 corpore
2925 4842 3160 4898 liberari
3192 4844 3490 4900 desideras
3514 4847 3537 4899 Ρ
3563 4844 3864 4901 Continuo

2210 4929 2375 4984 addit
2405 4945 2418 4983 :
2451 4930 2627 4997 Igitur
2655 4944 2749 4998 ego
2791 4931 2908 4999 ipse
2948 4936 3131 4987 mente
3181 4934 3353 4988 servio
3384 4934 3495 5003 legi
3518 4933 3639 5002 Dei,
3698 4950 3870 4990 carne

2209 5026 2408 5085 autem,
2443 5019 2551 5087 legi
2578 5019 2801 5087 peccati,
2837 5018 2957 5073 hmo
2989 5026 3077 5075 est
3109 5022 3289 5092 mors)
3319 5022 3485 5094 (255).
3508 5024 3673 5088 Quod
3698 5024 3862 5091 dicit,

2207 5123 2301 5179 ego
2333 5106 2914 5179 ipse,intelligendum
2948 5113 3167 5182 est,ego
3198 5115 3255 5165 et
3283 5127 3398 5167 non
3428 5110 3618 5168 alius:
3658 5114 3863 5184 praevi-

2281 5268 2427 5337 (253)
2455 5265 2765 5337 Epitethon
2798 5284 2998 5337 magno
3030 5273 3305 5325 truncum
3363 5285 3608 5326 sensum
3668 5271 3865 5327 sinere

2207 5339 2453 5413 videtur.
2491 5338 2565 5392 Ex
2595 5337 2687 5413 his
2717 5338 2897 5413 igitur
2925 5357 3050 5411 qum
3082 5347 3415 5412 sequuntur
3471 5358 3721 5413 arguere
3780 5347 3869 5398 est

2209 5411 2543 5485 addendum
2577 5410 3252 5485 substantivumgnom—en
3286 5410 3869 5485 fortasse—beneﬁcio,

2208 5482 2294 5537 vel
2328 5482 2521 5553 potius
2552 5484 2790 5551 refugio,
2816 5483 2988 5552 juxta
3017 5483 3074 5537 id
3104 5486 3259 5554 quod
3294 5485 3539 5540 inferius
3568 5482 3827 5542 habetur
3852 5503 3866 5541 :

2209 5554 2577 5627 igiturrunum
2609 5554 3021 5627 solumgralia?
3049 5556 3150 5611 Dei
3178 5560 3455 5627 refugium
3483 5558 3719 5613 invenit.

2459 5625 2670 5710 Qonler
2698 5625 2874 5710 verba
2903 5626 3027 5680 hazc
3060 5644 3194 5709 cum
3226 5625 3365 5710 nota
3384 5628 3711 5710 superiori.

2279 5696 2431 5825 (2:55!)
2458 5695 2586 5753 Haec
2616 5696 2812 5766 verba,
2837 5696 2899 5752 in
2930 5698 3195 5772 margine
3227 5695 3490 5756 inferiori
3553 5703 3763 5774 autog.
3796 5698 3875 5758 le-

2279 5783 2328 5824 in
2361 5784 2395 5823 υ
2437 5808 2450 5823 .

2209 5782 2450 5840 guntur.
