3924 6494
216 453 358 513 1065

1713 425 2067 483 MIRACULA.

3429 424 3568 484 1066

216 580 425 640 mentis
476 577 543 632 ad
569 574 886 646 sepulcrum
943 566 1117 624 sancti
1173 562 1408 620 Udalrici
1463 576 1558 631 per
1614 557 1838 612 nuntios
1862 552 2172 646 Aetfecit.
2208 552 2453 623 Cumque
2507 552 2979 646 appropinquaret
3036 552 3297 627 Augustae
3337 551 3569 646 civitati,

217 672 408 737 misit;
440 666 645 740 quibus
668 663 831 719 etiam
866 656 1129 731 praecepit
1157 662 1218 709 ut
1246 652 1319 706 ibi
1352 650 1671 705 nuntiarent
1699 660 1840 740 qua-

221 766 367 831 liter,
414 739 645 817 Domino
675 754 1040 817 concedente,
1072 766 1169 821 per
1198 748 1318 817 ejus
1358 744 1556 799 merita
1582 748 1665 796 est
1696 739 1841 793 libe-

1940 650 1995 698 et
2037 643 2327 698 ecclesiam
2386 651 2589 697 sancta:
2622 640 2758 695 Afrae
2791 641 2937 695 bene
2988 642 3238 713 aspicere
3285 640 3571 713 potuisset,

1953 738 2198 792 clamans
2231 744 2285 793 et
2329 736 2571 791 fremens
2617 736 2817 791 cecidit
2844 736 2900 790 in
2946 746 3169 804 terram,
3221 744 3277 792 et
3324 736 3463 791 facta
3494 740 3578 790 est

222 822 366 911 rata.
393 849 705 908 Wicl‘redus
731 845 981 917 ejusdem
1006 841 1113 897 loci
1152 837 1503 911 praepositus,
1536 832 1630 905 qui
1676 831 1840 885 etiam
1945 827 2099 898 quasi
2147 836 2380 881 mortua.
2436 824 2698 881 Praefatus
2741 832 2925 880 autem
2981 825 3182 880 Durinc
3212 841 3338 880 cum
3398 822 3580 880 comi-

225 955 281 1004 et
305 955 492 1004 custos
516 940 768 998 ecclesia:
794 953 861 993 eo
891 943 1141 1006 tempore
1174 928 1396 992 mansit,
1430 927 1500 980 de
1532 923 1685 979 froco
1712 921 1857 991 ejus-

225 1041 353 1096 dem
413 1044 681 1091 matronaa
722 1028 1072 1087 dalmaticam
1130 1024 1248 1079 fieri
1289 1021 1439 1087 fecit,
1489 1026 1542 1074 et
1581 1016 1687 1071 alia
1736 1013 1856 1081 ejus

227 1130 585 1193 vestimenta,
643 1124 786 1179 sicut
826 1133 1131 1193 congruum
1162 1114 1283 1179 fuit,
1335 1112 1402 1167 ad
1441 1108 1536 1164 Dei
1571 1106 1853 1161 servitium

228 1217 567 1291 composuit,
618 1224 679 1270 ut
726 1214 834 1268 hoc
886 1210 1106 1282 signum
1154 1200 1549 1260 misericordia:
1609 1195 1701 1251 Dei
1746 1194 1857 1249 fre-

230 1308 495 1383 quentius
524 1303 760 1377 posteris
791 1302 846 1355 in
877 1296 1262 1354 recordatione
1293 1297 1563 1383 maneret.

307 1398 417 1453 ΧΧ.
464 1374 539 1450 In_
556 1393 784 1466 regione
814 1390 1155 1452 Sclavorum,
1207 1382 1353 1437 filius
1379 1375 1692 1433 Wolezlawi
1738 1374 1811 1445 [al
1841 1414 1855 1438 ,

235 1484 512 1556 Woleslai]
552 1481 710 1538 ducis
753 1480 809 1534 in
850 1475 1227 1533 valetudinem
1275 1469 1504 1533 incedit,
1540 1474 1595 1521 et
1650 1466 1706 1519 in
1739 1470 1862 1517 tan-

236 1588 349 1636 tam
377 1575 750 1631 inﬁrmitatem
779 1570 1052 1627 deductus
1066 1575 1171 1632 est,
1202 1570 1261 1619 ut
1292 1569 1447 1633 pater
1465 1560 1586 1630 ejus
1611 1565 1667 1612 et
1687 1562 1863 1610 mater

237 1666 537 1737 cazterique
580 1668 885 1734 praesentes
925 1657 1088 1712 amici
1139 1658 1468 1725 przesentcm
1512 1649 1679 1704 vitam
1737 1659 1866 1700 eum

239 1757 477 1815 ulterius
525 1753 731 1808 habere
789 1765 953 1822 posse
985 1747 1365 1817 desperarent.
1424 1740 1668 1810 Cumque
1718 1744 1873 1807 pater

244 1852 304 1906 in
336 1849 422 1904 his
459 1844 732 1920 angustiis
760 1846 1088 1905 versaretur,
1130 1834 1448 1892 admonitus
1487 1838 1571 1887 est
1599 1831 1667 1884 de
1699 1834 1873 1882 matre

247 1941 408 2015 pueri
435 1947 489 1994 et
514 1938 584 1993 de
610 1937 733 1991 aliis
748 1935 950 2007 quibus
981 1940 1172 1987 notum
1203 1928 1306 1984 fuit
1336 1942 1500 1999 quam
1541 1920 1871 2015 multiplici-

248 2011 339 2090 ter
394 2029 552 2086 multi
590 2043 688 2099 per
741 2025 940 2081 merita
993 2022 1169 2078 sancti
1230 2018 1469 2075 Udalrici
1526 2016 1595 2069 de
1641 2011 1875 2099 diversis

250 2119 528 2196 angustiis
556 2098 773 2172 liberati
832 2119 1048 2178 essent;
1087 2110 1354 2166 continuo
1393 2112 1581 2163 votum
1613 2102 1781 2166 vovit,
1828 2098 1873 2196 si

254 2191 405 2269 ﬁlius
435 2211 557 2282 ejus
592 2208 662 2263 ad
689 2208 854 2264 vitam
899 2205 1127 2271 rediret,
1171 2208 1230 2257 ut
1262 2200 1442 2255 missis
1470 2195 1664 2270 legatis
1695 2191 1877 2263 sepul-

253 2324 410 2364 crum
461 2304 638 2360 sancti
686 2300 924 2357 Udalrici
970 2314 1094 2353 cum
1152 2292 1527 2352 oblationibus
1572 2290 1874 2344 visitarent.

261 2400 471 2456 Eodem
513 2411 645 2453 vero
694 2394 785 2448 die
838 2392 981 2446 lilius
1021 2389 1181 2445 ducis
1220 2401 1519 2442 conversus
1571 2381 1639 2435 ad
1690 2380 1879 2442 vitam,

259 2489 704 2548 consolationem
758 2485 899 2557 patri
968 2498 1079 2538 non
1138 2480 1424 2535 minimam
1495 2473 1711 2530 obtulit.
1784 2469 1883 2535 Qui

258 2596 607 2657 cognoscens
631 2576 1067 2633 misericordiam
1110 2572 1202 2627 Dei
1246 2572 1299 2625 in
1344 2569 1478 2635 tilio,
1517 2566 1747 2622 nuntios
1773 2570 1890 2618 sta-

262 2656 362 2732 tim
393 2675 611 2728 mittere
639 2678 692 2725 et
734 2678 922 2724 votum
965 2666 1085 2735 ejus
1120 2664 1355 2735 implere
1386 2659 1616 2716 studuit.
1651 2656 1752 2721 Qui
1785 2672 1887 2711 ve-

261 2767 487 2823 nientes
520 2764 590 2819 ad
619 2761 934 2833 sepulcrum
967 2758 1290 2814 obtulerunt
1319 2772 1349 2807 v
1390 2753 1561 2807 libras
1599 2750 1811 2823 argenti
1836 2755 1895 2804 et

272 2874 478 2914 aureos
524 2870 688 2927 quam
718 2852 1009 2924 plurimos,
1064 2856 1119 2904 et
1174 2848 1242 2903 de
1281 2862 1407 2902 cera
1435 2850 1699 2916 quantum
1752 2855 1897 2894 unus

272 2951 433 3008 fortis
461 2944 768 3001 saumarins
808 2950 1024 3013 portare
1075 2939 1282 3011 potuit;
1317 2944 1491 2992 mater
1522 2934 1685 2989 etiam
1738 2930 1894 3003 pueri

272 3053 525 3095 seorsum
558 3048 854 3089 aureorum
899 3029 1251 3085 denariorum
1294 3027 1494 3082 bonam
1540 3030 1751 3094 partem
1799 3035 1900 3092 pro

282 3131 397 3187 ﬁlio
431 3128 594 3184 misit.
652 3125 836 3198 Legati
887 3122 1054 3179 etiam
1095 3122 1266 3177 altare
1297 3112 1511 3175 Sanctae
1563 3115 1741 3171 Mariae
1780 3129 1905 3169 cum

282 3237 419 3278 auro
450 3227 505 3275 et
534 3216 658 3273 aliis
685 3213 1081 3280 oblationibus,
1123 3212 1265 3267 sicut
1295 3211 1378 3266 eis
1417 3215 1754 3281 praeceptum
1803 3210 1907 3269 est,

284 3312 486 3366 devote
515 3307 890 3367 visitaverunt,
924 3302 1183 3358 similiter
1212 3309 1267 3356 et
1297 3301 1468 3355 altare
1499 3298 1712 3352 Sanctae
1748 3293 1906 3359 Afrae,

287 3408 346 3456 et
397 3402 756 3454 narraverunt
787 3409 885 3465 pro
927 3408 1038 3464 qua
1068 3408 1124 3447 re
1153 3391 1303 3445 missi
1336 3396 1483 3454 sunt,
1526 3388 1775 3442 dicentes
1806 3398 1908 3437 an-

290 3501 515 3561 tequam
544 3485 652 3558 ipsi
683 3484 898 3540 exirent
923 3483 991 3538 de
1034 3497 1133 3536 sua
1165 3479 1467 3552 provincia,
1510 3484 1569 3532 ut
1599 3476 1771 3530 tilium
1806 3473 1909 3528 do-

291 3582 427 3638 mini
460 3580 546 3636 sui
564 3577 937 3633 ambulantem
966 3581 1021 3630 et
1037 3590 1230 3629 sanum
1264 3571 1625 3626 dimitterent.

366 3675 501 3729 XXI.
560 3670 678 3727 Alio
724 3683 944 3742 quoque
1003 3673 1251 3737 tempore
1307 3663 1531 3736 quidam
1587 3660 1698 3715 dux
1762 3658 1912 3713 Van-

292 3766 548 3822 dalorum
591 3761 737 3831 (65)
782 3758 1007 3814 Misicho
1042 3772 1166 3812 cum
1200 3755 1397 3830 sagitta
1427 3752 1663 3809 toxicata
1692 3750 1750 3804 in
1790 3749 1915 3803 bra-

295 3854 426 3911 chio
455 3851 774 3908 vulneratus
830 3853 928 3903 est.
960 3845 1059 3911 Qui
1105 3861 1228 3900 cum
1261 3843 1491 3899 sentiret
1539 3856 1663 3895 sese
1706 3852 1920 3894 veneno

298 3944 501 4001 nocivo
558 3958 682 3997 esse
736 3955 1081 4012 percussum,
1115 3946 1169 3992 et
1223 3936 1327 3991 sibi
1386 3934 1675 3989 imminere
1732 3929 1926 3985 mortis

301 4032 590 4089 interitum
636 4029 830 4085 eadem
881 4029 1016 4084 hora
1060 4032 1296 4098 putaret,
1329 4040 1451 4079 cum
1487 4036 1685 4096 magna
1725 4019 1833 4073 Iide
1873 4024 1928 4072 et

301 4125 615 4184 constantia
680 4129 864 4179 votum
924 4121 1095 4187 vovit,
1149 4128 1207 4175 ut
1257 4118 1552 4173 brachium
1604 4124 1925 4191 argenteum

303 4236 431 4276 cum
453 4233 642 4283 manu,
665 4214 995 4288 quantocius
1017 4211 1310 4284 potuisset,
1342 4210 1411 4266 ad
1434 4216 1687 4265 sanctum
1712 4206 1926 4263 Udalri-

306 4326 435 4365 cum
485 4307 704 4361 mittere
747 4319 858 4360 non
901 4300 1166 4357 differret.
1222 4300 1320 4366 Qui
1361 4299 1545 4354 statim
1584 4306 1707 4370 post
1742 4303 1925 4352 votum

308 4397 587 4454 relevatus
607 4411 638 4449 a
668 4393 917 4465 periculo
956 4391 1024 4446 ad
1057 4391 1282 4446 domum
1311 4406 1469 4445 suam
1500 4389 1684 4455 rediit,
1716 4395 1770 4443 et
1808 4388 1932 4442 bra-

310 4488 500 4553 chium
535 4485 842 4541 secundum
885 4499 1044 4539 suum
1072 4492 1261 4538 votum
1292 4497 1625 4552 componere
1657 4478 1935 4550 praecepit.

312 4577 566 4647 Cumque
618 4573 758 4628 fabri
832 4572 1118 4628 brachium
1167 4571 1434 4626 fabricare
1510 4569 1827 4640 ccepissent,
1881 4574 1937 4621 et

315 4681 546 4721 manum
575 4664 633 4718 in
659 4678 727 4719 eo
755 4661 1048 4737 ﬁngerent,
1082 4661 1188 4716 dux
1228 4660 1493 4716 continuo
1524 4659 1595 4714 de
1627 4657 1935 4713 imminenti

317 4756 567 4831 periculo
599 4756 862 4811 liberatus
892 4754 1150 4822 surrexit,
1205 4755 1378 4809 Deum
1412 4752 1640 4807 laudans
1671 4752 1766 4822 qui
1811 4766 1937 4805 eum

321 4863 426 4919 per
453 4845 651 4900 merita
702 4844 789 4899 sui
828 4842 1001 4898 sancti
1056 4842 1304 4914 epiSCOpi
1349 4842 1419 4898 de
1473 4840 1665 4897 mortis
1696 4839 1941 4911 periculo

322 4936 603 5007 liberavit,
661 4942 850 4991 votum
921 4951 1081 4990 suum
1126 4933 1440 5005 perliciens,
1495 4932 1766 4987 mittendo
1820 4931 1949 4986 bra-

324 5030 521 5097 chium
541 5045 663 5084 cum
692 5044 858 5083 manu
892 5027 960 5083 ad
991 5027 1092 5082 viri
1120 5027 1294 5082 sancti
1326 5027 1661 5097 sepulcrum.

402 5090 560 5175 XXII.
597 5120 857 5184 Quaedam
897 5117 1098 5173 mulier
1139 5117 1209 5172 de
1239 5090 1488 5173 Curie-nsi
1537 5115 1711 5183 Retia,
1761 5104 1976 5169 relicto‘

328 5212 560 5286 proprio
586 5211 804 5274 marito,
837 5210 1057 5265 cuidam
1087 5210 1206 5267 viro
1235 5209 1305 5264 de
1336 5223 1478 5283 pago
1502 5207 1820 5283 Albegewe,
1853 5207 1955 5260 Du-

329 5306 457 5360 rinc
486 5310 700 5370 vocato,
743 5303 802 5356 in
860 5302 1274 5358 matrimonium
1327 5300 1515 5371 juncta
1560 5308 1663 5356 est.
1713 5300 1956 5371 Cumque

333 5414 463 5452 cum
505 5397 598 5451 illo
629 5396 1034 5469 aliquantulum
1066 5395 1335 5466 temporis
1366 5402 1634 5461 maneret,
1676 5411 1708 5447 a
1760 5393 1962 5450 daemo-

336 5490 434 5544 nio
464 5489 693 5544 obsessa
713 5496 818 5557 est,
852 5495 907 5545 et
936 5487 1005 5543 ab
1033 5502 1100 5545 eo
1131 5487 1301 5542 nimie
1333 5485 1651 5542 vexabatur.
1677 5486 1807 5552 Quae
1836 5503 1960 5543 cum

340 5581 403 5634 in
434 5580 622 5634 multis
650 5579 855 5634 sanctis
901 5578 1037 5635 locis
1083 5576 1432 5633 liberationis
1476 5591 1591 5649 suae
1625 5575 1959 5646 adjutorium

1969 4619 2024 4688 D

1955 918 2201 973 tantibus
2228 917 2334 972 sibi
2367 917 2579 972 studuit
2609 916 2790 972 levare
2818 933 2969 982 eam;
3001 916 3181 972 levata
3211 924 3418 982 autem,
3452 916 3577 971 red-

1957 1014 2072 1068 dito
2098 1029 2285 1079 sensu,
2314 1029 2346 1067 a
2375 1013 2651 1068 daemonio
2682 1022 2768 1067 est
2798 1012 3049 1067 liberata.

2028 1106 2213 1160 XXIII.
2269 1105 2711 1176 Eleemosynaria
2786 1103 3039 1175 quaedam
3085 1103 3379 1157 Abrahami
3458 1103 3581 1157 Fri-

1960 1195 2242 1269 singensis
2299 1197 2548 1268 epiSCOpi
2599 1197 2855 1257 civitatis.
2913 1197 2982 1252 de
3029 1196 3159 1250 villa
3213 1211 3336 1267 quae
3383 1195 3587 1250 dicitur

1959 1292 2204 1358 Camera,
2252 1291 2340 1347 cui
2366 1292 2588 1346 maxilla
2631 1291 2841 1361 pectori
2875 1290 2976 1345 fuit
3021 1291 3249 1356 inserta,
3283 1296 3337 1344 et
3366 1290 3588 1361 loquela

1960 1386 2015 1440 in
2049 1392 2162 1441 toto
2194 1392 2415 1460 negata,
2456 1384 2544 1440 cui
2576 1385 2740 1439 etiam
2787 1400 2982 1439 manus
3028 1383 3271 1438 brachiis
3309 1383 3589 1454 replicata:

1962 1489 2017 1536 et
2073 1480 2465 1555 conglutinata
2516 1489 2672 1535 erant
2707 1522 2721 1547 ,
2773 1487 2834 1534 ut
2891 1478 3078 1552 ﬁgura:
3145 1478 3445 1551 digitorum
3501 1477 3590 1533 vix

1965 1568 2226 1642 cognosci
2258 1569 2589 1639 potuissent,
2622 1584 2746 1623 cum
2777 1568 2992 1623 veniret
3020 1567 3088 1622 ad
3116 1574 3364 1622 sanctum
3402 1566 3593 1638 sepul-

1970 1676 2143 1727 crum,
2178 1667 2235 1715 et
2278 1660 2409 1715 inde
2441 1660 2772 1715 revertendo
2803 1675 2972 1730 super
3001 1666 3229 1730 pontem
3262 1657 3367 1712 Liri
3400 1657 3592 1712 ﬂumi-

1972 1750 2060 1805 nis
2116 1749 2449 1817 ambularet,
2496 1750 2720 1822 quidam
2768 1751 2935 1805 homo
2990 1748 3039 1804 ei
3088 1749 3285 1804 obvius
3333 1748 3483 1803 venit
3542 1754 3597 1802 et

1976 1842 2340 1914 interregavit
2366 1858 2486 1897 eam
2518 1843 2666 1897 unde
2690 1849 2978 1916 pergeret;
3011 1840 3100 1896 cui
3132 1840 3227 1895 illa
3261 1839 3598 1911 respondere

1976 1953 2085 1992 non
2118 1937 2318 2008 potuit,
2350 1938 2447 1991 sed
2482 1938 2732 1992 vertebat
2762 1954 2821 1992 se
2852 1936 3170 1991 inclinando
3208 1935 3276 1989 ad
3307 1934 3598 1989 ecclesiam

1976 2032 2181 2080 sanctae
2218 2025 2377 2090 Afrae,
2411 2032 2472 2080 ut
2505 2024 2556 2079 ei
2586 2031 2915 2079 monstraret
2952 2024 3102 2080 unde
3134 2030 3391 2099 pergeret
3422 2041 3435 2077 :
3476 2039 3601 2078 cum

1977 2123 2160 2170 autem
2192 2132 2251 2171 se
2279 2116 2348 2170 ad
2388 2116 2535 2170 illam
2567 2122 2827 2182 verteret,
2859 2115 3077 2170 maxilla
3108 2115 3178 2170 de
3224 2123 3449 2186 pectore
3482 2113 3602 2169 sol-

1977 2205 2224 2273 vebatur,
2255 2211 2310 2260 et
2348 2205 2570 2277 loquela
2633 2205 2685 2260 ei
2724 2205 2793 2259 ad
2844 2205 3295 2277 respondendum
3341 2218 3607 2260 concessa

1983 2308 2087 2356 est.

2057 2397 2232 2451 XXIV.
2256 2397 2485 2462 Quidam
2513 2413 2690 2452 caecus
2721 2412 2844 2452 cum
2871 2396 3187 2467 perveniret
3217 2412 3341 2451 cum
3375 2394 3609 2450 ductore

1988 2505 2087 2544 suo
2117 2489 2186 2543 ad
2216 2489 2442 2544 ﬂuvium
2473 2488 2566 2560 qui
2602 2489 2805 2544 dicitur
2846 2489 3055 2543 Vindex
3097 2488 3455 2559 interrogavit
3483 2503 3608 2541 eum

1990 2581 2035 2634 si
2067 2581 2246 2635 adhuc
2274 2581 2461 2635 videre
2494 2581 2766 2651 potuisset
2800 2580 3076 2635 civitatem
3111 2588 3166 2635 et
3193 2578 3610 2634 monasterium.

1994 2669 2237 2740 Cumque
2269 2668 2487 2723 audiret
2528 2670 2585 2723 in
2643 2668 2894 2738 proximo
2925 2667 3095 2723 fuisse
3125 2675 3377 2723 sanctum
3410 2667 3614 2732 locum,

1996 2763 2315 2817 abstrahere
2340 2762 2445 2816 sibi
2480 2760 2606 2817 fecit
2635 2762 2841 2836 caligas
2862 2768 2916 2816 et
2945 2763 3341 2827 calceamenta,
3374 2767 3435 2816 ut
3457 2760 3621 2814 nudis

1998 2850 2129 2905 illuc
2161 2850 2470 2921 perveniret
2511 2849 2751 2920 pedibus
2779 2868 2793 2915 ;
2840 2851 3036 2905 ductor
3065 2860 3248 2905 autem
3273 2851 3414 2921 ejus,
3448 2848 3623 2920 raptis

2000 2943 2387 2999 calceamentis
2416 2950 2470 2998 et
2523 2944 2646 2997 aliis
2680 2944 2846 2998 rebus
2876 2945 3014 3015 ejus,
3067 2944 3267 3000 furtive
3297 2944 3525 3000 recessit
3555 2944 3623 2998 ab

2006 3049 2094 3097 eo,
2128 3035 2221 3106 qui
2252 3034 2530 3089 aestimans
2580 3042 2637 3089 ut
2672 3050 2771 3104 pro
2823 3035 3006 3106 aliqua
3058 3034 3404 3091 necessitatis
3459 3050 3627 3089 causa

2011 3126 2280 3197 oppidum
2315 3126 2467 3195 juxta
2494 3125 2657 3180 situm
2694 3126 2937 3191 intraret,
2971 3133 3026 3181 et
3068 3127 3251 3182 statim
3305 3127 3409 3181 sibi
3441 3126 3496 3180 in
3526 3126 3629 3180 ad-

1959 3254 1982 3276 ,
2006 3215 2267 3285 jutorium
2329 3214 2552 3269 rediret.
2587 3214 2832 3286 Cumque
2886 3215 3001 3269 diu-
3026 3223 3395 3287 exspectaret,
3426 3215 3632 3272 vocife-

1960 3295 1984 3320 λ
2011 3306 2185 3361 rando
2216 3322 2341 3361 eum
2365 3306 2651 3361 nominare
2677 3307 2919 3376 ccepitut
2946 3306 3175 3363 veniret.
3211 3307 3438 3362 [nterim
3459 3296 3627 3363 etiam

2010 3400 2264 3472 quaesivit
2306 3401 2569 3456 zabernas
2611 3407 2665 3455 et
2694 3401 3086 3468 calceamenta,
3138 3408 3334 3457 etnon
3393 3401 3629 3457 invenit.

2011 3488 2163 3544 Tunc
2215 3488 2490 3559 persensit
2518 3505 2548 3543 a
2603 3488 2830 3543 ductore
2875 3505 2975 3544 suo
3002 3505 3062 3544 se
3093 3505 3216 3543 esse
3263 3489 3630 3559 despoliatum

2015 3581 2202 3637 ﬂendo
2243 3588 2295 3637 et
2320 3581 2531 3638 orando
2561 3582 2796 3637 clamare
2822 3581 2990 3652 coepit
3041 3582 3109 3636 ad
3141 3587 3382 3638 sanctam
3413 3581 3633 3638 Mariam

2017 3676 2246 3724 matrem
2304 3668 2549 3735 Domini,
2580 3677 2635 3725 et
2680 3669 2748 3724 ad
2791 3677 3034 3725 sanctam
3067 3660 3268 3737 Afrani,
3302 3677 3358 3726 et
3414 3670 3483 3725 ad
3510 3687 3640 3727 san-

2020 3770 2165 3817 ctum
2201 3760 2539 3828 Udalricum,
2585 3768 2645 3816 ut
2684 3762 2793 3816 sibi
2823 3761 3048 3833 aliquod
3080 3761 3476 3817 consolationis
3506 3778 3642 3833 sup-

2022 3852 2363 3923 plementum
2394 3851 2662 3908 eveniret.
2693 3852 2754 3906 In
2785 3852 2888 3907 hac
2916 3868 3042 3907 cum
3074 3851 3297 3921 prolixae
3324 3850 3644 3908 atﬂictionis

2027 3939 2380 3995 tribulatione
2433 3938 2756 4006 laboraret,
2807 3939 2992 3995 subito
3051 3939 3301 4012 ignotum
3354 3941 3646 4010 conspexit

2026 4030 2203 4087 oculis
2232 4030 2441 4097 lumen,
2477 4039 2532 4085 et
2563 4030 2745 4085 statim
2777 4029 3056 4086 crucicula
3083 4030 3153 4085 de
3176 4029 3475 4085 viminibus
3504 4029 3647 4086 facta

2028 4122 2283 4178 eumdem
2343 4121 2628 4177 denotavit
2665 4121 2873 4189 locum,
2934 4128 2988 4177 et
3019 4129 3148 4177 tunc
3177 4122 3337 4177 laetus
3378 4121 3648 4177 destinata

2029 4210 2429 4277 visitavitloca,
2461 4209 2666 4283 gratias
2688 4210 3059 4281 omnipotenti
3082 4211 3194 4266 Deo
3225 4218 3281 4265 et
3303 4210 3507 4265 sanctis
3534 4210 3653 4279 ejus

2032 4322 2204 4381 agens
2235 4321 2335 4376 pro
2368 4304 2724 4377 perceptione
2758 4305 3014 4372 luminis;
3057 4305 3206 4360 cives
3236 4311 3420 4359 autem
3453 4303 3524 4359 de
3556 4304 3660 4358 llo-

2034 4394 2304 4449 varcliusa
2329 4393 2385 4447 in
2425 4392 2623 4448 eodem
2653 4394 2774 4449 loco
2802 4393 2897 4448 ubi
2934 4393 3267 4449 cruciculam
3300 4398 3657 4449 monstratam

2037 4486 2388 4550 invenerunt,
2421 4484 2685 4556 majorem
2736 4502 2955 4541 crucem
3006 4502 3103 4557 pro
3132 4486 3293 4559 signo
3334 4493 3657 4556 posuerunt.

2105 4576 2257 4631 XXV.
2307 4578 2553 4643 Quodam
2612 4583 2862 4649 tempore
2935 4594 3061 4633 cum
3122 4577 3362 4649 populus
3418 4584 3666 4634 curreret

2039 4670 2287 4741 undique
2316 4670 2384 4725 ad
2428 4671 2725 4745 Augustam
2775 4671 2832 4724 in
2877 4671 3064 4743 vigilia
3117 4671 3420 4727 nativitatis
3461 4679 3666 4726 sanctze

2042 4759 2243 4824 Mariae,
2277 4767 2339 4813 ut
2366 4766 2617 4814 sanctum
2642 4758 2791 4813 diem
2832 4757 2908 4812 ibi
2936 4759 3260 4815 solemniter
3300 4758 3668 4825 celebrarent,

2044 4851 2297 4923 quaedam
2316 4850 2519 4906 mulier
2547 4850 2693 4905 inter
2721 4848 2861 4905 alios
2882 4866 3006 4905 cum
3047 4851 3282 4922 puerulo
3307 4867 3409 4908 suo
3442 4851 3670 4923 parvulo

2049 4940 2261 4996 studuit
2286 4945 2341 4994 et
2378 4939 2508 4994 illuc
2535 4938 2748 5005 venire,
2778 4945 2839 4994 ut
2869 4938 3021 4993 illum
3053 4940 3121 4994 ad
3145 4940 3463 5011 sepulcrum
3494 4940 3669 4997 sancti

2053 5032 2289 5087 Udalrici
2318 5047 2443 5087 cum
2470 5030 2846 5087 oblationibus
2873 5030 2951 5085 ibi
2975 5031 3424 5102 praeponderaret
3454 5049 3554 5103 pro
3572 5048 3673 5087 sua

2052 5121 2339 5193 sospitate.
2390 5120 2634 5192 Cumque
2665 5136 2834 5190 super
2863 5128 3088 5191 pontem
3120 5120 3365 5176 Vindicis
3406 5127 3674 5192 carpento

2052 5211 2466 5284 superpositum
2499 5210 2792 5282 puerulum
2831 5226 2956 5266 cum
2984 5210 3106 5266 aliis
3143 5209 3311 5265 rebus
3338 5210 3550 5268 ducere
3578 5226 3680 5268 v0-

2055 5305 2266 5371 luisset,
2323 5319 2422 5374 pro
2453 5302 2833 5375 inaequalitate
2870 5302 3058 5373 pontis
3095 5307 3356 5373 carpento
3393 5301 3679 5366 inclinato,

2059 5395 2322 5468 puerulus
2379 5394 2582 5450 cecidit
2629 5394 2685 5448 in
2734 5410 2976 5461 amnem,
3018 5393 3113 5466 qui
3146 5408 3243 5464 pro
3294 5393 3465 5448 nimia
3496 5392 3684 5449 illuvie

2059 5485 2419 5541 vehementer
2441 5484 2708 5550 elevatus,
2731 5482 3008 5538 universis
3027 5498 3196 5552 super
3217 5497 3344 5537 eum
3370 5480 3684 5537 meantibus

2069 5577 2294 5633 exitium
2344 5576 2636 5631 minitavit.
2697 5574 2942 5647 Cumque
3020 5581 3194 5629 mater
3246 5574 3556 5631 tristissima
3630 5574 3686 5628 in

342 5679 622 5744 quaereret
649 5677 704 5728 et
734 5687 848 5727 non
888 5671 1183 5738 inveniret,
1216 5669 1508 5725 consilium
1562 5668 1778 5739 accepit
1818 5676 1876 5723 ut
1900 5669 1968 5723 ad
2072 5656 2376 5737 perniciem
2411 5664 2496 5721 sui
2525 5664 2579 5719 in
2612 5680 2829 5719 amnem
2855 5671 2977 5734 post
3004 5680 3235 5735 puerum
3259 5664 3460 5721 cadere
3486 5663 3693 5720 voluis-

341 5759 667 5829 sepulcrum
715 5759 889 5814 sancti
957 5758 1210 5830 episcopi
1259 5755 1498 5813 Udalrici
1544 5756 1792 5825 veniret;
1820 5756 1969 5829 quod

416 5858 530 5929 (65)
569 5858 817 5916 Polonos
840 5857 1116 5936 signiﬁcat

653 5987 888 6050 Pyrno
904 6004 966 6050 L.
1022 5987 1358 6052 CXXXV.

2071 5765 2177 5827 set,
2208 5764 2264 5813 et
2300 5756 2390 5815 vix
2418 5771 2450 5811 a
2477 5754 2965 5811 circumstantibus
3014 5756 3420 5826 comprehensa
3475 5761 3693 5812 tenere-

3323 5986 3401 6049 34
