3924 6402
316 406 454 465 ’1067
1389 388 1445 441 S.
1488 380 1797 439 UDALBICI
1837 371 2211 432 AUGUSTANI
2254 374 2571 430 EPISCOPI.
3517 376 3660 433 1063

317 548 422 609 tur,
455 535 650 609 populi
675 535 733 589 in
749 538 981 602 utraque
1011 532 1164 599 parte
1191 518 1438 578 ﬂuminis
1468 517 1526 571 in
1556 514 1674 584 ripa
1701 510 1933 609 festina-
1958 512 2011 579 Α
2034 513 2245 609 gpstam
2277 506 2553 607 civitatem
2584 521 2748 561 causa
2761 507 3030 563 orationis
3053 508 3368 580 ,quemdam
3395 508 3655 563 claudum

317 596 618 687 ver’untlin
647 596 981 696 adjutorium
1012 596 1283 672 infantis.
1322 609 1424 677 Qni
1472 623 1595 663 cum
1647 621 1676 659 a
1708 600 1934 657 nemine
2035 596 2533 696 eleemosynarium
2569 599 2833 669 praecepit
2858 599 3109 654 comitari
3134 616 3357 666 secum;
3387 599 3547 670 cujus
3562 615 3657 653 ca-

318 738 509 779 eorum
560 687 804 788 adjuvari
864 712 1156 784 potuisset,
1212 703 1443 760 ﬂumine
1495 699 1819 754 submersus
1866 690 1935 745 ab
2037 687 2244 787 ballum
2275 688 2493 743 duobus
2514 690 2780 745 ministris
2810 692 2926 745 suis
2955 692 3460 758 commendavit,ut
3482 691 3658 763 pedes

317 812 496 869 oculis
526 785 770 864 omnium
804 800 1203 858 occultabatur.
1251 793 1434 848 Mater-
1451 795 1635 844 autem
1664 785 1733 839 ab
1771 795 1936 837 amne

316 909 368 965 vi
401 907 655 968 abducta,
694 909 748 957 et
796 906 1065 972 quantum
1097 890 1362 965 possibile
1420 885 1523 941 fuit
1552 878 1931 938 consolatione

318 1008 560 1073 recepta,

319 1061 565 1145 mreDei
623 1081 907 1157 genitricis
969 1077 1146 1133 Mariae
1214 1070 1489 1143 imprimis
1557 1061 1830 1137 quaesivit,
1880 1064 1936 1112 et

320 1189 512 1255 postea
540 1179 610 1235 ad
625 1150 956 1248 (sepulcrum
991 1169 1165 1226 sancti
1200 1163 1437 1221 Udalrici
1469 1176 1594 1216 cum
1637 1150 1937 1255 oblationi—

319 1244 425 1331 bus
449 1288 588 1346 quas
611 1244 773 1325 antea
830 1281 930 1337 pro
972 1262 1237 1334 sospitate
1279 1255 1377 1311 filii
1422 1253 1507 1309 sui
1559 1251 1691 1306 illuc
1721 1244 1937 1301 deferre

320 1339 589 1430 decrevit,
634 1369 689 1418 et
744 1375 839 1415 eas
898 1372 1000 1429 pro
1055 1351 1249 1424 requie
1292 1348 1489 1404 animae
1549 1339 1763 1415 pueruli
1814 1352 1937 1393 cum

320 1460 467 1515 bona
496 1455 608 1511 fide
661 1451 905 1509 donavit.
946 1444 1210 1518 Sequenti
1256 1455 1388 1497 vero
1417 1443 1578 1493 nocte
1632 1448 1754 1488 cum
1783 1430 1939 1485 triste

323 1565 525 1621 corpus
554 1543 806 1602 mulieris
835 1556 1003 1611 sopor
1032 1540 1350 1606 occuparet,
1388 1529 1611 1601 quidam
1656 1524 1813 1578 valde
1857 1537 1943 1576 ve-

324 1615 593 1698 nerabilis
612 1652 801 1702 senex,
820 1634 874 1688 in
903 1630 1105 1687 vestitu
1131 1622 1457 1698 epise0pali,
1482 1616 1826 1691 apparuitei,
1846 1615 1940 1669 di-

324 1747 489 1787 cens:
511 1750 533 1780 α
552 1725 790 1782 Paenitet
804 1739 874 1778 ne
892 1728 968 1786 te,
984 1717 1204 1782 mulier,
1218 1713 1377 1769 valde
1395 1707 1702 1765 infantulus
1721 1712 1844 1759 tuus
1858 1703 1886 1756 τ
1908 1722 1933 1752 ι)

325 1823 454 1887 Quae
478 1816 799 1889 respondit:
839 1833 863 1865 α
895 1810 1093 1875 Etiam,
1115 1805 1361 1861 domine.
1399 1826 1423 1852 ι»
1458 1798 1691 1855 Cuiille:
1725 1819 1751 1846 α
1785 1795 1940 1889 Mane

325 1883 591 1973 diliculo;
610 1902 814 1975 inquit,
845 1900 984 1957 vade
1013 1897 1083 1953 ad
1122 1895 1374 1954 ﬂuvium.
1403 1899 1459 1947 et
1480 1888 1575 1994 ubi
1605 1883 1940 1986 ultimaviee
1966 1923 2018 1994 Β

325 2000 383 2055 ἱη
410 2013 571 2054 amne
600 1994 902 2057 videretur,
932 2002 1117 2060 quaere
1138 2001 1262 2040 eum
1296 1982 1351 2036 in
1377 1981 1496 2051 ripa
1521 1975 1768 2032 ﬂuminis
1798 1974 1943 2028 inter

325 2088 568 2143 frutices.
603 2104 627 2135 ι)
667 2084 795 2147 Quae
825 2075 1211 2151 expergefacta
1242 2080 1538 2127 venturum
1570 2081 1690 2121 cras
1727 2064 1815 2119 vix
1843 2079 1942 2117 ex-

324 2189 585 2256 spectans
615 2194 739 2234 eum
763 2171 1151 2245 adjuvantibus
1176 2167 1284 2222 sibi
1311 2166 1485 2236 ripam
1521 2160 1765 2216 fluminis
1786 2158 1942 2222 adiit,

327 2255 382 2332 et
431 2272 737 2329 secundum
795 2267 1022 2323 verbum
1085 2260 1259 2317 sancti
1310 2257 1412 2313 viri
1460 2255 1723 2310 infantem
1783 2269 1945 2308 suum

326 2381 519 2423 sanum
576 2368 632 2417 et
706 2357 1039 2413 incolumem
1098 2348 1330 2405 invenit.
1393 2346 1542 2401 Tunc
1594 2344 1717 2398 laeta
1776 2344 1943 2397 Deum

327 2458 562 2526 laudans
591 2452 776 2519 rediit,
827 2455 883 2504 et
916 2462 1031 2503 rem
1062 2450 1271 2520 gestam
1303 2440 1360 2495 in
1408 2437 1628 2495 civitate
1661 2443 1716 2491 et
1740 2435 1946 2506 ubique

327 2544 596 2604 recitavit.

398 2657 576 2714 XXVI.
610 2653 842 2720 Quidam
871 2665 1001 2705 vero
1046 2648 1213 2703 homo
1253 2644 1403 2715 juxta
1430 2639 1765 2704 Danubium,
1821 2652 1945 2692 cum

325 2759 558 2807 cunctus
588 2746 827 2820 populus
856 2759 955 2798 sua
984 2746 1182 2811 sponte
1223 2735 1533 2792 natalitium
1562 2731 1735 2787 sancti
1784 2730 1949 2784 Udal-

324 2842 424 2899 rici
450 2839 783 2897 solemniter
812 2834 1138 2898 celebraret,
1164 2830 1350 2885 fenum
1386 2843 1508 2882 cum
1537 2823 1772 2880 rastellis
1799 2838 1943 2878 con-

323 2930 572 3005 gregavit
600 2929 656 2982 in
687 2924 960 2988 cumulos,
994 2922 1139 2976 diem
1191 2924 1442 2973 sanctum
1472 2912 1810 2986 spernendo.
1845 2910 1943 2976 Qui

324 3001 455 3079 eum»
495 3022 667 3076 altera
692 3019 785 3073 die
815 3031 938 3071 cum
977 3010 1237 3085 plaustris
1260 3008 1492 3071 veniret,
1534 3013 1594 3061 ut
1633 3005 1739 3059 hoc
1769 3003 1824 3057 in
1856 3001 1941 3056 fe-

321 3114 535 3168 narium
566 3125 726 3165 suum
771 3106 1021 3166 duceret,
1072 3100 1313 3155 exterius
1358 3097 1655 3152 formosum
1694 3092 1942 3156 invenit;

322 3222 446 3261 cum
473 3210 657 3259 autem
685 3198 899 3254 bibenti
925 3196 1076 3267 ligno
1117 3192 1351 3248 interius
1381 3194 1652 3262 tangeret,
1684 3193 1855 3242 totum
1891 3185 1945 3240 in

323 3298 535 3353 favillas
584 3295 928 3348 immutatum
964 3287 1197 3350 invenit.
1229 3293 1284 3341 et
1312 3286 1459 3340 diem
1507 3289 1758 3337 sanctum
1784 3296 1948 3353 quem

324 3394 487 3442 antea
543 3383 822 3438 celebrare
870 3379 1068 3445 noluit,
1126 3383 1316 3448 postea
1393 3389 1504 3445 prae
1575 3371 1771 3427 timore
1828 3385 1956 3425 con-

330 3488 576 3534 temnere
609 3491 724 3529 non
758 3471 1017 3528 audebat.

399 3591 604 3648 XXVII.
662 3589 865 3645 Eodem
922 3602 1053 3643 vero
1112 3593 1360 3655 tempore
1419 3581 1618 3638 ancilla
1666 3580 1954 3652 cujusdam

331 3689 620 3745 matronae,
655 3678 877 3734 Cerbirc
923 3675 1039 3749 [al.,
1074 3672 1355 3744 Gerbirch]
1401 3677 1753 3742 nuncupatze.
1787 3669 1954 3723 telum

331 3789 513 3837 suum,
542 3772 672 3825 dum
706 3770 761 3824 in
792 3766 1029 3823 texendo
1070 3764 1369 3829 laboraret,
1410 3760 1629 3816 subitus
1659 3758 1818 3814 dolor
1850 3772 1959 3812 cae-

331 3865 411 3936 pit
457 3862 781 3919 contrahere
826 3873 1023 3914 manus
1054 3856 1207 3925 ejus;
1257 3853 1405 3926 quod
1438 3868 1562 3907 cum
1603 3847 1957 3905 lamentando

333 3961 456 4016 aliis
468 3960 698 4023 diceret,
717 3956 1122 4029 reSponderunt
1141 3952 1190 4007 ei
1212 3970 1225 4006 :
1262 3973 1280 3999 σ
1308 3952 1533 4021 Depone
1548 3945 1715 4003 texile
1732 3945 1954 4009 ferrum,

336 4054 464 4127 quia
490 4067 590 4124 pro
610 4058 764 4107 reatu
783 4047 1037 4104 hodierni
1055 4045 1238 4116 operis
1260 4044 1351 4097 hic
1369 4041 1527 4097 labor
1543 4041 1643 4094 tibi
1660 4037 1904 4101 accedit;
1929 4061 1953 4083 ››

339 4162 463 4219 quae
490 4146 579 4200 vix
607 4143 865 4199 manibus
905 4140 974 4195 de
1004 4138 1150 4194 ferro
1180 4135 1447 4192 absolutis
1476 4135 1680 4189 lectum
1712 4129 1955 4185 intravit.

340 4236 584 4307 Cumque
641 4233 718 4288 ibi
781 4230 1026 4302 requiem
1088 4244 1198 4282 non
1253 4225 1513 4288 haberet,
1577 4238 1685 4294 prm
1738 4226 1957 4276 contra-

336 4326 515 4381 ctione
565 4338 850 4385 manuum,
883 4333 1166 4375 conserva:
1210 4316 1331 4387 ejus
1359 4314 1753 4369 nuntiaverunt
1778 4311 1960 4367 domi-

338 4429 423 4469 nae
452 4428 599 4467 suae:
632 4411 727 4464 illa
753 4425 881 4463 vero
916 4406 1181 4479 praecepit
1225 4411 1283 4459 ut
1311 4420 1472 4458 mane
1502 4402 1747 4457 diluculo
1797 4401 1961 4456 duce-

337 4513 487 4557 retur
512 4516 612 4572 pro
644 4498 971 4553 liberatione
1001 4512 1101 4550 sua
1131 4495 1197 4549 ad
1231 4492 1546 4563 sepulcrum
1581 4490 1759 4546 sancti
1783 4490 1954 4545 Udal-

338 4592 459 4647 rici.
497 4592 741 4661 Cumque
775 4589 829 4642 in
860 4587 1060 4642 itinere
1100 4586 1258 4640 lassae
1312 4584 1455 4639 circa
1492 4583 1682 4638 horam
1751 4597 1954 4636 nonam
1983 4560 2035 4628 D

341 4683 399 4737 in
429 4681 662 4753 planitie
691 4676 1028 4733 Leehfeldiei
1070 4674 1248 4745 campi
1283 4673 1350 4728 ad
1382 4671 1684 4728 reficienda
1730 4686 1962 4742 corpora

341 4777 749 4840 consedissent,
780 4772 937 4828 dolor
979 4770 1149 4841 C(Bpit
1186 4768 1360 4823 minui
1394 4768 1448 4822 in
1505 4767 1765 4821 manibus
1796 4766 1958 4820 labo-

341 4866 535 4933 rantis,
565 4865 638 4918 ita
669 4871 728 4917 ut
753 4870 1050 4932 antequam
1081 4859 1152 4914 de
1182 4858 1303 4927 ipso
1335 4856 1454 4912 loco
1486 4862 1796 4928 surgerent,
1836 4854 1961 4909 usui

342 4958 546 5030 prioris
573 4954 919 5012 rectitudinis
937 4952 1319 5007 redderentur.
1348 4950 1476 5015 Quae
1507 4956 1638 5004 tunc
1670 4950 1805 5003 laeta:
1834 4965 1963 5019 per-

335 5056 610 5103 venerunt
660 5046 728 5100 ad
763 5032 1212 5115 praedestinatum
1243 5040 1448 5106 locum,
1480 5046 1535 5094 et
1575 5039 1702 5093 inde
1731 5038 1787 5092 iu
1827 5038 1961 5094 civi-

340 5147 506 5195 tatem
535 5139 604 5194 ad
635 5136 926 5194 ecclesiam
959 5143 1162 5191 sanctae
1183 5133 1364 5188 Mariae
1391 5130 1677 5205 genitricis
1693 5131 1810 5185 Dei.
1837 5132 1965 5186 Post

339 5247 629 5302 vesperam
671 5228 981 5296 venientes,
1015 5228 1153 5294 haec,
1200 5223 1361 5281 sicuti
1410 5228 1564 5297 gesta
1609 5229 1758 5289 sunt,
1799 5222 1964 5279 nobis

343 5326 829 5389 annuntiaverunt,
863 5330 917 5379 et
948 5324 1088 5378 laetae
1111 5321 1179 5377 ad
1217 5320 1440 5392 propria
1470 5318 1776 5375 redierunt.

418 5449 641 5504 XXVIII.
676 5449 887 5506 Nobilis
928 5451 1181 5522 quaedam
1222 5456 1473 5505 matrona
1501 5450 1570 5505 de
1605 5449 1962 5523 Burgundio-

347 5556 480 5598 num
526 5545 833 5614 provincia,
892 5547 1021 5602 dum
1071 5544 1408 5603 decrevisset
1457 5560 1694 5621 pergere
1732 5545 1802 5600 ad
1848 5545 1963 5601 Au-

2037 777 2176 847 ejus,
2218 779 2378 833 sicuti
2437 795 2555 834 mos
2612 789 2667 835 et
2721 782 3106 856 pergentibus,
3160 781 3305 837 ferro
3352 781 3656 837 munirent.

2038 871 2138 936 Qui
2173 872 2551 927 fraudulenter
2588 872 2761 942 pedes
2806 873 3004 927 caballi
3036 889 3161 928 cum
3194 873 3363 929 clavis
3396 874 3662 928 vulnera-

589 961 773 1053 tlendo
804 961 859 1050 et
897 961 1250 1047 lamentando
1281 979 1613 1053 adjutorium
1646 969 1935 1029 sanctissi-
2033 969 2254 1023 verunt,
2288 977 2356 1015 ne
2388 961 2601 1016 delator
2626 976 2818 1016 eorum
2850 962 2905 1016 in
2935 963 3133 1018 itinere
3173 971 3394 1018 actuum
3426 978 3657 1018 suorum

2038 1070 2137 1124 pro
2168 1053 2433 1108 fidelitate
2464 1054 2706 1108 dominae
2735 1070 2869 1123 suae,
2892 1055 3037 1111 sicut
3068 1056 3261 1111 solitus
3285 1064 3424 1119 erat,
3455 1071 3658 1110 mane-

2040 1154 2140 1200 ret.
2174 1145 2549 1217 Dixeruntque
2579 1147 2807 1201 claudo:
2856 1168 2876 1197 ι
2915 1147 3166 1203 Caballus
3196 1157 3323 1203 tuus
3360 1148 3658 1215 claudicat,

2039 1236 2342 1299 etﬁideohic
2371 1243 2423 1291 te
2447 1253 2672 1293 necesse
2700 1245 2785 1293 est
2803 1255 3111 1294 remanere.
3144 1261 3171 1289 υ
3200 1239 3408 1305 Quibus
3427 1239 3664 1294 claudus

2040 1326 2383 1397 respondens
2406 1327 2577 1382 dixit:
2609 1329 2867 1394 Quamvis
2888 1330 3136 1385 caballus
3156 1331 3451 1399 claudicet,
3473 1338 3663 1385 tamen

2042 1433 2152 1473 non
2186 1419 2475 1474 consentio
2516 1419 2606 1474 hic
2634 1436 2723 1476 me
2766 1436 3079 1490 remanere;
3139 1423 3231 1495 qui
3265 1424 3451 1479 omnia
3482 1428 3669 1493 potest

2044 1510 2186 1565 Deus
2203 1511 2581 1581 omnipotens,
2606 1513 2771 1573 etiam
2794 1528 2881 1568 me
2899 1514 3064 1582 valet,
3084 1514 3227 1569 sicut
3243 1514 3350 1568 sibi
3375 1515 3578 1585 placet,
3593 1514 3665 1568 ad

2044 1605 2161 1660 loca
2183 1605 2486 1675 perducere
2517 1606 2811 1663 destinata.
2845 1608 3089 1679 Cumque
3119 1625 3244 1663 cum
3275 1608 3401 1663 aliis
3424 1624 3665 1681 pergere

2044 1696 2325 1767 ccepisset,
2348 1712 2484 1753 sano
2502 1705 2558 1752 et
2587 1705 2715 1769 apto
2732 1698 2946 1755 caballo
2969 1700 3037 1754 ad
3066 1702 3361 1772 Augustam
3386 1699 3665 1770 pervenit.

2044 1783 2284 1856 Cumque
2326 1784 2402 1839 ibi
2434 1786 2502 1839 ad
2542 1786 2856 1856 sepulcrum
2908 1789 3084 1844 sancti
3124 1788 3362 1845 Udalrici
3403 1788 3665 1843 devotam

2046 1880 2354 1935 orationem
2414 1881 2786 1953 prolongaret,
2820 1891 2876 1939 et
2921 1883 3077 1940 ﬁrma
3108 1884 3216 1940 ﬁde
3251 1900 3348 1956 pro
3393 1884 3669 1955 sospitate

2045 1986 2146 2025 sua
2187 1970 2534 2025 clementiam
2577 1972 2671 2026 Dei
2727 1973 3065 2043 imploraret,
3098 1974 3155 2028 in
3187 1974 3484 2045 praesentia
3523 1973 3674 2027 mul-

2049 2071 2226 2118 lorum
2277 2063 2497 2119 sanitati
2553 2065 2803 2120 redditus
2848 2075 2952 2122 est.
3013 2067 3120 2124 Hoc
3165 2069 3419 2124 videntes
3448 2068 3671 2139 praefati

2047 2154 2302 2209 homines
2328 2155 2423 2226 qui
2446 2155 2717 2227 impedire
2747 2157 2853 2213 iter
2878 2159 2998 2227 ejus
3019 2159 3075 2214 in
3106 2160 3323 2217 caballo
3350 2160 3673 2227 voluerunt,

2048 2243 2367 2298 ceciderunt
2423 2251 2759 2313 terratenus,
2818 2247 3149 2305 confitentes
3222 2250 3441 2306 clericis
3502 2258 3677 2306 caete~

2049 2335 2235 2406 risque
2267 2335 2361 2407 qui
2396 2337 2453 2391 in
2485 2339 2780 2408 praesentia
2809 2340 3037 2396 aderant
3069 2341 3273 2397 delicta
3300 2358 3421 2409 sua,
3450 2342 3673 2398 veniam

2050 2423 2416 2495 postulantes,
2457 2426 2607 2497 quod
2635 2443 2761 2482 eum
2789 2429 3047 2485 claudum
3079 2430 3350 2502 impedire
3374 2431 3681 2487 voluerunt

2049 2530 2119 2569 ne
2164 2516 2483 2586 perveniret
2524 2518 2594 2573 ad
2642 2519 2847 2587 locum,
2888 2520 2983 2576 ubi
3028 2521 3296 2577 Dominus
3335 2538 3433 2593 per
3477 2523 3683 2577 merita

2047 2609 2222 2664 sancti
2264 2610 2504 2666 Udelrici
2536 2628 2662 2668 eum
2697 2630 2891 2670 sanare
2919 2615 3179 2688 dignatus
3209 2624 3295 2671 est
3353 2616 3412 2671 Et
3443 2625 3680 2688 accepta

2050 2703 2378 2773 paenitentia
2420 2706 2595 2761 secuti
2655 2714 2787 2763 sunt
2841 2708 3097 2765 claudum
3158 2716 3407 2765 sanatum
3447 2724 3677 2765 crucem

2049 2801 2380 2864 portantem,
2413 2802 2643 2868 uterque
2673 2814 2860 2853 saxum
2892 2806 3058 2855 tantae
3101 2798 3503 2873 magnitudinis
3538 2815 3679 2871 por-

2048 2897 2169 2943 tans
2192 2898 2457 2960 quantum
2492 2893 2671 2949 levare
2697 2895 2893 2965 potuit,
2927 2913 3105 2968 usque
3136 2897 3191 2951 in
3221 2896 3518 2952 ecclesiam
3541 2912 3683 2951 san-

2046 2987 2146 3034 ctae
2187 2982 2281 3035 Dei
2314 2983 2606 3040 Genitricis
2649 2986 2850 3052 Mariae,
2892 3004 3017 3059 qua}
3048 2996 3131 3044 est
3168 2989 3275 3044 sita
3306 2988 3361 3043 in
3416 2988 3681 3054 civitate;

2046 3068 2235 3141 ibique
2270 3080 2496 3142 peccata
2526 3090 2624 3130 sua
2676 3077 3120 3133 lamentabantur
3150 3077 3383 3133 multum
3424 3094 3551 3133 cum
3601 3078 3687 3133 la-

2048 3163 2251 3231 crymis
2274 3170 2490 3219 veniam
2541 3168 2901 3237 postulantes.
2938 3168 3181 3241 Cumque
3213 3171 3318 3226 hoc
3357 3170 3578 3244 signum
3623 3172 3683 3227 in

2045 3252 2341 3320 praesentia
2367 3255 2615 3309 omnium
2637 3256 2923 3311 recitatum
2948 3256 3165 3324 fuisset,
3192 3256 3381 3312 clerici
3410 3259 3479 3311 Te
3508 3260 3685 3311 Deum

2056 3342 2345 3397 laudamus
2384 3350 2440 3398 et
2469 3345 2658 3414 populi
2702 3348 2869 3414 Kyrie
2896 3346 3094 3401 eleison
3134 3352 3441 3415 cantantes,
3471 3348 3687 3420 gratias

2056 3437 2112 3484 et
2139 3431 2333 3486 laudes
2364 3433 2474 3488 Deo
2515 3433 2851 3491 referebant.

2127 3520 2302 3575 XXIX.
2339 3521 2569 3586 Quidam
2597 3523 2763 3578 homo
2802 3523 3047 3592 juvenis,
3080 3524 3367 3595 cujusdam
3401 3523 3549 3580 ﬁlius
3582 3542 3689 3583 eo—

2059 3612 2225 3680 mitis,
2252 3620 2403 3667 tanta
2430 3612 2748 3670 inﬁrmitate
2779 3623 2866 3670 est
2896 3616 3177 3682 detentus,
3211 3624 3271 3672 ut
3303 3633 3409 3672 nec
3437 3618 3490 3672 in
3534 3619 3687 3675 lecto

2061 3705 2165 3760 nisi
2197 3705 2266 3760 ab
2297 3706 2419 3761 aliis
2471 3707 2903 3763 adminiculatus
2933 3709 2987 3762 in
3027 3709 3176 3765 aliud
3208 3725 3267 3766 se
3305 3720 3522 3766 vertere
3578 3728 3690 3782 po-

2059 3800 2254 3855 tuisset
2281 3799 2445 3864 latus,
2479 3816 2583 3856 nec
2602 3801 2788 3856 cibum
2818 3802 2994 3857 multo
3025 3809 3273 3874 tempore
3301 3804 3513 3860 valeret
3542 3807 3693 3862 acci-

2060 3906 2213 3961 pere,
2264 3890 2370 3945 nisi
2402 3891 2594 3961 paucis
2646 3890 2849 3946 oblatis
2892 3891 3311 3948 refocillaretur.
3373 3892 3504 3948 Cum
3551 3911 3690 3953 vero

2059 3983 2286 4037 immani
2318 3984 2505 4039 labore
2535 3983 2876 4060 fatigaretur,
2924 4001 2955 4040 a
3000 3983 3264 4041 fidelibus
3302 3986 3420 4042 suis
3450 3987 3508 4042 in
3544 3987 3694 4044 lecto

2059 4073 2129 4127 ad
2158 4072 2476 4144 sepulcrum
2502 4074 2676 4129 sancti
2719 4074 2955 4129 Udalrici
2993 4074 3265 4131 deductus
3304 4085 3407 4142 est,
3442 4076 3693 4133 oblatio-

2061 4167 2227 4223 nibus
2265 4167 2466 4222 oblatis
2513 4167 2943 4239 lacrymabiliter
2980 4169 3057 4223 ibi
3104 4170 3540 4225 miscricordiam
3584 4172 3692 4227 de-

2060 4268 2314 4332 precatus
2339 4273 2441 4314 est.
2478 4259 2722 4332 Cumque
2751 4276 2875 4315 eum
2909 4261 2964 4315 in
2999 4262 3139 4317 lecto
3171 4262 3237 4317 ad
3269 4262 3522 4325 Sanctam
3570 4263 3691 4319 Ma-

2060 4353 2195 4407 riam
2229 4359 2470 4423 portare,
2502 4352 2823 4423 ccepissent,
2848 4353 2905 4407 in
2937 4354 3232 4410 medietate
3263 4356 3365 4410 viae
3388 4354 3560 4426 erepit
3595 4372 3692 4412 ro-

2061 4459 2191 4517 gare
2222 4449 2505 4512 portantes
2534 4449 2592 4496 ut
2622 4443 2996 4512 deponeretur
3026 4443 3093 4498 ad
3128 4443 3553 4499 ambulandum.
3583 4444 3692 4509 Qui

2061 4549 2170 4589 non
2201 4534 2493 4588 credentes
2535 4549 2659 4588 eum
2699 4550 2860 4604 posse
2905 4534 3212 4602 ambulare,
3243 4536 3545 4591 noluerunt
3575 4537 3687 4592 de-

2065 4643 2291 4699 ponere.
2335 4626 2413 4681 Ad
2447 4635 2656 4698 portam
2685 4642 2815 4682 vero
2843 4626 3079 4682 civitatis
3130 4628 3327 4683 iterum
3385 4629 3601 4703 rogavit
3632 4639 3695 4686 ut

2063 4722 2456 4790 deponeretur,
2491 4719 2683 4774 dicens
2711 4735 2771 4774 se
2806 4735 2966 4790 posse
2995 4720 3298 4776 ambulare.
3353 4722 3455 4786 Qui
3487 4722 3691 4778 iterum

2064 4810 2113 4865 ei
2145 4826 2255 4864 non
2299 4817 2723 4863 consenserunt.
2760 4809 2836 4862 Ad
2867 4809 3070 4880 gradus
3108 4826 3239 4865 vero
3279 4810 3400 4864 atrii
3432 4812 3690 4867 ecclesiae

2063 4915 2186 4955 cum
2222 4898 2551 4970 perveniret,
2576 4898 2633 4952 in
2656 4898 2881 4953 nomine
2909 4898 3004 4953 Dei
3033 4899 3455 4969 omnipotentis,
3488 4916 3696 4956 omnes

2064 4990 2120 5043 in
2151 5004 2445 5044 commune
2472 4986 2734 5062 ﬂagitavit
2758 4997 2839 5054 ut,
2862 4988 3116 5059 deposito
3147 4988 3312 5055 lecto,
3338 5004 3464 5044 eum
3488 4989 3692 5045 ambu-

2063 5083 2173 5137 lare
2210 5080 2572 5135 dimitterent.
2607 5079 2715 5149 Ipsi
2748 5086 2932 5135 autem
2978 5079 3034 5133 in
3066 5079 3173 5136 ﬁde
3200 5081 3518 5135 haesitantes
3551 5081 3691 5153 peti-

2064 5172 2202 5227 tioni
2235 5170 2356 5239 ejus
2379 5184 2670 5225 assensum
2701 5184 2814 5224 non
2843 5168 3137 5224 dederunt.
3168 5168 3264 5223 Ille
3297 5176 3479 5224 autem
3511 5179 3571 5224 ut
3597 5186 3691 5226 co-

2065 5263 2257 5339 gnovit
2286 5261 2660 5317 infirmitatem
2686 5260 2755 5316 ab
2786 5276 2854 5317 eo
2883 5276 3004 5316 esse
3054 5270 3385 5331 separatam,
3420 5269 3475 5317 et
3519 5262 3689 5318 virtu-

2066 5368 2172 5416 tem
2204 5367 2341 5414 nutu
2366 5358 2462 5412 Dei
2488 5372 2836 5422 concessam,
2869 5355 3110 5411 exsilivit
3130 5356 3199 5409 de
3220 5354 3446 5423 lectulo,
3476 5363 3533 5411 et
3563 5356 3690 5413 inde

2064 5460 2290 5506 strenuo
2327 5465 2520 5523 gressu
2550 5449 2619 5504 ad
2651 5446 2944 5503 ecclesiam
2977 5443 3251 5516 pervenit,
3288 5453 3344 5500 et
3380 5460 3580 5516 sospes
3621 5445 3685 5500 ad

2065 5544 2289 5616 propria
2320 5543 2499 5599 rediit.
