3924 6434
285 368 420 423 1071

1358 371 1414 426 S.
1457 370 1771 426 UDALRICI
1810 374 2183 431 AUGUSTANI
2224 377 2543 435 EPISCOPI.

3494 392 3643 450 1072

284 498 414 580 tavi,
435 504 497 554 ut
532 498 793 580 latentem
813 514 1139 580 sermonem
1161 498 1422 580 omnibus
1452 501 1823 580 pastoralibus
1853 503 2097 580 synodis
2136 506 2486 564 celebrandis
2527 509 2907 580 utilissimum,
2937 520 2994 570 et
3038 515 3285 572 tenebris
3315 527 3536 575 erutum
3566 522 3630 578 in

284 569 819 655 lucemnemitterem.
855 570 1009 655 Quod
1028 570 1417 655 ecclesiasticae
1445 569 1755 655 disciplinae
1784 569 2021 655 faustum
2053 577 2162 655 sit;
2195 580 2502 655 eritque_u_t
2527 597 2714 655 Spero,
2756 584 2801 636 si
2834 569 2929 655 qui
2956 569 3010 640 in
3045 569 3634 648 sortemvac-m'iniste;

284 641 427 696 rium
461 642 675 722 Domini
708 642 1113 722 c00ptatisunt,
1155 642 1272 696 haec
1304 651 1413 696 tam
1445 641 1707 722 salutaria
1738 645 1949 722 monita
1980 645 2035 699 in
2060 646 2284 722 intimas
2315 641 2585 706 medullas
2609 641 2922 722 demittant,
2956 666 3015 711 ut
3043 641 3112 712 ad
3136 641 3325 714 eorum

3372 666 3631 731 praescri-

284 722 461 796 ptum,
492 714 679 796 vitam,
710 708 992 796 moresaet
1006 712 1257 796 actiones
1275 728 1408 796 suas
1430 714 1775 795 conformare
1792 708 2232 796 studeant.'Cum
2257 724 2537 796 incertum
2596 725 2665 779 sit
2704 708 2876 796 quoto
2889 708 3630 790 ‘in—xioEiiiiJéi'riEJiﬁfiSi-

285 793 372 839 tus
398 783 583 852 fuerit,
617 783 898 855 praefixum
920 784 1079 840 initio
1118 785 1308 855 scripti
1336 785 1462 839 libri
1495 801 1701 840 annum
1722 787 2075 843 retinendum
2107 806 2227 846 esse
2249 792 2513 861 judicavi.

351 984 561 1041 Fratres
592 983 911 1078 presbyteri
963 991 1018 1041 et
1063 984 1381 1078 sacerdotes
1419 986 1656 1078 Domini,
1689 1001 1898 1078 coope-
1926 989 1977 1057 Α
2002 989 2221 1065 signum
2249 995 2289 1061 -ι-
2310 1001 2456 1078 recte
2477 994 2657 1052 facere
2678 996 2897 1053 studete
2926 1015 2941 1052 :
2973 1014 3084 1056 non
3111 1000 3261 1056 enim
3289 1003 3448 1060 aliter
3466 1008 3632 1078 quid-

279 1083 487 1131 ratores
512 1076 685 1132 nostri
734 1076 947 1132 ordinis
1001 1078 1153 1133 estis.
1211 1077 1320 1133 Nos
1360 1077 1610 1151 quidem,
1644 1077 1895 1150 quamvis

278 1169 513 1243 indigni,
549 1168 729 1224 locum
779 1169 959 1225 Aaron
1006 1178 1281 1235 tenemus,
1313 1185 1413 1226 vos
1435 1171 1617 1226 locum
1652 1170 1893 1226 Eleazari

275 1273 331 1321 et
362 1265 670 1320 lthamaris.
704 1263 813 1320 Nos
834 1264 954 1321 vice
985 1265 1278 1321 duodecim
1294 1267 1673 1337 apostolorum
1706 1266 1895 1341 fungi-

274 1371 420 1422 mur,
441 1370 539 1410 vos
567 1354 637 1409 ad
660 1353 892 1411 formam
921 1356 1273 1430 septuaginta
1302 1356 1704 1427 discipulorum
1733 1356 1889 1411 estis.

274 1446 383 1501 Nos
416 1453 662 1517 pastores
692 1448 861 1504 vestri
909 1464 1121 1515 sumus,
1171 1464 1272 1505 vos
1303 1457 1551 1519 pastores
1582 1449 1892 1503 animarum

270 1538 431 1594 vobis
469 1539 909 1595 commissarum.
945 1540 1053 1596 Nos
1082 1540 1152 1595 de
1181 1540 1340 1596 vobis
1370 1541 1641 1596 rationem
1696 1541 1892 1596 reddi-

272 1626 375 1682 turi
395 1643 586 1681 sumus
611 1643 833 1682 summo
856 1628 1063 1698 pastori
1087 1628 1320 1684 Domino
1345 1629 1479 1684 Jesu
1513 1627 1746 1696 Christo,
1794 1645 1892 1685 vos

271 1720 342 1775 de
374 1721 632 1792 plebibus
661 1721 819 1776 vobis
874 1721 1209 1779 commissis.
1266 1722 1329 1777 Et
1375 1722 1523 1790 ideo,
1558 1723 1888 1791 charissimi,

268 1811 448 1868 videte
480 1813 788 1885 periculum
813 1820 1074 1870 vestrum.
1137 1814 1510 1870 Admonemus
1531 1821 1586 1870 et
1621 1814 1888 1871 obsecra-

268 1925 393 1964 mus
418 1909 817 1965 fraternitatem
871 1917 1132 1978 vestram,
1190 1918 1250 1967 ut
1295 1912 1365 1967 de
1399 1911 1679 1967 communi
1711 1911 1889 1968 salute

267 2011 449 2056 vestra
473 2002 781 2076 cogitantes
836 2002 1122 2069 attentius,
1175 2002 1412 2058 audiatis
1451 2002 1889 2059 admonitionem

269 2100 513 2149 nostram
548 2111 563 2160 ;
599 2100 654 2149 et
683 2110 806 2165 qua}
834 2094 993 2149 vobis
1021 2095 1394 2170 suggerimus,
1425 2094 1710 2151 memoriae
1736 2110 1890 2150 com-

267 2185 563 2251 mendetis,
584 2194 639 2240 et
666 2201 837 2256 opere
865 2200 1125 2240 exercere
1165 2185 1456 2240 studeatis.

340 2276 396 2332 In
414 2276 606 2347 primis
637 2276 1003 2331 admonemus
1029 2281 1089 2331 ut
1108 2274 1220 2331 vita
1246 2282 1300 2331 et
1325 2276 1673 2331 conversatio
1709 2282 1891 2331 vestra

266 2366 777 2437 irreprehensibilis
803 2366 894 2432 sit,
927 2365 1142 2420 scilicet
1172 2372 1233 2421 ut
1248 2365 1389 2421 cella
1434 2376 1617 2423 vestra
1640 2367 1712 2422 sit
1736 2368 1891 2437 juxta

265 2460 574 2527 ecclesiam,
618 2466 673 2515 et
739 2459 793 2514 in
823 2475 888 2515 ea
943 2458 1182 2514 feminas
1239 2474 1350 2515 non
1408 2459 1676 2515 habeatis.
1731 2460 1888 2515 Omni

265 2561 427 2610 nocte
457 2554 526 2610 ad
561 2560 832 2610 nocturna
887 2553 1117 2626 surgite.
1179 2552 1405 2624 Cursum
1446 2562 1689 2609 vestrum
1721 2554 1890 2610 certis

263 2649 415 2706 horis
467 2650 779 2705 decantate.
833 2648 1120 2703 Missarum
1177 2647 1585 2704 celebrationes
1623 2648 1882 2724 religiose

263 2741 531 2816 peragite.
564 2740 777 2811 Corpus
802 2744 858 2794 et
883 2738 1211 2812 sanguinem
1254 2754 1380 2793 cum
1420 2739 1615 2794 timore
1647 2748 1703 2794 et
1725 2756 1884 2795 reve-

262 2831 437 2886 rentia
453 2830 678 2886 sumite.
716 2829 866 2885 Vasa
908 2837 1099 2885 sancta
1116 2830 1356 2901 propriis
1384 2830 1645 2885 manibus
1674 2831 1880 2886 abluite

260 2928 315 2975 et
362 2919 681 2993 abstergite.
739 2918 932 2973 Nullus
984 2926 1170 2974 cantet
1198 2919 1447 2984 missam,
1495 2919 1601 2973 nisi
1628 2920 1877 2989 jejunus.

259 3009 452 3064 Nullus
489 3017 695 3076 cantet,
745 3008 840 3079 qui
872 3024 983 3063 non
1040 3008 1431 3063 communicet.
1466 3008 1656 3063 Nullus
1698 3015 1881 3064 cantet

260 3101 382 3156 sine
405 3100 631 3168 amictu,
695 3100 839 3161 alba,
890 3100 1050 3167 stola,
1108 3099 1331 3167 fanone,
1391 3099 1629 3170 planeta.
1671 3100 1733 3155 Et
1765 3101 1881 3155 haec

258 3197 591 3252 vestimenta
630 3195 809 3252 nitida
850 3195 981 3263 sint,
1011 3203 1065 3251 et
1106 3196 1175 3251 ad
1216 3196 1398 3251 nullos
1422 3196 1559 3252 alios
1584 3212 1718 3251 usus
1744 3196 1874 3252 sint.

258 3285 448 3342 Nullus
475 3302 599 3341 cum
617 3286 764 3352 alba,
808 3302 917 3357 qua
948 3286 1005 3340 in
1033 3302 1165 3341 suos
1183 3302 1316 3341 usus
1342 3285 1532 3352 utitur,
1577 3294 1879 3356 praesumat

256 3380 484 3436 missam
510 3387 752 3436 cantare.
780 3379 939 3435 Nulla
968 3379 1177 3436 femina
1222 3380 1290 3435 ad
1331 3380 1502 3435 altare
1535 3380 1752 3435 Domini
1780 3397 1877 3437 ac-

256 3475 437 3541 cedat,
479 3489 583 3528 nec
622 3473 849 3528 calicem
872 3472 1088 3527 Domini
1147 3479 1353 3547 tangat.
1381 3472 1675 3543 Corporale
1705 3489 1875 3527 mun-

256 3564 547 3618 dissimum
578 3562 668 3629 sit,
709 3561 880 3617 altare
937 3569 1262 3634 coepertum
1306 3561 1375 3616 de
1406 3561 1630 3616 mundis
1669 3562 1876 3617 linteis.

1994 1100 2158 1157 quam
2192 1072 2424 1156 potestis
2453 1086 2805 1143 benedicere.
2868 1086 3122 1146 lnﬁrmos
3160 1091 3398 1161 vlsitate,
3436 1072 3501 1151 et-
3526 1114 3629 1155 eos

1996 1176 2375 1245 reconciliate,
2404 1186 2459 1233 et
2467 1179 2623 1247 juxta
2650 1180 2963 1250 apostolum
2998 1183 3131 1251 (Jac.
3161 1187 3241 1251 v.)
3273 1185 3400 1242 oleo
3426 1199 3625 1247 sancto

1995 1268 2269 1341 inungite,
2292 1275 2346 1324 et
2377 1270 2602 1341 propria
2653 1287 2820 1327 manu
2877 1274 3307 1331 communicate.
3344 1279 3405 1335 Et
3436 1282 3626 1338 nullus

1997 1367 2295 1430 prmsumat
2326 1360 2543 1415 tradere
2590 1362 3041 1420 communionem
3099 1366 3243 1424 laico
3269 1378 3364 1426 aut
3397 1371 3624 1430 feminae

1994 1447 2063 1502 ad
2091 1447 2448 1503 deferendam
2483 1449 2724 1507 infirmo.

2065 1539 2256 1595 Nullus
2296 1549 2536 1597 vestrum
2592 1558 2692 1614 pro
2761 1544 3108 1616 baptizandis
3165 1547 3493 1618 infantibus,
3526 1560 3623 1608 aut

1995 1626 2228 1683 inﬁrmis
2294 1630 2745 1700 reconciliandis,
2808 1640 2901 1689 aut
2956 1638 3191 1692 mortuis
3246 1641 3615 1711 sepeliendis,

1994 1720 2282 1791 prmmium
2313 1722 2399 1778 vel
2426 1739 2630 1779 munus
2661 1725 2864 1800 exigat.
2885 1727 3078 1785 Videte
3108 1747 3177 1786 ne
3198 1748 3299 1802 per
3328 1735 3627 1808 negligen-

1992 1813 2125 1867 tiam
2153 1819 2389 1869 vestram
2419 1814 2565 1871 ullus
2603 1815 2787 1872 infans
2843 1819 2964 1875 sine
3021 1821 3298 1893 baptismo
3329 1826 3619 1884 moriatur.

1991 1904 2183 1960 Nullus
2208 1912 2448 1963 vestrum
2497 1908 2569 1962 sit
2621 1908 2878 1966 ebriosus
2916 1919 2971 1967 et
3010 1912 3305 1987 litigiosus,
3337 1917 3469 1989 quia
3497 1934 3622 1974 ser-

1990 2014 2118 2052 vum
2147 1997 2361 2054 Domini
2424 2015 2536 2055 non
2591 2008 2811 2071 Oportet
2856 2002 3091 2077 litigare.
3126 2005 3317 2061 Nullus
3372 2016 3619 2065 vestrum

1991 2102 2141 2142 arma
2187 2087 2326 2144 ferat
2369 2088 2425 2143 in
2476 2090 2772 2158 seditione,
2832 2092 2963 2164 quia
3013 2110 3164 2150 arma
3192 2104 3377 2152 vestra
3406 2098 3623 2155 debent

1991 2192 2115 2232 esse
2141 2176 2469 2248 Spiritualia.
2504 2178 2696 2235 Nullus
2718 2195 2916 2237 canum
2946 2190 3042 2240 aut
3067 2185 3250 2241 avium
3270 2187 3415 2256 jocis
3440 2188 3622 2245 inser-

1994 2266 2125 2322 viat.

2066 2361 2258 2417 Nullus
2296 2362 2353 2417 in
2386 2362 2637 2420 tabernis
2692 2364 2866 2421 bibat.
2930 2367 3319 2443 Unusquisque
3349 2381 3623 2441 vestrum,

1994 2458 2260 2521 quantum
2291 2452 2455 2523 sapit,
2479 2453 2627 2524 plebi
2654 2469 2770 2511 sua;
2787 2455 2856 2511 de
2884 2455 3182 2532 Evangelia
3203 2460 3291 2515 vel
3324 2461 3616 2533 Apostolo,

1992 2542 2082 2597 die
2114 2544 2423 2613 Dominico,
2447 2544 2533 2600 vel
2568 2544 2723 2601 festis
2749 2546 2972 2617 diebus,
3021 2552 3333 2608 aununtiet.
3380 2553 3621 2610 Verbum

1992 2631 2209 2687 Domini
2238 2632 2454 2688 debetis
2502 2635 2828 2706 praedicare.
2863 2636 3054 2692 Curam
3090 2655 3420 2712 pauperum,
3452 2659 3624 2713 pere-

1983 2722 2267 2795 grinorum
2301 2731 2356 2778 et
2385 2725 2762 2795 orpbanorum
2822 2725 3043 2795 habete,
3076 2744 3174 2785 eos
3219 2730 3288 2785 ad
3322 2732 3619 2802 prandiola

1983 2824 2162 2878 vestra
2211 2817 2460 2875 invitate.
2524 2820 2710 2876 Estote
2771 2821 3096 2893 hospitales,
3154 2831 3213 2880 ut
3265 2824 3358 2881 alii
3390 2827 3619 2884 avobis

1983 2906 2296 2977 exemplum
2330 2907 2539 2963 bonum
2579 2916 2822 2964 sumant.

2052 2998 2211 3055 Omni
2240 3000 2329 3055 die
2362 3001 2646 3056 Dominica
2690 3009 2818 3057 ante
2869 3003 3092 3060 missam
3134 3021 3341 3079 aquam
3371 3007 3613 3066 benedi-

1981 3099 2121 3148 ctam
2165 3093 2346 3163 facite,
2380 3095 2528 3151 unde
2573 3095 2812 3167 p0pulus
2864 3107 3236 3175 aspergatur:
3286 3108 3342 3158 et
3393 3103 3462 3158 ad
3496 3104 3609 3160 hoc

1980 3186 2157 3242 solum
2197 3202 2293 3242 vas
2321 3187 2544 3244 habete.
2577 3188 2742 3244 Sacra
2783 3206 2934 3257 vasa,
2963 3198 3019 3247 et
3063 3193 3395 3251 vestimenta
3420 3212 3612 3253 sacer-

1979 3277 2393 3345 dotalia,nolite
2426 3280 2479 3334 in
2512 3280 2745 3354 pignore
2776 3281 2909 3338 dare
2941 3284 3275 3358 negotiatori
3292 3293 3388 3341 aut
3418 3288 3612 3343 taber-

1980 3369 2156 3425 nario.
2188 3370 2380 3427 Nullus
2420 3379 2664 3428 vestrum
2698 3389 2891 3429 usuras
2939 3375 3144 3450 exigat,
3198 3388 3255 3432 et
3304 3379 3619 3437 conductor

1977 3461 2063 3515 sui
2093 3460 2300 3516 fenoris
2328 3461 2542 3517 existat.
2569 3462 2674 3517 Res
2716 3471 2771 3519 et
2792 3462 3099 3530 facultates,
3132 3482 3269 3539 quas
3300 3474 3423 3539 post
3452 3468 3608 3525 diem

1978 3552 2349 3609 ordinationis
2388 3560 2582 3610 vestrae
2609 3555 2915 3628 acquiritis,
2974 3557 3160 3614 sciatis
3187 3560 3257 3615 ad
3311 3561 3612 3618 ecclesiam

257 3655 438 3725 Super
459 3654 626 3709 altare
654 3627 792 3708 nihil
829 3627 1086 3724 ponatur,
1148 3652 1252 3707 nisi
1312 3669 1491 3724 capsa:
1519 3660 1575 3708 et
1607 3653 1874 3725 reliquiae,

1992 3645 2276 3715 pertinere.
2313 3646 2502 3702 Nullus
2551 3646 2671 3703 sine
2715 3648 2949 3703 scientia
3005 3656 3059 3704 et
3106 3665 3386 3707 consensu
3416 3660 3610 3709 nostro

255 3753 348 3801 aut
378 3745 516 3801 forte
546 3752 782 3817 quatuor
810 3744 1127 3817 Evangelia,
1166 3751 1219 3799 et
1248 3744 1452 3799 buxida
1487 3760 1610 3799 cum
1644 3760 1877 3815 corpore

256 3835 475 3890 Domini
504 3835 574 3890 ad
618 3832 914 3901 inﬁrmos;
948 3841 1145 3889 caetera
1203 3834 1261 3888 in
1316 3833 1493 3889 nitido
1515 3833 1638 3889 loco
1675 3849 1875 3889 recon-

256 3925 475 3980 dantur.
894 3936 899 3941 ‘

325 4015 544 4072 Missale
576 4014 907 4086 plenarium,
967 4014 1366 4070 Lectionarium
1415 4020 1475 4069 et
1521 4015 1871 4087 Antiphona-

262 4108 403 4163 rium
436 4121 783 4177 uuaqquue
814 4104 1048 4160 ecclesia
1069 4104 1292 4160 habeat.
1313 4104 1488 4159 Locus
1548 4104 1604 4159 in
1642 4107 1882 4165 sacrario

257 4202 525 4271 autjuxta
554 4199 727 4254 altare
783 4199 853 4253 sit
909 4205 1275 4269 praeparatus,
1332 4196 1428 4253 ubi
1480 4214 1623 4270 aqua
1671 4199 1879 4256 effundi

258 4291 428 4362 possit
456 4289 680 4362 quando
707 4305 863 4344 sacra
902 4304 1029 4342 vasa
1068 4287 1388 4356 abluuntur,
1431 4297 1486 4342 et
1539 4288 1613 4342 ibi
1636 4305 1730 4344 vas
1751 4290 1880 4345 niti-

255 4384 385 4439 dum
416 4399 545 4439 cum
599 4398 743 4454 aqua
781 4380 1118 4452 dependeat,
1162 4379 1352 4451 ibique
1383 4380 1643 4435 sacerdos
1680 4397 1879 4437 manus

252 4469 397 4526 lavet
427 4480 555 4541 post
597 4468 1074 4526 communionem.
1124 4468 1387 4523 Ecclesiae
1441 4468 1551 4523 sint
1600 4478 1877 4540 coopertae

252 4564 399 4619 bene
430 4571 485 4619 et
507 4572 818 4632 cameratas,
847 4564 1113 4619 etatrium
1144 4563 1216 4618 sit
1243 4579 1390 4635 saepe
1420 4563 1715 4619 munitum.
1751 4564 1879 4619 Nul-

255 4653 341 4708 lus
365 4661 519 4709 extra
550 4654 840 4710 ecclesiam
874 4670 974 4725 per
1011 4653 1207 4709 domos
1232 4660 1327 4707 aut
1370 4652 1427 4707 in
1468 4652 1607 4707 locis
1637 4667 1748 4707 non
1779 4670 1875 4708 ca-

254 4750 478 4805 meratis
525 4750 749 4806 missam
797 4756 999 4806 cantet.
1049 4748 1239 4805 Omnis
1274 4748 1561 4820 presbyter
1606 4749 1872 4804 clericum

253 4841 455 4898 habeat
475 4850 569 4899 aut
593 4842 923 4910 scholarem,
982 4842 1078 4913 qui
1136 4840 1427 4912 epistolam
1455 4840 1543 4895 vel
1572 4840 1871 4895 lectionem

251 4932 421 5009 legat,
453 4941 508 4989 et
533 4935 603 4989 ad
631 4935 856 4989 missam
870 4933 1221 5004 respondeat,
1242 4939 1297 4987 et
1326 4949 1451 4988 cum
1484 4947 1594 5004 quo
1628 4932 1871 5003 psalmos

251 5036 453 5084 cantet.
486 5028 676 5084 Nullus
698 5029 850 5083 solus
879 5028 1103 5083 missam
1131 5033 1329 5083 cantet.

320 5117 514 5174 Nullus
544 5134 668 5173 cum
728 5116 1001 5183 calcariis,
1056 5131 1198 5187 quos
1239 5130 1510 5187 sporones
1548 5115 1751 5171 rustice
1778 5131 1877 5172 vo-

250 5225 461 5275 camus,
492 5218 548 5265 et
572 5209 808 5264 cultellis
865 5208 1206 5264 extrinsecus
1235 5206 1707 5279 dependentibus,
1739 5208 1876 5262 mis-

249 5317 366 5357 sam
396 5308 602 5369 cantet,
649 5302 780 5374 quia
824 5301 1094 5358 indecens
1144 5308 1231 5356 est
1274 5310 1329 5356 et
1382 5307 1574 5357 contra
1626 5300 1873 5374 regulam

252 5390 681 5446 ecclesiasticam
706 5398 809 5447 est.

325 5480 562 5538 Calicem
593 5493 647 5539 et
684 5486 920 5542 oblatam
980 5492 1131 5541 recta
1171 5500 1333 5540 cruce
1390 5485 1625 5558 signate,
1684 5485 1738 5540 id
1787 5492 1872 5541 est

253 5586 367 5625 non
398 5570 454 5623 in
484 5573 689 5632 circulo
737 5588 793 5635 et
843 5578 1152 5636 variatione
1197 5578 1514 5652 digitorum,
1556 5586 1617 5635 ut
1648 5579 1872 5651 plurimi

251 5659 421 5715 vestri
453 5661 679 5731 faciunt,
720 5670 819 5724 sed
861 5671 1068 5726 strictis
1100 5669 1322 5725 duobus
1352 5670 1543 5744 digitis
1581 5678 1637 5726 et
1668 5670 1869 5743 pollice

254 5748 406 5802 intus
459 5748 704 5834 recluso,
758 5772 859 5826 per
903 5772 1045 5829 quos
1093 5756 1329 5814 Trinitas
1388 5758 1657 5825 innuitur,
1717 5759 1867 5817 istud

1978 3738 2269 3793 ecclesiam
2324 3739 2593 3815 acquirat.
2645 3739 2838 3795 Nullus
2883 3756 2984 3812 per
3021 3748 3345 3814 potestatem
3381 3746 3615 3801 saecula-

1975 3828 2120 3910 1.ium
2147 3830 2438 3886 ecclesiam
2468 3830 2738 3888 obtineat.
2797 3831 2991 3888 Nullus
3017 3834 3313 3890 ecclesiam
3343 3836 3413 3891 ad
3435 3853 3607 3908 quam

1978 3920 2232 3995 litulatus
2257 3926 2340 3975 est
2393 3920 2692 3992 relinquat,
2740 3928 2797 3977 et
2854 3921 2922 3976 ad
2953 3922 3119 3979 aliam
3156 3933 3402 3996 quaestus
3444 3943 3617 3982 causa

1976 4012 2191 4087 migret.
2227 4011 2422 4067 Nullus
2443 4011 2632 4082 plures
2648 4012 2912 4068 ecclesias
2956 4020 3143 4070 teneat
3171 4016 3293 4071 sine
3325 4018 3608 4087 adjutorio

1984 4106 2216 4163 aliorum
2248 4107 2717 4178 presbyterorum.
2763 4108 3086 4166 Nullatenus
3113 4127 3224 4166 una
3257 4113 3495 4169 ecclesia
3522 4115 3613 4170 in-

1985 4203 2068 4252 ter
2100 4196 2290 4268 plures
2318 4197 2618 4255 dividatur.
2678 4198 2871 4255 Nullus
2902 4200 3130 4257 alterius
3183 4204 3608 4275 parochianum,

1982 4288 2086 4343 nisi
2134 4289 2189 4343 in
2235 4288 2458 4357 itinere,
2490 4297 2545 4345 et
2595 4306 2719 4345 cum
2769 4292 3031 4362 placitum
3052 4293 3238 4363 fuerit,
3289 4297 3359 4351 ad
3380 4298 3606 4356 missam

1980 4378 2231 4450 recipiat.
2264 4379 2455 4434 Nullus
2479 4379 2535 4434 in
2585 4381 2813 4436 alterius
2861 4384 3125 4455 parochia
3145 4385 3370 4441 missam
3394 4397 3601 4445 cantet.

1979 4468 2170 4523 Nullus
2230 4469 2594 4539 pmnitentem
2631 4470 2827 4527 invitet
2867 4489 3092 4530 carnem
3150 4476 3508 4546 manducare,
3550 4488 3610 4535 et

1979 4558 2170 4612 bibere
2201 4559 2413 4625 vinum,
2448 4558 2553 4614 nisi
2586 4576 2685 4631 pro
2713 4576 2780 4618 eo
2810 4562 2878 4616 ad
2907 4578 3153 4633 praesens
3182 4565 3603 4639 eleemosynam

1980 4648 2171 4704 fecerit
2219 4650 2411 4705 Nullus
2451 4662 2749 4722 praesumat
2792 4651 3100 4724 baptizare,
3152 4655 3260 4710 nisi
3306 4657 3361 4713 in
3410 4658 3606 4734 vigilia

1976 4737 2197 4794 Paschae
2228 4746 2283 4795 et
2306 4740 2680 4807 Pentecostes,
2700 4741 2807 4797 nisi
2847 4750 3074 4815 propter
3112 4745 3420 4815 periculum
3444 4763 3605 4805 mor-

1976 4834 2065 4890 tis.
2100 4834 2488 4908 Unusquisque
2511 4836 2693 4893 fontes
2711 4838 2932 4904 habeat,
2972 4846 3028 4894 et
3048 4840 3095 4895 si
3127 4855 3239 4896 non
3260 4847 3438 4912 potest
3458 4842 3604 4914 lapi-

1974 4927 2131 4993 deos,
2167 4929 2364 4983 habeat
2392 4929 2544 4985 aliud
2590 4947 2685 4986 vas
2715 4931 2785 4986 ad
2822 4932 2929 4987 hoc
2984 4941 3372 5004 praeparatum,
3406 4934 3462 4990 in
3489 4952 3601 5007 quo

1887 4998 1948 5068 D
1976 5018 2114 5074 nihil
2142 5021 2292 5077 aliud
2305 5020 2420 5078 ﬁat.
2451 5021 2644 5079 Videte
2675 5030 2736 5080 ut
2755 4998 3014 5080 omnibus
3028 4998 3379 5096 parochianis
3404 4998 3605 5083 vesfris

1977 5114 2298 5188 Symbolum
2342 5121 2399 5169 et
2440 5113 2756 5170 Orationem
2778 5113 3118 5169 Dominicam
3170 5114 3479 5172 insinuetis.
3510 5117 3602 5172 Je-

1971 5208 2192 5278 junium
2222 5206 2464 5272 Quatuor
2489 5204 2844 5279 Temporum,
2877 5214 2933 5261 et
2961 5206 3420 5279 Rogationum,et
3453 5209 3600 5264 Lita-

1977 5303 2083 5358 nire
2113 5301 2361 5371 majoris,
2394 5299 2656 5372 plebibus
2694 5299 2890 5357 vestris
2927 5298 3265 5355 omnimodis
3293 5299 3600 5356 observan-

1973 5393 2103 5449 dum
2128 5390 2403 5448 insinuate
2428 5407 2441 5445 :
2468 5388 2606 5445 feria
2617 5395 2810 5461 quarta
2834 5394 2962 5445 ante
2981 5386 3471 5462 Quadragesimam
3487 5389 3600 5461 ple-

1973 5484 2099 5539 bem
2127 5485 2194 5539 ad
2224 5482 2635 5540 confessionem
2656 5481 2974 5545 invitate,et
3003 5479 3075 5542 ei,
3101 5478 3257 5549 juxta
3278 5479 3597 5550 qualitatem

1973 5575 2187 5642 delicti,
2218 5573 2605 5647 pcenitentiam
2629 5572 3055 5644 injungite,non
3086 5587 3150 5625 ex
3190 5570 3358 5625 corde
3389 5577 3593 5637 vestro,

1972 5669 2068 5725 sed
2100 5669 2243 5723 sicut
2291 5667 2347 5723 in
2399 5664 2770 5721 Poenitentiali
2826 5663 3091 5734 scriptum
3151 5667 3251 5717 est.
3306 5663 3507 5727 Quatcr
3536 5663 3591 5717 in

1972 5773 2143 5830 anno,
2164 5757 2220 5813 id
2245 5763 2350 5827 est,
2372 5754 2562 5811 Natale
2590 5752 2832 5822 Domini,
2848 5760 2904 5809 et
2925 5751 3092 5808 Coena
3114 5749 3590 5821 Domini,Pascha,
