3924 6460
333 456 481 516 1073

1886 454 2162 510 CHARTA.

3546 448 3682 507 10⁵14

334 594 393 643 et
421 586 769 652 Pentecoste,
795 597 992 640 omnes
1022 580 1218 637 ﬁdeles
1255 581 1325 636 ad
1363 581 1813 639 communionem
1843 599 1960 639 cor—
1985 589 2036 656 Α
2063 586 2328 656 pepulum
2375 582 2482 637 sibi
2524 580 2881 636 commissum
2923 579 3119 635 sedulo
3150 578 3413 645 instruat;
3472 579 3518 635 si
3545 594 3679 648 non,

335 679 491 751 poris
507 686 563 734 et
588 677 878 751 sanguinis
901 674 1119 731 Domini
1149 674 1417 730 accedere
1444 675 1759 731 admonete.
1786 675 1957 731 Certis

333 771 687 844 temporibus
714 770 1042 845 conjugatos
1068 766 1137 822 ab
1169 768 1431 823 uxoribus
1451 769 1728 823 abstinere
1760 770 1960 824 exhor-

331 864 549 920 tamini.
581 862 837 934 Eulogias
881 868 1008 933 post
1035 860 1261 915 missam
1292 860 1349 915 in
1388 860 1587 915 diebus
1617 860 1772 915 festis
1804 859 1956 931 plebi

332 959 583 1014 tribuite.
617 956 1087 1013 Nullusinduatur
1118 954 1463 1010 vestimentis
1485 956 1793 1010 laicalibus.
1824 955 1957 1009 Nul—

333 1047 421 1101 lus
451 1063 589 1114 rem,
611 1053 706 1101 aut
736 1044 1168 1117 possessionem,
1201 1050 1295 1099 aut
1317 1045 1655 1116 mancipium
1684 1045 1954 1110 ecclesize,

332 1141 603 1207 vendere,
656 1147 750 1195 aut
780 1146 1148 1207 commutare,
1206 1148 1300 1194 aut
1342 1155 1676 1212 quocunque
1735 1138 1957 1213 ingenio
1997 1178 2000 1182 λ

334 1212 583 1268 alienare
618 1219 931 1283 praesumat.

403 1305 557 1359 Diem
602 1304 980 1370 dominicum,
1036 1309 1089 1357 et
1131 1302 1268 1357 alias
1324 1301 1654 1357 festivitates
1688 1344 1703 1369 ,
1746 1302 1961 1374 absque

334 1409 508 1464 opere
539 1393 722 1449 servili
750 1409 782 1448 a
810 1407 1043 1463 vespera
1072 1407 1247 1462 usque
1278 1378 1344 1445 ad
1374 1407 1661 1462 vesperam
1693 1391 1960 1445 celebrari

334 1485 559 1542 docete.
592 1484 794 1540 Cantus
824 1491 878 1540 et
901 1485 1099 1539 choros
1129 1483 1425 1538 mulierum
1456 1483 1513 1537 in
1542 1483 1680 1538 atrio
1712 1484 1962 1539 ecclesiae

336 1576 652 1646 prohibete.
700 1574 953 1631 Carmina
1000 1574 1297 1641 diabolica,
1338 1590 1462 1646 quae
1521 1588 1688 1644 super
1720 1583 1965 1629 mortuos

337 1666 629 1722 nocturnis
691 1666 845 1722 horis
885 1664 1087 1740 vulgus
1126 1665 1307 1720 facere
1360 1664 1518 1730 solet,
1576 1671 1631 1719 et
1664 1665 1966 1720 cachinnos

336 1771 481 1827 quos
532 1763 812 1820 exercent,
842 1755 944 1810 sub
994 1755 1392 1811 contestatione
1446 1754 1540 1808 Dei
1571 1754 1970 1825 omnipotentis

338 1856 545 1905 vetate.
580 1849 713 1904 Cum
764 1847 1256 1904 excommunicatis
1308 1846 1479 1902 nolite
1536 1846 1964 1902 communicare.

339 1941 529 1997 Nullus
569 1941 678 1997 illis
718 1947 1021 2014 praesumat
1048 1941 1272 1996 missam
1305 1947 1549 2005 cantare,
1573 1940 1670 1995 sed
1712 1946 1765 1994 et
1795 1940 1970 2011 plebi-

341 2031 449 2086 bus
479 2032 637 2087 vobis
656 2033 763 2087 hoc
791 2031 1137 2087 annuntiate.
1169 2031 1248 2085 Ad
1276 2030 1494 2101 nuptias
1519 2030 1703 2084 nullus
1726 2035 1966 2083 vestrum

341 2129 451 2177 eat.
491 2122 757 2178 Omnibus
783 2122 1109 2178 annuntiate
1139 2128 1199 2177 ut
1232 2121 1418 2177 nullus
1452 2136 1677 2176 uxorem
1709 2121 1966 2191 accip.at,

342 2211 451 2266 nisi
494 2214 713 2284 publice
743 2212 1035 2269 celebratis
1074 2211 1301 2283 nuptiis.
1352 2212 1582 2283 Raptum
1634 2210 1968 2266 omnimodis

343 2302 656 2375 prohibete,
698 2308 752 2356 et
781 2310 844 2356 ut
872 2301 1057 2355 nullus
1106 2299 1174 2354 ad
1207 2300 1513 2371 proximam
1564 2300 1855 2374 sanguinis
1885 2299 1969 2353 sui

343 2393 593 2460 accedat,
647 2399 700 2448 et
730 2399 793 2447 ut
824 2393 1057 2448 alterius
1088 2407 1346 2462 sponsam
1407 2392 1592 2447 nullus
1619 2392 1804 2446 ducat.
1836 2391 1972 2446 Por-

344 2487 527 2541 carios
559 2491 613 2540 et
642 2485 781 2540 alios
809 2491 1058 2557 pastores
1088 2484 1173 2538 vel
1203 2484 1488 2540 Dominica
1518 2485 1586 2539 ad
1617 2484 1840 2538 missam
1870 2498 1970 2537 ve-

344 2579 465 2634 nire
498 2578 679 2633 facite.
724 2576 925 2631 Patrini
966 2576 1152 2632 filiolis
1180 2577 1296 2632 suis
1321 2576 1639 2649 Symbolum
1670 2585 1724 2630 et
1763 2575 1971 2630 Oratio-

346 2685 474 2724 nem
518 2668 857 2725 Dominicam
913 2668 1213 2736 insinuent,
1262 2676 1358 2723 aut
1414 2667 1685 2722 insinuari
1744 2666 1961 2721 faciant.

347 2758 595 2813 Chrisma
625 2774 848 2833 semper
876 2758 980 2812 sub
1011 2773 1137 2812 cera
1174 2757 1245 2812 sit
1289 2756 1471 2831 sigillo
1508 2757 1667 2827 [forte
1713 2756 1816 2810 sub
1848 2771 1971 2810 sera

346 2849 441 2915 sit,
470 2857 526 2903 et
554 2846 782 2922 sigillo],
825 2854 1051 2918 propter
1085 2847 1356 2919 quosdam
1388 2845 1663 2901 infideles.
1698 2846 1771 2900 De
1805 2844 1971 2899 mini-

346 2936 516 2993 sterio
546 2937 710 2991 etiam
741 2935 900 2991 vobis
920 2936 1214 2991 commisso
1238 2950 1335 2991 vos
1359 2934 1663 2990 admonere
1690 2950 1967 2999 curamus,

347 3035 408 3085 ut
440 3028 824 3100 unusquisque
852 3034 1119 3094 vestrum,
1174 3028 1218 3081 si
1254 3025 1371 3082 fieri
1429 3033 1626 3097 potest,
1674 3025 1968 3095 expositio-

347 3137 478 3176 nem
508 3119 753 3191 Symboli
784 3128 838 3174 et
868 3119 1143 3174 Orationis
1172 3119 1493 3185 Dominicae,
1519 3118 1676 3185 juxta
1714 3116 1970 3171 traditio-

1995 1892 2043 1959 Β

2059 674 2250 728 saltem
2278 677 2483 738 teneat,
2515 670 2602 725 vel
2637 669 2842 724 credat.
2889 668 3176 723 Orationes
3203 682 3428 739 quoque
3491 668 3682 723 missa-

2060 779 2179 817 rum
2221 768 2273 817 et
2302 761 2579 816 Canonem
2614 759 2759 813 bene
2810 757 3101 829 intelligat,
3143 762 3198 810 et
3237 755 3282 810 si
3313 771 3449 823 non,
3488 755 3681 812 saltem

2059 851 2383 906 memoriter
2412 866 2475 905 ac
2493 849 2752 904 distincte
2783 847 2962 903 valeat
2996 845 3267 917 proferre.
3301 845 3602 917 Epistolam
3629 854 3685 902 et

2062 942 2421 1017 Evangelium
2482 941 2623 995 bene
2655 940 2842 1013 legere
2869 938 3067 1010 possit,
3101 946 3155 993 et
3186 937 3394 992 utinam
3428 937 3496 992 ad
3528 937 3682 993 litte-

2061 1049 2174 1086 ram
2223 1032 2344 1102 ejus
2402 1046 2629 1085 sensum
2689 1035 2877 1101 posset
2919 1028 3293 1082 manifestare.
3340 1026 3681 1082 Psalmorum

2063 1124 2232 1180 verba
2255 1134 2310 1178 et
2331 1122 2719 1178 distinctiones
2746 1120 3073 1192 regulariter
3102 1136 3169 1175 ex
3201 1118 3371 1174 corde
3397 1135 3518 1173 cum
3550 1135 3684 1173 can-

2064 1213 2186 1268 ticis
2225 1210 2729 1268 consuetudinariis
2761 1210 3123 1281 pronuntiare
3146 1209 3304 1264 sciat.
3337 1208 3683 1276 Sermonem,

2064 1307 2123 1355 ut
2148 1318 2314 1371 supra
2336 1300 2599 1365 diximus,
2631 1299 2912 1353 Athanasii
2951 1298 3198 1370 episcopi
3228 1298 3319 1367 .de
3366 1297 3477 1353 fide
3505 1298 3686 1353 Trini-

2065 1394 2208 1461 tatis,
2250 1393 2411 1462 cujus
2441 1392 2659 1447 initium
2701 1398 2811 1459 est,
2841 1392 3171 1461 Quicumque
3199 1392 3334 1454 vult,
3371 1390 3689 1447 memoriter

2067 1492 2275 1540 teneat.
2314 1485 2662 1539 Exorcismos
2691 1490 2746 1539 et
2794 1483 3075 1539 orationes
3127 1483 3197 1538 ad
3227 1484 3685 1539 catechumcnum

2066 1578 2405 1643 faciendum,
2456 1578 2525 1631 ad
2582 1576 2787 1632 fontem
2843 1591 3066 1648 quoque
3114 1576 3574 1643 consecrandum,
3634 1586 3689 1632 et

2070 1670 2311 1741 reliquas
2352 1685 2544 1740 preces
2572 1685 2740 1739 super
2766 1668 3067 1725 masculum
3101 1675 3158 1723 et
3183 1668 3468 1736 feminam,
3500 1668 3687 1739 plura-

2073 1759 2197 1813 liter
2227 1758 2563 1829 baptizandi,
2596 1760 2662 1811 ad
2694 1758 3123 1812 succurrendum
3156 1756 3409 1823 infirmis,
3435 1756 3686 1812 ordinem

2075 1863 2299 1920 quoque
2331 1847 2748 1912 reconciliandi,
2782 1848 2937 1916 juxta
2982 1847 3206 1902 modum
3251 1847 3358 1901 sibi
3424 1847 3690 1903 canonice

2072 1946 2367 2003 servatum,
2401 1946 2565 2010 atque
2596 1939 2842 2013 ungendi
2864 1936 3132 2005 infirmos,
3160 1938 3440 1994 orationes
3465 1953 3689 2011 quoque

2071 2030 2253 2084 eidem
2286 2029 2608 2084 necessitati
2641 2037 3025 2099 competentes
3051 2030 3191 2084 bene
3223 2029 3416 2084 saltem
3450 2030 3587 2084 sciat
3612 2030 3688 2083 le-

2070 2138 2221 2195 gere.
2253 2121 2515 2176 Similiter
2544 2122 2795 2177 ordinem
2826 2130 2881 2176 et
2903 2138 3097 2193 preces
3118 2122 3174 2176 in
3198 2122 3477 2194 exsequiis
3507 2138 3686 2198 agen-

2070 2213 2159 2267 dis
2213 2213 2622 2269 defunctorum.
2673 2213 2933 2268 Similiter
2988 2214 3322 2268 exorcismos
3361 2222 3416 2268 et
3455 2212 3691 2268 benedi-

2072 2305 2283 2361 ctiones
2340 2305 2472 2359 salis
2511 2312 2567 2360 et
2623 2321 2779 2376 aquae
2818 2306 3139 2361 memoriter
3199 2313 3404 2362 teneat.
3459 2304 3687 2360 Cantum

2072 2403 2401 2449 nocturnum
2432 2401 2598 2465 atque
2630 2394 2887 2449 diurnum
2922 2395 3159 2451 noverit.

2144 2486 2471 2557 Computum
2499 2487 2794 2554 minorem,
2827 2488 2881 2541 id
2905 2498 2990 2543 est
3010 2496 3252 2560 epactas,
3292 2497 3689 2546 concurrentes

2078 2579 2381 2651 regulares,
2424 2579 2713 2634 terminum
2747 2581 3080 2652 paschalcm,
3129 2592 3185 2637 et
3215 2582 3461 2654 reliquos
3486 2583 3686 2654 sapiat,

2071 2672 2116 2725 si
2148 2680 2230 2726 est
2270 2672 2554 2742 possibile.
2590 2673 3032 2748 Martyrologium
3070 2682 3124 2730 et
3158 2676 3546 2731 Pcnnitentiale
3589 2678 3691 2732 ha-

2072 2759 2219 2827 beat,
2244 2769 2298 2815 et
2334 2770 2550 2816 cattera.
2583 2762 2849 2818 Volumus
2879 2772 3086 2830 autem,
3121 2763 3317 2820 fratres
3358 2765 3688 2832 charissimi,

2072 2859 2345 2923 quatenus
2401 2870 2523 2925 quae
2553 2862 2739 2909 nostra
2763 2855 3095 2926 percepistis
3152 2856 3471 2924 traditione,
3516 2873 3693 2928 quan-

2072 2947 2186 2995 tum
2214 2941 2454 2997 humana
2481 2944 2684 3013 patitur
2716 2942 3030 3010 infirmitas,
3063 2946 3229 3001 bonis
3257 2946 3524 3002 studeatis
3554 2962 3693 3018 ope—

2071 3032 2226 3087 ribus
2278 3034 2604 3104 adimplere,
2668 3042 2964 3104 praestante
3026 3037 3258 3091 Domino
3317 3044 3506 3093 nostro
3560 3037 3693 3092 Jesu

2071 3119 2307 3184 Christo,
2367 3121 2462 3191 qui
2517 3122 2841 3177 cum'Patre
2892 3129 2946 3177 et
2976 3123 3181 3193 Spiritu
3236 3131 3426 3180 sancto
3464 3125 3599 3180 vivit
3638 3130 3695 3181 et

347 3226 478 3267 nem
508 3210 934 3266 orthodoxorum
963 3226 1136 3282 penes
1161 3226 1219 3264 se
1250 3209 1484 3281 scriptas
1514 3209 1740 3272 habeat,
1774 3217 1965 3262 eteam
1997 3227 2045 3295 Ο
2073 3220 2266 3283 regnat
2291 3211 2437 3266 Deus
2458 3228 2559 3283 per
2588 3212 2774 3268 omnia
2794 3214 2995 3269 saecula
3022 3216 3372 3272 saeculorum.
3398 3216 3594 3272 Amen.

348 3304 591 3377 pleniter
641 3304 942 3376 intelligat:
995 3312 1050 3361 et
1098 3304 1251 3372 inde,
1283 3304 1327 3358 si
1389 3303 1562 3370 novit,
1614 3300 1970 3375 praedicando

1882 3510 1965 3518 ...α

1370 3662 1927 3763 CHARTA
2038 3659 2702 3760 UDALRICI

1662 3860 1958 3918 EPlSCOPI
2007 3859 2379 3916 AUGUSTANI

894 4011 1021 4082 Qua
1057 4009 1521 4088 Campidonensi
1547 4010 1912 4070 monasterio
1941 4007 2204 4084 eligendi
2236 4008 2465 4066 abbatis
2505 4004 2841 4067 libertatm
2868 4005 3154 4065 restituit.

1828 4208 2220 4219 —-———_

439 4365 708 4420 Omnibus
764 4380 920 4435 spem
980 4364 1107 4419 vitae
1173 4361 1542 4436 gerentibus,
1597 4370 1651 4416 et
1698 4361 1879 4416 adhuc
1934 4361 1989 4414 in

364 4464 646 4528 posterum
678 4457 1035 4513 nascentibus
1067 4462 1256 4510 notum
1281 4455 1352 4509 sit
1391 4455 1539 4526 quod
1583 4454 1760 4526 primo
1792 4454 1989 4508 Ottone

2092 4360 2459 4415 exterioribus
2489 4360 2654 4415 rebus
2688 4359 2989 4431 prudenter
3025 4358 3393 4424 conversanti,
3433 4364 3488 4414 et
3517 4359 3703 4433 dignis

2091 4452 2304 4507 meritis
2346 4452 2461 4507 suis
2508 4452 2710 4507 bonam
2744 4451 2944 4506 famam
2978 4452 3033 4506 in
3069 4451 3345 4527 contiguis
3370 4451 3619 4523 partibus
3648 4459 3705 4506 et

363 4549 734 4620 principatum
761 4549 918 4624 regni
943 4555 1295 4619 procurante,
1316 4548 1679 4603 sanctissimae
1703 4546 1985 4602 memoriae
2004 4581 2055 4648 Ο
2091 4549 2146 4603 in
2167 4549 2314 4623 regis
2342 4548 2550 4605 foribus
2577 4550 2934 4620 promerenti,
2953 4549 3157 4620 placuit
3183 4557 3241 4604 ut
3269 4548 3495 4620 aliquod
3518 4565 3702 4603 reme-

366 4639 672 4705 Udalricus,
720 4640 1084 4715 Augustensis
1136 4639 1370 4695 civitatis
1400 4639 1716 4709 cpiscOpus,
1777 4638 1987 4708 Campi-

367 4728 636 4784 donensis
667 4728 993 4784 monasterii
1027 4727 1171 4782 ovile
1211 4728 1280 4782 de
1311 4744 1477 4781 manu
1510 4726 1754 4798 praedicti
1790 4726 1987 4797 princi-

368 4820 455 4892 pis
493 4819 759 4889 suscepit,
789 4824 845 4873 et
871 4818 938 4872 ad
973 4818 1175 4889 ipsum,
1206 4832 1318 4873 non
1359 4817 1603 4873 avaritia:
1632 4817 1719 4872 vel
1751 4817 1987 4873 austeri-

366 4911 496 4967 tatis
534 4926 718 4975 causa,
747 4911 845 4965 sed
873 4926 972 4981 pro
998 4909 1255 4982 augendo
1296 4916 1498 4964 sanctae
1528 4909 1708 4964 Mariae
1739 4908 1984 4975 servitio,

366 5011 597 5074 paterna
619 5001 935 5074 provisione
962 5001 1296 5073 procuravit.
1321 5001 1423 5056 Per
1440 5001 1495 5055 id
1510 5008 1747 5072 tempus,
1768 5000 1988 5055 duobus

366 5095 561 5150 electis
600 5093 859 5148 fratribus
907 5094 966 5148 in
1009 5093 1206 5149 eodem
1256 5094 1596 5149 monasterio
1626 5092 1993 5147 militantibus

367 5190 452 5246 vir
499 5188 836 5245 venerabilis
893 5189 979 5243 sui
1032 5188 1238 5244 laboris
1300 5189 1521 5259 pondus
1569 5188 1986 5253 commendans,

367 5281 592 5354 Moysen
623 5280 917 5355 legiferum
945 5286 1124 5335 vatem
1156 5280 1402 5335 imitatus
1428 5286 1532 5346 est,
1564 5279 1657 5351 qui
1678 5278 1992 5350 frequentia

371 5370 563 5441 populi
590 5368 869 5442 fatigatus,
901 5369 1079 5424 Aaron
1113 5376 1172 5423 et
1202 5368 1311 5423 Hur
1343 5367 1617 5437 adjutorio
1648 5366 1988 5421 sublevatus.

370 5463 433 5517 ln
460 5462 655 5516 eadem
682 5462 803 5516 vice
834 5467 1059 5516 sanctus
1090 5460 1375 5516 Udalricus
1396 5460 1617 5532 :unum,
1659 5462 1862 5514 nemen
1897 5459 1995 5513 ha—

368 5554 595 5608 bentem
629 5552 927 5621 Liuterich,
958 5552 1100 5607 infra
1120 5553 1414 5607 claustrum
1447 5550 1706 5607 fratribus
1732 5551 1842 5606 Deo
1860 5567 1984 5606 ser-

368 5641 653 5697 vientibus
680 5643 953 5698 decanum
992 5649 1046 5697 et
1099 5640 1424 5716 magistrum
1480 5639 1596 5695 fieri
1628 5640 1941 5694 destinabat
1971 5659 1984 5695 :

369 5737 606 5790 alterum
635 5735 930 5791 lrminbart
956 5741 1210 5791 vocatum
1240 5734 1294 5788 in
1320 5732 1682 5806 praepositum
1707 5733 1990 5788 saecularis

373 5824 585 5898 negotii
624 5825 900 5881 desudare
944 5824 1321 5897 praecipiebat.
1382 5823 1515 5878 Huic
1562 5822 1905 5877 lrminhardo
1934 5823 1990 5876 in

2087 4641 2240 4696 dium
2271 4657 2383 4696 suae
2434 4642 2630 4695 animae
2679 4647 3033 4712 przepararet,
3072 4647 3126 4696 et
3162 4647 3221 4695 ut
3269 4640 3325 4694 in
3366 4641 3577 4696 honore
3609 4639 3704 4695 Dei

2087 4731 2369 4788 basilicam
2408 4732 2749 4788 fundotenus
2806 4740 3168 4795 construeret,
3214 4748 3376 4803 quam
3420 4741 3478 4787 ut
3521 4738 3707 4787 mente

2089 4819 2381 4891 disposuit,
2434 4820 2529 4874 Dei
2560 4820 2835 4890 adjutorio
2865 4828 2922 4875 et
2965 4820 3157 4892 Optimi
3194 4818 3442 4890 episcopi
3472 4818 3706 4874 consilio

2089 4912 2278 4982 Operis
2305 4912 2623 4982 expletione
2652 4914 3011 4984 perpetravit,
3056 4921 3111 4968 et
3141 4913 3283 4967 hanc
3315 4912 3489 4982 ipsam
3519 4910 3707 4966 eccle-

2088 5000 2226 5055 siam
2266 5001 2322 5055 in
2376 5000 2646 5072 pommrio
2698 5001 2926 5056 fratrum
2984 4999 3285 5057 honoriﬁce
3338 5006 3707 5055 constructam

2092 5097 2203 5151 Deo
2236 5096 2437 5170 dignus
2463 5096 2752 5170 Vodalricg
2798 5095 3097 5166 episCOpus
3146 5095 3202 5150 in
3254 5095 3463 5150 honore
3509 5101 3710 5150 sanctae

2093 5187 2296 5254 Crucis,
2350 5197 2405 5242 et
2432 5187 2603 5242 sancti
2638 5187 2881 5242 llerasmi
2922 5193 2976 5241 et
3024 5186 3196 5241 sancti
3238 5185 3449 5241 Nieolai
3488 5184 3711 5240 confes-

2093 5280 2235 5335 soris
2269 5296 2360 5333 vni
2392 5279 2494 5333 dus
2520 5278 2644 5333 Maii
2678 5278 2976 5345 dedicavit,
3020 5285 3077 5333 et
3114 5293 3297 5333 eoram
3355 5276 3714 5332 multitudine

2094 5368 2227 5425 cleri
2249 5376 2302 5423 et
2333 5367 2524 5440 pepuli
2555 5366 2859 5438 episcopali
2890 5364 3168 5421 sententia
3195 5365 3457 5433 decrevit,
3484 5371 3544 5420 ut
3572 5380 3717 5420 unus

2096 5475 2161 5514 cx
2192 5457 2473 5523 fratribus,
2498 5456 2592 5529 qui
2625 5456 2678 5510 in
2707 5455 2946 5530 regulari
2975 5454 3108 5522 vita,
3138 5470 3357 5510 morum
3384 5453 3716 5510 excellentia

2099 5550 2300 5624 dignus
2328 5548 2544 5625 fuisset,
2576 5547 2826 5602 eamdem
2858 5546 3147 5601 ecclesiam
3189 5545 3513 5617 quotidiano
3553 5545 3719 5601 obse-

2090 5643 2224 5715 quio
2254 5641 2592 5714 provideret,
2650 5645 2703 5694 et
2736 5638 2986 5710 quotidie
3033 5637 3117 5691 sui
3152 5638 3413 5693 videlicet
3468 5634 3716 5708 episc0pi

2092 5747 2369 5787 annonam
2396 5729 2463 5784 de
2489 5727 2713 5784 cellario
2742 5726 2968 5782 fratrum
3001 5726 3242 5796 pleniter
3271 5727 3584 5797 acciperet;
3620 5724 3719 5778 de-

2097 5823 2391 5894 dicaloque
2443 5819 2599 5875 altari
2662 5818 2745 5874 vir
2815 5823 3057 5884 sanctus,
3116 5816 3267 5872 omni
3343 5816 3548 5887 pietate
3602 5810 3715 5867 cir-
