3924 6400
273 411 413 467 1075
1149 407 1236 461 AD
1276 408 1329 462 S.
1377 404 1759 461 UDALBICUM
1798 401 2079 460 AUGUST.
2126 402 2328 459 EPISC.
2371 404 2721 462 APPENDIX.
3482 411 3625 469 1076

275 533 617 601 cumseptus,
650 527 706 583 in
762 526 1048 602 legitinam
1081 525 1267 581 dotem
1323 540 1492 580 unum
1532 541 1783 581 mansum
1838 524 1895 579 in
1922 529 1976 598 Α
2002 523 2059 579 in
2090 525 2197 582 hoc
2221 527 2392 583 altare
2426 528 2781 585 contradidit.
2822 530 3035 588 Dehinc
3088 534 3423 591 sacerdotali
3465 546 3625 595 veste

270 621 627 687 Ivoningewe,
669 623 727 672 et
773 615 1062 671 dimidium
1102 615 1159 669 in
1196 614 1544 683 Lietenberc,
1598 620 1651 669 et
1682 614 1897 674 tertiam
2001 614 2229 671 indutus
2258 632 2442 673 coram
2470 620 2679 690 populo
2710 619 2932 692 publice
2957 621 3128 677 dixit:
3157 622 3213 678 Si
3241 640 3351 695 qua
3379 640 3625 696 persona

272 720 484 785 partem
516 712 571 767 in
603 713 998 780 Heimirtingen
1021 711 1240 766 donans
1267 718 1321 765 et
1338 709 1519 766 adhuc
1546 726 1612 766 ex
1639 710 1732 766 tali
1762 728 1901 783 pau-
2000 705 2130 761 huic
2152 707 2402 763 ecclesiae
2427 709 2511 763 vel
2531 709 2688 765 altari
2711 711 2923 783 aliquid
2941 712 3160 781 horum,
3192 728 3316 786 quae
3337 716 3620 781 dedimus,

274 811 487 879 pertate
519 801 808 857 ecclesiam
841 817 952 857 non
1010 816 1176 873 posse
1234 801 1515 872 procurari
1556 800 1895 870 existimans,
2000 796 2301 864 abstrahat,
2373 798 2500 854 huic
2530 807 2751 856 aeternae
2790 800 2919 858 vita
2972 802 3199 872 januam
3248 805 3450 865 intrare
3505 825 3620 867 non

273 912 446 952 unum
505 893 888 964 mancipium,
939 893 1088 965 quod
1149 893 1471 960 vocabatur,
1523 894 1894 964 Madelbreth,
1999 892 2181 961 liceat,
2218 900 2273 949 et
2302 892 2371 949 ab
2403 894 2507 950 hac
2554 895 2679 952 luce
2725 905 3126 969 sequestretur,
3168 917 3333 973 quam
3372 902 3429 957 in
3483 919 3626 961 con-

276 1001 401 1040 cum
432 984 612 1041 novali
654 983 802 1056 quod
838 982 1049 1056 primus
1107 998 1173 1039 ex
1225 983 1387 1039 viridi
1418 982 1554 1039 silva
1601 983 1658 1037 in
1709 990 1894 1039 monte
1997 988 2190 1053 spectu
2222 981 2317 1038 Dei
2355 983 2538 1039 omnis
2562 983 2997 1056 justusfeliciter
3024 996 3319 1046 contuetur
3345 992 3453 1063 (66)
3516 1014 3550 1045 ι»

278 1079 538 1137 Chnieboz
568 1077 736 1150 cepit,
770 1076 1029 1148 adjuncta
1061 1092 1226 1133 manu
1277 1075 1603 1132 Salechonis
1640 1075 1892 1132 advocati

1190 1245 1443 1301 NOMINA
1484 1243 1948 1301 EPISCOPORUM
1988 1244 2313 1301 AUGUSTIE
2352 1244 2690 1303 CIVITATIS.

278 1421 322 1477 l.
352 1417 624 1475 Zozimus.
660 1418 872 1489 Aliquis
924 1418 1211 1473 recentiori
1260 1431 1429 1472 manu
1466 1418 1789 1488 praeposuit,
1843 1416 1898 1471 S.
2003 1416 2205 1471 XXVII.
2240 1415 2534 1472 Heinricus

350 1508 646 1580 Dionysius
675 1514 898 1581 martyr.
2004 1508 2233 1563 XXVIII.
2267 1508 2540 1564 Embrico.
2575 1508 2671 1563 llic
2698 1508 2882 1581 primo
2911 1511 3280 1570 ordinationis
3306 1532 3421 1572 suae
3453 1534 3626 1587 anno,

281 1603 347 1657 II.
377 1599 661 1655 Perewelt'.
2075 1601 2169 1673 qui
2199 1607 2283 1655 est
2338 1599 2407 1654 ab
2453 1600 2846 1656 Incarnatione
2900 1604 3118 1660 Domini
3162 1606 3322 1671 1064,
3359 1608 3505 1663 datis
3553 1610 3625 1665 ab

280 1698 374 1753 ΙΙΙ.
408 1696 768 1771 Tagepertus,
2076 1700 2428 1748 antecessore
2468 1693 2589 1762 ejus
2644 1695 2713 1751 50
2781 1690 3021 1760 talentis,
3076 1697 3365 1754 ecclesiam
3421 1707 3628 1756 sanetae

281 1791 365 1846 IV.
391 1790 591 1845 Manno
2076 1784 2216 1839 Aine
2279 1802 2309 1839 ει
2340 1784 2717 1845 fundamentis
2772 1788 3075 1846 destruxit:
3118 1798 3174 1844 et
3228 1799 3505 1862 repertum
3544 1803 3632 1848 est

278 1881 345 1936 ν,
374 1881 569 1937 Wicho
2075 1890 2277 1944 corpus
2316 1883 2518 1931 sanctae
2573 1878 2850 1951 Eutrapize
2883 1879 2939 1933 in
2983 1879 3246 1949 plumbeo
3286 1882 3632 1956 sarcophago

280 1971 370 2025 VI.
404 1971 623 2026 Pricho.

2078 1963 2221 2034 prid.
2294 1963 2408 2018 Kal.
2460 1964 2615 2031 Maii;
2686 1983 2888 2040 corpus
2940 1983 3071 2023 vero
3121 1976 3321 2024 sauctw
3377 1970 3517 2025 Afra:
3572 1972 3632 2026 in

278 2058 392 2113 V11,
418 2057 608 2114 Zeizzo
2081 2052 2302 2124 lapideo
2328 2056 2672 2129 sarc0phago
2705 2056 2858 2111 mira:
2900 2057 3295 2129 magnitudinis
3328 2058 3631 2133 integrum,

281 2146 419 2202 VIII.
460 2147 777 2203 Marchman
1932 2205 1976 2218 __
2079 2153 2133 2199 et
2183 2144 2421 2216 quodam
2451 2154 2724 2202 caemento
2767 2146 3067 2203 obductum
3112 2155 3391 2218 repertum
3448 2161 3536 2206 est
3581 2169 3632 2206 IV

285 2236 372 2290 IX.
403 2236 756 2309 Wichterpus
1932 2205 1981 2272 Β
2080 2205 2265 2290 Nonas
2295 2236 2547 2307 ejusdem
2578 2239 2807 2294 mensis.

284 2326 344 2380 X.
379 2326 551 2381 Tozzo
2078 2330 2352 2383 Hactenus
2398 2331 2585 2397 prima
2622 2346 2853 2386 manus:
2886 2347 3005 2402 qua:
3044 2339 3361 2404 sequuntur,
3393 2336 3636 2391 secunda

288 2415 376 2469 XI.
400 2415 595 2487 Sintpe
606 2425 723 2472 rtus
2009 2438 2175 2477 manu
2204 2422 2421 2491 adjecta
2458 2427 2606 2478 sunt.

285 2505 400 2560 XII.
439 2505 611 2562 Hanto
2011 2511 2186 2566 XXIX.
2220 2510 2525 2585 Sigefridus

287 2595 427 2649 XIII.
450 2594 655 2669 Nidger
2011 2604 2162 2659 XXX.
2198 2604 2545 2658 Hermannus

288 2684 419 2741 XIV.
453 2674 737 2740 Odalman.
2010 2693 2189 2747 XXXI.
2212 2692 2525 2747 Waltherus

289 2775 397 2831 XV.
429 2775 656 2851 Wigger
2010 2780 2213 2835 XXXII.
2247 2780 2501 2836 Kondrad
2511 2798 2573 2835 us

291 2864 421 2919 XVI.
452 2864 625 2921 Lanto
2011 2870 2244 2927 XXXIII.
2273 2871 2576 2927 Hartwicus

291 2954 450 3008 XVII.
482 2953 758 3025 Adalpero
2013 2960 2233 3015 XXXIV.
2278 2960 2706 3016 Oudalsclialcus

290 3047 474 3102 XVIII.
500 3046 705 3116 Illiltine
2015 3052 2212 3106 XXXV.
2248 3051 2573 3107 IIeirtwicus

292 3133 426 3189 XIX.
451 3133 506 3189 S.
541 3134 865 3192 Oudalricus
2015 3145 2239 3201 XXXVI.
2259 3145 2497 3201 Sifridus

297 3223 402 3281 XX.
440 3223 728 3280 Heinricus
2016 3234 2265 3289 XXXVII.
2311 3233 2516 3305 Syboto

293 3316 405 3370 XXI
438 3317 661 3372 Euticus
2021 3329 2293 3384 XXXVIII.
2335 3329 2663 3385 llartmanus

293 3409 452 3464 χχιι.
489 3409 727 3465 Ltutolth
1948 3389 1997 3455 C
2022 3420 2245 3476 xxxrx.
2271 3418 2509 3475 Sifridus

291 3497 451 3552 XXIII
464 3540 477 3555 .
505 3497 783 3554 Gebehart
2023 3512 2128 3566 XL.
2158 3511 2473 3567 Wolfardus

295 3593 453 3647 XXIV
484 3592 793 3666 Siget‘ridus
2021 3604 2149 3659 XLI.
2175 3605 2574 3680 Degenhardus

298 3687 447 3741 XXV.
486 3687 668 3744 Pruno
2022 3693 2171 3750 XLll.
2205 3693 2516 3750 Fridericus

296 3774 475 3830 XXVI.
506 3775 849 3833 Eberhardus

1581 4083 2371 4182 APPENDIX.

1300 4395 1725 4467 OFFICIUM
1803 4397 2115 4471 SANC'I‘I
2190 4396 2643 4467 UDAI.RICI.

1028 4545 1209 4614 (Dom.
1249 4544 1520 4613 Genesar,
1563 4546 1866 4616 Scriptores
1906 4547 2257 4602 ecclesiastici
2293 4546 2359 4601 de
2396 4547 2625 4611 musica,
2669 4544 2737 4612 II,
2780 4542 2931 4613 117.)

377 4828 533 4897 (Ant.
589 4827 665 4882 ad
720 4826 982 4896 Magnif)
1039 4824 1350 4881 Venerandi
1409 4824 1581 4896 patris
1631 4824 2002 4897 WodalriciD
2100 4824 2544 4894 (Inritatorium.)
2583 4822 2890 4879 Adoremus
2924 4838 3106 4895 regem
3163 4822 3440 4879 Christum
3470 4824 3656 4881 Domi-

304 4919 579 4977 solemnia
622 4936 838 4994 magna:
865 4919 1230 4989 jucunditatis
1259 4928 1661 4991 reprwsentant
1688 4920 1924 4993 gaudia;
2029 4932 2183 4983 num,
2230 4917 2324 4988 qui
2365 4916 2533 4971 hodie
2588 4923 2837 4971 sanctum
2878 4914 3249 4971 Wodalricum
3298 4915 3560 4987 perduxit
3585 4920 3654 4973 ad

308 5029 433 5085 quae
458 5011 657 5068 merito
695 5012 829 5067 cleri
869 5028 934 5067 ac
966 5012 1156 5083 populi
1186 5010 1566 5082 suscipiuntur
1594 5018 1741 5075 voto,
1775 5010 1927 5066 cele-
2029 5022 2198 5079 regna
2221 5006 2506 5063 caelorum.

308 5105 544 5160 brantur
568 5104 1087 5176 tripudio-Laetetur
1103 5104 1266 5159 tellus
1278 5104 1403 5159 talis
1416 5112 1636 5175 compta
1666 5103 1925 5174 praesule.

309 5194 555 5250 Exsultet
596 5194 761 5265 polus
790 5199 941 5250 tanto
973 5193 1179 5249 ditatus
1208 5208 1485 5265 compare.
1522 5193 1683 5248 Solus
1711 5192 1929 5247 daemon

310 5284 577 5360 ingemat,
609 5284 703 5356 qui
731 5285 798 5340 ad
828 5285 949 5356 ejus
979 5283 1297 5355 sepulcrum
1329 5299 1487 5338 suum
1505 5283 1725 5339 assidue
1750 5283 1933 5354 perdit

312 5376 643 5432 dominium.
675 5375 808 5444 Ave,
839 5392 990 5431 nunc
1010 5390 1214 5432 corona
1257 5381 1576 5446 martyrum.
1608 5375 1787 5441 Salve,
1813 5375 1937 5449 glo-

315 5469 395 5523 ria
443 5468 843 5527 confessorum.
878 5470 1166 5543 Simulque
1214 5478 1530 5528 sanctorum
1588 5471 1765 5527 decus
1805 5485 1934 5525 om-

316 5559 494 5628 nium,
525 5576 628 5618 nos
657 5562 868 5621 Christo
898 5564 1228 5621 commenda
1242 5564 1298 5619 in
1329 5570 1680 5637 perpetuum.
2108 5566 2162 5622 2.
2199 5565 2350 5622 Hunc
2404 5564 2650 5638 religiosi
2705 5568 2968 5636 parentes
3022 5560 3555 5618 commendaverunt
3602 5557 3655 5613 in

2102 5157 2455 5226 (Antiphonae
2490 5153 2912 5223 nocturnorum.)
2963 5154 3015 5209 1.
3054 5153 3254 5208 Beatus
3306 5153 3656 5211 Wodalricus

2033 5265 2099 5304 ex
2140 5249 2423 5304 nobilibus
2453 5255 2509 5303 et
2538 5247 2815 5322 religiosis
2852 5245 3178 5317 parentibus
3224 5247 3333 5301 Deo
3363 5247 3656 5317 praedesti-

2037 5348 2201 5396 nante
2242 5340 2298 5396 in
2343 5340 2577 5397 salutem
2638 5338 3001 5410 plurimorum
3058 5336 3236 5392 extitit
3286 5344 3459 5393 ortus.
3514 5339 3654 5394 Bea-

2040 5440 2125 5489 tus
2150 5433 2254 5490 vir.

392 5715 505 5784 (66)
544 5717 753 5791 Confer_
772 5734 836 5773 ea
876 5735 994 5788 quae
1026 5719 1092 5773 de
1120 5722 1381 5789 episcopi:
1409 5720 1751 5787 Augustanis
1781 5722 1930 5777 dicta
2033 5724 2458 5790 Augustensium
2484 5722 2753 5791 expungit
2789 5719 3037 5774 Velserus
3066 5720 3127 5773 in
3157 5717 3312 5776 Notis
3333 5716 3409 5770 ad
3438 5731 3658 5771 conver-

318 5791 589 5861 sunt,tum
618 5791 677 5843 in
704 5789 1168 5861 observationibus
1188 5793 1407 5861 praeviis
1437 5808 1585 5848 num.
1619 5792 1674 5855 7,
1717 5797 1828 5847 tum
1856 5794 1931 5847 ad
2030 5789 2230 5849 sionem
2271 5793 2481 5849 Sanctae
2518 5789 2675 5860 Afrae
2703 5792 2802 5847 sub
2825 5793 3003 5861 ﬁnem.

329 5858 486 5926 Vita,
534 5875 656 5931 cap.
708 5860 760 5914 1.
805 5862 1129 5927 Dionysium
1170 5858 1239 5916 ea:
1277 5863 1520 5930 catalogo
1560 5865 1931 5933 episcoporum
