3924 6396
352 381 485 433 Ιυῖυ
1662 376 2013 431 ιιεκιευιείι

2103 379 2116 431 Ι
2161 376 2353 431 ΡΑΡᾹΞ
3560 383 3698 438 1080

337 527 460 566 cum
492 527 558 564 ex
584 510 864 581 ergastulo
895 508 1077 563 carnis
1106 508 1174 561 ad
1200 508 1412 562 {ethera
1443 514 1588 561 esset
1617 506 1960 573 sublevatus,
1986 513 2038 578 A
2067 505 2273 562 sanctis
2326 507 2433 563 tuis
2479 507 2790 564 mirabilem
2867 510 3190 581 praedicare,
3250 512 3411 579 cujus
3464 514 3693 586 gratuiti

337 606 487 655 tanta
535 598 602 652 de
659 596 899 653 exanimi
948 596 1069 665 ejus
1125 611 1355 665 corpore
1418 595 1732 651 suavissimi
1770 595 1964 651 odoris
2067 611 2290 667 semper
2317 603 2402 651 est
2428 597 2694 663 muneris,
2741 598 3015 669 quidquid
3067 598 3122 653 in
3155 615 3346 655 eorum
3375 602 3460 656 vel
3504 602 3693 657 verbis

339 689 578 745 manavit
628 686 921 763 fragantia,
980 694 1038 742 ut
1096 693 1420 743 cunctorum
1474 687 1549 741 ibi
1583 687 1963 743 assistentium
2066 693 2227 739 sonat
2276 685 2547 753 mirabile,
2596 686 2681 741 vel
2757 686 3053 742 virtutibus
3116 697 3363 744 coruscat
3444 690 3689 765 insigne.

343 778 699 851 perfunderet
725 794 887 832 nares
909 784 963 833 et
1029 784 1274 847 pectora.
1337 777 1397 830 In
1423 775 1581 846 cujus
1611 777 1966 832 veneratione
2070 774 2224 829 Unde
2249 789 2315 828 ex
2345 790 2537 830 eorum
2596 775 2831 851 collegio
2889 776 3037 831 beati
3084 777 3381 834 Woldarici
3410 780 3701 836 confesso-

343 874 591 929 dicamus
625 890 638 926 :
681 872 865 927 Gloria
895 870 994 926 tibi
1027 870 1276 925 Domine.

415 963 666 1031 (Collecta
695 961 769 1015 ad
813 960 1084 1030 Missam.)
1118 960 1261 1014 Deus
1312 960 1408 1032 qui
1438 960 1723 1017 hodiernae
1757 958 1973 1015 festivi-

347 1058 471 1112 tatis
526 1056 673 1110 diem
721 1054 867 1110 beati
918 1053 1216 1110 Wodalriei
1272 1053 1606 1110 confessoris
1664 1054 1741 1109 tui
1808 1064 1973 1126 atque

347 1147 624 1222 pontificis
654 1146 885 1202 transitu
935 1146 1236 1218 gloriosum
1299 1146 1473 1201 fecisti
1506 1166 1521 1201 :
1557 1147 1803 1203 concede
1836 1132 1972 1217 pro?

348 1242 514 1313 pitius
544 1242 623 1295 sic
681 1240 819 1294 tanti
862 1239 1078 1311 patroni
1132 1247 1303 1311 atque
1352 1240 1598 1295 doctoris
1629 1239 1828 1294 merita
1871 1254 1974 1293 ve-

351 1330 531 1385 nerari
576 1330 631 1384 in
678 1329 862 1396 terris,
893 1336 952 1384 ut
1001 1328 1176 1399 ipsius
1208 1328 1358 1400 apud
1409 1337 1463 1383 te
1518 1328 1825 1401 patrocinia
1848 1342 1979 1383 sen-

352 1424 550 1477 tiamus
576 1421 632 1476 in
659 1420 837 1477 cmlis.
873 1421 996 1477 Per.

2073 866 2149 921 ris
2179 865 2255 919 tui
2278 872 2444 936 atque
2472 864 2749 935 pontificis
2799 866 3071 922 solemnia
3097 870 3463 937 celebrantes,
3501 870 3703 925 eadem

2075 964 2424 1012 sacrosancta
2453 956 2569 1011 Filii
2610 957 2688 1013 tui
2724 958 2937 1013 Domini
2972 959 3145 1015 nostri
3176 961 3304 1015 Jesu
3331 961 3528 1016 Christi
3565 963 3714 1017 dex-

2076 1056 2192 1102 tera
2252 1047 2496 1119 petimus
2549 1047 2606 1102 in
2650 1054 2919 1103 aeternum
2979 1050 3316 1124 consignari,
3342 1067 3465 1123 quae
3505 1053 3706 1127 singu-

2076 1139 2245 1195 larem
2280 1139 2682 1210 redemptionis
2709 1148 2909 1196 nostrze
2941 1141 3202 1209 hostiam,
3237 1142 3356 1213 ipso
3414 1145 3709 1200 sacerdote

2078 1251 2231 1290 sacro
2262 1234 2417 1289 altari
2445 1234 2759 1292 assistente.
2793 1236 3085 1291 visibiliter
3139 1237 3360 1291 voluisti
3416 1237 3704 1293 benedici.

2079 1326 2181 1382 Per
2237 1327 2493 1382 eumdem
2555 1327 2828 1382 Christum
2900 1328 3192 1383 Dominum
3243 1337 3492 1385 nostrum
3542 1348 3556 1384 :
3609 1348 3711 1402 per

2081 1432 2244 1488 quem
2266 1416 2609 1484 majestatem
2629 1423 2774 1471 tuam
2808 1416 3055 1473 laudant.

425 1513 939 1584 (Secreta.)Munus,
972 1513 1229 1581 Domine,
1251 1519 1454 1570 nostrae
1486 1513 1797 1570 devotionis
1825 1529 1980 1569 sacro
2155 1511 2640 1580 (Posicommunio.)
2706 1510 3018 1567 Coslestium
3060 1521 3528 1569 sacramentorum
3583 1532 3716 1587 par-

354 1603 511 1658 allari
542 1603 979 1674 superpositum,
1010 1602 1100 1673 pia
1126 1601 1271 1658 beati
1304 1602 1599 1659 Wodalrici
1650 1602 1981 1674 supplicatio
2085 1598 2283 1670 ticipes
2308 1598 2509 1664 effecti,
2541 1614 2875 1669 quiesumus,
2921 1602 3150 1657 Domine
3182 1604 3325 1658 Deus
3361 1611 3551 1660 noster
3585 1622 3599 1659 :
3629 1615 3716 1670 ut,

356 1691 452 1747 tibi
476 1691 708 1747 Domino
740 1692 850 1748 Deo
897 1698 1082 1747 nostro
1130 1690 1325 1746 reddat
1351 1698 1662 1762 acceptum,
1697 1700 1753 1747 et
1778 1692 1847 1746 ad
1874 1692 1977 1747 hoc
2080 1692 2487 1748 interveniente
2516 1692 2680 1748 beato
2710 1694 3027 1751 Wodalrico
3056 1696 3379 1752 confessore
3411 1704 3506 1754 tuo
3537 1706 3709 1771 atque

356 1780 778 1852 percipiendum
809 1778 1063 1851 purificet
1091 1779 1257 1836 corda
1278 1780 1524 1836 omnium
1559 1788 1825 1837 nostrum.
1853 1782 1972 1836 Per.
2009 1850 2052 1865 ἢ
2077 1784 2361 1857 pontifice,
2394 1792 2450 1840 et
2491 1793 2840 1855 peccatorum
2899 1795 3217 1844 nostrorum
3277 1790 3713 1865 indulgentiam,

429 1850 757 1939 (Prw/mia.)
800 1850 1031 1942 Equum
1085 1878 1140 1924 et
1192 1868 1448 1925 salutare.
1505 1869 1577 1925 Te
1633 1870 1861 1942 quidem
1921 1873 1977 1927 in
2008 1850 2134 1930 Bet
2159 1874 2323 1929 vitam
2355 1850 2623 1947 consequi
2653 1892 2963 1932 mereamur
2986 1879 3420 1934 aeternamJ’er.

364 2023 3707 2061 ῃ

1555 2157 1737 2200 ANNO
1784 2156 2025 2202 DOMINI
2070 2159 2513 2204 DCCCCLXXIV.

509 2234 2272 2445 BENEDICTUS
2390 2284 2674 2445 VI
2796 2289 3596 2465 PAPA.

1576 2610 1948 2683 NOTITIA
2015 2610 2520 2682 HISTOBICA.

1243 2733 1437 2801 (Mansn
1467 2735 1827 2791 Conciliorum
1852 2735 2209 2803 generalium,
2243 2741 2376 2790 tom.
2407 2732 2541 2801 XIX,
2576 2731 2683 2789 col.
2712 2732 2827 2801 37.)

450 2957 804 3021 Benedictus,
854 2954 1031 3026 patria
1061 2955 1361 3020 Romanus,
1419 2953 1568 3009 filius
1620 2955 1998 3021 llildebrandi,
2024 2959 2073 3028 Ο
2102 2961 2157 3009 et
2197 2954 2318 3009 dies
2342 2953 2571 3025 aliquot.
2626 2952 2830 3007 Sedem
2883 2948 3242 3022 apostolicam
3271 2946 3546 3019 sacrilega
3577 2947 3735 3003 ctede

379 3056 504 3119 post
532 3046 743 3103 obitum
776 3045 913 3100 Doni
944 3043 1280 3118 subrogatus
1324 3050 1407 3097 est
1438 3043 1492 3097 in
1543 3043 1722 3099 locum
1756 3044 1875 3113 ejus
1902 3061 1997 3099 xm
2102 3045 2297 3118 Optimi
2325 3044 2604 3117 pontificis
2634 3050 2921 3099 vacantem
2954 3041 3259 3114 sacrilegus
3314 3037 3597 3094 homicida
3629 3037 3739 3093 Bo-

381 3134 495 3188 Kal.
522 3132 806 3200 Decemb,
830 3147 976 3188 anno
1008 3132 1394 3203 Redemptoris
1424 3132 1545 3187 972.
1586 3132 1754 3200 Hujus
1783 3140 2000 3204 tcmpo-
2101 3139 2359 3205 nifacius,
2404 3137 2498 3208 qui
2555 3135 2828 3207 septimus
2856 3135 2975 3203 ejus
3016 3132 3262 3189 nominis
3291 3130 3569 3203 reperitur
3599 3129 3734 3184 alibi

382 3222 535 3277 ribus
560 3222 680 3277 Otto
703 3237 937 3295 magnus
982 3221 1301 3292 imperator,
1359 3220 1650 3275 funeribus
1705 3220 1898 3276 matris
1946 3228 2000 3276 et
2102 3238 2477 3302 nuncupatus,
2504 3228 2779 3285 violenter
2805 3226 3025 3293 invasit,
3059 3240 3294 3299 eamque
3315 3239 3522 3279 annum
3553 3239 3729 3277 unum

381 3310 951 3386 WilelmiMoguntini
992 3309 1241 3382 episcopi
1283 3310 1605 3381 praemissis,
1637 3320 1888 3367 mortuus
1918 3317 2001 3365 est

2105 3332 2160 3380 et
2190 3340 2441 3382 mensem
2467 3325 2662 3381 tenuit.
2691 3325 2845 3380 Hunc
2871 3339 2997 3399 ego,
3053 3321 3398 3395 antiquiores
3426 3320 3736 3390 scriptores

382 3406 440 3461 in
471 3407 731 3473 Saxonia,
790 3422 935 3462 anno
994 3406 1213 3477 imperii
1261 3405 1345 3461 sui
1392 3406 1741 3462 duodecimo.
1786 3407 2005 3461 Adelais

2106 3414 2374 3482 imitatus,
2408 3414 2551 3469 inter
2579 3430 2742 3469 veros
2774 3421 2828 3469 et
2860 3412 3137 3487 legitimos
3203 3408 3498 3482 pontifices
3527 3424 3734 3464 nume-

386 3500 578 3555 relicta
606 3499 806 3567 conjux
863 3499 1103 3553 animam
1161 3497 1410 3553 defuncti
1465 3499 1675 3554 Ottonis
1714 3499 1894 3554 mariti
1923 3499 2007 3553 sui
2116 3507 2345 3561 randum
2374 3522 2482 3562 non
2520 3522 2643 3561 esse
2669 3504 2933 3574 judicavi,
2962 3503 3109 3575 quod
3148 3501 3339 3557 sedem
3367 3498 3734 3571 apostolicam

388 3596 679 3661 prosecuta
709 3589 810 3644 fuit
842 3587 910 3642 iis
939 3589 1142 3659 pietate
1189 3588 1407 3656 officiis,
1440 3605 1563 3661 qua!
1592 3605 1623 3643 a
1671 3588 2011 3644 Witichindo
2115 3599 2347 3669 turpiter
2372 3598 2679 3673 ingressus,
2707 3598 2921 3669 turpius
2947 3594 3278 3651 deseruerit.
3304 3593 3437 3648 Nam
3460 3608 3584 3647 cum
3612 3601 3738 3662 post

390 3683 445 3735 in
482 3681 592 3736 fine
638 3681 761 3736 libri
811 3697 869 3735 ιιι
930 3680 1342 3737 describuntur.
1405 3682 1534 3765 Post
1572 3680 1783 3736 obitum
1844 3681 2013 3751 patris

2114 3691 2285 3746 multa
2311 3691 2418 3746 alia
2448 3692 2660 3746 scelera
2685 3689 2964 3765 ctﬂagitia
2977 3690 3141 3744 homo
3153 3685 3399 3742 nefarius
3412 3684 3733 3739 Vaticanam

387 3772 507 3826 Otto
538 3770 822 3825 secundus
850 3769 1002 3824 solus
1031 3769 1304 3840 imperare
1336 3760 1524 3840 cmpit‘,
1558 3770 1652 3841 qui
1685 3785 1807 3825 cum
1851 3776 2005 3839 patre

384 3868 596 3916 sextum
626 3876 830 3914 annum
884 3860 1101 3931 imperii
1131 3860 1215 3914 sui
1256 3860 1629 3916 inchoaverat.
1675 3860 2006 3915 Benedictus

386 3970 416 4007 a
446 3953 723 4007 Bonifacio
755 3952 1035 4007 Francone
1081 3952 1347 4017 Romano,
1392 3952 1617 4008 Fernitii
1651 3952 1787 4020 filio,
1821 3952 2003 4008 cardi-

388 4045 511 4100 nale
543 4045 796 4110 diacono,
829 4044 947 4101 viro
972 4045 1390 4111 scclestissimo,
1421 4050 1617 4111 captus
1649 4053 1704 4099 et
1768 4044 1823 4097 in
1878 4060 2003 4099 car-

385 4153 569 4191 cerem
601 4137 879 4202 detrusus,
909 4136 1282 4211 strangulatus
1339 4145 1423 4191 est
1469 4135 1538 4189 ab
1595 4136 1818 4201 eodem,
1860 4150 2007 4191 anno

388 4228 581 4284 Christi
612 4230 679 4285 97
694 4231 738 4296 ι,
762 4245 885 4285 cum
908 4228 1146 4284 sedisset
1172 4244 1380 4283 annum
1411 4244 1605 4292 unum,
1647 4244 1870 4283 menses
1895 4237 2009 4284 tres

2109 3780 2391 3835 basilicam
2414 3779 2673 3835 omnibus
2700 3778 3045 3835 ornamentis
3074 3776 3189 3832 suis
3218 3774 3607 3845 exspoliasset.
3634 3774 3733 3828 Be-

2108 3868 2356 3923 nedictus
2386 3867 2785 3932 Albericorum,
2841 3867 2912 3922 de
2939 3881 3173 3938 quorum
3221 3863 3427 3919 familia
3451 3870 3593 3929 erat,
3622 3878 3733 3934 Ope

2104 3969 2156 4015 et
2187 3958 2393 4014 auxilio
2422 3959 2615 4026 fretus,
2671 3976 2798 4015 eum
2858 3974 3035 4030 usque
3086 3957 3228 4012 adeo
3293 3955 3611 4027 exagitavit,
3649 3962 3732 4021 ut,

2110 4049 2281 4104 Roma
2334 4048 2543 4115 relicta,
2605 4046 3135 4119 Constantinopolim
3188 4045 3343 4101 adire
3405 4052 3727 4117 cogeretur.

2110 4138 2337 4202 Quando
2366 4145 2421 4192 et
2468 4153 2578 4210 qua
2607 4136 2898 4193 occasione
2957 4136 3186 4192 Romam
3242 4133 3490 4200 redierit,
3547 4132 3731 4188 dicam

2110 4228 2250 4283 infra
2274 4228 2330 4282 in
2360 4228 2470 4284 vita
2496 4226 2725 4284 Joannis
2745 4227 2876 4281 XIV.

3684 4362 3724 4375 ’Ἰ

1531 4448 1891 4519 ΝΟΤΙΤΙΑ
1954 4447 2593 4518 DIPLOMATICA.

1352 4572 1555 4642 (Jarré,
1589 4575 1809 4643 Περσεία
1838 4574 2153 4642 pontiﬁcum
2190 4575 2557 4629 Romanorum
2610 4570 2707 4628 331
2744 4570 2760 4640 )

391 4727 432 4789 -1-
466 4722 746 4778 Benedicti
781 4722 851 4777 VI
881 4721 1048 4779 bulla}
1078 4723 1498 4794 suntscriptatte
1532 4741 1629 4795 per
1669 4741 1889 4779 manum

465 4797 731 4864 Stephani
756 4798 961 4849 notarii
988 4798 1289 4863 regionarii
1309 4800 1357 4850 et
1387 4798 1671 4850 scriniarii
1689 4812 1733 4851 ε.
1756 4798 1869 4850 scd.
1902 4802 2074 4867 apost.
2109 4798 2183 4867 (‘2,
2217 4798 2269 4862 4,
2297 4796 2375 4863 5.)

393 4935 433 4989 Β
465 4867 739 4991 Benedicti
765 4868 1050 4921 scriniarii
1075 4884 1119 4921 ε.
1148 4882 1370 4922 summa?
1391 4872 1441 4922 ct
1471 4873 1645 4938 (ipost.
1680 4868 1791 4922 sed.
1828 4870 1923 4938 (3).

439 4954 467 4991 a
495 4953 541 4991 ae
566 4955 598 4991 ι)
650 4954 723 4991 m.

439 4953 541 4992 atas
566 4955 598 5008 p
650 4954 723 4993 m.

471 5010 715 5064 Widonis
752 5011 987 5077 episcopi
1011 5013 1060 5064 et
1088 5009 1484 5064 bibliothecarii
1522 5024 1548 5064 s
1600 5011 1709 5063 sed.
1752 5015 1927 5079 (ipost.
1960 5010 2062 5079 (2).

463 5082 689 5134 Joannis
717 5081 823 5136 Deo
852 5080 1108 5135 amabilis
1135 5083 1438 5152 primicerii
1465 5096 1512 5135 s.
1544 5096 1636 5150 ap.
1664 5082 1758 5135 sed
1812 5081 1910 5152 (3).

466 5152 693 5206 Joannis
719 5154 958 5221 episcopi
981 5156 1032 5206 et
1050 5152 1443 5206 bibliothecarii
1470 5167 1513 5205 ε.
1547 5154 1658 5207 sed.
1684 5158 1858 5222 apost.
1905 5154 1995 5218 ιιι).

466 5246 502 5285 τ
534 5222 706 5286 Quem
738 5214 831 5275 alii
866 5214 1094 5276 cEnsent
1121 5223 1177 5276 in
1210 5222 1391 5277 locum
1427 5222 1655 5277 Joannis
1693 5214 1825 5286 Xlll,
1878 5214 1969 5279 alii
2029 5224 2084 5278 in
2125 5223 2408 5278 Benedicti
2458 5223 2545 5290 Vl,
2597 5222 2954 5290 subrogatum
2978 5235 3121 5287 esse,
3156 5216 3379 5290 DONUM
3402 5217 3532 5290 (seu
3572 5214 3739 5290 DOM-

398 5293 561 5353 NUM.
595 5293 838 5363 BONUM)
869 5293 1125 5348 eximide
1147 5310 1410 5365 paparum
1452 5295 1594 5348 serie
1649 5303 1927 5364 Oportere,
1986 5295 2226 5365 perfecte
2278 5294 2675 5349 demonstravit

2796 5287 2806 5347 ζ
2846 5290 3222 5355 Giesebrecht,
3266 5288 3613 5343 Jahrbucher
3643 5287 3740 5339 des

397 5365 706 5419 deutschen
749 5358 1281 5436 Beichs_unter'0t'to
1315 5366 1381 5429 ll,
1408 5381 1460 5435 p.
1494 5366 1622 5421 Ml.
1664 5358 1701 5419 E
1730 5358 1931 5421 tabulis
1979 5358 2126 5421 enim
2171 5366 2501 5436 caeterisque
2555 5364 2778 5420 indiciis
2809 5362 2953 5429 fidis,
2969 5377 3214 5436 quorum
3244 5358 3582 5436 auctoritate
3607 5373 3739 5436 con-

398 5435 539 5491 fecta
561 5436 755 5490 horum
825 5434 1113 5491 ontificum
1149 5428 1511 5508 chronologia
1541 5444 1643 5502 est,
1673 5438 1805 5490 satis
1835 5444 2065 5507 apparet
2108 5428 2456 5492 intervallum
2488 5436 2669 5491 annii
2709 5444 2764 5491 et
2805 5428 3078 5490 mensium
3110 5434 3165 5499 6,
3198 5431 3294 5504 qui
3331 5428 3740 5486 recentioribus

402 5506 455 5557 in
486 5505 751 5560 cataloeis
784 5453 935 5560 Bono
983 5505 1319 5560 tribuuntur.
1353 5507 1519 5560 fuisse
1551 5524 1733 5560 neque
1762 5508 1907 5560 inter
1934 5509 2165 5560 Joannis
2208 5508 2321 5560 χιιι
2350 5515 2406 5560 et
2460 5506 2744 5560 Benedicti
2776 5506 2859 5560 VI.
2894 5519 3075 5560 neque
3103 5504 3250 5559 inter
3275 5501 3562 5556 Benedicti
3596 5500 3657 5553 Vl
3687 5508 3740 5553 et

402 5506 458 5579 in
476 5505 751 5579 catalogis

826 5522 935 5562 ono
983 5505 1319 5573 tribuuntur,
1353 5500 1519 5562 fui-sse
1551 5500 1733 5578 neque
1762 5500 2165 5563 inter'Joannis
2208 5508 2321 5562 Xlll
2350 5515 2406 5562 et
2460 5506 2744 5562 Benedicti
2776 5506 2859 5573 Vl,
2894 5519 3075 5577 neque
3103 5500 3250 5559 inter
3275 5501 3562 5578 Benedicti
3596 5500 3657 5578 V_l
3687 5508 3740 5553 et

401 5571 953 5651 Xltgubervnationes.
982 5578 1228 5651 Accedit,
1261 5571 1407 5651 quod
1434 5578 1546 5651 jam
1584 5600 1607 5628 α
1638 5571 1858 5651 vivente
1894 5604 1917 5624 ιι
1952 5578 2367 5651 ΒοηθόὶοῐοᾶῚ,
2434 5578 2709 5651 involasse
2737 5578 2792 5631 in
2823 5571 3116 5651 ecclesiam
3150 5581 3366 5651 constat
3396 5571 3738 5651 Bonifacium

401 5644 860 5723 \tll'antipapam.
892 5654 949 5702 ut
980 5646 1058 5702 illi
1100 5644 1403 5723 succedere
1439 5644 1640 5704 ’Donus
1667 5650 2226 5723 minimepotuerit.
2258 5649 2712 5723 Postremoillnd
2747 5645 3314 5723 maxime_notandum
3345 5652 3451 5711 est,
3476 5644 3741 5698 vetustis-

402 5715 572 5770 simos
599 5715 950 5788 Optimosque
976 5720 1256 5790 catalogos
1278 5720 1348 5773 de
1379 5720 1531 5776 Dono
1561 5720 1856 5775 tradidisse
1889 5715 2047 5775 nihil.
2075 5722 2164 5776 Sic
2194 5720 2343 5776 enim
2378 5722 2433 5775 in
2454 5721 2522 5774 iis
2542 5721 2606 5776 'le
2637 5720 2934 5775 Benedicto
2964 5718 3027 5773 Vl
3062 5717 3333 5789 reperitur
3366 5732 3380 5769 :

732 5854 743 5864 ι
1028 5858 1061 5864 __
1333 5860 1344 5864 _
1407 5793 1467 5846 In
1496 5791 1612 5864 cod.
1643 5794 1880 5864 Estiap.
1900 5794 2195 5864 MuratIH,
2225 5809 2281 5864 ιι,
2309 5792 2548 5855 322mm.
2582 5807 2629 5847 ο.
2653 5807 2732 5864 p_:_

1407 5807 1467 5846 ιη
1496 5807 1612 5846 coa.
1643 5807 1759 5846 κει.
1788 5808 1880 5861 ap.
1900 5807 2195 5859 murauu,
2225 5809 2281 5857 ιι,
2309 5807 2548 5855 622mm.
2582 5807 2629 5847 ο.
2718 5808 2732 5845 :

481 5876 503 5907 ι
541 5854 873 5913 Benedictus
916 5858 979 5912 Vl
1011 5858 1276 5913 diaconus
1315 5860 1383 5916 de
1435 5862 1661 5935 regione
1711 5862 1825 5915 Vlll
1879 5863 1984 5917 sub
2036 5862 2321 5935 Capitolio,
2370 5879 2434 5917 ex
2485 5807 2992 5935 patrefldebrando
3018 5859 3291 5917 monacho
3346 5857 3632 5934 ingressus
3661 5862 3745 5909 est
