3924 6414
266 406 411 463 1081

1499 409 1834 466 ΕΡΙδΤΟιᾹΞ
1872 411 1953 467 ET
1992 412 2389 468 PRlVlLEGlA.

3474 414 3617 471 £082

264 551 464 590 mense
491 535 756 613 Januario
785 536 876 592 die
934 538 1019 592 19.
1054 537 1149 592 Hic
1206 536 1312 593 fuit
1357 536 1622 593 electusv
1652 556 1800 596 anno
1843 540 1991 613 regis
2017 540 2250 608 Ottonis,
2286 540 2401 595 ind.
2474 541 2667 612 prima.
2700 541 2945 597 Domuus
3000 538 3146 596 sedit
3174 541 3289 609 a1,
3321 556 3397 595 m.
3422 541 3477 598 6.
3511 542 3617 598 iste

261 606 645 681 strangulatus
673 617 775 666 est.
806 628 832 659 »

1384 682 1447 735 In
1487 682 1604 736 cod.
1639 683 1762 737 Vat.
1795 700 1827 737 a
1877 726 1884 736 .

1384 768 1464 808 us.
1495 768 1560 806 cx
1583 760 1740 808 patre
1769 699 1887 808 liin

350 769 371 796 ι
415 749 750 823 Benedictus
778 750 869 823 Vl,
904 750 1129 823 natione
1164 750 1464 823 Romanus,
1495 768 1560 806 ex
1583 760 1740 823 patre
1769 754 1828 807 lii

1894 685 2096 738 Murat.
2121 685 2219 746 III,
2243 699 2301 748 ιι,
2344 683 2448 737 332
2480 700 2493 737 :

1896 754 2148 819 ibrando,
2175 754 2321 809 sedit
2349 770 2397 808 a.
2434 755 2456 807 1
2504 770 2577 808 m.
2605 753 2681 826 ﬁ.
2718 753 2825 807 Iste
2846 754 3288 826 comprehensus
3310 760 3394 808 est
3414 769 3446 808 a
3472 770 3616 826 quo-

265 818 433 903 dam”
458 819 846 903 C(resc)_e_ncio,
905 822 1210 876 TDBOdONB
1258 821 1406 903 .ﬁlio,
1473 832 1540 903 et_
1567 818 1621 877 in
1652 825 1938 880 castellum
1987 826 2042 879 S.
2071 818 2282 900 Angelli
2312 833 2559 880 retrusus
2600 824 2792 897 ibique
2853 818 3225 896 strangulatus
3269 831 3353 880 est
3391 818 3620 897 propter

262 890 611 946 Bonifacium
647 892 965 956 diaconum,
1000 908 1165 963 quem
1199 893 1467 947 miserunt
1492 893 1709 951 vivente
1740 912 1807 950 eo
1833 913 1977 966 papa
2008 919 2060 951 ι.

1246 966 1308 1019 In
1337 970 1598 1038 cat._pap.
1625 983 1715 1036 ap.
1749 968 1979 1022 Eccard.
2015 970 2152 1038 Corp

2160 1009 2170 1021 .
2206 969 2333 1023 hist.
2377 969 2449 1033 II,
2476 966 2637 1021 1640.

343 1053 370 1079 τι
408 1033 694 1109 Iohannes
719 1033 1153 1109 (l‘Benedictus)
1182 1034 1269 1109 Vl,
1301 1043 1411 1109 nat.
1450 1033 1602 1091 Rom.
1658 1033 1724 1092 ex
1774 1046 1929 1109 patre
1989 1033 2382 1106 Hildebrando,
2415 1038 2560 1093 sedit
2588 1054 2620 1092 a
2665 1039 2689 1092 1
2723 1053 2798 1093 m.
2830 1036 2864 1092 6
2889 1043 2945 1092 et
2974 1038 3044 1092 de
3094 1036 3327 1093 consilio
3360 1036 3613 1096 Malifacii

256 1105 637 1178 strangulatus
660 1116 748 1178 est
778 1105 834 1159 in
864 1106 1091 1178 castello
1119 1106 1176 1160 S.
1202 1106 1392 1178 Angeli
1422 1126 1470 1161 υ.

346 1166 626 1249 Εχυῑςὶδιιε
657 1176 823 1249 igitur
845 1177 949 1249 Aliis
980 1166 1442 1249 catologis,'quos
1471 1194 1501 1231 a
1532 1180 1813 1234 communi
1870 1166 2128 1236 manasse
2175 1180 2324 1235 fonte
2378 1179 2727 1235 manifestum
2784 1186 2888 1243 est,
2945 1195 3091 1235 unus
3121 1180 3244 1235 cod.
3279 1179 3387 1234 Est.
3418 1195 3612 1237 vocem

264 1267 295 1295 (ι
334 1247 607 1334 Dominus
650 1247 1277 1334 ﬁepntinekQuai‘vero
1305 1247 1432 1334 cum
1474 1248 1529 1302 in
1561 1250 1833 1333 catalogis.
1894 1252 2004 1306 illis
2034 1268 2348 1334 prp‘ap‘apa‘
2374 1274 2395 1302 ι
2447 1252 2589 1334 haud
2642 1266 2765 1334 raro
2793 1250 3113 1334 collocetur,
3137 1266 3317 1334 neque
3359 1251 3613 1334 hocloco

268 1317 463 1371 referri
485 1318 589 1371 nisi
634 1318 702 1371 ad
737 1318 917 1388 ipsum
953 1320 1309 1374 Benedictum
1344 1319 1407 1373 Vl
1508 1328 1657 1385 ueat,
1688 1317 1869 1392 qiiivis
1900 1317 2171 1378 concedet
2200 1317 2407 1389 'facile,
2455 1322 2595 1377 falsa
2640 1322 3125 1378 transcribcntium
3160 1317 3616 1392 interpretatione

268 1387 537 1442 Domuum
563 1388 715 1442 illum
737 1404 847 1443 una
866 1405 990 1444 cum
1009 1391 1293 1444 tantodem
1316 1389 1444 1444 anni
1468 1338 1501 1444 ἢ
1539 1393 1925 1444 mensiumque
1963 1395 1997 1444 6
2020 1393 2372 1444 pontiﬁcatu-
2413 1400 2679 1444 quantum
2713 1393 2881 1444 fuisse
2905 1392 3185 1444 Benedicti
3215 1393 3278 1444 Vl
3300 1393 3526 1444 scimus.
3553 1394 3611 1444 in

262 1387 537 1442 Domnum
563 1388 715 1442 illum
737 1387 847 1443 una
866 1405 990 1444 cum
1009 1391 1293 1444 tantodem
1316 1389 1444 1444 anni

257 1460 600 1529 posteriores
629 1460 912 1535 catalogos
940 1461 1258 1532 irrepsisse.

1539 1393 1925 1465 mensiumque
1963 1395 1997 1449 6
2020 1393 2372 1465 pontiﬁcatu,
2413 1400 2679 1466 quantum
2713 1393 2881 1448 fuisse
2905 1392 3185 1448 Benedicti
3215 1393 3278 1447 Vl
3300 1393 3526 1462 scimus,
3553 1394 3613 1450 in

855 1773 1983 1914 BENEDICTI
2096 1777 2300 1913 Vl
2435 1779 3014 1917 PAP/E

1241 2005 1755 2088 EPISTOL/E
1833 2006 1957 2088 ET
2029 2007 2631 2092 PRlVILEGIA.

1049 2339 1069 2394 Ι

246 2426 531 2483 Benedicti
564 2441 726 2496 papa:
756 2428 833 2482 VI
858 2428 1086 2496 epistola
1114 2427 1188 2482 ad
1216 2428 1565 2483 Fredericum
1610 2429 1889 2485 Salisbur-

329 2512 540 2569 gensem
592 2500 899 2567 episcopum
948 2502 998 2553 et
1060 2500 1177 2568 ejus
1223 2502 1715 2567 comprovinciales.
1775 2503 1890 2569 Ipsi

330 2568 558 2637 ejusque
587 2570 986 2625 successoribus
1030 2573 1172 2625 uices
1203 2571 1526 2640 apostolicus
1576 2575 1633 2626 in
1689 2568 1885 2630 Norica

330 2643 382 2693 et
419 2641 703 2695 Pannonia
732 2642 998 2695 concedit.

896 2730 1077 2799 (Anno
1107 2729 1253 2797 973.)

681 2816 895 2888 [Mausx,
939 2818 1138 2873 Concil.
1172 2819 1303 2881 XIX,
1334 2820 1445 2892 38.]

333 2908 695 2975 BBNEDICTUS,
725 2909 912 2964 divina
942 2908 1158 2965 favente
1191 2911 1365 2982 gratia
1392 2918 1556 2984 atque
1586 2915 1757 2970 totius
1780 2933 1882 2987 po-

256 3000 376 3069 puli
419 3000 650 3056 Bomani
676 3001 950 3057 electione
981 3003 1339 3073 apostolicus,
1373 3005 1662 3060 Fainsnico
1710 3008 1882 3063 Salis-

253 3088 556 3161 burgensis
621 3089 880 3145 Ecclesiae
935 3092 1335 3161 archiprmsuli,
1402 3110 1512 3149 una
1577 3111 1704 3150 cum
1764 3098 1881 3153 suis

256 3177 539 3244 fratribus,
600 3178 861 3235 videlicet
932 3180 1140 3236 Norica:
1219 3182 1517 3253 provinciae
1580 3186 1881 3258 episcOpis,

258 3284 579 3323 mansuram
602 3268 659 3322 in
675 3268 889 3326 Christo
912 3270 1252 3329 felicitatem.

332 3356 680 3428 Protoplasto
736 3360 965 3431 generis
1031 3361 1259 3417 humani
1317 3368 1482 3434 atque
1522 3365 1643 3434 ejus
1672 3367 1885 3422 semine

258 3445 585 3515 serpentina
600 3447 861 3502 suasione
891 3447 948 3502 in
979 3448 1201 3524 gemina
1224 3451 1458 3507 cadente
1490 3456 1890 3522 morte,multas

260 3535 410 3589 Deus
437 3534 822 3590 misericordia
878 3536 1076 3593 ductus
1134 3540 1443 3597 medicinas
1474 3542 1628 3597 misit
1658 3544 1715 3599 in
1747 3545 1893 3600 hunc

262 3626 561 3693 mundum,
594 3628 938 3698 patriarchas
961 3629 1175 3686 scilicet
1190 3632 1391 3701 justos,
1422 3636 1720 3705 pr0phetas
1749 3636 1891 3692 veri-

1912 2344 1956 2408 Α
1992 2334 2233 2401 ﬁrmare,
2248 2339 2513 2407 quantum
2536 2350 2851 2406 possumus,
2875 2332 3110 2389 libenter
3131 2331 3535 2389 desideramus.

2063 2425 2429 2482 Concedimus
2477 2426 2664 2498 itaque
2694 2426 2874 2481 vicem
2913 2424 3272 2497 apostolicam
3307 2424 3604 2481 Frederico

1991 2516 2431 2589 Salisburgensis
2461 2514 2716 2570 Ecclesiae
2756 2514 3012 2582 antistiti,
3044 2514 3276 2585 ejusque
3305 2527 3604 2569 successo-

1988 2604 2162 2673 ribus,
2193 2605 2250 2660 in
2280 2612 2394 2661 tota
2416 2605 2611 2662 Norica
2639 2603 2925 2676 provincia
2977 2611 3033 2657 et
3062 2602 3117 2657 in
3145 2608 3264 2658 tota
3286 2601 3605 2668 Pannonia,

1985 2693 2259 2765 superiori
2287 2693 2550 2749 videlicet
2569 2700 2625 2748 et
2651 2691 2893 2748 inferiori
2906 2732 2920 2759 ,
2939 2690 3219 2763 quomodo
3249 2690 3337 2746 sui
3354 2699 3607 2747 anteces-

1980 2802 2141 2843 sores
2164 2787 2416 2842 eamdem
2466 2792 2796 2859 potestatem
2826 2801 2857 2840 a
2903 2783 3109 2840 nostris
3167 2784 3415 2840 habuere
3447 2792 3611 2840 ante-

1983 2879 2339 2936 cessoribus:
2373 2878 2451 2934 ita
2479 2879 2709 2944 scilicet,
2766 2884 2825 2933 ut
2873 2877 3012 2932 nulli
3070 2878 3233 2932 liceat
3283 2876 3341 2931 in
3370 2875 3613 2948 praefatis

1983 2976 2285 3047 provinciis
2333 2975 2440 3029 sibi
2518 2989 2787 3046 usurpare
2860 2973 3112 3043 pallium,
3167 2988 3272 3028 nec
3317 2971 3613 3043 episcopos

1982 3064 2264 3127 ordinare,
2298 3079 2401 3117 nec
2430 3063 2603 3117 ullum
2631 3060 2877 3117 ofﬁcium
2929 3059 3080 3132 quod
3131 3060 3200 3114 ad
3235 3058 3613 3129 archiepisco-

1987 3170 2114 3226 purn
2149 3153 2429 3225 pertinere
2452 3152 2640 3222 debet,
2672 3163 2875 3223 prmter
2905 3151 3190 3222 praefatum
3219 3149 3605 3220 archiepisco-

1985 3261 2117 3316 pum
2164 3244 2396 3316 ejusque
2449 3258 2819 3299 successores.
2868 3242 3195 3312 Quicunque
3246 3246 3433 3294 autem
3480 3239 3611 3297 huic

1987 3335 2272 3410 refragari,
2310 3334 2398 3389 vel
2415 3334 2755 3389 contendere
2770 3333 3008 3389 voluerit
3035 3331 3288 3399 decreto,
3323 3331 3474 3403 quod
3507 3346 3611 3387 nos

1993 3425 2111 3480 vice
2143 3425 2199 3478 Β.
2233 3423 2381 3479 Petri
2411 3420 2975 3495 apostoiifungentes,
3000 3435 3276 3476 consensu
3299 3427 3614 3476 nostrorum

1993 3518 2377 3588 episcoporum
2431 3532 2496 3572 ac
2560 3515 2730 3571 totius
2797 3514 2930 3570 cleri
2998 3513 3258 3569 Romanae
3327 3511 3609 3578 Ecclesia,

1994 3606 2360 3673 decrevimus,
2402 3604 2540 3660 sciat
2596 3620 2656 3661 se
2687 3604 2746 3658 B.
2800 3603 2959 3658 Petro
2989 3602 3222 3673 ejusque
3250 3600 3458 3658 vicario
3488 3616 3614 3657 esse

262 3680 1884 3791 ἀίξοε,ιεέίὶεέτὶὲῆἷέᾶέᾶιὲξέξ’έὶιῖἷέέἶιέτῖιέιζὶξᾘιῖηὲῖιίἰι
1912 3680 1963 3750 Β
1990 3697 2525 3791 εοηιτετίυτη,³ίίι“εέ
2583 3694 2702 3791 ‘0‘?
2744 3695 3037 3749 “amem
3073 3708 3275 3791 99"“.
3298 3692 3367 3791 δέ
3396 3690 3615 3791 ⁸³³³9³·

262 3810 481 3866 salvare
514 3827 627 3867 non
658 3814 992 3883 valentibus,
1015 3816 1316 3873 novissime
1348 3819 1541 3875 Filium
1573 3837 1731 3876 suum
1782 3823 1889 3877 hu-

265 3915 432 3954 mana
453 3915 621 3955 carne
650 3901 902 3958 indutum
934 3904 1003 3959 ad
1050 3907 1489 3978 redemptionem
1520 3911 1745 3985 generis
1777 3913 1886 3967 hu-

263 3988 418 4042 mani
457 3988 524 4043 ad
551 3996 726 4046 terras
757 3993 1129 4049 transmittere
1183 3996 1441 4069 dignatus
1478 4008 1580 4054 est.
1611 4001 1684 4057 Eo
1707 4000 1892 4073 itaque

263 4079 415 4133 inter
451 4079 703 4137 homines
727 4091 1110 4152 conversante,
1144 4085 1442 4144 duodecim
1471 4090 1639 4166 elegit
1669 4099 1894 4164 aposto-

264 4169 375 4235 los,
397 4186 539 4241 quos
555 4170 626 4225 ad
655 4171 1048 4229 seminandum
1076 4175 1310 4231 verbum
1343 4177 1439 4233 Dei
1472 4180 1527 4235 in
1547 4181 1716 4237 corda
1745 4181 1893 4238 ﬁde-

265 4260 405 4314 lium
459 4277 561 4331 per
599 4262 918 4320 universum
977 4268 1280 4322 transmisit
1335 4269 1524 4325 orbem
1585 4289 1599 4326 :
1661 4289 1895 4345 quorum

264 4359 437 4424 atque
492 4352 664 4411 totius
722 4355 980 4414 Ecclesiae
1038 4368 1290 4416 sanctum
1350 4363 1640 4419 constituit
1670 4364 1893 4421 Petrum

264 4447 600 4519 principem,
626 4450 716 4505 cui
743 4468 968 4526 gregem
1001 4455 1277 4512 commisit
1297 4456 1756 4529 ecclesiasticum,
1788 4468 1895 4517 ter-

262 4541 343 4597 tio
372 4543 634 4600 eidicens
662 4562 677 4599 :
707 4548 874 4602 Pasce
901 4563 1025 4604 oves
1040 4566 1185 4605 meas
1220 4552 1392 4622 (Joan.
1425 4556 1536 4623 xxx)
1568 4572 1582 4621 ;
1618 4555 1708 4611 cui
1726 4556 1891 4611 etiam

260 4633 475 4707 ligandi
501 4641 670 4707 atque
719 4637 972 4693 solvendi
1003 4641 1229 4697 tradidit
1259 4652 1617 4715 potestatem,
1650 4647 1844 4703 dicens
1875 4665 1890 4703 :

263 4725 633 4796 Quodcunque
682 4729 941 4797 ligaveris
978 4747 1138 4803 super
1199 4739 1422 4803 terram,
1453 4741 1557 4793 erit
1596 4741 1825 4808 ligatum
1844 4745 1893 4795 et

262 4815 328 4867 in
352 4816 497 4870 cretis
530 4832 545 4882 ;
576 4818 933 4889 quodcunque
952 4822 1174 4877 solveris
1199 4838 1361 4894 super
1378 4830 1603 4893 terram,
1623 4831 1726 4883 erit
1746 4831 1894 4885 solu-

264 4910 383 4960 tum
407 4912 457 4961 et
496 4909 557 4962 in
585 4909 728 4964 cratis
769 4911 986 4981 (Matth.
1042 4927 1176 4981 xvr.)
1229 4917 1292 4973 Et
1321 4933 1433 4974 non
1490 4919 1667 4975 solum
1699 4929 1893 4980 sancto

267 4994 396 5049 talis
421 5010 685 5052 concessa
740 4998 901 5054 Petro
954 5002 1224 5071 potentia,
1263 5005 1363 5059 sed
1393 5006 1558 5062 etiam
1600 5009 1714 5065 suis
1757 5026 1891 5067 suc-

260 5087 601 5156 cessoribus,
624 5089 745 5161 ejus
772 5091 950 5148 vicem
972 5093 1029 5148 in
1052 5094 1298 5151 Ecclesia
1324 5099 1666 5169 tenentibus,
1693 5102 1889 5158 eadem

262 5177 476 5253 ligandi
505 5187 674 5252 atque
729 5184 982 5240 solvendi
1031 5202 1063 5240 a
1104 5187 1217 5243 Deo
1248 5189 1449 5245 tradita
1479 5198 1563 5247 est
1616 5201 1881 5263 potestas.

258 5270 450 5325 Sancti
490 5271 675 5344 itaque
726 5274 873 5330 Petri
904 5278 1145 5347 apostoli
1201 5296 1557 5338 successores
1605 5276 1704 5355 per
1744 5287 1882 5356 loca,

258 5364 428 5429 prout
454 5375 596 5430 opus
623 5369 741 5417 erat
797 5370 963 5435 atque
1002 5366 1208 5435 decuit,
1271 5371 1678 5429 constituerunt
1704 5376 1887 5431 archi-

259 5446 579 5518 episcopos,
611 5450 705 5522 qui
734 5467 927 5508 eorum
954 5455 1131 5512 vicem
1187 5463 1442 5515 tenerent
1473 5461 1529 5516 in
1579 5463 1839 5521 Ecclesiis
1868 5483 1884 5533 ;

258 5540 393 5612 quia
441 5541 548 5612 ipsi
606 5544 892 5602 universas
942 5565 1137 5625 regere
1173 5567 1285 5608 non
1315 5562 1572 5625 poterant
1600 5558 1890 5618 Ecclesias.

261 5632 373 5722 Nos
397 5649 623 5707 quoque
643 5637 820 5694 vicem
853 5640 1000 5696 beati
1030 5642 1177 5698 Petri
1233 5647 1490 5716 apostoli,
1523 5659 1684 5722 prout
1713 5653 1894 5708 homi-

266 5721 435 5776 nibus
466 5722 629 5779 istius
646 5729 916 5798 temporis
938 5731 1204 5801 possibile
1224 5743 1328 5802 est,
1360 5735 1415 5791 in
1437 5721 1679 5796 Ecclesia
1699 5748 1897 5799 tenen-

266 5818 376 5880 tes,
407 5819 613 5871 statuta
660 5817 880 5876 illorum
940 5829 1356 5883 antecessorum
1397 5836 1709 5888 nostrorum
1758 5848 1894 5891 con-

1990 3790 2256 3851 ctionem,
2308 3786 2423 3842 sive
2481 3785 2552 3841 sit
2616 3784 2936 3857 episc0pus,
2994 3788 3089 3839 aut
3131 3782 3438 3855 presbyter,
3497 3781 3616 3840 sive

1988 3880 2226 3938 clericus
2247 3893 2627 3950 cujuscunque
2673 3877 2905 3944 ordinis,
2953 3875 3070 3931 sive
3100 3875 3272 3931 laicus
3300 3875 3609 3945 cujuscun-

1995 3992 2105 4050 que
2152 3974 2319 4031 fuerit
2369 3973 2652 4048 dignitatis
2676 3973 2854 4046 ;‘quia
2890 3981 3079 4029 sancta
3117 3979 3432 4028 sanctorum
3458 3976 3618 4026 ante-

1996 4082 2275 4123 cessorum
2309 4074 2623 4122 nostrorum
2674 4065 2891 4121 solvere
2952 4064 3437 4135 nolumusjneque
3462 4060 3618 4120 valer-

1995 4177 2142 4217 mus.
2176 4160 2285 4216 Sed
2325 4159 2605 4232 quomodo
2639 4159 2717 4214 illi
2746 4174 3025 4215 consensu
3054 4173 3279 4215 suorum
3313 4156 3615 4229 episcopo-

1998 4266 2116 4306 rum
2171 4265 2237 4306 ac
2289 4249 2461 4305 totius
2508 4249 2644 4305 cieri
2702 4249 3130 4312 constituerunt,
3183 4244 3281 4303 ﬁat
3326 4262 3395 4302 ex
3425 4260 3618 4303 eorum

1999 4342 2227 4415 pariter,
2259 4347 2314 4398 et
2344 4349 2537 4397 nostro
2557 4341 2782 4398 decreto
2823 4341 3041 4398 ﬁrmum
3072 4347 3237 4413 atque
3265 4345 3620 4412 perpetuum.

1995 4431 2327 4502 Quicunque
2357 4438 2540 4486 autem
2589 4430 2837 4502 episcopi
2891 4446 2992 4502 per
3046 4430 3275 4496 amicos,
3333 4428 3449 4485 sive
3478 4426 3618 4484 clam

1995 4540 2095 4597 per
2114 4524 2355 4596 aliquam
2387 4522 2660 4591 fraudem,
2703 4523 3001 4596 aliquando
3058 4521 3308 4593 ejusdem
3338 4517 3622 4596 dignitatis

1994 4615 2280 4689 petierint,
2303 4615 2418 4672 sive
2451 4615 2732 4689 petierunt
2760 4615 3134 4688 privilegium,
3171 4615 3296 4671 illos
3319 4610 3618 4685 suspendi-

1991 4720 2114 4761 mus
2153 4704 2220 4760 ab
2243 4720 2308 4760 ea
2357 4705 2680 4777 dignitate;
2729 4705 2861 4778 quia
2912 4704 3161 4762 illicitum
3211 4703 3529 4775 judicamus
3558 4709 3620 4757 ut

1993 4794 2194 4866 aliquis
2224 4794 2540 4866 episcopus,
2572 4794 2694 4850 sine
2742 4794 2916 4852 totius
2944 4810 3060 4850 suae
3119 4792 3419 4865 provincia
3451 4799 3617 4864 atque

1994 4881 2472 4957 suffraganeorum
2499 4899 2725 4941 suorum
2758 4899 3056 4952 consensu,
3097 4883 3326 4956 pallium
3368 4882 3484 4941 sive
3513 4882 3621 4937 ali-

1994 4972 2145 5045 quod
2175 4972 2686 5045 archiepisc0patus
2712 4972 3066 5047 privilegium
3096 4989 3129 5028 a
3152 4973 3398 5029 Romano
3429 4970 3615 5043 ponti-

1916 5068 1967 5138 ρ
1988 5061 2094 5121 ﬁce
2123 5064 2411 5137 acquirere
2451 5073 2772 5136 praesumat.

2059 5293 2414 5360 Priviiegium
2452 5293 2729 5346 Benedicti
2748 5202 2931 5364 Eripe,
2962 5294 3108 5363 quod
3126 5293 3277 5348 dedit
3299 5294 3543 5362 episcopo

2453 5364 2776 5418 Theoderico
2815 5367 3144 5422 Trevirensi.

2634 5459 2808 5530 (Anno
2823 5459 2968 5527 973.)

2427 5548 2866 5620 [MAN51,Concil.
2899 5550 3033 5616 xxx,
3072 5550 3185 5622 ιδ]

2070 5662 2405 5718 Bansnicrus
2448 5662 2767 5734 episcOpus,
2798 5679 2986 5720 servus
3012 5679 3298 5721 servorum
3330 5665 3450 5734 Dei,
3483 5665 3616 5721 cha-

1997 5751 2229 5807 rissimis
2249 5752 2412 5807 nobis
2448 5752 2504 5807 in
2528 5753 2739 5809 Christo
2799 5754 3059 5810 fratribus
3081 5756 3358 5812 universis
3388 5755 3613 5829 episco-

1997 5840 2081 5911 pis
2110 5856 2174 5897 ac
2204 5840 2373 5897 totius
2426 5841 2733 5917 dignitatis,
2778 5852 2834 5900 et
2875 5842 3094 5901 ordinis
3142 5845 3430 5903 catholicis
3458 5844 3609 5908 viris,
