3924 6394
373 371 512 429 1083

1689 381 2038 439 BENEDICTI
2078 382 2144 439 Vl
2186 382 2392 439 PAP/E.

3578 395 3723 451 1084

366 495 739 567 praesentibus
767 498 981 556 scilicet
1011 510 1066 557 et
1093 502 1309 570 futuris,
1341 512 1665 577 perpetuam
1722 506 1979 563 salutem.
2011 512 2055 579 Α
2087 508 2261 562 alieni
2310 512 2492 575 erunt,
2531 509 2740 566 dicente
2788 513 3015 566 Domino
3045 529 3058 565 :
3088 514 3191 581 Qui
3243 530 3336 570 vos
3362 516 3596 586 spernit,
3636 533 3723 572 me

441 588 596 656 Quia,
626 590 754 647 licet
782 590 1429 666 indigni,divinaetamen
1448 598 1790 674 dignationis
1814 600 1989 674 gratia

370 673 725 747 disponente,
756 681 901 737 beati
934 683 1077 737 Petri
1111 688 1487 756 apostolorum
1511 673 1779 759 principis
1805 673 1989 744 sacra-

369 762 637 821 tissimum
669 769 880 835 sedem,
915 772 1344 846 universaleque
1400 775 1453 830 in
1489 784 1603 832 toto
1634 777 1771 833 orbe
1803 778 1986 852 magi-

368 860 597 917 sterium
624 865 993 936 suscepimus,
1041 885 1266 925 necesse
1310 878 1393 926 est
1430 873 1678 928 omnium
1711 874 1987 931 Ecclesia-

371 970 511 1022 rum,
544 962 603 1011 ut
650 957 1128 1029 diligentissimam
1179 964 1615 1020 sollicitudinem
1665 965 1742 1021 ita
1799 967 1985 1023 conti-

368 1050 565 1099 nenter
667 1046 986 1116 habeamus,
1080 1067 1151 1107 ne
1233 1069 1423 1108 earum
1476 1054 1603 1123 jura
1662 1057 1986 1111 auctoritate

366 1132 614 1200 ejusdem
647 1136 1023 1205 apostolorum
1058 1140 1347 1219 principis,
1388 1150 1829 1217 ceterorumque
1858 1161 1987 1201 suc-

365 1236 646 1278 cessorum
707 1225 829 1294 ejus
880 1230 1278 1286 venerabilium
1334 1229 1554 1291 Patrum
1586 1234 1987 1293 inviolabiliter

366 1320 585 1382 statuta,
616 1324 670 1371 et
698 1319 1042 1389 confirmata,
1073 1331 1261 1380 nostro
1291 1326 1613 1382 minuantur
1658 1344 1722 1383 ac
1759 1336 1986 1399 pereant

367 1412 646 1479 tempore;
670 1412 767 1466 sed
799 1414 982 1484 potius
1010 1418 1368 1475 corroborata
1388 1420 1651 1477 decenter
1681 1430 1986 1498 augeantur

363 1506 529 1571 atque
559 1501 868 1571 proﬁciant.
915 1507 1045 1563 ldeo
1066 1519 1302 1564 vestram
1372 1526 1538 1568 nosse
1572 1514 1826 1570 volumus
1855 1531 1987 1570 san-

360 1587 604 1643 ctitatem
636 1593 803 1662 quod,
834 1593 1549 1657 Theodericodilectissimo
1601 1602 1768 1659 fratre
1795 1611 1985 1662 nostro

358 1678 713 1738 Trevcrensis
771 1686 1025 1743 Ecclesiae
1092 1691 1508 1764 archiepiscopo
1575 1695 1800 1751 Romam
1842 1697 1978 1751 diri-

2087 603 2291 670 spernit
2320 600 2481 670 (Lue.
2525 618 2578 668 x,
2609 603 2716 673 16.)
2777 603 2924 659 [nter
2950 606 3071 662 haec
3100 621 3327 679 quoque
3356 608 3570 676 omnia,
3589 625 3716 682 qua:

2088 689 2157 744 ad
2213 689 2582 761 supradictam
2653 690 3049 750 Treverensem
3100 691 3398 751 Ecclesiam
3454 698 3603 753 intra
3661 706 3719 754 et

2088 788 2239 837 extra
2256 781 2531 836 civitatem
2581 782 2859 853 pertinere
2907 784 3185 853 videntur,
3242 787 3294 840 id
3325 794 3408 842 est
3439 788 3721 843 Ecclesias

2087 889 2213 929 cum
2245 874 2518 930 universis
2548 875 2713 931 rebus
2764 876 2872 932 sibi
2931 878 3317 946 attinentibus,
3363 896 3460 934 seu
3516 897 3721 936 mona-

2086 963 2255 1018 steria
2296 970 2404 1017 tam
2447 963 2845 1019 monachorum
2889 982 3055 1036 quam
3113 967 3413 1040 virginum,
3479 985 3605 1041 quae
3647 987 3716 1025 ex

2090 1055 2401 1125 praeceptis,
2447 1054 2562 1109 sive
2590 1055 2813 1125 scriptis
2868 1073 3083 1130 regum,
3124 1074 3224 1113 seu
3276 1059 3712 1130 imperatorum,

2085 1147 2202 1202 sive
2255 1146 2576 1202 eorumdem
2624 1146 2975 1204 fundatorum
3009 1150 3334 1206 auctoritate
3355 1152 3422 1205 ad
3445 1168 3504 1207 se
3534 1154 3716 1223 perti-

2085 1245 2221 1294 nent
2248 1244 2304 1293 et
2329 1239 2604 1309 pertinere
2660 1239 2888 1307 debent,
2932 1247 2987 1295 et
3019 1240 3293 1313 quidquid
3343 1242 3573 1297 omnino
3618 1243 3715 1298 illa

2086 1330 2206 1401 ipsa
2244 1330 2485 1386 Ecclesia
2514 1330 2743 1402 ubique,
2771 1339 2827 1386 et
2852 1347 3077 1404 quoquo
3118 1333 3319 1387 merito
3348 1332 3600 1404 possidet
3660 1341 3715 1389 et

2087 1420 2422 1492 coepisc0po
2453 1428 2664 1485 nostro,
2692 1422 2923 1494 suisque
2949 1423 3364 1479 successoribus
3400 1424 3470 1478 ad
3503 1441 3712 1497 perpe-

2086 1519 2237 1568 tuam
2276 1518 2479 1567 sanctae
2534 1512 2890 1567 Treverensis
2955 1514 3214 1569 Ecclesiae
3271 1515 3712 1571 dominationem

2088 1615 2254 1678 atque
2285 1606 2574 1674 ditionem,
2609 1623 2708 1677 per
2737 1607 2902 1675 hujus
2970 1615 3169 1663 nostrm
3210 1608 3531 1679 apostolicae
3561 1608 3715 1664 sedis

2082 1694 2471 1766 praceptionis
2515 1695 2738 1762 seriem,
2794 1695 2897 1751 hac
2929 1696 3237 1767 praesentit
3292 1695 3624 1760 indictione,
3660 1704 3714 1752 et

361 1784 527 1843 gente
555 1776 894 1852 legatarium,
926 1785 993 1837 ad
1038 1794 1353 1842 sanctorum
1377 1790 1753 1859 apostolorum
1782 1791 1979 1847 limina
2009 1803 2260 1887 Busque
2288 1787 2345 1841 in
2392 1785 2560 1841 ﬁnem
2600 1786 2787 1842 saculi
2835 1788 3148 1843 valituram.
3202 1787 3400 1844 Contra
3458 1806 3627 1861 quam
3663 1790 3710 1844 si

361 1866 695 1937 audivimus,
722 1872 865 1928 sicut
911 1877 1076 1935 etiam
1131 1879 1343 1948 pridem
1399 1881 1701 1950 audiendo,
1759 1884 1869 1955 imp
1927 1891 1982 1939 et

363 1956 602 2032 legendo
630 1972 972 2034 compertum
1022 1967 1337 2038 habuimus,
1380 1974 1634 2027 eamdem
1668 1974 1842 2045 ipsam
1870 1991 1981 2045 pm

363 2054 577 2109 caeteris
648 2057 943 2115 Galliarum
1018 2063 1277 2120 Ecclesiis
1341 2068 1624 2124 catholicae
1696 2069 1984 2143 religionis

364 2150 674 2219 exordium,
716 2162 769 2209 et
801 2155 1093 2214 Chistiame
1116 2160 1402 2233 religionis
1433 2164 1828 2237 catholicteque
1853 2165 1981 2222 ﬁdei

365 2237 676 2295 rudimenta
715 2243 891 2312 prima
917 2249 1228 2319 percepisse
1256 2268 1354 2321 per
1396 2261 1709 2309 sanctorum
1739 2257 1981 2313 virorum

358 2328 881 2402 Eucharii,Valerii,
921 2338 1172 2407 Materni,
1228 2348 1282 2396 et
1310 2352 1637 2400 cancrorum
1692 2349 1980 2423 evangeli-

361 2435 479 2473 cam
512 2422 840 2492 doctrinam,
864 2443 1004 2499 quos
1045 2439 1294 2502 tempore
1316 2448 1416 2488 suo
1448 2436 1742 2505 praedictus
1773 2422 1985 2493 beatis-

360 2511 535 2567 simus
561 2513 754 2570 Petrus
792 2520 1074 2589 apostolus
1121 2523 1399 2580 ordinavit
1443 2534 1500 2581 et
1548 2527 1825 2596 instruxit,
1881 2547 1985 2587 nec

361 2611 471 2651 non
494 2598 622 2654 illuc
669 2605 737 2657 ad
781 2607 1192 2676 praedicandum
1242 2612 1456 2668 direxit.
1493 2615 1647 2670 Unde
1695 2618 1866 2673 totius
1888 2635 1984 2675 or-

364 2687 512 2743 dinis
534 2700 738 2749 nostrae
768 2698 918 2752 sedis
949 2702 1264 2771 apostolicae
1312 2707 1590 2773 consultu,
1633 2710 1983 2783 gratuitoque

363 2796 591 2838 assensu
637 2785 761 2856 jura
816 2790 1254 2867 privilegiorum,
1308 2813 1432 2868 quae
1463 2814 1494 2852 a
1530 2808 1716 2855 sancta
1740 2801 1985 2858 Romana

364 2876 537 2925 matre
568 2873 808 2931 Ecclesia
835 2880 1074 2949 praefatis
1132 2887 1358 2953 sanctis,
1413 2902 1716 2959 eorumque
1752 2890 1983 2962 reliquis

359 2966 797 3051 successoribus,
855 2970 908 3024 id
964 2980 1047 3027 est
1094 2974 1325 3049 Agritio,
1367 2978 1680 3046 Maximino,
1725 2981 1980 3051 Paulino,

361 3050 588 3119 Severo,
643 3055 895 3114 almiﬁcis
934 3069 989 3115 et
1043 3064 1366 3133 apostolicis
1421 3066 1573 3134 viris,
1614 3084 1646 3122 a
1677 3050 1982 3140 primordio

356 3154 533 3212 usque
564 3159 714 3199 nunc
739 3148 1060 3205 authentice
1089 3167 1354 3209 concessa
1378 3162 1523 3224 sunt,
1556 3173 1680 3228 quae

358 3230 533 3302 ipsius
563 3235 799 3293 civitatis
830 3242 1067 3310 excidio,
1111 3245 1373 3302 inccndio
1401 3248 1655 3320 aliquove
1687 3267 1816 3306 casu
1845 3268 1979 3309 con-

358 3333 580 3396 sumpta
620 3332 1014 3401 approbantur,
1086 3335 1270 3392 eidem
1343 3337 1665 3397 Treverensi
1727 3343 1983 3401 Ecclesiae

357 3417 732 3491 praedictoque
780 3423 931 3479 fratri
991 3434 1180 3484 nostro
1235 3430 1597 3500 Theoderico,
1651 3443 1821 3506 etper
1848 3451 1975 3493 eum

356 3513 571 3568 cunctis
620 3521 1031 3576 successoribus
1092 3523 1208 3578 suis
1253 3525 1666 3597 reconﬁrmare,
1724 3546 1977 3589 recorre-

356 3601 553 3693 borare
582 3615 636 3662 et
679 3610 829 3664 omni
862 3613 1027 3668 modo
1084 3616 1373 3673 restituere
1403 3619 1631 3693 dignum
1693 3622 1972 3689 duximus,

356 3689 743 3761 decernentes,
764 3705 896 3767 etc.,
932 3699 1359 3760 utTreverensis
1392 3689 1593 3777 praesul
1623 3717 1747 3781 post
1780 3728 1980 3783 quem-

356 3781 493 3838 libet
511 3786 855 3844 ordinarium
906 3791 1144 3866 legatum
1192 3797 1511 3867 apostolica:
1556 3801 1706 3855 sedis
1754 3781 1812 3857 in
1857 3803 1982 3858 Gal-

358 3872 510 3940 liam,
535 3875 952 3936 Germaniamve
974 3881 1332 3953 destinatum,
1362 3887 1601 3958 primum
1644 3890 1791 3945 inter
1842 3891 1981 3947 alios

355 3962 650 4033 pontiﬁces
694 3965 879 4023 locum
932 3970 1180 4027 obtineat
1243 3974 1305 4029 Et
1369 3975 1415 4030 si
1459 3977 1659 4032 missus
1714 3978 1973 4035 Romanae

358 4050 614 4108 Ecclesia:
635 4055 893 4126 defuerit,
944 4060 1199 4116 similiter
1244 4070 1367 4133 post
1423 4065 1835 4136 imperatorem,
1858 4067 1975 4123 sive

358 4162 545 4221 regem
585 4153 841 4221 sedendi,
882 4158 1213 4213 sententiam
1258 4160 1537 4229 edicendi,
1591 4171 1645 4217 et
1710 4165 1975 4234 synodale

350 4238 623 4309 judicium
673 4243 939 4299 canonice
989 4248 1376 4322 promulgandi
1423 4250 1718 4321 primatum
1751 4253 1971 4309 habeat.

355 4336 548 4401 utpote
575 4330 629 4385 in
660 4330 767 4386 illis
796 4333 1047 4403 partibus
1074 4336 1313 4392 vicarius
1340 4346 1541 4393 nostra:
1568 4340 1717 4395 sedis
1748 4349 1975 4412 aposto-

330 4422 474 4480 lica:
496 4424 693 4481 merito
748 4427 1103 4484 constitutus.
1154 4430 1346 4501 Neque
1385 4433 1532 4487 enim
1564 4433 1794 4508 dignum
1816 4441 1972 4491 estut

352 4517 504 4573 illius
523 4519 782 4575 Ecclesia:
849 4524 1053 4592 praesul
1100 4523 1289 4596 aliquo
1340 4532 1587 4597 tempore
1615 4529 1832 4586 caeteris
1860 4546 1972 4586 non

351 4609 621 4665 habeatur
648 4613 929 4682 praelatus,
960 4615 1117 4684 cujus
1149 4616 1330 4672 honor
1355 4618 1411 4672 in
1442 4618 1551 4674 illis
1599 4621 1847 4691 partibus
1873 4623 1974 4677 sub

355 4701 480 4772 ipso
508 4703 885 4772 apostolorum
916 4707 1167 4779 principe
1199 4710 1413 4765 exstitit
1462 4711 1794 4781 primitivus.
1853 4713 1973 4769 Pari

355 4809 596 4866 namque
624 4797 789 4852 modo
854 4800 1154 4869 sancimus,
1214 4816 1411 4856 omnes
1463 4802 1519 4857 in
1548 4803 1826 4875 parochiis
1855 4804 1976 4874 ejus

354 4885 644 4960 degentes,
668 4888 784 4944 sive
815 4890 1224 4947 ordinationem
1258 4901 1311 4949 et
1362 4894 1763 4964 promotionem
1787 4895 1972 4965 cujus-

352 4976 869 5036 libetecclesiastici
899 4984 1103 5055 gradus
1151 4999 1182 5038 a
1240 4985 1503 5055 pontiﬁce
1557 4985 1765 5058 ipsius]
1788 4988 1971 5058 perci-

350 5070 591 5140 pientes,
639 5073 821 5128 eidem
879 5074 984 5147 ipsi
1032 5078 1246 5134 matrici
1303 5078 1562 5135 Ecclesiae
1592 5080 1970 5153 episcopoque

352 5163 497 5219 illius
516 5164 720 5220 debere
751 5168 1014 5223 canonice
1047 5169 1267 5240 placere
1313 5170 1571 5243 obsequi,
1605 5181 1659 5227 et
1682 5172 1808 5241 jure
1835 5174 1971 5228 obe-

353 5255 492 5311 dire.
528 5255 584 5310 Si
613 5257 839 5328 quidem
870 5260 1093 5317 decreto
1122 5262 1269 5318 beati
1292 5263 1591 5320 Clementis
1616 5280 1772 5336 papae
1804 5282 1974 5337 super

351 5347 455 5403 hoc
510 5348 583 5403 ita
629 5354 853 5404 cautum
932 5354 1150 5410 Videtur
1201 5358 1445 5425 (epistola
1510 5357 1563 5412 3.
1607 5356 1676 5411 ad
1709 5357 1966 5412 Ruﬁnum

345 5436 590 5508 (Toran.)
624 5455 637 5492 :
660 5439 722 5495 Si
742 5442 889 5496 vobis
919 5445 1156 5513 episcopi
1183 5460 1290 5499 non
1319 5446 1615 5511 obedirent,
1643 5461 1822 5501 omnes
1847 5462 1972 5516 pre-

350 5527 568 5596 sbyteri,
582 5531 820 5597 diaconi,
851 5535 1174 5590 subdiaconi
1204 5552 1266 5590 ac
1296 5538 1500 5607 reliqui
1537 5540 1720 5593 clerici
1768 5541 1968 5605 cuncti,

349 5629 633 5686 omnesque
654 5622 935 5690 principes
976 5629 1090 5679 tam
1117 5625 1344 5694 majoris
1394 5627 1604 5682 ordinis
1633 5643 1798 5697 quam
1826 5629 1971 5694 infe-

350 5707 533 5771 rioris,
592 5710 758 5776 atque
812 5711 1013 5780 reliqui
1054 5714 1272 5783 populi,
1330 5718 1502 5771 tribus
1547 5720 1597 5770 et
1626 5717 1828 5784 lingua:
1865 5732 1972 5771 non

356 5792 857 5865 obtemperoverint,
901 5814 936 5854 a
994 5801 1261 5857 limitibus
1316 5809 1517 5860 sancta
1573 5805 1822 5861 Ecclesia:
1881 5807 1972 5860 Dei

2083 1881 2208 1953 quis
2232 1895 2395 1955 agere
2421 1880 2849 1950 praesumpserit,
2878 1887 2933 1935 et
2985 1881 3138 1952 quod
3162 1881 3311 1949 justo
3341 1889 3395 1936 et
3436 1883 3713 1939 canonice

2083 1989 2115 2027 a
2145 1972 2310 2028 nobis
2334 1973 2617 2049 depretum
2647 1979 2732 2027 est
2763 1972 2819 2027 in
2842 1972 3029 2044 aliquo
3060 1971 3365 2045 infringere
3392 1975 3709 2039 tentaverit,

2084 2062 2222 2118 sciat
2276 2060 2356 2123 sei
2394 2078 2460 2116 ex
2499 2061 2927 2132 Omnipotentis,
2983 2068 3039 2116 et
3091 2061 3340 2132 praedicti
3394 2062 3711 2118 beatissimi

2085 2156 2458 2228 apostolorum
2517 2155 2784 2227 principis
2841 2155 3206 2226 omniumque
3263 2162 3605 2222 sanctorum,
3648 2172 3712 2211 ac

2085 2251 2293 2306 deinde
2322 2259 2509 2306 nostra
2536 2249 2857 2305 auctoritate
2888 2250 3272 2305 damnandum
3303 2255 3359 2304 et
3385 2251 3716 2304 anathema-

2086 2343 2391 2409 tizandum,
2423 2358 2546 2397 cum
2596 2340 2857 2397 omnibus
2910 2341 3097 2413 impiis
3142 2341 3364 2397 mternis
3419 2342 3715 2413 suppliciis

2084 2431 2487 2501 deputandum.
2548 2431 2648 2495 Qui
2707 2447 2838 2487 vero
2889 2432 2997 2487 hoc
3052 2430 3403 2506 privilegium
3463 2439 3715 2486 nostrum

2083 2526 2379 2582 observare
2429 2523 2666 2579 ﬁdeliter
2707 2524 2979 2591 statuerit,
3035 2523 3448 2579 benedictionis
3476 2523 3713 2596 gratiam

2085 2624 2139 2671 et
2168 2614 2564 2670 misericordiae
2621 2612 3023 2684 plenitudinem
3058 2613 3117 2667 in
3156 2612 3480 2668 caelestibus
3512 2613 3711 2668 castris

2084 2711 2227 2765 inter
2255 2708 2554 2763 electorum
2588 2722 2878 2762 numerum
2931 2704 3232 2762 efﬁcaciter
3269 2722 3300 2760 a
3321 2705 3561 2761 Domino
3592 2704 3709 2760 Deo

2088 2800 2356 2872 consequi
2386 2807 2683 2854 mereatur.

2152 2898 2423 2968 Scriptum
2456 2911 2556 2965 per
2578 2910 2802 2949 manum
2857 2893 3121 2965 Stephani
3171 2892 3391 2959 notarii,
3425 2892 3712 2948 scriniarii

2084 2996 2286 3044 sanctae
2316 2986 2467 3043 sedis
2502 2984 2839 3056 apostolicae,
2896 2984 2954 3039 in
2985 3000 3176 3040 mense
3233 2984 3497 3040 Januario
3556 2983 3714 3037 indi-

2083 3079 2326 3135 cﬁonei.

1685 3175 1792 3230 (Ιυο
1814 3160 1978 3216 etiam
2003 3193 2054 3262 C
2153 3190 2285 3244 Data
2311 3206 2363 3244 vr
2392 3187 2507 3243 Kal.
2549 3185 2833 3243 Februarii
2891 3201 2989 3258 per
3026 3202 3249 3242 manum
3298 3185 3558 3242 Widonis
3585 3186 3714 3257 epi-

2084 3284 2237 3356 scopi
2265 3292 2321 3340 et
2337 3282 2743 3339 blbliothecarii
2765 3289 2969 3338 sanctae
2994 3283 3147 3338 sedis
3166 3282 3510 3353 apostolica,
3534 3298 3710 3347 anno,

2083 3387 2195 3443 Deo
2234 3386 2496 3458 prOpitio,
2559 3383 2908 3455 pontiﬁcatus
2937 3384 3127 3439 domui
3158 3382 3445 3439 Benedicti
3473 3383 3712 3439 sanctis-

2082 3476 2206 3531 simi
2238 3474 2550 3547 summique
2594 3473 2892 3546 pontiﬁcis,
2945 3479 3000 3528 et
3037 3471 3372 3529 universalis
3439 3471 3506 3527 Vl
3547 3490 3712 3544 papae

2076 3568 2277 3640 primo,
2309 3565 2529 3638 imperii
2596 3571 2779 3621 autem
2832 3565 3021 3621 domni
3088 3564 3300 3621 Ottonis
3342 3564 3573 3634 maioris
3604 3581 3707 3631 xu,

2083 3661 2316 3718 minoris
2346 3669 2529 3716 autem
2562 3676 2635 3715 vn.

2835 3812 2925 3867 Ill.

2078 3966 2393 4022 Benedictus
2427 4005 2441 4019 .
2488 4005 2500 4017 .
2546 4005 2557 4017 .
2603 4002 2614 4013 .
2663 4002 2675 4016 .
2714 3960 2815 4033 [Vl]
2866 3974 3016 4033 papa
3055 3958 3212 4033 Petro
3271 3958 3710 4033 reverentissimo

2146 4038 2336 4091 abbati
2354 4034 2667 4090 monasterii
2693 4029 2882 4089 Sancti
2906 4030 3183 4085 Benedicti
3210 4032 3259 4082 et
3290 4029 3505 4083 Sancta:
3534 4029 3708 4084 Scho-
3760 4064 3773 4073 η

2149 4109 2375 4174 ιαειίσω,
2417 4108 2696 4175 conﬁrmat
2744 4105 2927 4157 omnia
2954 4103 3113 4166 bona,
3173 4102 3315 4175 inter
3340 4115 3457 4175 qua
3487 4100 3707 4153 domum

2147 4185 2197 4233 et
2223 4173 2720 4234 ecclesiam'Sancti
2779 4176 2893 4229 Viti
2946 4176 3125 4229 Roma
3173 4173 3234 4224 in
3290 4174 3501 4237 regione
3529 4186 3626 4235 vn,
3656 4175 3710 4223 et

2146 4251 2536 4305 monasterium
2559 4248 2745 4305 Sancti
2773 4245 3017 4309 Erasmi,
3048 4247 3098 4297 et
3126 4244 3518 4297 monasterium
3551 4242 3706 4297 San-

2147 4327 2357 4376 ctorum
2392 4322 2589 4376 Cosmus
2616 4322 2665 4373 et
2694 4317 2974 4381 Damiani,
3015 4330 3135 4368 cum
3162 4315 3301 4368 casis
3325 4317 3376 4366 et
3400 4317 3551 4366 curte
3582 4328 3704 4365 ma-

2139 4393 2257 4461 jori
2284 4397 2335 4446 et
2359 4392 2579 4445 ecclesia
2600 4391 2757 4456 infra
2786 4403 2869 4467 sel
2906 4402 3025 4467 gum
3064 4390 3142 4467 est
3197 4387 3258 4438 in
3288 4384 3495 4467 honore
3524 4387 3709 4467 sancti

2147 4454 2419 4518 Benedicti
2473 4466 2531 4537 et
2558 4454 2778 4537 sanctae
2831 4454 3394 4537 Scliolastica."quod
3432 4455 3576 4536 fuit

2143 4538 2351 4589 Joanne
2379 4533 2679 4608 presbitero
2709 4531 2863 4608 duce
2890 4528 3100 4608 castelli
3144 4526 3492 4608 Albanensis,
3523 4528 3711 4608 ppsita

2149 4609 2325 4662 Romae
2351 4598 2564 4673 rcgione
2619 4604 2802 4665 tertia,
2841 4603 2904 4655 in
2947 4601 3057 4654 loco
3107 4600 3204 4668 qui
3257 4598 3465 4651 dicitur
3524 4598 3713 4652 Massa

2148 4679 2393 4733 Juliana.

2719 4799 2900 4869 (Anno
2938 4792 3087 4864 973.)

2398 4917 2720 4989 [Munuoay
2751 4913 2945 4982 Antig.
2977 4909 3101 4966 Ital.
3136 4908 3201 4974 V,
3232 4908 3380 4979 774.]

2145 5111 2158 5125 .
2203 5109 2218 5124 .
2264 5108 2277 5122 .
2310 5066 2583 5137 Scriptum
2630 5078 2728 5135 per
2781 5075 3004 5115 manum
3061 5054 3347 5113 Benedicti
3414 5054 3704 5110 scriniarii

2071 5166 2277 5216 sancta;
2300 5171 2528 5213 summae
2550 5161 2605 5211 et
2652 5152 2973 5226 apostolicae
3026 5148 3197 5215 sedis,
3226 5162 3417 5203 mense
3462 5146 3706 5201 Novem-

2074 5252 2219 5319 brio,
2260 5249 2563 5305 indictione
2609 5264 2665 5302 ιι.
2729 5246 2875 5300 Bene
2919 5242 3127 5297 Valete.
3171 5240 3303 5295 Data
3341 5254 3391 5291 vi
3427 5235 3714 5291 Kalendas

2073 5345 2390 5403 Decembris
2420 5360 2519 5416 per
2543 5357 2768 5397 manum
2796 5337 3027 5395 Joannis
3057 5337 3169 5391 Deo
3200 5331 3460 5388 amabilis
3503 5330 3711 5401 primi-

2073 5438 2205 5495 cerii
2237 5450 2465 5493 summae
2515 5430 2831 5503 apostolicae
2881 5427 3054 5495 sedis,
3085 5439 3253 5490 anno,
3304 5422 3417 5476 Deo
3447 5420 3700 5491 propitio

2074 5525 2430 5599 pontiﬁcatus
2470 5520 2661 5578 domni
2716 5516 3000 5573 Benedicti
3044 5512 3245 5569 summi
3277 5508 3707 5607 praesulis-sexti

2075 5598 2234 5690 papae
2267 5618 2323 5671 in
2354 5612 2727 5671 sacratissima
2765 5608 2899 5665 sede
2935 5605 3080 5662 beati
3145 5602 3290 5658 Petri
3322 5598 3569 5671 apostoli
3595 5598 3709 5669 pri-

2075 5725 2192 5775 mo,
2262 5710 2569 5779 imperante
2618 5703 2823 5759 domno
2881 5699 3079 5756 Ottone
3133 5693 3366 5767 pissimo
3432 5698 3707 5762 perpetuo

2073 5804 2316 5876 Augusto
2342 5817 2375 5857 a
2404 5801 2514 5857 Deo
2533 5802 2794 5855 coronato
2826 5790 3057 5866 paciﬁco
3089 5790 3450 5860 imperatore.
