3942 6454
142 440 235 500 19⁸1

707 432 1120 496 EXPOSITIO
1164 435 1242 496 ΙΝ
1294 432 1726 500 EPISTOLAS
1774 434 2035 503 PAULI.
2068 443 2255 503 -ΙΝ
2291 436 2535 503 EPIST.
2581 442 2687 502 AD
2732 445 2924 505 ROM.

3413 448 3530 517 198

144 572 216 629 dit
239 568 381 627 enim
409 581 513 638 per
530 564 819 638 Spiritum
848 570 1141 637 sanctum,
1171 568 1402 624 futuros
1434 570 1759 641 haereticos,
1790 572 1845 639 Α
1945 573 2135 636 Quare
2156 578 2353 631 autem
2376 574 2743 646 impossibile
2763 580 2936 646 esset,
2961 579 3219 633 ostendit
3238 595 3371 635 cum
3394 583 3530 637 sub-

141 660 227 732 qui
269 658 519 713 dicerent
575 659 849 710 naturam
910 656 1120 711 animae
1176 673 1304 713 esse
1336 676 1369 713 a
1404 660 1538 729 Deo,
1571 659 1764 715 carnis

140 764 255 806 vero
281 765 313 804 a
341 745 599 817 principe
638 744 1047 813 tenebrarum;
1080 745 1331 817 ideoque
1373 748 1474 813 ait,
1506 764 1601 820 ego
1629 750 1764 819 ipse,

138 846 393 909 tanquam
422 834 643 889 diceret
675 849 689 888 :
722 848 840 889 non
890 839 981 890 est
1023 841 1083 890 ut
1115 836 1409 903 asseritis;
1441 853 1557 892 non
1608 837 1766 893 enim

142 930 251 984 dum
276 930 330 981 et
356 923 659 980 contraria
700 923 759 977 in
806 939 901 978 me
930 928 1072 979 sunt
1102 928 1345 992 naturis,
1381 942 1499 980 una
1545 944 1578 981 a
1626 926 1763 993 Deo,

142 1017 301 1072 altera
326 1032 359 1070 ιι
381 1011 760 1069 tenebrarum
812 1011 1096 1085 principe,
1130 1014 1232 1069 sed
1281 1029 1387 1085 ego
1430 1015 1579 1085 ipse,
1612 1031 1767 1070 unus

140 1105 384 1175 idemque
411 1101 589 1157 homo
635 1117 811 1157 carne
864 1101 1050 1157 servio
1107 1101 1220 1173 legi
1276 1104 1520 1174 peccati,
1547 1104 1770 1160 scilicet

139 1191 605 1264 concupiscendo;
641 1194 836 1245 mente
875 1206 1031 1257 vero,
1062 1189 1178 1263 legi
1226 1191 1351 1257 Dei,
1385 1193 1443 1246 id
1490 1197 1599 1262 est,
1632 1207 1769 1247 con-

135 1280 486 1354 cupiscentiis
512 1280 862 1335 resistendo.

194 1374 411 1426 Poterat
454 1369 529 1425 ad
562 1369 684 1424 haec
715 1366 932 1440 aliquis
960 1369 1155 1424 dicere
1190 1387 1203 1424 :
1248 1370 1387 1441 quia
1434 1386 1608 1426 carne
1657 1371 1770 1443 legi

137 1459 328 1533 peccati
385 1458 591 1525 servis,
645 1462 886 1529 propter
931 1456 1083 1513 hanc
1141 1458 1485 1515 servitutem
1545 1461 1771 1534 aliquid

132 1548 509 1604 damnationis
543 1547 826 1618 acquiris,
848 1562 923 1602 an
957 1547 1116 1602 non?
1138 1548 1386 1619 Ideoque
1416 1549 1724 1619 subjunxit
1750 1568 1768 1607 :

133 1638 265 1707 (256)
301 1638 455 1708 (Car.
475 1634 653 1706 VIII.)
683 1634 839 1691 Nihil
866 1650 994 1703 ergo
1023 1636 1172 1707 (257)
1203 1652 1354 1692 nunc
1400 1637 1772 1694 damnationis

130 1733 198 1782 est
224 1728 310 1795 iis,
348 1725 446 1797 qui
493 1729 628 1781 sunt
677 1727 739 1780 in
790 1724 1006 1781 Christo
1052 1729 1207 1792 Jesu,
1239 1731 1348 1781 etc.
1380 1732 1463 1781 Ac
1515 1728 1563 1783 si
1615 1727 1770 1783 dice-

129 1820 242 1871 ret:
273 1815 418 1888 (258)
451 1813 602 1871 nihil
644 1813 793 1869 mihi
821 1814 1222 1870 damnationis
1271 1819 1361 1870 est
1393 1832 1406 1869 :
1444 1831 1548 1871 nec
1578 1816 1770 1872 solum

128 1903 280 1972 mihi,
311 1904 411 1960 sed
459 1908 518 1960 et
564 1903 843 1959 omnibus
894 1903 994 1973 qui
1042 1907 1181 1958 sunt
1229 1904 1287 1958 in
1321 1903 1555 1961 Christo
1607 1906 1770 1977 Jesu,

126 1994 212 2064 qui
235 2008 344 2048 non
370 1992 674 2050 secundum
702 2007 929 2048 carnem
974 1993 1285 2048 ambulant.
1321 1992 1409 2048 Illi
1441 1996 1768 2050 secundum

124 2096 345 2137 carnem
376 2098 493 2137 non
526 2079 855 2147 ambulant,
875 2081 997 2153 qui,
1021 2080 1130 2137 etsi
1162 2082 1607 2154 concupiscunt,
1631 2100 1767 2139 con-

123 2170 494 2242 cupiscentiis
522 2175 722 2227 tamen
771 2170 997 2225 fortiter
1045 2171 1351 2236 resistunt,
1373 2177 1430 2227 et
1459 2172 1676 2228 idcirco
1708 2173 1769 2228 in

122 2258 339 2315 Christo
366 2260 512 2316 Jesu
560 2263 729 2325 sunt;
771 2258 1008 2330 quique,
1042 2259 1152 2314 etsi
1200 2264 1337 2314 ante
1384 2261 1768 2332 baptismum,

118 2348 594 2421 concupiscentiis
615 2349 994 2421 praebuerunt
1010 2365 1386 2415 consensum,
1408 2354 1508 2404 aut
1528 2349 1768 2421 aliquod

118 2435 399 2510 flagitium
451 2437 898 2503 commiserunt,
943 2453 1042 2507 per
1092 2443 1528 2493 sacramentum
1573 2442 1769 2494 tamen

117 2526 397 2599 baptismi
430 2531 490 2583 et
513 2526 812 2583 lavacrum
861 2526 1320 2599 regenerationis
1373 2531 1563 2583 totum
1594 2527 1654 2582 in
1686 2529 1770 2583 eis

113 2614 370 2671 deletum
397 2620 514 2683 est,
543 2615 792 2688 ideoque
821 2614 972 2670 nihil
1010 2620 1099 2671 est
1131 2615 1216 2671 eis
1249 2616 1667 2671 damnationis.
1702 2616 1773 2671 Et

110 2706 395 2775 tanquam
431 2708 714 2775 quareret
755 2703 971 2776 aliquis
1001 2705 1299 2775 quomodo
1329 2721 1363 2760 a
1392 2706 1771 2760 damnatione

111 2789 392 2849 liberatus
442 2793 546 2860 sit,
593 2793 867 2848 addidit:
900 2794 1021 2847 Lex
1066 2796 1216 2849 enim
1261 2796 1497 2864 spiritus
1548 2797 1682 2851 vitae
1710 2795 1773 2848 in

111 2880 319 2937 Christo
376 2884 509 2939 Iesu
563 2883 821 2937 liberavit
848 2898 934 2938 me
981 2898 1015 2938 a
1061 2884 1175 2953 lege
1227 2884 1437 2954 peccati
1462 2886 1515 2938 et
1554 2888 1769 2939 mortis.

110 2968 247 3026 Ecce
273 2970 603 3043 Apostolus
652 2972 834 3027 tertia:
880 2972 1027 3044 legis
1075 2971 1434 3028 mentionem
1465 2973 1623 3029 facit.
1658 2973 1769 3028 Sed

108 3073 231 3130 quas
259 3064 353 3116 est
384 3060 516 3116 haec
548 3060 659 3116 lex'
677 3060 925 3133 spiritus
953 3065 1011 3116 et
1038 3060 1206 3116 vitae?
1234 3065 1365 3115 Haec
1395 3066 1485 3118 est
1514 3062 1605 3117 lex
1638 3062 1770 3118 fidei

108 3151 160 3202 et
188 3148 647 3217 misericordiae;
680 3150 772 3206 lex
799 3149 924 3205 haec
948 3154 1039 3205 est
1078 3150 1277 3222 gratias
1302 3150 1618 3221 Evangelii,
1643 3165 1774 3221 quis

107 3236 228 3292 ideo
263 3237 363 3294 (ex
394 3240 538 3296 vitae
579 3238 814 3308 dicitur,
847 3238 950 3309 qui
980 3254 1014 3292 a
1045 3242 1231 3293 morte
1269 3237 1511 3304 liberat;
1546 3240 1637 3293 lex
1661 3240 1773 3310 spi-

1876 660 2033 715 ditur
2068 679 2079 717 :
2116 664 2179 717 in
2217 679 2322 733 quo
2382 664 2788 733 inﬁrmabatur
2838 681 2945 735 per
3001 682 3245 721 carnem.
3277 667 3532 725 Jubebat

1875 750 2061 818 enim,
2084 754 2184 807 sed
2218 770 2336 808 non
2371 753 2721 824 adjuvabat;
2752 754 2990 809 inﬁrma
3021 758 3309 829 praecepta
3329 759 3526 827 dabat,

1877 840 1977 893 sed
2011 855 2125 894 non
2158 844 2421 896 sanabat.
2455 841 2563 895 Per
2592 858 2826 896 carnem
2864 858 2995 898 vero
3020 844 3181 913 dicit,
3205 862 3308 917 per
3336 847 3530 902 carnis

1877 926 2360 999 intelligentiam;
2396 946 2533 983 nam
2583 928 2675 983 lex
2721 929 3065 1001 spiritaliter
3114 933 3406 991 intellecta
3437 952 3531 991 ea-

1878 1016 2010 1071 dem
2043 1022 2133 1072 est
2161 1022 2217 1073 et
2246 1019 2433 1090 gratia
2464 1017 2778 1083 Evangelii.

1946 1100 2087 1161 Deus
2119 1098 2327 1162 Filium
2372 1124 2535 1162 suum
2581 1110 2808 1162 mittens
2863 1111 2923 1163 in
2981 1112 3353 1168 similitudine
3385 1113 3533 1186 (259)

1877 1194 2068 1249 carnis
2121 1198 2347 1267 peccati.
2411 1196 2665 1252 Dicendo
2720 1213 2914 1266 suum,
2965 1200 3224 1256 ostendit
3278 1202 3419 1273 quia
3476 1207 3535 1259 et

1876 1282 2227 1354 priusquam
2261 1286 2592 1340 mitteretur
2616 1284 2793 1341 Filius
2823 1291 2967 1341 erat.
2993 1289 3060 1342 Et
3088 1294 3226 1344 nota
3256 1291 3394 1361 quia
3416 1308 3532 1346 non

1879 1370 1961 1426 ait
1992 1386 2005 1425 :
2038 1372 2099 1426 In
2131 1388 2299 1428 carne
2325 1375 2559 1444 peccati,
2592 1376 2689 1428 sed
2718 1375 2777 1428 in
2803 1376 3173 1432 similitudine
3200 1380 3386 1433 carnis
3409 1396 3530 1452 pec-

1879 1461 1994 1515 cati
2022 1477 2041 1513 :
2074 1460 2253 1516 Filius
2284 1461 2441 1516 enim
2472 1460 2575 1516 Dei
2606 1462 2866 1532 veniens,
2898 1478 3013 1517 non
3042 1480 3277 1520 carnem
3311 1469 3531 1538 peccati

1881 1548 1952 1603 de
1979 1548 2241 1621 Virgine,
2275 1551 2375 1605 sed
2419 1549 2872 1606 similitudinem
2904 1552 3099 1608 carnis
3145 1556 3365 1624 peccati
3394 1573 3532 1612 sus-

1881 1638 2054 1709 cepit.
2090 1639 2154 1693 In
2188 1655 2361 1694 carne
2394 1639 2611 1711 quippe
2661 1642 2899 1710 peccati,
2934 1657 3093 1697 mors
3133 1642 3312 1698 simul
3345 1650 3433 1699 est
3474 1649 3534 1701 et

1880 1729 2219 1798 peccatum;
2280 1727 2341 1782 in
2400 1728 2788 1784 similitudine
2846 1743 2979 1784 vero
3038 1731 3231 1787 carnis
3287 1733 3533 1804 peccati,

1881 1814 2008 1870 sola
2038 1832 2196 1871 mors
2245 1833 2422 1887 quam
2455 1817 2741 1872 Dominus
2771 1835 2875 1889 pro
2908 1819 3076 1874 nobis
3117 1820 3379 1892 pertulit,
3404 1823 3534 1877 nul-

1883 1902 2007 1958 lum
2051 1905 2292 1960 omnino
2324 1905 2547 1960 habens
2587 1909 2923 1976 peccatum;
2954 1907 3110 1962 unde
3158 1908 3363 1965 Petrus
3392 1927 3536 1982 apo-

1881 1992 2068 2048 stolus
2101 2012 2114 2049 :
2147 1996 2438 2050 Peccatum
2468 2010 2583 2050 non
2606 1997 2736 2065 fecit
2768 1995 2817 2066 (I
2842 2002 2993 2052 Petr.
3030 2014 3092 2063 ιι,
3123 1999 3235 2069 22),
3266 2002 3379 2055 etc.

1952 2083 2016 2135 Et
2045 2082 2113 2137 de
2137 2091 2355 2154 peccato
2405 2082 2688 2138 damnavit
2730 2087 3015 2154 peccatum
3063 2086 3124 2139 in
3170 2102 3354 2142 carne.
3386 2087 3538 2151 Quid

1878 2169 1989 2225 sibi
2022 2170 2149 2225 vult
2169 2172 2323 2242 quod
2348 2171 2448 2239 ait,
2473 2171 2540 2226 de
2556 2176 2801 2243 peccato,
2824 2188 2958 2227 cum
2984 2177 3184 2229 Petrus
3213 2175 3540 2247 dicat,quia

1880 2264 2184 2330 peccatum
2219 2276 2334 2313 non
2368 2260 2539 2314 fecit?
2557 2261 2665 2315 Sed
2690 2261 2995 2316 sciendum
3021 2263 3160 2333 quia
3182 2279 3310 2319 mos
3335 2265 3445 2320 fuit
3476 2265 3535 2321 in

1878 2347 2069 2401 Veteri
2094 2349 2473 2403 Testamento
2496 2354 2561 2403 ut
2581 2366 2754 2405 omne
2776 2351 3133 2406 sacriﬁcium
3163 2368 3268 2423 pro
3302 2364 3537 2425 peccato

1880 2442 2184 2507 peccatum
2239 2437 2550 2492 diceretur.
2597 2436 2737 2493 Tale
2794 2437 3149 2495 sacriﬁcium
3201 2441 3391 2498 factus
3449 2446 3540 2499 est

1880 2525 2188 2591 Dominus,
2224 2541 2357 2579 cum
2417 2527 2679 2597 seipsum
2722 2543 2825 2597 pro
2859 2527 3029 2583 nobis
3079 2527 3138 2583 in
3189 2546 3290 2585 ara
3346 2534 3537 2588 crucis

1880 2614 2113 2669 obtulit.
2138 2614 2303 2670 Unde
2332 2615 2488 2670 idem
2520 2614 2837 2686 Apostolus
2867 2615 3005 2670 alibi
3038 2616 3180 2672 dicit
3212 2636 3225 2674 :
3258 2619 3419 2687 Eum,
3440 2623 3540 2691 qui

1880 2703 2035 2775 [non]
2055 2705 2202 2775 (260)
2224 2712 2450 2759 noverat
2476 2712 2781 2772 peccatum,
2796 2713 3083 2777 peccatum
3104 2722 3204 2777 pro
3228 2709 3386 2764 nobis
3407 2710 3538 2781 fecit

1880 2793 1956 2863 (ΙΙ
1988 2795 2113 2849 Cor.
2132 2811 2188 2860 v,
2211 2794 2324 2864 22),
2348 2793 2406 2847 id
2439 2798 2528 2848 est
2557 2792 2811 2848 hostiam
2844 2810 2948 2865 pro
2979 2800 3234 2866 peccato.
3262 2801 3337 2851 De
3366 2813 3536 2853 carne

1881 2898 2039 2955 ergo,
2065 2899 2243 2954 quam
2276 2884 2345 2937 de
2366 2882 2605 2955 Virgine
2637 2882 2766 2938 sine
2816 2886 3051 2955 peccato
3082 2885 3363 2957 sumpsit,
3389 2903 3537 2942 nun-

1881 2988 2060 3043 quam
2082 2972 2399 3043 peccando,
2423 2988 2595 3026 omne
2616 2972 2676 3026 in
2695 2971 2864 3027 nobis
2887 2978 3190 3043 peccatum
3213 2974 3533 3042 damnavit,

1882 3076 2016 3115 cum
2047 3075 2175 3114 eam
2202 3062 2353 3131 (261)
2375 3076 2477 3131 pro
2510 3064 2746 3131 peccato
2778 3059 2966 3114 Patris
2996 3061 3355 3116 sacriﬁcium
3382 3062 3535 3119 fecit.

1955 3148 2034 3202 Ad
2092 3148 2234 3217 quid
2290 3152 2597 3218 peccatum
2657 3148 3041 3217 damnaverit,
3083 3150 3342 3220 aperitur
3397 3167 3537 3207 cum

1884 3236 2206 3291 subditur:
2253 3237 2315 3292 Ut
2361 3235 2679 3304 iustiﬁcatio
2705 3234 2839 3307 legis
2881 3238 3206 3308 impleretur
3254 3241 3314 3295 in
3359 3240 3538 3296 nobis.

106 3328 257 3398 ritus,
307 3329 462 3400 quia
516 3327 795 3383 viviﬁcat.
827 3326 1131 3392 Quomodo
1191 3329 1386 3381 autem
1444 3326 1566 3380 haec
1620 3326 1712 3382 lex
1744 3343 1778 3383 a
1806 3311 1848 3377 C
1885 3323 2375 3379 Justificationem
2408 3324 2553 3396 legis
2583 3324 2726 3380 dicit
2764 3324 3087 3396 spiritalem
3127 3327 3186 3382 in
3218 3327 3345 3400 lege
3372 3328 3542 3384 intel-

104 3412 218 3489 lege
243 3416 489 3489 peccati
521 3422 579 3472 et
605 3416 813 3471 mortis
866 3414 1110 3469 liberat?
1156 3413 1388 3468 Scilicet
1418 3430 1522 3485 per
1550 3415 1775 3485 baptis-

105 3519 257 3561 mum
278 3504 716 3561 remissionem
739 3502 1007 3558 omnium
1027 3502 1339 3558 tribuendo
1371 3506 1774 3573 peccatorum;

103 3589 305 3651 liberat
370 3592 566 3649 etiam
619 3608 661 3649 a
707 3590 834 3662 lege
889 3606 1177 3663 corporeae
1234 3591 1459 3660 mortis,
1493 3592 1774 3664 quoniam

104 3683 306 3754 sancti,
342 3681 468 3739 etsi
502 3680 561 3735 in
592 3696 834 3751 corpore
865 3684 1162 3747 maneant,
1196 3696 1298 3751 per
1327 3695 1493 3753 spem
1526 3678 1777 3737 a'morte

103 3773 291 3830 carnis
314 3773 460 3845 jam
490 3769 724 3826 liberati
764 3774 924 3839 sunt,
957 3770 1098 3841 quia
1127 3772 1481 3843 quandoque
1514 3786 1775 3828 resurre-

103 3862 245 3917 cturi
276 3865 455 3919 sunt.
484 3860 578 3927 Et,
601 3858 740 3931 quia
764 3857 856 3914 lex
878 3858 1232 3931 Evangelicaa
1253 3861 1451 3931 gratiae
1479 3860 1775 3916 neminem

102 3948 329 4019 liberat,
359 3949 488 4006 nisi
522 3965 627 4021 per
654 3948 952 4004 Christum
980 3949 1203 4019 Jesum,
1226 3949 1358 4006 ideo
1390 3950 1507 4005 ait:
1532 3949 1779 4020 Spiritus

101 4040 219 4095 vita
246 4042 309 4096 in
346 4039 580 4095 Christo
606 4039 758 4093 Iesu.

168 4128 239 4185 Ut
268 4134 487 4186 autem
521 4127 859 4183 ostenderet
888 4128 1181 4199 quomodo
1211 4128 1271 4183 id
1304 4128 1525 4184 factum
1556 4128 1653 4199 sit,
1678 4129 1779 4183 ad-

94 4217 276 4288 jecit:
310 4235 459 4274 nam
523 4216 670 4288 quod
727 4217 1069 4287 impossibile
1124 4224 1242 4273 erat
1294 4218 1423 4286 legi,
1474 4222 1585 4273 etc.
1636 4219 1781 4273 Ecce

104 4307 427 4379 Apostolus
462 4308 599 4376 jam
633 4310 856 4377 quartae
907 4306 1052 4377 legis
1085 4296 1634 4363 mentionem'facit.
1666 4306 1778 4362 Sed

100 4410 223 4467 quae
249 4401 350 4453 est
381 4393 559 4451 haec?
585 4394 864 4466 Nunquid
894 4394 986 4449 lex
1017 4395 1233 4451 mentis
1255 4399 1358 4451 aut
1377 4397 1780 4451 membrorum

99 4490 272 4558 atque
303 4482 596 4559 peccati?
649 4483 777 4538 Non
836 4482 1062 4555 utique,
1099 4484 1199 4538 sed
1262 4483 1350 4539 lex
1409 4484 1696 4539 factorum
1727 4487 1784 4538 et

97 4589 381 4647 cperam;
417 4574 525 4630 lex
565 4571 687 4628 hac
718 4576 808 4628 est
853 4587 981 4643 quae
1030 4571 1247 4645 pepulo
1278 4571 1379 4627 Dei
1414 4588 1517 4643 per
1544 4572 1782 4644 Moysen

1883 3411 2211 3484 ligentiam.
2246 3413 2596 3468 Justiﬁcatio
2645 3428 2782 3484 ergo
2812 3413 2958 3485 legis
2989 3415 3049 3470 in
3081 3416 3251 3472 nobis
3298 3417 3542 3489 impleta

1886 3504 1996 3567 est,
2025 3516 2158 3555 cum
2191 3500 2381 3572 legem
2426 3500 2770 3572 spiritaliter
2804 3501 3217 3575 intelligentes,
3252 3521 3354 3576 per
3382 3505 3539 3561 lava-

1887 3605 2053 3645 crum
2087 3589 2363 3660 baptismi
2386 3594 2441 3645 et
2462 3589 2711 3662 gratiam
2739 3590 2926 3646 sancti
2950 3590 3207 3662 Spiritus
3234 3593 3541 3663 iustiﬁcati

1887 3695 2117 3734 sumus.
2152 3679 2221 3733 Et
2254 3695 2327 3734 ne
2359 3679 2623 3745 dicendo,
2657 3680 2719 3733 in
2746 3680 2901 3735 nobis
2928 3696 3132 3735 omnes
3162 3682 3544 3754 comprehen-

1887 3767 2045 3823 disse
2074 3768 2390 3835 videretur,
2424 3768 2652 3824 addidit
2676 3784 2690 3823 :
2725 3769 2833 3836 Qui
2858 3785 2971 3825 non
2997 3772 3293 3827 secundum
3320 3788 3545 3828 carnem

1887 3857 2256 3923 ambulamus,
2279 3856 2373 3912 sed
2400 3857 2697 3912 secundum
2721 3860 3004 3929 spiritum,
3028 3860 3099 3915 de
3120 3861 3338 3932 quibus
3367 3860 3545 3933 paulo

1889 3946 2162 4019 superius
2194 3947 2414 4001 dictum
2448 3952 2557 4001 est.

1962 4038 2069 4104 Qui
2096 4036 2245 4090 enim
2275 4036 2573 4091 secundum
2603 4052 2825 4091 carnem
2871 4042 3002 4092 sunt
3031 4052 3157 4109 quae
3204 4040 3392 4093 carnis
3419 4048 3550 4095 sunt

1888 4127 2140 4197 sapiunt.
2164 4125 2499 4180 Secundum
2521 4141 2757 4180 carnem
2792 4130 2930 4180 sunt
2959 4126 3059 4198 qui
3090 4126 3332 4183 inimico
3363 4127 3548 4185 vicem

1891 4215 2166 4281 reddunt,
2198 4214 2387 4269 aliena
2435 4214 2692 4287 rapiunt,
2726 4218 2783 4269 et
2830 4231 2939 4271 sua
2968 4230 3085 4271 non
3132 4215 3466 4289 largiuntur
3495 4219 3555 4272 et

1892 4303 2007 4360 alia
2034 4304 2128 4358 his
2185 4300 2403 4359 similia
2433 4306 2645 4375 agunt;
2686 4304 2934 4376 ideoque
2980 4321 3107 4375 quae
3156 4305 3353 4360 carnis
3411 4308 3553 4360 sunt

1891 4393 2182 4460 sentiunt;
2216 4409 2246 4447 e
2278 4392 2594 4460 contrario,
2625 4392 2710 4447 illi
2744 4393 3070 4448 secundum
3105 4393 3380 4463 spiritum
3411 4400 3556 4449 sunt

1891 4482 1993 4554 qui
2024 4482 2140 4537 ista
2168 4498 2284 4536 non
2316 4486 2522 4551 agunt,
2563 4481 2690 4545 sed,
2723 4480 2946 4551 Spiritu
2978 4485 3180 4536 sancto
3211 4481 3553 4552 adjuvante,

1891 4576 2125 4626 terrena
2154 4569 2510 4641 despiciunt,
2539 4573 2597 4623 et
2617 4566 2878 4623 ccelestia
2905 4573 3211 4641 appetunt,
3233 4569 3308 4625 de
3335 4570 3556 4642 quibus

98 4663 233 4719 data
263 4668 360 4720 est
392 4664 459 4718 in
496 4666 704 4717 monte
734 4661 894 4732 Sina,
927 4661 999 4716 de
1031 4676 1149 4732 qua
1178 4659 1455 4732 superius
1491 4678 1504 4716 :
1538 4662 1631 4716 lex
1661 4662 1783 4732 qui-
1818 4681 1862 4745 Β
1895 4660 2172 4717 subditur
2203 4674 2215 4713 :
2252 4658 2358 4725 Qui
2393 4673 2521 4713 vero
2571 4658 2875 4713 secundum
2929 4660 3194 4730 spiritum
3248 4675 3376 4731 quae
3430 4663 3560 4716 sunt

97 4753 219 4809 dem
250 4761 491 4810 sancta.
531 4750 682 4815 Quid
714 4767 852 4823 ergo
897 4754 1022 4806 erat
1051 4749 1187 4805 huic
1217 4750 1331 4822 legi
1379 4749 1785 4822 impossibile?
1891 4750 2118 4821 spiritus
2146 4748 2416 4802 sentiunt.
2449 4745 2593 4801 Caro
2624 4746 2782 4802 enim
2813 4748 2886 4804 de
2916 4752 3073 4805 terra
3100 4748 3253 4804 facta
3281 4753 3400 4816 est;
3433 4749 3555 4820 spi-

99 4847 160 4895 ut
184 4860 370 4899 suum
407 4839 754 4898 auditorem
789 4840 1158 4895 obedientem
1190 4843 1247 4894 et
1277 4839 1599 4911 perfectum
1634 4839 1783 4894 face-

98 4936 198 5001 ret,
220 4933 534 5005 quoniam
563 4927 654 4984 lex
676 4929 800 4985 haec
822 4929 1119 4985 neminem
1145 4929 1216 4983 ad
1251 4928 1572 5001 perfectum
1597 4928 1781 4983 addu-

97 5022 189 5077 cit.
225 5021 386 5078 Hinc
443 5021 667 5076 beatus
695 5018 1068 5091 Augustinus
1117 5018 1282 5086 dicit,
1314 5018 1457 5090 quia
1502 5016 1640 5073 huic
1670 5015 1785 5089 legi

96 5108 487 5185 impossibile
520 5111 652 5163 erat
678 5107 928 5164 liberare
951 5124 987 5163 a
1017 5107 1145 5179 lege
1179 5107 1398 5179 peccati
1430 5111 1489 5163 et
1521 5105 1746 5162 mortis.

164 5236 318 5307 (256)
353 5234 472 5291 Hic
506 5230 719 5303 incipit
746 5230 915 5307 Vulg.
947 5248 999 5287 c.
1027 5230 1174 5288 VIII.

165 5238 296 5307 (256
353 5238 472 5291 Hic
506 5238 719 5303 incipit
751 5238 915 5302 Vulg.
947 5248 999 5287 c.
1033 5238 1174 5288 V111.

165 5238 318 5379 (257)
353 5308 424 5362 In
460 5308 687 5376 Autog.
720 5303 965 5379 verbum
1008 5319 1136 5374 ergo
1186 5302 1437 5379 hujusce
1484 5305 1679 5379 tentus
1711 5302 1785 5379 si-

97 5373 345 5458 gnatum
376 5382 486 5458 est
501 5391 576 5432 eo
598 5373 792 5458 signo,
815 5373 1395 5458 quodexpungendis
1418 5373 1607 5458 verbis
1641 5375 1779 5428 sub-

96 5443 222 5508 ἔεεθ
242 5450 429 5509 solet.
450 5443 869 5519 Supraipsum
893 5443 1090 5503 autem
1111 5443 1400 5519 scriptum
1421 5443 1635 5516 legitur
1658 5461 1785 5519 ver:

96 5523 234 5580 bum
266 5538 449 5580 nunc.
480 5513 626 5576 Post
644 5513 887 5575 verbum
908 5534 1042 5575 vero
1063 5521 1162 5584 est,
1192 5513 1325 5572 ante
1350 5513 1601 5570 alterum
1624 5515 1783 5586 quod

95 5595 503 5669 subsequitur
536 5593 634 5669 iis,
667 5589 883 5669 legitur
910 5606 1042 5653 nec;
1084 5589 1239 5669 quod
1282 5586 1557 5645 similiter
1586 5586 1783 5643 subsi-

92 5661 346 5742 gnatum
379 5669 482 5742 est
514 5661 1522 5742 eodem—si.gn9,‘quo’verbum.ergo
1554 5675 1781 5742 expun-l

92 5731 363 5817 gendum
396 5738 747 5795 denotatur.
772 5731 1152 5794 llludtémen
1182 5731 1532 5800 notandum,
1560 5731 1787 5789 scilicet

1894 4838 2044 4893 ritus
2073 4837 2143 4891 de
2176 4835 2318 4890 coelo
2349 4836 2522 4891 datus
2552 4840 2659 4903 est,
2688 4840 2745 4891 et
2771 4835 2989 4893 idcirco
3023 4837 3260 4910 singula
3290 4854 3398 4893 sua
3428 4837 3557 4894 loca

1895 4926 2221 4997 requirunt.
2246 4924 2407 4980 Unde
2435 4926 2483 4980 si
2508 4926 2805 4998 contingat
2836 4931 2901 4981 ut
2924 4943 3057 4982 caro
3082 4943 3115 4982 a
3136 4926 3345 4998 spiritu
3378 4942 3551 4998 supe-

1895 5022 2075 5081 retur,
2104 5018 2266 5071 totus
2312 5014 2488 5071 homo
2519 5014 2735 5071 dicitur
2782 5014 3099 5087 spiritalis;
3132 5019 3192 5070 at
3221 5016 3271 5070 si
3302 5014 3551 5086 spiritus

1895 5122 1931 5160 a
1972 5122 2166 5170 carne,
2226 5108 2386 5161 totus
2440 5109 2681 5160 vocatur
2737 5103 3010 5159 carnalis.
3070 5104 3210 5159 Nam
3254 5104 3555 5177 prudentia

1895 5230 2136 5302 verbum
2166 5246 2300 5300 ergo
2329 5229 2503 5285 etiam
2539 5227 2597 5282 in
2625 5226 2803 5302 Vulg.
2836 5227 3087 5301 aliisque
3117 5229 3374 5288 textibus
3402 5228 3548 5302 legi;

1895 5301 2137 5358 verbum
2169 5298 2302 5358 vero
2330 5317 2429 5355 nec
2465 5298 2761 5369 nuspiam.

1966 5374 2113 5442 (258)
2152 5374 2213 5428 ln
2247 5378 2458 5443 Autog.
2493 5387 2681 5443 marg.
2715 5372 2779 5426 D.
2818 5371 2924 5428 VII.
2958 5373 3028 5443 Il,
3059 5388 3115 5443 ρ.
3152 5371 3213 5427 Ρ.

1967 5441 2116 5517 (259)
2150 5444 2322 5517 Vulg.
2354 5441 2797 5517 similitudinem.

1966 5512 2115 5585 (260)
2151 5512 2356 5571 Deﬁcit
2386 5512 2590 5585 partio.
2622 5530 2735 5569 non
2766 5519 2965 5585 autog.

1966 5584 2116 5659 (261)
2147 5586 2209 5642 In
2233 5584 2435 5659 autog.
2458 5584 2676 5659 legitur
2698 5602 2793 5651 ea;
2819 5584 3087 5658 sedeam,
3109 5584 3170 5644 id
3190 5590 3282 5645 est
3310 5601 3548 5645 carnem

1894 5656 2210 5734 legendum
2241 5656 2460 5731 putavi.
