3924 6420
177 428 318 485 1085

944 562 1028 617 ιν.

180 654 454 709 Benedicti
477 652 541 707 VI
575 652 931 722 privilegium
952 667 1054 721 pro
1083 652 1406 705 monasterio
1442 650 1793 705 Vizelt'acensi

811 741 984 811 (Auno
1020 741 1170 809 973.)

578 832 906 904 [D’Acnuam
931 833 1122 903 Spiczl.
1158 832 1223 893 Il,
1254 831 1360 885 504
1387 831 1403 902 ]

252 912 584 979 Bsusmcrus
653 925 952 994 episcopus
987 965 1000 991 ,
1082 938 1271 977 servus
1323 936 1601 977 servorum
1655 922 1796 988 Dei,

182 1014 434 1068 Esnaxno
490 1012 746 1085 religioso
804 1011 990 1066 abbati
1041 1010 1216 1065 sancti
1273 1009 1634 1065 Vizeliacensi
1687 1025 1801 1064 cce-

180 1105 330 1161 nobii
359 1104 622 1175 omnique
656 1102 1077 1177 congregationi
1109 1103 1355 1171 ejusdem
1388 1101 1709 1157 monasterii
1742 1102 1796 1156 in

180 1206 506 1272 perpetuum
518 1239 531 1252 .

252 1287 478 1353 Quoties
519 1285 610 1340 illa
642 1285 807 1340 tribui
835 1301 866 1338 a
908 1283 1069 1339 nobis
1105 1289 1384 1355 Optantur,
1436 1300 1559 1355 quae
1603 1282 1799 1338 rationi

182 1380 563 1434 incunctanter
601 1377 962 1444 conveniunt,
1009 1376 1196 1432 animo
1228 1392 1329 1430 nos
1384 1376 1552 1431 debet
1605 1375 1800 1430 libenti

181 1466 511 1532 concedere,
536 1474 591 1520 et
615 1465 920 1536 petentium
941 1464 1238 1520 desideriis
1262 1479 1567 1538 congruum
1597 1464 1805 1534 imper-

183 1557 270 1613 tiri
301 1555 646 1630 suffragium.
690 1557 867 1626 Atque
919 1555 1045 1610 ideo
1082 1555 1211 1627 quia
1252 1554 1538 1625 postulasti
1578 1570 1608 1608 a
1640 1553 1802 1609 nobis

183 1655 458 1721 quatenus
498 1648 849 1720 privilegium
897 1647 1048 1701 sedis
1101 1647 1418 1717 apostolica:
1466 1647 1801 1702 monasterio

182 1736 475 1803 Vizeliaco,
532 1736 620 1790 cui
674 1752 910 1807 przeesse
950 1736 1311 1807 dignosccris.
1377 1736 1525 1807 quod
1592 1744 1804 1791 constat

1404 422 1740 479 EPISTOLA‘J
1783 422 1859 478 ET
1900 422 2300 479 PRIVILEGIA.

1818 560 2052 634 Ajubet
2102 558 2398 632 Apostolus
2426 556 2643 614 cunctis
2671 556 3042 612 exhibendam
3084 572 3184 629 pro
3240 558 3521 629 possibili-

3379 422 3518 480 1086

1900 659 2007 707 tate
2037 652 2143 707 loci
2174 659 2229 706 et
2262 652 2604 716 facultatum,
2635 664 2747 704 non
2770 649 2935 704 modo
2970 649 3177 704 ibidem
3204 647 3324 704 ﬁeri
3367 651 3517 723 [non]

1900 749 2262 821 denegamus,
2294 763 2483 803 verum
2515 746 2679 801 etiam
2713 747 3014 801 suademus
3049 764 3061 799 :
3105 747 3202 801 sed
3232 755 3287 802 et
3324 748 3523 804 modus

1900 840 1955 894 in
1988 855 2220 895 numero
2252 838 2697 912 congregationis
2728 837 2868 892 adeo
2898 848 3279 904 conservetur,
3319 846 3380 894 ut
3420 856 3524 894 nec

1902 930 2186 1000 pluralitas
2234 928 2545 999 penuriam,
2624 942 2729 980 nec
2799 925 3044 997 paucitas
3090 926 3523 982 inhabitantium

1901 1017 2322 1073 destitutionem
2353 1016 2457 1071 loci
2491 1015 2753 1070 inducere
2774 1016 2970 1069 valeat.
2991 1015 3066 1068 De
3105 1021 3303 1070 cadere
3334 1024 3525 1071 notum

1904 1105 2019 1177 fieri
2052 1106 2305 1161 volumus
2340 1105 2466 1176 quia
2496 1105 2837 1159 devenerunt
2866 1103 2934 1157 ad
2989 1119 3091 1157 nos
3129 1103 3525 1174 deprecatoris:

1905 1199 2096 1253 litterae
2126 1197 2349 1252 Gerardi
2389 1196 2637 1268 episcopi
2680 1195 3192 1265 Augustodunensis
3245 1194 3523 1263 Ecclesiae,

1903 1308 2003 1364 pro
2059 1291 2292 1346 decimis
2322 1298 2563 1362 quatuor
2605 1290 2989 1356 ecclesiarum,
3050 1289 3224 1343 sancti
3269 1288 3529 1344 videlicet

1905 1385 2069 1452 Petri,
2132 1390 2188 1438 et
2238 1384 2409 1438 sancti
2466 1383 2864 1454 Cliristophori,
2906 1383 3193 1455 sanctique
3242 1383 3524 1451 Germani,

1905 1497 2009 1536 nec
2064 1495 2177 1535 non
2250 1479 2423 1534 sancti
2481 1478 2824 1553 Leodegarii,
2888 1494 2998 1550 qua
3057 1478 3174 1548 ipse
3228 1478 3527 1549 praedictus

1904 1574 2078 1629 abbas
2108 1572 2177 1625 ab
2209 1572 2403 1627 eodem
2440 1571 2704 1642 episcopo
2737 1570 3147 1640 impetraverat,
3178 1569 3336 1624 sicuti
3366 1575 3526 1624 ante-

1903 1681 2153 1721 cessores
2194 1664 2315 1732 ejus
2355 1663 2422 1717 ab
2453 1663 2732 1733 episcopis
2763 1662 2939 1732 ipsius
2986 1662 3135 1715 sedis
3177 1677 3276 1732 per
3330 1676 3523 1716 succe-

1903 1757 2091 1812 dentia
2121 1764 2369 1826 tempora
2422 1754 2691 1808 ordinatis
2722 1752 2918 1807 fecisse
2968 1759 3291 1819 noscuntur,
3333 1761 3391 1807 ut
3420 1752 3524 1806 sub

348 1844 379 1882 a
405 1828 644 1883 Gerardo
675 1828 1021 1883 nobilissimo
1053 1835 1108 1882 Cl
1161 1828 1626 1883 Christianissimo
1658 1828 1796 1892 Vll'O,
1826 1862 1878 1931 B
1900 1845 2321 1901 conﬁrmatione
2344 1842 2516 1897 nostri
2841 1841 3347 1906 corroborarcmus,
3375 1840 3521 1912 quod

184 1935 402 1975 necnon
442 1926 496 1974 et
545 1919 707 1974 Berta
747 1935 913 1974 uxore
955 1919 1094 1987 ejus,
1146 1919 1202 1972 in
1236 1920 1448 1973 honore
1496 1918 1708 1972 Domini
1746 1925 1801 1973 et

185 2008 484 2064 Salvatoris
523 2008 699 2064 nostri
730 2009 859 2063 Jesu
892 2008 1086 2063 Christi
1120 2019 1173 2065 et
1206 2010 1565 2065 veneratione
1596 2009 1797 2064 beatis-

180 2104 335 2158 sima”:
364 2118 585 2175 semper
612 2102 840 2175 virginis
882 2103 1061 2158 Maria:
1100 2105 1385 2178 genitricns
1410 2105 1661 2173 ejusdem
1695 2105 1798 2160 Do-

184 2196 321 2251 mini
374 2196 544 2250 nostri
598 2196 726 2250 Jesu
782 2195 978 2250 Christi
1045 2204 1452 2263 constructum;
1517 2198 1571 2251 in
1631 2214 1801 2269 regno

183 2287 394 2343 scilicet
449 2286 803 2362 Burgundiae,
852 2288 909 2341 in
952 2303 1093 2362 pago
1148 2288 1423 2355 Avalensi,
1481 2288 1741 2359 quodque
1774 2305 1803 2342 a

184 2379 424 2452 praefatis
451 2379 833 2436 fundatoribus
862 2381 1028 2434 beato
1063 2381 1217 2435 Petro
1247 2381 1617 2451 apostolorum
1650 2381 1799 2451 prin-

182 2476 293 2546 cipi
327 2476 416 2546 pia
434 2475 729 2531 devotione
759 2483 815 2531 et
841 2476 1153 2531 testamenti
1187 2477 1387 2547 pagina
1414 2477 1670 2531 collatum
1696 2484 1801 2543 est,

183 2565 362 2620 facere
394 2564 755 2620 deberemus:
817 2565 1065 2619 inclinati
1098 2566 1356 2636 precibus
1408 2567 1515 2620 tuis
1568 2565 1806 2620 libenter

186 2655 306 2711 ﬁeri
340 2656 705 2711 decrevimus.
741 2656 897 2711 Unde
926 2664 980 2711 et
1003 2657 1391 2712 constituimus
1422 2664 1475 2711 et
1500 2657 1805 2728 apostolica

185 2749 516 2804 auctoritate
547 2764 866 2816 censemus,
907 2756 1074 2821 atque
1117 2766 1215 2821 per
1241 2749 1346 2805 hoc
1385 2758 1634 2805 nostrum
1668 2766 1806 2821 apo-

185 2843 438 2898 stolicum
492 2840 838 2913 privilegium
906 2840 1316 2907 conﬁrmamus,
1370 2849 1430 2896 ut
1470 2841 1654 2896 nullus
1712 2858 1804 2896 rex

185 2942 280 2989 aut
306 2933 578 3006 pontifex,
609 2932 695 2987 vel
725 2932 896 2987 abbas
921 2941 1015 2988 aut
1044 2948 1249 2996 comes,
1285 2933 1370 2988 vel
1402 2933 1805 3005 qualiscunque

190 3040 392 3096 magna
420 3024 507 3078 vel
556 3038 720 3093 parva
760 3037 1018 3092 persona,
1050 3022 1295 3077 avaritia:
1326 3022 1629 3093 cupiditate
1683 3038 1806 3078 cor-

187 3126 379 3191 reptus
409 3123 501 3172 aut
530 3115 804 3171 diabolica
847 3116 1206 3190 suggestione
1260 3116 1548 3187 deceptus,
1605 3117 1806 3171 audeat

181 3216 269 3271 vel
320 3219 615 3285 praesumat
645 3219 835 3266 contra
873 3218 1026 3267 tuum
1066 3211 1355 3277 honorem,
1395 3226 1428 3265 ο
1473 3211 1806 3267 venerabilis

182 3305 418 3360 Eldrade
445 3303 611 3372 abba,
643 3302 1016 3375 qualicunque
1050 3302 1214 3357 modo
1271 3303 1584 3375 insurgere,
1626 3302 1680 3355 in
1713 3308 1805 3357 tua

181 3397 292 3451 vita
321 3403 417 3450 aut
441 3394 509 3449 de
547 3400 642 3450 tuo
687 3394 898 3450 honore
950 3393 1047 3448 tibi
1082 3391 1386 3462 {molestias
1443 3391 1669 3459 inferre,
1719 3393 1804 3447 vel

183 3487 256 3541 de
326 3485 587 3541 omnibus
652 3476 816 3541 rebus
871 3486 1191 3541 monasterii
1249 3502 1373 3557 quae
1441 3484 1542 3539 tibi
1584 3484 1801 3556 tuisque

182 3576 691 3649 praedecessoribus
745 3593 776 3630 a
833 3577 995 3632 nobis
1050 3577 1367 3648 nostrisque
1423 3576 1798 3632 antecessori-

182 3668 292 3723 bus
321 3683 421 3738 per
469 3666 728 3742 paginam
776 3665 1051 3740 privilegii
1091 3681 1356 3721 concessa
1395 3673 1558 3736 atque
1590 3664 1802 3719 ﬁrmata

181 3764 335 3821 sunt,
391 3756 605 3828 aliquas
641 3756 958 3811 invasiones
1014 3755 1100 3810 vel
1148 3755 1370 3826 rapinas
1426 3755 1543 3810 sive
1591 3754 1802 3809 violen-

181 3845 293 3900 tias
352 3842 576 3906 int‘erre,
626 3842 673 3897 si
723 3858 833 3899 non
862 3843 998 3911 vult,
1047 3844 1371 3900 auctoritate
1410 3843 1506 3898 Dei
1547 3849 1602 3898 et
1629 3844 1803 3899 sancti

182 3934 337 3992 Petri
392 3944 449 3990 et
500 3942 689 3991 nostra
742 3934 1046 4006 apostolica
1131 3934 1729 4003 excommunicatione,
1775 3952 1805 3990 a

178 4041 421 4097 corpore
474 4030 530 4080 et
583 4023 856 4099 sanguine
914 4023 1130 4079 Domini
1184 4024 1315 4079 Jesu
1369 4024 1565 4080 Christi
1624 4036 1682 4081 et
1735 4025 1805 4081 ab

181 4115 441 4189 ingressu
494 4112 745 4169 ecclesiae
813 4113 1147 4181 disjunctum
1196 4129 1340 4168 esse.
1414 4115 1528 4169 [loc
1581 4130 1806 4186 quoque

180 4201 434 4273 capitulo
486 4201 746 4274 praesenti
772 4199 1184 4271 subjungimus,
1239 4208 1299 4256 ut
1327 4203 1505 4257 locum
1565 4202 1808 4258 avaritiae

181 4296 560 4364 secludamus,
592 4296 805 4351 nullum
828 4296 899 4351 de
921 4296 1168 4369 regibus,
1197 4297 1408 4352 nullum
1430 4298 1500 4353 de
1529 4298 1809 4370 episc0pis

182 4392 279 4447 vel
332 4392 731 4460 sacerdotibus,
777 4392 863 4448 vel
909 4394 979 4448 de
1039 4392 1466 4466 quibuscunque
1528 4395 1810 4463 fidelibus,

183 4501 293 4541 ner
351 4501 434 4551 se,
487 4487 900 4557 suppositamve
954 4501 1271 4559 personam,
1340 4486 1409 4542 de
1458 4486 1809 4542 ordinatione

182 4578 442 4649 ejusdem
499 4579 758 4649 abbatis,
819 4581 906 4635 vel
963 4580 1312 4652 clericorum,
1370 4591 1464 4641 aut
1518 4586 1886 4683 presbyte-D

182 4688 403 4738 rorum,
454 4670 543 4728 vel
591 4671 661 4725 de
726 4671 1019 4744 largitione
1071 4673 1407 4744 chrismatis,
1467 4684 1562 4731 ant
1608 4692 1809 4732 conse-

182 4761 439 4818 cratione
495 4758 766 4829 basilicae,
806 4760 891 4815 vel
933 4762 1001 4815 de
1043 4762 1465 4836 quibuscunque
1512 4766 1693 4821 causis
1741 4766 1810 4821 ad

188 4853 340 4908 Idem
362 4852 758 4908 monasterium
790 4854 1218 4924 pertinentibus,
1249 4855 1454 4911 audere
1482 4856 1537 4910 in
1565 4857 1814 4928 qualibet

185 4941 384 5013 specie
416 4941 597 4996 exenii
630 4941 753 4997 loco
793 4943 1094 5014 quidquam
1128 4944 1402 5014 accipere,
1439 4962 1621 5016 neque
1652 4963 1811 5002 eum-

184 5031 318 5087 dem
354 5031 607 5086 abbatem
641 5047 739 5103 pro
766 5033 1118 5089 ordinatione
1147 5050 1246 5088 sua
1274 5033 1485 5106 aliquid
1514 5035 1647 5091 dare
1673 5052 1812 5107 prie-

185 5139 440 5190 sumere,
471 5140 541 5179 ne
595 5125 699 5180 hac
726 5126 1042 5194 occasione,
1100 5142 1166 5180 ea
1196 5143 1320 5198 quae
1359 5144 1390 5181 a
1438 5128 1697 5185 ﬁdelibus
1724 5130 1816 5201 pio

184 5214 318 5270 loco
357 5212 684 5282 offeruntur,
716 5223 1134 5275 consumantur.
1168 5217 1359 5288 Neque
1382 5219 1821 5290 episc0puscivi-

183 5304 322 5360 tatis
353 5303 530 5374 ipsius
559 5306 832 5375 parochiaa
864 5306 968 5362 nisi
1000 5306 1068 5361 ab
1102 5308 1301 5363 abbate
1333 5308 1507 5380 ipsius
1539 5317 1816 5365 monaste-

183 5400 256 5455 rii
313 5399 598 5465 invitatus,
655 5398 859 5454 ibidem
922 5400 1173 5470 publicas
1212 5401 1407 5456 missas
1450 5409 1594 5477 agat,
1636 5417 1818 5474 neque

179 5491 462 5548 stationes
501 5490 557 5545 in
588 5491 787 5546 eodem
843 5493 1099 5548 cmnobio
1147 5492 1376 5558 indicat,
1433 5510 1502 5548 ne
1533 5509 1814 5550 servorum

181 5580 285 5635 Dei
320 5579 484 5651 quies
505 5580 901 5652 quoquomodo
927 5581 1181 5652 pepulari
1209 5588 1487 5637 conventu
1508 5582 1815 5653 perturbari

179 5675 390 5740 valeat,
447 5687 628 5744 neque
684 5680 919 5744 paratas,
974 5681 1068 5729 aut
1122 5675 1553 5730 mansionaticos
1613 5675 1814 5731 exinde

177 5772 491 5840 praesumat
521 5766 760 5837 exigere.
805 5767 1231 5838 Susceptionem
1262 5775 1442 5824 autem
1483 5768 1727 5824 fidelium
1762 5778 1817 5826 et

181 5856 585 5933 religiosorum
626 5855 869 5912 virorum
924 5864 1089 5927 atque
1143 5856 1591 5927 beneficentiam,
1649 5874 1811 5931 quam

1901 1940 1955 1989 et
1983 1933 2233 1997 fecimus,
2267 1924 2828 1992 excommunicantes.
2863 1936 2920 1984 ut
2959 1928 3143 1982 nullus
3173 1928 3522 2001 Augustodu-

1903 2029 2095 2083 nensis
2124 2026 2381 2082 Ecclesiae
2405 2025 2702 2096 episc0pus
2725 2024 2967 2095 aliquam
2988 2022 3320 2078 calumniam
3336 2021 3521 2076 abbati

1903 2118 2149 2185 ejusdem
2181 2116 2285 2172 loci
2317 2115 2432 2170 sive
2463 2112 2749 2169 monachis
2767 2114 2836 2168 de
2859 2113 2995 2184 ipsis
3021 2112 3219 2168 inferat
3243 2112 3517 2179 ecclesiis,

1903 2209 2020 2262 sive
2051 2209 2120 2262 de
2151 2206 2402 2273 decimis,
2436 2213 2542 2260 tam
2589 2205 2706 2275 ipse
2738 2221 2900 2275 quam
2932 2204 3118 2275 aliqua
3160 2203 3360 2258 emissa
3392 2219 3525 2273 per-

1904 2319 2040 2359 sona
2067 2301 2245 2355 valeat
2280 2298 2531 2353 minuere
2571 2306 2663 2351 aut
2712 2297 2768 2350 in
2800 2296 2960 2350 aliam
3002 2294 3296 2350 transferre
3353 2309 3525 2365 paro-

1905 2395 2083 2449 chiam
2140 2392 2196 2445 Si
2237 2391 2362 2462 quis
2392 2405 2523 2445 vero
2564 2405 2779 2461 regum,
2810 2387 3216 2457 episcoporum,
3257 2384 3518 2441 sacerdo-

1904 2494 2044 2552 tum,
2095 2485 2375 2547 abbatum,
2419 2482 2690 2552 judicum,
2735 2480 3020 2544 comitum,
3060 2484 3153 2532 aut
3178 2476 3524 2532 saecularium

1904 2595 2290 2653 personarum,
2323 2584 2513 2634 contra
2548 2578 2691 2632 hanc
2722 2584 2922 2630 nostra:
2963 2572 3323 2629 institutionis
3353 2570 3519 2646 pagi-

1905 2686 2030 2725 nam
2075 2670 2262 2725 venire
2292 2667 2602 2733 tentaverit,
2642 2680 2935 2736 percussus
2963 2662 3266 2732 apostolico
3292 2661 3522 2716 anathe-

1905 2769 2070 2828 mate,
2128 2759 2415 2831 potestatis
2486 2757 2784 2813 honorisve
2844 2755 2930 2810 sui
2988 2754 3261 2824 dignitate
3315 2757 3523 2807 careat.

1912 2867 2182 2922 reumque
2212 2866 2272 2905 se
2301 2863 2486 2904 coram
2526 2846 2715 2901 divino
2741 2844 2952 2915 judicio
2983 2848 3298 2914 cognoscat,
3327 2846 3382 2896 et
3420 2834 3527 2895 nisi

1908 2957 1973 2996 ea
2004 2956 2126 3012 quae
2158 2955 2189 2994 a
2235 2954 2296 2992 se
2325 2936 2465 2991 male
2520 2943 2642 2989 acta
2690 2940 2819 2988 sunt
2868 2931 3161 2996 deleverit,
3193 2946 3225 2984 a
3277 2927 3529 2984 sacratis-

1906 3009 2048 3085 simo
2106 3043 2338 3099 corpore
2386 3025 2602 3081 Domini
2655 3024 2829 3079 nostri
2884 3024 3015 3078 Jesu
3066 3018 3261 3074 Christi
3311 3009 3543 3071 alienus’

1906 3118 2021 3182 fiat,
2063 3126 2226 3187 atque
2258 3123 2468 3169 aaterno
2511 3112 2754 3167 examini
2789 3110 3049 3165 districta:
3076 3106 3303 3162 ultionis
3340 3104 3527 3173 subja-

1906 3218 2044 3266 ceat.
2104 3207 2324 3261 Cunctis
2352 3212 2534 3259 autem
2595 3203 2774 3257 eidem
2815 3201 2935 3255 loco
2988 3200 3136 3268 justa
3177 3196 3529 3252 servantibus

1904 3306 1977 3360 sit
2021 3319 2123 3375 pax
2154 3299 2371 3356 Domini
2399 3297 2572 3353 nostri
2601 3296 2733 3351 Jesu
2766 3293 2985 3357 Christi,
3020 3297 3295 3363 quatenus
3344 3296 3399 3344 et
3437 3287 3529 3343 hic

1906 3396 2141 3451 fructum
2168 3392 2329 3447 bonae
2361 3388 2595 3445 actionis
2624 3385 2915 3457 recipiant,
2948 3391 3002 3438 et
3039 3382 3185 3454 apud
3218 3380 3525 3436 districtum

1901 3488 2145 3560 judicem
2170 3483 2399 3556 praemia
2419 3489 2642 3536 aeternae
2678 3478 2831 3550 pacis
2862 3475 3165 3531 inveniant.

1974 3582 2246 3652 Scriptum
2276 3594 2375 3649 per
2413 3590 2640 3631 manum
2668 3570 2933 3642 Stephani
2980 3567 3229 3624 Nicolaui
3279 3564 3530 3638 episcopi

1909 3678 2030 3750 [leg.
2062 3671 2328 3744 Stephani
2363 3666 2562 3724 notarii
2605 3662 2925 3738 regionarii]
2969 3667 3023 3716 et
3060 3657 3334 3750 scriniarii
3375 3656 3529 3750 SLIt.

1908 3743 2070 3820 Ct'in
2101 3743 2295 3817 mense
2344 3754 2659 3819 Novembri,
2708 3751 2899 3806 indict.
2958 3767 3015 3803 ιι.
3080 3747 3273 3801 Datum
3306 3761 3358 3799 iv
3413 3743 3529 3798 Kal.

1906 3850 2197 3908 Decembr.
2231 3863 2330 3919 per
2378 3859 2597 3899 manum
2630 3838 2857 3897 Joannis
2911 3835 3161 3907 episc0pi
3211 3832 3531 3904 [bibliothe-

1905 3943 2038 4001 carii
2068 3947 2151 3997 est
2180 3938 2331 3995 sedis
2356 3933 2693 4007 apostolica},
2726 3945 2872 3985 anno
2904 3947 2919 3984 ι
2951 3925 3307 4000 pontificatus
3339 3921 3529 3978 domui

1907 4035 2191 4094 Benedicti
2239 4029 2569 4088 sanctissimi
2615 4027 2680 4081 Vl
2739 4040 2916 4097 papae,
2960 4024 3267 4094 imperante
3323 4017 3530 4072 domno

1909 4134 2106 4190 Ottone
2136 4146 2167 4184 a
2201 4130 2313 4184 Deo
2347 4131 2609 4182 coronato
2656 4134 2857 4194 magno
2884 4118 3241 4189 imperatore,
3283 4124 3430 4167 anno
3454 4126 3530 4177 v1,

1910 4225 2101 4282 indict.
2124 4239 2184 4279 ιι.
2684 4303 2726 4357 v

1911 4408 2231 4466 Benedictus
2278 4404 2345 4459 Vl
2399 4417 2551 4473 papa
2601 4396 2918 4455 monasterii
2971 4393 3027 4449 S.
3080 4391 3223 4447 Petri
3273 4387 3535 4444 Rodensis

2406 4490 2700 4562 privilegia
2729 4485 3031 4553 conﬁrmat.

2542 4577 2721 4649 (Anno
2745 4571 2896 4641 974.)

2202 4675 2353 4746 [Dom
2401 4673 2675 4735 Bououm,
2713 4664 2944 4731 Recueil,
2976 4660 3063 4727 lX,
3092 4655 3243 4728 242]

1985 4793 2324 4846 Bauamcrus
2379 4785 2721 4856 episcOpus,
2793 4792 2987 4834 servus
3050 4785 3334 4829 servorum
3409 4765 3527 4822 Dei.

1916 4885 2237 4939 Hthssmoo
2280 4878 2539 4953 religioso
2579 4871 2767 4929 abbati
2821 4864 3159 4926 venerabilis
3214 4856 3533 4916 monasterii

1908 4976 1971 5030 S.
2007 4975 2152 5030 Petri
2192 4970 2448 5045 apostoli,
2503 4965 2718 5022 fundati
2745 4964 2801 5018 in
2832 4960 3093 5017 comitatu
3140 4952 3533 5045 Petralatense,

1918 5064 1972 5119 in
2023 5070 2213 5119 monte
2229 5038 2408 5133 'quem
2449 5057 2641 5112 dicunt
2671 5052 2853 5108 ltodas
2900 5048 3096 5104 subtus
3121 5049 3360 5099 castrum
3391 5038 3534 5133 Ver-

1918 5157 2109 5223 darize,
2170 5160 2225 5209 et
2264 5130 2373 5223 per
2400 5157 2454 5205 te
2505 5148 2560 5202 in
2616 5146 2810 5202 eodem
2866 5136 3167 5201 venerabili
3199 5130 3535 5190 monasterio

1917 5243 2335 5303 successoribus
2358 5237 2648 5293 abbatibus
2678 5235 2734 5289 in
2762 5239 3111 5305 perpetuum.

1991 5334 2256 5401 Quoniam
2306 5326 2663 5385 concedenda
2694 5331 2824 5379 sunt
2869 5334 2994 5392 quae
3025 5312 3388 5371 rationalibus
3445 5308 3534 5364 de.

1916 5425 2139 5481 sideriis
2184 5420 2462 5493 pertinere
2493 5422 2819 5478 noscuntur,
2860 5406 3032 5465 nostri
3063 5402 3404 5476 apostolatus
3435 5414 3536 5454 au-

1917 5516 2165 5580 ctoritas,
2209 5512 2277 5567 ad
2308 5506 2675 5565 roborandam
2703 5503 2851 5575 piam
2881 5497 3128 5554 fidelium
3162 5493 3535 5553 devotionem,

1915 5611 1972 5664 in
2024 5605 2358 5679 praestandis
2408 5598 2711 5674 privilegiis
2765 5594 2931 5650 debet
2969 5589 3198 5645 minime
3253 5582 3536 5679 abnegari.

1917 5676 2089 5772 Igitur
2114 5692 2455 5750 excellentiae
2487 5700 2597 5745 tuae
2637 5682 2930 5743 laudabilis
2961 5676 3327 5772 mansuetudo
3350 5680 3541 5772 postu-

1915 5765 2050 5844 lavit
2082 5805 2112 5842 a
2144 5785 2307 5842 nobis
2335 5790 2606 5856 quatenus
2633 5775 2932 5851 apostolica
2964 5770 3286 5827 auctoritate
3313 5782 3413 5839 per
3432 5765 3540 5820 hoc

1914 5880 2267 5956 privilegium
2325 5877 2764 5934 concederemus
2806 5876 2861 5927 et
2919 5865 3376 5924 conﬁrmaremus
3436 5856 3537 5914 tibi
