3924 6400
416 417 438 470 1
451 417 555 472 087

1750 425 2098 482 BENEDICTI
2138 425 2203 482 Vl
2243 426 2433 481 ΡΑΡᾹΞ

3629 433 3769 490 1088

417 542 634 615 tuisque
685 548 1102 604 successoribus
1129 549 1182 604 in
1242 557 1570 622 perpetuum
1611 567 1777 623 supra
1829 552 2036 608 dictum
2066 559 2119 626 Α
2146 553 2366 625 tuisque
2397 555 2818 611 successoribus
2857 556 3146 612 ecclesiam
3179 564 3381 612 sancta:
3415 559 3609 614 Crucis
3639 575 3764 614 cum

418 638 835 707 monasterium,
869 657 992 695 cum
1023 643 1285 698 omnibus
1321 645 1437 699 suis
1475 646 1800 717 adjacentiis
1828 652 1881 701 et
1913 663 2040 717 per-

419 729 689 795 tinentiis,
724 747 846 785 cum
890 731 1092 788 ﬁnibus
1124 735 1484 808 terminisque
1523 737 1656 791 suis.
1693 737 1755 792 Et
1782 736 1906 793 ideo
1930 738 2039 792 tuis

423 815 532 886 piis
580 817 873 874 desideriis
913 819 1178 886 faventes,
1233 831 1422 878 nostra
1453 826 1752 895 apostolica
1793 827 2038 881 auctori-

421 913 528 961 tate
582 909 933 966 decernimus
963 913 1028 967 ad
1064 914 1243 985 ipsum
1286 915 1570 986 prmfatum
1614 917 1670 972 8.
1727 917 1870 972 Petri
1903 933 2038 990 apo-

422 1000 547 1055 stoli
593 1005 986 1059 monasterium
1048 1023 1172 1061 cum
1231 1008 1492 1064 omnibus
1550 1010 1667 1064 suis
1725 1010 1923 1066 amodo
1989 1018 2045 1065 et

424 1105 594 1160 usque
642 1091 694 1144 in
738 1091 902 1146 ﬁnem
933 1095 1121 1149 saeculi
1153 1095 1258 1150 sub
1291 1097 1604 1166 patrocinio
1635 1104 1688 1151 ct
1717 1098 2044 1154 defensione

420 1185 624 1233 sancta:
665 1180 923 1235 Romanae
953 1191 1009 1236 et
1045 1185 1362 1253 apostolicae
1405 1186 1594 1240 matris
1633 1186 1888 1242 Ecclesiae
1917 1203 2046 1258 per—

426 1273 594 1342 pelim
630 1277 1089 1344 permanendum,
1119 1285 1175 1333 et
1204 1280 1305 1333 sub
1330 1280 1563 1336 tuitione
1595 1289 1800 1336 sanctae
1823 1291 2044 1349 nostrae,

426 1366 512 1420 cui
544 1369 654 1423 Dco
685 1378 907 1424 auctore
957 1371 1321 1438 deservixnus,
1363 1374 1620 1429 Ecclesiae
1664 1375 2045 1442 constitutum,

427 1460 632 1515 nullius
662 1462 1018 1532 alteriusjuri
1061 1472 1114 1520 et
1145 1466 1341 1522 ditioni
1375 1467 1746 1534 submittatur,
1789 1468 1897 1522 nisi
1947 1468 2049 1523 sub

428 1559 520 1604 tua
549 1557 880 1624 tuorumque
911 1570 1291 1610 successorum
1322 1555 1376 1610 in
1409 1565 1760 1627 perpetuum.

503 1639 902 1696 Contirmamus
943 1659 1182 1715 namque
1215 1644 1313 1698 tibi
1360 1645 1579 1716 tuisque
1637 1647 2052 1702 successoribus

427 1729 752 1797 praedictum
806 1733 1203 1788 monasterium
1234 1751 1358 1789 cum
1411 1735 1529 1790 suis
1570 1737 1821 1793 terminis
1855 1745 1909 1793 et
1955 1738 2053 1793 ad-

2144 641 2378 697 decimis
2407 652 2461 698 et
2494 643 2773 714 primitiis,
2806 653 2861 700 et
2916 645 2969 698 8.
3003 645 3231 701 Joannis
3265 663 3389 701 cum
3443 647 3683 702 decimis
3715 661 3768 702 et

2141 731 2400 801 primitiis
2429 739 2482 785 ct
2511 731 2913 799 oblationibus,
2965 743 3131 806 atque
3178 735 3434 789 alodibus
3489 737 3558 789 ad
3620 736 3790 807 ipsas-

2140 823 2412 880 Ecelesias
2454 824 2883 894 pertinentibus,
2914 835 2968 880 et
3017 826 3306 880 ecclesiam
3338 826 3394 883 S.
3425 827 3669 882 Baudilii
3712 828 3767 880 in

2146 914 2284 969 valle
2319 912 2644 975 Tabellaria,
2687 920 2742 968 et
2775 913 3065 968 ecclesiam
3119 916 3171 968 S.
3226 915 3490 986 Stephani
3522 933 3652 987 qua:
3687 925 3770 970 est

2146 1007 2200 1060 in
2230 1005 2373 1060 valle
2415 1005 2814 1071 Subiradellos,
2851 1013 2905 1060 et
2943 1006 3230 1060 ecclesiam
3269 1007 3325 1060 S.
3373 1007 3686 1071 Fructuosi,
3718 1018 3772 1061 et

2146 1099 2433 1155 ecclesiam
2475 1098 2530 1152 8.
2584 1098 2856 1153 Vincentii
2896 1115 3018 1171 quae
3067 1108 3149 1153 est
3189 1099 3243 1153 in
3303 1099 3440 1153 valle
3501 1099 3773 1154 Lanciani

2147 1208 2270 1247 cum
2305 1190 2536 1245 decimis
2592 1199 2645 1244 et
2686 1189 2945 1260 primitiis
2984 1191 3116 1253 suis,
3151 1200 3206 1246 et
3237 1191 3523 1246 ecclesiam
3579 1191 3636 1244 8.
3673 1192 3779 1245 Ge-

2151 1283 2315 1349 nesii,
2349 1289 2402 1337 et
2449 1281 2742 1337 ecclesiam
2775 1281 2829 1335 S.
2868 1282 3012 1336 Petri
3067 1299 3191 1337 cum
3225 1282 3344 1353 ipso
3398 1292 3581 1337 castro
3611 1282 3774 1336 Mira-

2152 1377 2272 1440 lias,
2306 1383 2361 1430 et
2401 1376 2578 1446 ipsum
2608 1381 2844 1430 castrum
2879 1375 3140 1429 Virdariaa
3174 1391 3296 1429 eum
3330 1375 3449 1447 ipso
3481 1375 3778 1430 castellare

2151 1472 2206 1520 et
2251 1481 2376 1519 cum
2429 1465 2548 1534 ipso
2596 1463 2796 1518 Fitorio
2854 1472 2908 1517 et
2979 1479 3104 1518 cum
3170 1463 3342 1517 Pinna
3410 1462 3598 1538 Nigra,
3647 1479 3773 1517 cum

2151 1557 2410 1612 omnibus
2445 1555 2647 1623 rochis,
2678 1555 2839 1609 terris
2869 1563 2923 1610 et
2951 1555 3136 1626 sylvis,
3183 1572 3305 1627 quae
3337 1554 3478 1609 infra
3534 1555 3642 1609 hos
3669 1561 3781 1608 ter-

2155 1652 2336 1707 minos
2386 1660 2534 1718 sunt,
2567 1656 2796 1720 excepto
2837 1650 3012 1721 ipsam
3057 1651 3249 1704 silvam
3308 1651 3376 1705 de
3424 1656 3620 1704 sancto
3674 1650 3784 1703 Ro-

2154 1759 2340 1806 mano,
2369 1744 2511 1798 sicut
2561 1749 2780 1798 resonat
2807 1743 2861 1797 in
2895 1744 3081 1797 charta
3112 1759 3276 1814 quam
3321 1743 3575 1797 fecerunt
3607 1742 3784 1796 Gaus-

422 1823 701 1891 jacentiis,
742 1835 796 1881 ct
827 1844 949 1882 cum
1002 1830 1262 1886 omnibus
1318 1849 1441 1904 quae
1488 1833 1717 1888 inferius
1760 1836 2054 1891 continen-
2077 1869 2128 1937 Β
2157 1835 2347 1891 fredus
2375 1851 2561 1891 comes
2591 1843 2646 1890 et
2694 1835 2990 1906 cpiscOpus
3021 1834 3309 1889 Suniarius
3333 1835 3401 1889 ad
3425 1835 3540 1904 jam
3570 1835 3783 1890 dictum

428 1923 518 1937 n..-
592 1915 642 1937 ΞΔ
705 1923 780 1937 --Α
866 1918 918 1937 _L
976 1918 985 1937 ,'
1039 1935 1048 1937 Α
1073 1936 1078 1937 ,
1244 1922 1255 1937 'I
1572 1929 1581 1937 .
1639 1924 1648 1934 ο
1702 1923 1722 1937 n
1941 1933 1950 1937 -
2322 1925 2334 1937 1
2365 1926 2375 1936 ι

428 1923 538 1980 tur,
591 1915 644 1968 id
701 1923 804 1983 est,
860 1918 928 1971 ab
975 1918 1092 1989 ipsa
1132 1922 1294 1976 meda
1333 1939 1456 1993 qua:
1505 1929 1588 1977 est
1638 1923 1775 1978 infra
1834 1933 2049 1996 portum

435 2005 663 2060 Fraxani
718 2015 773 2063 et
815 2009 934 2080 ipso
986 2027 1106 2067 raso
1147 2029 1322 2084 usque
1373 2013 1426 2068 in
1491 2015 1672 2071 locum
1733 2034 1899 2088 quem
1960 2018 2051 2072 di-

438 2107 571 2152 cunt
599 2098 730 2153 Tres
761 2100 976 2168 fratres,
1024 2120 1054 2158 a
1112 2113 1264 2174 parte
1298 2106 1560 2162 videlicet
1605 2109 1834 2164 orientis
1877 2126 2055 2182 usque

437 2186 494 2240 in
524 2190 770 2244 medium
801 2208 982 2258 mare;
1016 2200 1180 2265 atque
1220 2195 1350 2251 inde
1380 2197 1531 2252 vadit
1561 2198 1629 2251 ad
1664 2199 1842 2268 ipsum
1875 2200 2055 2255 locum

433 2290 596 2345 quem
633 2287 832 2332 vocant
862 2279 1120 2336 Molinum
1154 2283 1223 2337 de
1265 2283 1549 2352 Balascho,
1583 2286 1825 2358 indeque
1862 2305 2057 2358 perve-

437 2368 518 2421 nit
584 2369 650 2422 ad
702 2369 872 2440 ipsam
927 2373 1181 2441 Tamarit,
1238 2384 1292 2430 ct
1346 2376 1474 2432 inde
1530 2380 1711 2452 pergit
1761 2396 1939 2451 usque
1989 2381 2059 2436 ad

437 2458 612 2528 ipsam
667 2459 1001 2521 Petraﬁtam.
1049 2471 1102 2518 et
1150 2481 1356 2519 serram
1398 2483 1574 2538 usque
1607 2469 1662 2522 in
1705 2470 1824 2541 ipso
1859 2471 2058 2528 Fitorio

435 2546 505 2600 de
557 2557 744 2602 monte
776 2549 1047 2607 Pininello
1106 2560 1161 2608 et
1191 2555 1340 2610 vadit
1389 2557 1744 2614 ascendendo
1774 2574 1951 2630 usque
2003 2562 2059 2615 in

438 2638 754 2695 ﬁrmitatem
789 2641 964 2713 ipsius
1005 2646 1230 2713 montis,
1257 2657 1425 2719 atque
1461 2649 1852 2707 descendendo
1883 2654 2062 2727 pergit

438 2750 539 2804 per
596 2733 767 2804 ipsam
832 2735 974 2790 viam
1037 2754 1215 2809 usque
1273 2740 1328 2794 in
1388 2741 1566 2796 locum
1637 2760 1802 2815 quem
1862 2756 2062 2801 vocant

441 2822 759 2890 Sorberelo,
791 2832 847 2878 ct
895 2825 1291 2884 descendendo
1334 2830 1659 2900 pervenitin
1708 2833 1881 2902 ipsam
1937 2833 2064 2889 Clu-

441 2931 555 2969 sam
589 2924 643 2969 et
673 2917 742 2970 ad
787 2917 964 2986 ipsum
993 2917 1260 2975 ~casalem
1321 2922 1391 2977 de
1431 2923 1707 2979 Friulano.
1747 2926 1878 2980 Inde
1933 2943 2062 2982 vero

439 3003 694 3059 ascendit
724 3021 822 3076 per
847 3005 960 3074 jam
989 3007 1190 3062 dictam
1232 3009 1375 3064 viam
1409 3012 1477 3065 ad
1511 3011 1689 3082 ipsum
1730 3015 1967 3070 casalem
1993 3017 2062 3070 de

439 3095 740 3162 Salvatore,
774 3104 828 3152 et
856 3097 924 3152 ad
984 3098 1162 3169 ipsum
1207 3102 1409 3156 collum
1442 3104 1717 3160 Trederici
1771 3107 1838 3161 de
1892 3107 2064 3163 Vinea

440 3184 642 3252 Vitula,
700 3195 754 3241 et
786 3196 1038 3257 pervenit
1096 3206 1273 3262 usque
1321 3191 1374 3246 in
1408 3194 1779 3250 summitatem
1837 3197 2059 3263 montis,

443 3276 538 3346 qui
569 3275 776 3332 ibidem
813 3287 914 3333 est.
966 3279 1100 3334 Inde
1145 3297 1274 3336 vero
1324 3283 1474 3337 vadit
1505 3301 1604 3355 per
1648 3286 1822 3356 ipsam
1855 3303 2060 3343 serram
2095 3245 2142 3313 Ε

447 3384 626 3439 usque
676 3370 732 3423 in
780 3370 983 3424 collum
1030 3372 1099 3426 de
1134 3373 1562 3445 Hermeneardo,
1609 3385 1663 3432 et
1690 3380 1943 3450 pervenit
1995 3384 2064 3436 ad

445 3459 652 3514 fontem
687 3462 800 3515 sive
832 3463 900 3516 ad
944 3464 1144 3519 collum
1178 3466 1247 3521 de
1283 3467 1534 3535 Filmera,
1567 3477 1622 3526 et
1672 3471 1802 3526 inde
1833 3473 1900 3527 ad
1951 3474 2063 3529 col-

447 3551 559 3605 lum
592 3551 646 3607 S.
682 3553 934 3621 Genesii;
968 3556 1160 3628 sicque
1191 3560 1547 3616 ascendendo
1578 3569 1635 3617 et
1672 3563 2066 3621 descendendo

447 3639 599 3693 vadit
638 3657 739 3712 per
787 3643 1157 3700 summitatem
1210 3647 1278 3701 de
1337 3648 1456 3719 ipsa
1499 3665 1649 3705 serra
1676 3668 1840 3723 quam
1873 3663 2070 3710 vocant

449 3731 638 3801 Calmi,
697 3744 751 3792 et
796 3739 1049 3808 pervenit
1101 3741 1297 3796 subtus
1373 3744 1554 3820 ipsum
1611 3754 1846 3802 castrum
1902 3766 2066 3821 quem

447 3833 646 3879 vocant
677 3825 852 3882 Pinna
882 3828 1044 3903 Nigra
1069 3846 1248 3902 usque
1281 3833 1334 3887 in
1376 3833 1527 3905 ipsas
1555 3835 1745 3892 vineas
1772 3855 1897 3910 qua;
1943 3849 2074 3896 sunt

448 3915 517 3969 de
548 3915 779 3972 Palatro.
835 3919 898 3974 Et
926 3921 1077 3977 vadit
1126 3923 1318 3979 subter
1362 3926 1535 3997 ipsam
1595 3929 1786 3986 silvam
1835 3949 1960 4004 qua:
1989 3944 2073 3990 est

447 4004 516 4057 ad
563 4005 852 4062 meridiem
884 4009 1078 4065 subtus
1121 4022 1357 4068 castrum
1383 4016 1645 4075 Virdariae
1673 4037 1850 4094 usque
1877 4023 2073 4081 subtus

450 4095 626 4166 ipsam
655 4099 875 4153 rocham
927 4119 1090 4172 quam
1128 4103 1320 4160 dicunt
1348 4107 1572 4178 Fitorio,
1625 4119 1678 4167 et
1707 4115 1958 4170 ascendit
2001 4117 2069 4171 ad

447 4189 646 4244 vallem
679 4191 748 4246 de
794 4193 1149 4262 Fulcimania,
1193 4205 1356 4270 atque
1389 4205 1634 4272 pervenit
1661 4207 1854 4263 subtus
1886 4208 2070 4266 fontes

453 4279 519 4332 de.
551 4280 769 4336 Bevotis
822 4282 876 4336 in
905 4284 1103 4339 vallem
1155 4285 1223 4342 de
1282 4289 1536 4346 Frinone.
1574 4294 1707 4348 lnde
1734 4312 1868 4352 vero
1921 4300 2071 4354 vadit

452 4383 552 4437 per
582 4368 728 4439 ipsas
767 4373 964 4427 rochas
993 4391 1169 4446 usque
1223 4377 1279 4432 in
1329 4388 1572 4436 montem
1624 4384 1694 4438 de
1735 4385 1961 4456 Infesta,
2015 4397 2071 4444 et

456 4458 745 4516 descendit
773 4479 801 4516 a
832 4472 985 4533 parte
1021 4466 1332 4524 Occidentis
1362 4488 1462 4542 per
1513 4473 1689 4544 ipsam
1720 4477 1862 4531 viam
1897 4478 2074 4549 publi-

2155 1925 2496 1981 coenobium.

2230 2020 2362 2073 ltem
2385 2017 2777 2074 conﬁrmamus
2822 2016 2889 2072 ad
2924 2017 3104 2088 ipsum
3141 2016 3457 2072 emnobium
3493 2014 3550 2069 in
3581 2031 3790 2086 perpe-

2157 2117 2310 2164 tuum
2365 2115 2617 2182 stagnum
2663 2107 2731 2161 de
2785 2105 3079 2161 Castilione
3129 2121 3254 2161 cum
3310 2106 3431 2177 ipso
3487 2105 3666 2178 gradu
3717 2103 3789 2158 de

2158 2217 2306 2255 mare
2339 2209 2541 2256 etcum
2573 2199 2707 2270 ipsis
2749 2198 2964 2264 insulis,
2997 2197 3138 2252 sicut
3187 2203 3410 2253 resonat
3466 2196 3522 2250 in
3568 2212 3790 2266 praece-

2161 2301 2252 2363 pto
2299 2291 2561 2346 Ludovici
2610 2290 2777 2364 regis,
2811 2290 2927 2345 sive
2975 2289 3030 2343 in
3062 2290 3252 2344 charta
3310 2305 3473 2361 quam
3530 2288 3792 2342 fecerunt

2161 2386 2498 2441 Gauzfredus
2528 2401 2718 2441 comes
2748 2392 2802 2439 et
2831 2385 3118 2438 Suniarius
3156 2384 3454 2454 episcopus
3483 2383 3555 2437 ad
3584 2398 3789 2437 mona-

2162 2476 2390 2530 sterium
2419 2477 2530 2544 jam
2566 2475 2794 2538 dictum,
2826 2481 2881 2527 et
2913 2480 3180 2544 quantum
3213 2472 3384 2528 habet
3439 2472 3625 2544 ipsum
3669 2488 3791 2526 mo-

2162 2567 2460 2622 nasterium
2518 2566 2572 2620 in
2646 2565 2774 2620 villa
2848 2565 3181 2619 Castellione
3237 2572 3291 2619 et
3372 2565 3428 2618 in
3476 2563 3609 2618 villa
3694 2563 3796 2616 Pa-

2164 2657 2336 2712 latioli
2403 2672 2567 2728 quem
2651 2661 2850 2710 vocant
2927 2654 3244 2708 Furtianum
3329 2652 3677 2723 superiorem
3744 2662 3798 2706 et

2164 2746 2558 2803 Furtianellum
2615 2743 2911 2808 minorem,
2955 2749 3010 2797 et
3045 2742 3290 2796 villarem
3345 2741 3611 2796 lldesindi
3666 2757 3792 2795 cum

2165 2836 2300 2907 ipsis
2347 2834 2558 2905 stagnis
2608 2840 2662 2888 et
2729 2831 3063 2904 piscatoriis,
3113 2838 3168 2884 et
3242 2829 3427 2884 omnia
3503 2846 3632 2900 quae
3695 2830 3796 2883 ha-

2165 2926 2259 2980 bet
2316 2925 2370 2978 in
2428 2922 2664 2978 termino
2738 2923 2807 2976 de
2875 2922 2996 2992 ipso
3058 2921 3192 2976 Faro
3254 2928 3308 2975 et
3360 2919 3503 2975 villae
3571 2919 3793 2974 Saccari

2164 3025 2218 3072 et
2240 3015 2381 3069 villae
2410 3029 2565 3069 novaa
2617 3019 2672 3068 et
2702 3013 2892 3068 villare
2918 3011 3200 3086 Stagniolo
3248 3026 3372 3066 cum
3405 3009 3542 3080 ipsis
3579 3010 3796 3083 stagnis

2165 3116 2219 3162 et
2248 3106 2365 3160 suis
2392 3104 2792 3170 villarunculis,
2834 3110 2890 3158 et
2936 3110 3203 3175 quantum
3245 3101 3412 3156 habet
3443 3100 3498 3154 in
3531 3101 3662 3154 villa
3694 3101 3793 3155 Pe-

2165 3209 2347 3275 tralta,
2379 3214 2432 3262 et
2462 3206 2517 3259 in
2549 3205 2676 3260 villa
2704 3202 2960 3269 Oleastri,
2985 3209 3039 3258 et
3071 3203 3125 3256 in
3151 3201 3278 3256 villa
3297 3202 3352 3256 S.
3383 3201 3704 3267 Clementis,
3739 3209 3794 3256 et

2167 3299 2221 3352 in
2253 3297 2442 3350 villare
2483 3292 2780 3360 Dodolﬁni,
2815 3300 2870 3346 et
2907 3291 2963 3345 in
2999 3289 3261 3345 comitatu
3320 3289 3684 3361 lmpuritano,
3740 3298 3794 3342 et

2166 3395 2433 3460 quantum
2472 3383 2637 3439 habet
2664 3384 2719 3438 in
2747 3382 2876 3438 villa
2907 3380 3189 3444 Militiano,
3226 3396 3389 3452 quem
3418 3389 3617 3434 vocant
3658 3379 3799 3432 Sane

2167 3483 2315 3531 ctum
2348 3474 2589 3538 Petrum,
2623 3486 2678 3528 et
2708 3473 2764 3526 in
2796 3471 2925 3525 villa
2949 3471 3292 3526 Armentaria
3321 3486 3446 3525 cum
3474 3470 3593 3540 ipsa
3617 3470 3796 3524 eccle-

2168 3567 2251 3620 sia
2291 3565 2348 3619 S.
2377 3564 2612 3630 Martini,
2650 3570 2704 3618 et
2753 3564 2807 3618 in
2841 3562 2968 3616 villa
2998 3561 3266 3628 Mucroni,
3324 3569 3380 3616 et
3419 3560 3475 3614 in
3506 3561 3639 3615 villa
3696 3560 3801 3616 Co-

2171 3657 2366 3720 lumbi,
2398 3665 2452 3711 et
2484 3656 2539 3710 in
2581 3656 2709 3711 villa
2739 3655 3026 3712 Chaniano
3057 3668 3180 3709 cum
3209 3653 3447 3708 ecclesia
3476 3652 3529 3706 S.
3555 3652 3798 3707 Martini.

2171 3755 2225 3803 et
2255 3747 2309 3801 in
2341 3747 2471 3802 villa
2500 3746 2800 3814 Suntrana,
2842 3751 2896 3800 et
2924 3745 2980 3799 in
3011 3745 3140 3799 villa
3170 3743 3457 3806 Dalmalia,
3497 3750 3552 3797 et
3583 3742 3640 3797 in
3669 3744 3800 3798 villa

2172 3837 2486 3903 Torricella,
2527 3843 2581 3890 et
2612 3836 2667 3890 in
2706 3835 2837 3890 villa
2877 3833 3143 3889 Rinbeuri
3175 3833 3396 3888 mortui.
3432 3833 3492 3887 Et
3534 3849 3590 3886 in
3622 3833 3799 3888 comi-

2173 3934 2287 3982 tatu
2320 3924 2732 3990 Bisuldunensi,
2761 3932 3026 3996 quantum
3057 3922 3223 3977 habet
3254 3921 3310 3976 in
3345 3922 3471 3976 villa
3497 3921 3678 3977 Lertio
3713 3923 3803 3977 vel

2172 4019 2228 4073 in
2253 4018 2624 4085 molendinos,
2655 4017 2743 4072 vel
2764 4016 2820 4070 in
2851 4015 3104 4087 Tapiolas
3132 4031 3269 4086 quas
3296 4022 3496 4071 vocant
3525 4015 3793 4090 Figarias.

2175 4109 2236 4165 Et
2265 4109 2319 4162 in
2351 4107 2613 4163 comitatu
2658 4105 3022 4170 Gerundensi,
3056 4104 3248 4175 ipsum
3297 4120 3549 4158 mansum
3583 4104 3678 4174 qui
3718 4113 3801 4158 est

2172 4195 2314 4251 infra
2365 4211 2551 4250 muros
2591 4195 2841 4265 ejusdem
2892 4192 3147 4258 civitatis,
3195 4200 3250 4247 et
3300 4193 3506 4249 villam.
3542 4191 3795 4247 Palatioli

2171 4302 2296 4342 eum
2324 4286 2571 4341 Ecclesia
2600 4286 2654 4341 8.
2690 4286 2930 4351 Genesii,
2963 4294 3018 4340 et
3043 4283 3337 4339 ecclesiam
3369 4290 3571 4339 sanctae
3601 4283 3790 4338 Maria;

2173 4384 2227 4439 in
2263 4384 2518 4451 Blandas,
2549 4392 2603 4439 et
2627 4381 2918 4438 ecclesiam
2950 4382 3122 4436 sancti
3157 4379 3382 4447 Juliani,
3412 4386 3466 4434 ct
3493 4379 3793 4434 Ecclesiam

2173 4481 2348 4536 sancti
2381 4479 2635 4554 Gaugini,
2668 4486 2723 4534 et
2749 4478 2932 4534 villam
2958 4477 3166 4549 Felgari
3206 4493 3329 4531 eum
3359 4475 3595 4530 ecclesia
3618 4476 3796 4530 sancti

453 4565 570 4667 pam
595 4568 769 4653 usque
801 4554 854 4608 in
887 4557 1108 4667 rocham
1151 4560 1467 4630 Ventosam,
1502 4572 1554 4620 ct
1599 4567 1650 4620 in
1685 4567 1865 4638 ipsum
1896 4586 2071 4642 usque
2093 4598 2148 4667 D
2177 4575 2457 4648 Cypriani,
2504 4582 2558 4630 et
2589 4574 2885 4630 Ecelesiam
2917 4581 3116 4628 ssncta:
3157 4557 3343 4636 Justze,
3373 4586 3497 4625 cum
3559 4570 3798 4624 decimis

452 4641 633 4695 locum
676 4643 770 4714 qui
808 4653 1038 4702 vocatur
1067 4648 1134 4703 de
1163 4651 1322 4705 valde
1358 4653 1592 4727 Budiga,‘
1625 4664 1679 4711 et
1725 4641 2074 4714 ascenditiad

455 4733 629 4803 ipsam
678 4751 921 4805 crucem,
955 4738 1144 4811 sicque
1182 4741 1472 4798 descendit
1497 4762 1672 4818 usque
1716 4749 1772 4802 in
1820 4749 1962 4804 viam
2005 4752 2074 4806 de

449 4821 712 4914 iamdicta
753 4841 912 4881 cruce
945 4843 1043 4898 per
1072 4829 1244 4900 ipsam
1274 4833 1469 4888 vallem
1504 4851 1681 4908 usque
1722 4837 1778 4892 in
1815 4839 1967 4914 reigo
2003 4841 2072 4895 de

457 4911 686 4987 Budiga.
739 4914 871 4970 Inde
903 4917 1192 4974 descendit
1239 4921 1293 4975 in
1342 4924 1544 4979 collum
1599 4929 1668 4982 de
1712 4911 1982 4995 Terrario,
2018 4941 2073 4986 et

456 5002 709 5070 pervenit
751 5003 806 5058 in
846 5008 1216 5065 summitatem
1261 5015 1465 5068 montis
1507 5033 1669 5088 quem
1722 5018 1915 5074 dicunt
1972 5019 2080 5075 Ro-

460 5094 560 5148 cha
595 5095 837 5152 Morena.
875 5099 1085 5156 Deinde
1142 5119 1173 5157 a
1222 5113 1377 5176 parte
1412 5107 1564 5162 circii
1592 5109 1986 5166 descendendo
2026 5119 2080 5166 et

458 5193 814 5250 ascendendo
868 5198 1122 5266 pervenit
1192 5200 1244 5254 in
1299 5203 1673 5259 summitatem
1741 5205 1810 5260 de
1857 5205 2080 5262 Wardia

459 5281 746 5348 Maurisca,
789 5295 844 5342 et
874 5290 1054 5363 pergit
1090 5307 1190 5362 per
1227 5309 1498 5349 summam
1555 5313 1762 5351 serram
1800 5313 1977 5369 usque
2017 5297 2074 5351 in

461 5377 664 5444 parada
691 5377 758 5432 de
811 5379 1088 5448 Durando,
1133 5392 1187 5440 et
1233 5387 1484 5456 pervenit
1527 5405 1626 5459 per
1656 5405 1925 5444 summam
1957 5405 2078 5446 ser-

461 5479 574 5517 ram
606 5482 785 5539 usque
816 5469 870 5522 in
916 5471 1130 5527 rederix
1169 5475 1236 5528 de
1275 5483 1465 5532 sancto
1496 5478 1750 5534 Genesio.
1787 5479 1848 5534 Et
1891 5495 2079 5534 ascen-

463 5554 543 5608 dit
586 5573 686 5627 per
722 5575 990 5618 summam
1039 5581 1246 5620 serram
1289 5568 1344 5622 in
1377 5567 1557 5640 ipsum
1591 5571 1817 5644 pugium
1858 5571 1952 5643 qui
1991 5580 2076 5628 est

467 5655 636 5712 super
681 5646 860 5715 ipsum
897 5651 1309 5720 Rovescarium,
1364 5664 1418 5712 et
1449 5658 1735 5714 descendit
1772 5675 1872 5730 per
1902 5661 2076 5730 ipsam

464 5746 670 5789 serram
718 5739 786 5791 ad
834 5741 946 5809 jam
991 5745 1191 5800 dictam
1239 5748 1456 5803 medam
1499 5767 1622 5822 qua:
1681 5760 1765 5806 est
1814 5751 1964 5806 intus
2019 5751 2076 5805 in

470 5838 640 5880 mare.
684 5829 817 5884 Item
859 5832 998 5888 infra
1051 5836 1153 5891 hos
1215 5840 1481 5896 terminos
1533 5842 1926 5898 conﬁrmamus
1977 5842 2076 5898 tibi

2178 4673 2234 4721 et
2277 4664 2535 4736 primitiis
2573 4672 2626 4718 et
2684 4661 3065 4718 oblationibus
3121 4661 3189 4715 ad
3244 4661 3466 4715 easdem
3527 4659 3800 4715 Ecclesias

2177 4752 2603 4825 pertinentibus,
2646 4760 2701 4805 et
2735 4750 2916 4820 ipsum
2951 4751 3141 4822 pinum
3166 4750 3259 4821 qui
3303 4749 3403 4803 fuit
3451 4748 3520 4802 de
3557 4748 3797 4814 Borello,

2174 4853 2228 4900 et
2278 4845 2498 4900 alaudia
2543 4843 2897 4899 Soccoronio.
2949 4843 3010 4897 Et
3052 4843 3109 4896 in
3162 4841 3425 4897 comitatu
3487 4841 3795 4896 Barchino-

2180 4938 2360 5002 nensi,
2405 4946 2461 4992 et
2495 4937 2548 4991 in
2582 4936 2841 5001 Vallcnsi,
2889 4935 2942 4989 in
2971 4942 3158 4990 monte
3201 4934 3413 5007 Signio,
3470 4941 3527 4988 et
3556 4935 3614 4988 in
3662 4935 3798 4990 valle

2179 5027 2450 5094 Jordaria,
2483 5033 2751 5098 quantum
2785 5025 2993 5080 ibidem
3027 5023 3209 5078 habet.
3249 5023 3309 5076 Et
3330 5023 3384 5076 in
3412 5023 3542 5077 villa
3570 5023 3797 5087 Larona,

2181 5129 2236 5175 et
2263 5120 2318 5174 in
2343 5119 2554 5192 Agello,
2587 5124 2642 5172 et
2674 5117 2728 5171 in
2755 5115 3036 5172 Terminio
3076 5115 3144 5169 de
3177 5114 3433 5169 Olerdula
3463 5114 3519 5167 in
3555 5115 3801 5169 Penades

2180 5211 2432 5267 alaudcm
2480 5210 2575 5283 qui
2646 5209 2749 5265 fuit
2799 5210 2868 5264 de
2927 5209 3223 5264 Guilischo.
3298 5208 3361 5262 Et
3419 5207 3477 5261 in
3539 5209 3796 5262 comitatu

2178 5305 2416 5366 Ausona,
2474 5312 2740 5374 quantum
2790 5302 2960 5356 habet
3006 5301 3058 5356 in
3091 5301 3219 5354 villa
3269 5300 3457 5373 Berga,
3501 5315 3629 5354 cum
3690 5301 3799 5370 ipsa

2179 5393 2412 5448 ecclesia
2441 5393 2652 5446 Sanctae
2685 5391 2900 5447 Ceciliae
2933 5406 3059 5445 cum
3088 5405 3190 5444 suo
3213 5389 3428 5454 alaude,
3460 5397 3518 5444 et
3543 5389 3796 5443 alaudcm

2180 5500 2344 5554 quem
2395 5481 2565 5536 habet
2614 5481 2667 5535 in
2705 5479 2962 5535 terminio
3015 5479 3085 5532 de
3144 5488 3324 5533 castro
3356 5478 3632 5543 Cardona,
3666 5489 3718 5532 et
3749 5478 3796 5530 in

2181 5575 2485 5630 Correzano
2517 5574 2805 5628 ecclesiam
2855 5572 3066 5626 Sanctae
3114 5570 3294 5624 Mariae
3327 5578 3383 5624 et
3437 5570 3629 5624 Sancti
3669 5568 3796 5623 Petri

2181 5678 2304 5717 cum
2332 5678 2432 5717 suo
2471 5661 2691 5716 alaude.
2727 5661 2787 5714 Et
2827 5661 2882 5714 in
2911 5659 3172 5715 comitatu
3206 5659 3530 5723 Paliarensi,
3561 5659 3713 5727 iuxta
3735 5657 3799 5711 ci-

2182 5751 2405 5808 vitatem
2442 5750 2824 5816 Liminianam,
2855 5747 3146 5804 ecclesiam
3187 5748 3237 5802 S.
3269 5747 3506 5802 Andreae
3539 5756 3594 5802 et
3625 5747 3800 5803 omnia

2183 5857 2307 5912 quae
2338 5841 2506 5897 habet
2548 5840 2604 5896 in
2639 5839 2837 5897 eodem
2872 5839 3155 5896 comitatu.
3197 5837 3260 5892 Et
3297 5837 3353 5891 in
3391 5837 3660 5893 comitatu
3690 5838 3801 5891 Cer-
