3924 6442
138 413 278 468 1089

1363 414 1699 470 ΕΡΙΞΤΟιᾹί
1743 413 1820 467 ΕΤ
1857 413 2257 469 PRIVILEGIA.

3340 421 3480 479 1090

134 537 317 591 daniae
359 537 413 591 in
441 535 572 592 villa
611 536 793 591 Atzela
823 536 1118 592 ecclesiam
1149 537 1202 591 S.
1262 538 1405 594 Petri
1436 547 1490 593 et
1542 539 1758 594 Sanctae
1782 539 1834 609 Α
1860 539 2380 596 misericordissima
2437 541 2669 598 Domino
2699 543 2810 598 Deo
2855 552 3042 599 nostro
3065 546 3332 617 consequi
3363 563 3482 602 me-

136 631 418 689 Columbae
451 649 574 686 cum
635 631 865 687 decimis
903 639 957 687 et
1016 633 1296 704 primitiis,
1365 641 1418 688 et
1470 635 1760 690 alaudibus

137 720 629 792 oblationibusque
678 721 747 774 ad
794 737 914 775 eam
945 721 1374 792 pertinentibus,
1395 730 1450 776 et
1492 731 1758 794 quantum

138 811 307 866 habet
349 813 404 866 in
452 813 580 866 villa
637 813 752 878 Exi,
802 813 986 868 villam
1043 813 1311 868 Villellam
1364 814 1420 868 in
1449 815 1759 870 Conﬂuenti

134 901 619 956 cumterminibus
669 902 804 956 suis.
868 902 929 957 Et
987 902 1042 956 in
1079 903 1343 958 comitatu
1399 903 1760 960 Funilietensi

135 992 428 1047 ecclesiam
459 993 514 1046 S.
545 992 778 1048 Andreae
805 993 861 1047 in
905 994 1046 1048 valle
1081 995 1377 1059 Poziliano,
1407 1003 1463 1050 et
1493 1006 1759 1068 quantum

141 1083 351 1137 ibidem
413 1083 599 1139 habet.
656 1084 718 1139 Et
747 1085 904 1153 juxta
956 1102 1142 1140 muros
1189 1087 1458 1142 Narbona:
1511 1105 1760 1143 mansum

138 1189 332 1227 unum.
371 1173 431 1227 Et
491 1174 545 1227 in
600 1173 860 1229 comitatu
911 1175 1320 1230 Rossilionensi
1383 1177 1675 1232 ecclesiam
1705 1179 1758 1232 S.

140 1268 439 1324 Salvatoris
468 1285 594 1323 cum
617 1269 807 1324 villare
838 1269 1064 1336 Miliani,
1095 1279 1148 1324 et
1177 1271 1359 1326 villam
1427 1271 1676 1342 Lupiani,
1711 1279 1765 1327 et

139 1356 433 1412 ecclesiam
461 1365 666 1413 sanctae
714 1359 993 1414 Columbae
1050 1377 1172 1415 cum
1205 1361 1438 1416 decimis
1486 1369 1540 1416 et
1567 1361 1764 1432 primi-

142 1448 255 1513 tiis,
282 1455 335 1502 et
372 1448 558 1503 villam
588 1449 945 1518 Conjunctam
991 1469 1114 1507 cum
1148 1454 1262 1507 suis
1318 1451 1677 1519 molendinis,
1709 1458 1765 1506 et

138 1539 327 1594 villam
358 1540 640 1596 Pollestris
667 1559 791 1597 cum
823 1543 1060 1598 Ecclesia
1089 1546 1142 1599 S.
1178 1545 1415 1610 Martini,
1449 1561 1571 1599 cum
1613 1544 1767 1598 deci-

145 1629 252 1683 mis
282 1639 338 1685 et
368 1631 628 1701 primitiis
659 1641 822 1704 atque
853 1633 1166 1701 alaudibus,
1201 1643 1254 1690 et
1295 1634 1481 1688 villam
1511 1633 1767 1689 Torrilias

144 1737 272 1775 cum
295 1723 529 1777 ecclesia
555 1724 608 1778 S.
645 1724 810 1790 Petri,
837 1740 962 1778 cum
994 1725 1256 1795 primitiis
1282 1731 1337 1779 et
1362 1723 1762 1780 oblationibus.

147 1812 210 1866 Et
238 1813 293 1866 in
335 1814 596 1868 comitatu
612 1815 760 1869 Valle
791 1816 984 1886 Asperi
1012 1816 1265 1871 alaudem
1292 1816 1361 1870 de
1386 1816 1693 1886 Campellos
1715 1821 1768 1868 et

147 1905 220 1960 de
248 1907 391 1960 valle
420 1905 603 1972 Crosa,
633 1915 686 1961 et
707 1907 892 1962 villam
919 1908 987 1964 de
1019 1910 1137 1965 rivo
1169 1910 1406 1984 Nugario
1437 1925 1560 1963 cum
1589 1908 1768 1964 eccle-

146 1996 231 2051 sia
261 1998 314 2052 S.
351 1998 628 2053 Michaelis
644 2015 766 2053 cum
809 2000 1118 2058 decimis‘et
1150 2000 1426 2071 primitiis.

224 2086 473 2140 Decimas
502 2095 556 2142 et
583 2087 852 2158 primitias
879 2096 932 2142 et
961 2089 1274 2144 oblationes
1323 2089 1392 2142 de
1435 2089 1549 2157 jam
1605 2087 1768 2142 dictis

149 2177 423 2244 ecclesiis,
480 2185 533 2232 et
592 2180 989 2234 monasterium
1047 2181 1445 2251 supradictum,
1477 2186 1530 2234 et
1564 2179 1684 2233 loca
1716 2185 1770 2232 et

151 2272 339 2328 alodia
359 2290 482 2328 cum
511 2274 770 2329 omnibus
825 2274 1052 2342 finibus,
1109 2275 1399 2340 limitibus,
1443 2274 1694 2330 terminis
1719 2281 1774 2329 et

151 2364 505 2433 adjacentiis,
536 2374 802 2436 quantum
825 2367 992 2422 hodie
1011 2368 1187 2438 ipsum
1216 2367 1613 2422 monasterium
1636 2366 1774 2420 infra

153 2455 259 2509 hos
287 2454 577 2510 comitatus
615 2456 876 2526 superius
925 2457 1165 2528 scriptos
1185 2457 1446 2522 habet,et
1479 2456 1775 2511 auxiliante

152 2547 269 2601 Deo
296 2547 667 2617 acquisiturus
716 2548 842 2615 erit,
894 2549 1034 2617 juris
1080 2557 1286 2604 sanctae
1349 2549 1627 2612 Romanae,
1689 2547 1777 2602 cui

153 2636 272 2690 Deo
302 2645 524 2691 auctore
579 2634 944 2704 deservimus,
1001 2639 1282 2704 Ecclesiae,
1328 2655 1359 2693 a
1390 2638 1646 2708 prmsenti
1688 2654 1782 2692 se-

155 2728 341 2782 cunda
366 2729 674 2785 indictione
706 2731 886 2800 ipsum
922 2731 1312 2786 monasterium
1339 2730 1515 2797 villas,
1549 2736 1605 2784 et
1634 2729 1782 2784 alau-

156 2823 280 2886 des,
315 2829 369 2877 et
396 2824 679 2892 ecclesias,
713 2843 838 2881 cum
871 2826 1131 2883 omnibus
1161 2841 1354 2881 eorum
1406 2826 1780 2896 pertinentiis,

157 2926 220 2973 ut
242 2933 408 2989 supra
440 2919 661 2993 legitur,
692 2921 749 2975 in
778 2928 1108 2992 perpetuum
1171 2937 1271 2992 per
1310 2920 1478 2989 hujus
1506 2921 1782 2995 privilegii

157 3006 362 3062 seriem
392 3008 702 3063 stabilimus
733 3009 832 3063 tibi
888 3009 1106 3081 tuisque
1134 3008 1574 3072 successoribus,
1612 3008 1783 3063 desti-

156 3097 498 3166 nendum,et
524 3114 648 3154 cum
677 3100 772 3155 Dei
803 3101 999 3156 timore
1038 3101 1345 3175 regendum
1365 3107 1418 3154 et
1450 3100 1784 3171 dispensan-

160 3187 317 3250 dum,
353 3186 427 3242 ita
456 3194 515 3242 ut
546 3187 730 3243 nullus
757 3204 998 3259 unquam
1032 3205 1244 3264 regum,
1278 3189 1461 3243 nullus
1488 3188 1785 3259 episcopo-
1809 3227 1859 3295 Ο

163 3292 309 3342 rum,
367 3275 662 3348 nullusque
727 3278 1013 3332 hominum
1075 3278 1132 3332 in
1177 3277 1430 3349 quolibet
1469 3278 1662 3333 ordine
1731 3287 1786 3333 et

165 3365 477 3421 ministerio
506 3366 861 3434 constitutus,
893 3367 1097 3422 audeat
1159 3367 1394 3422 moleste
1425 3367 1608 3422 causis
1641 3367 1792 3438 ejus-

165 3455 294 3509 dem
318 3455 642 3510 monasterii
687 3457 1030 3526 incumbere,
1055 3465 1109 3512 et
1130 3458 1250 3513 haec
1276 3457 1483 3524 omnia,
1534 3465 1592 3512 ut
1622 3475 1790 3530 supra

159 3544 428 3613 jussimus
452 3546 509 3599 in
540 3553 873 3616 perpetuum
894 3546 1211 3616 persistant,
1233 3552 1537 3600 statuentes
1567 3553 1792 3616 aposto-

167 3639 272 3695 lica
290 3657 525 3696 censura
553 3641 656 3696 sub
705 3641 877 3695 divini
929 3640 1126 3708 judicii
1170 3640 1541 3695 obtestatione
1573 3649 1627 3695 et
1656 3657 1792 3696 ana-

171 3732 432 3786 thematis
458 3732 850 3788 interdictione
877 3739 937 3786 ut
968 3732 1151 3786 nullus
1181 3748 1423 3802 unquam
1477 3738 1790 3788 nostrorum

169 3838 554 3877 successorum
597 3822 920 3894 pontificum
966 3830 1262 3894 prwsumat
1289 3824 1532 3895 aliquam
1559 3824 1671 3878 vim
1703 3830 1795 3878 aut

173 3912 517 3967 invasionem
567 3912 624 3966 in
671 3912 838 3967 rebus
876 3911 1052 3983 ipsius
1089 3913 1411 3968 monasterii
1437 3913 1636 3968 facere.
1669 3913 1795 3969 Post

170 4003 387 4058 obitum
419 4018 548 4058 vero
586 4002 802 4056 abbatis
863 4018 1028 4057 nemo
1083 4002 1158 4057 ibi
1211 4002 1465 4058 abbatem
1496 4004 1796 4059 constituat

173 4094 282 4149 nisi
313 4110 479 4167 quem
512 4110 820 4150 consensus
849 4102 904 4150 et
952 4093 1262 4150 communis
1291 4095 1544 4150 voluntas
1566 4093 1796 4150 fratrum

170 4202 240 4241 ex
279 4185 402 4256 ipsa
448 4187 878 4260 congregatione
935 4185 1166 4261 elegerit
1203 4187 1510 4242 secundum
1541 4187 1713 4242 Deum
1744 4193 1797 4239 et

169 4276 229 4331 S.
281 4275 564 4331 Benedicti
623 4277 891 4349 regulam,
941 4277 1270 4348 nullumque
1329 4277 1618 4347 praemium
1681 4276 1796 4331 sive

171 4370 386 4424 donum
411 4385 510 4441 pro
539 4373 953 4427 consecratione
980 4372 1125 4426 illius
1151 4372 1352 4444 aliquis
1379 4372 1634 4443 accipere
1661 4388 1798 4428 con-

171 4465 387 4521 tendat.
420 4467 544 4522 Etsi
567 4483 694 4521 eum
725 4468 896 4541 gratis
918 4467 1215 4539 episcopus
1239 4469 1498 4524 ordinare
1531 4468 1794 4536 noluerit,

1862 638 2045 682 reatur
2072 629 2126 682 in
2157 629 2357 683 swcula
2396 631 2745 687 saeculorum.
2771 634 2961 687 Amen.

1932 717 2202 788 Scriptum
2234 735 2332 789 per
2363 736 2588 774 manum
2623 722 2888 792 Stephani
2948 724 3144 779 notarii
3181 726 3482 799 regionarii

1863 815 1918 861 et
1972 808 2244 862 scriniarii
2291 817 2488 863 nostrae
2535 812 2853 881 apostolicae
2903 813 3094 866 matris
3137 813 3392 870 Ecclesiae
3427 817 3484 870 in

1862 915 2052 954 mense
2082 899 2284 970 Aprilis
2315 907 2368 955 et
2397 901 2702 958 indictione
2731 905 2995 959 secunda.
3030 906 3176 961 Bene
3206 907 3404 964 valete.

2580 1015 2644 1069 v1
2671 1017 2768 1084 (1).

2231 1123 2377 1178 papa
2423 1110 2493 1164 Vl
2542 1112 2859 1163 monasterii
2887 1111 2943 1166 S.
2998 1113 3223 1168 Ceciliae
3249 1115 3484 1170 Montis-

2257 1183 2457 1234 δενναεί
2478 1183 2774 1250 privilegia
2795 1185 3094 1251 conﬁrmat.

2501 1269 2685 1338 (Anno
2706 1269 2866 1340 972.)

2179 1355 2332 1426 [Dum
2354 1357 2630 1426 Bormum,
2661 1360 2894 1426 Recueil,
2919 1361 3000 1415 IX.
3037 1362 3183 1432 241.]

1938 1451 2270 1507 Bassmcrus
2309 1454 2623 1524 episc0pus,
2679 1472 2873 1511 servus
2903 1473 3184 1513 servorum
3221 1460 3336 1525 Dei,
3379 1460 3489 1516 Ca:-

1867 1555 2024 1594 samo
2081 1540 2269 1595 abbati
2328 1543 2662 1598 venerabilis
2711 1547 2950 1601 cmuobii
2999 1548 3217 1604 Sanctae
3273 1550 3487 1607 Ceciliae

1868 1624 2290 1693 Montisserrati,
2324 1639 2379 1683 et
2408 1639 2618 1686 cunctae
2652 1641 2757 1687 tuae
2815 1638 3229 1711 congregationi
3263 1657 3488 1696 succes-

1869 1714 2199 1785 soribusque
2229 1717 2336 1771 tuis
2366 1728 2692 1790 perpetuam
2726 1722 2781 1776 in
2812 1723 3041 1780 Domino
3067 1727 3319 1782 salutem.

1942 1811 2206 1875 Quoniam
2225 1815 2582 1869 concedenda
2611 1825 2740 1872 sunt
2779 1835 2901 1890 quae
2935 1820 3359 1877 rationabilibus
3385 1825 3488 1880 de-

1868 1898 2089 1953 sideriis
2120 1901 2397 1970 pertinere
2420 1912 2744 1973 noscuntur,
2767 1915 2956 1963 nostra
2985 1911 3285 1981 apostolica
3306 1923 3492 1970 aucto-

1873 1994 2023 2060 ritas,
2056 1995 2123 2048 ad
2160 1995 2526 2052 roborandam
2560 1999 2705 2068 piam
2732 1999 2976 2056 fidelium
3025 2004 3408 2073 devotionem,
3435 2009 3489 2064 in

1870 2088 2194 2156 praestandis
2225 2089 2528 2163 privilegiis
2556 2091 2724 2146 debet
2753 2093 2980 2149 minime
3002 2096 3287 2172 abnegari.
3319 2100 3494 2173 Igitur

1871 2177 2199 2232 excellentia
2228 2188 2319 2233 tua
2349 2188 2402 2235 et
2422 2181 2716 2237 laudabilis
2737 2188 3105 2244 mansuetudo
3138 2192 3434 2259 postulavit
3458 2210 3488 2247 a

1873 2265 2037 2320 nobis
2055 2273 2326 2338 quatenus
2356 2271 2658 2339 apostolica
2705 2275 3028 2331 auctoritate
3061 2293 3160 2347 per
3191 2279 3294 2334 hoc
3325 2282 3494 2352 privi-

1875 2357 2079 2431 legium
2109 2361 2608 2416 concederemuset
2639 2365 3094 2421 contirmaremus
3137 2369 3236 2423 tibi
3273 2371 3495 2444 tuisque

1876 2450 2293 2504 successoribus
2324 2451 2378 2504 in
2426 2461 2755 2522 perpetuum
2787 2457 3166 2525 supradictum
3209 2469 3494 2516 monaste-

1880 2539 2045 2605 rium,
2078 2556 2200 2594 cum
2230 2542 2489 2596 omnibus
2514 2544 2854 2612 adjacentiis,
2877 2554 2931 2600 et
2961 2549 3336 2618 pertinentiis,
3373 2569 3496 2607 cum

1881 2629 2085 2686 finibus
2112 2635 2476 2707 terminisque
2501 2637 2637 2690 suis.
2667 2637 2731 2691 Et
2763 2639 2888 2693 ideo
2923 2641 3031 2694 tuis
3063 2642 3171 2711 piis
3201 2643 3496 2701 desideriis

1881 2718 2147 2788 faventes,
2173 2730 2359 2778 nostra
2405 2726 2709 2796 apostolica
2763 2729 3089 2784 auctoritate
3144 2731 3496 2792 decernimus

1881 2809 1950 2862 ad
1979 2809 2158 2880 ipsum
2192 2812 2478 2881 praefatum
2522 2817 2733 2871 Sanctae
2804 2818 3022 2874 Ceciliae
3079 2825 3500 2894 monasterium,

1883 2918 2006 2957 cum
2045 2905 2160 2958 suis
2191 2906 2439 2960 terminis
2491 2915 2544 2961 et
2583 2908 2929 2976 adjacentiis,
2972 2917 3026 2965 et
3081 2927 3208 2967 cum
3246 2913 3508 2970 omnibus

1884 3013 2008 3067 quae
2035 2997 2265 3053 inferius
2313 3000 2686 3056 continentur.
2748 3004 2826 3057 lta
2880 3021 3013 3060 sane
3061 3014 3121 3061 ut
3164 3008 3351 3064 nullus
3381 3027 3496 3076 rex,

1885 3088 2356 3160 archiepiscOpus,
2413 3091 2729 3161 episcopus,
2795 3110 3004 3161 comes,
3060 3099 3145 3151 vel
3195 3099 3508 3155 vicecomes

1885 3192 1985 3230 seu
2005 3179 2190 3250 aliqua
2217 3196 2418 3255 magna
2446 3198 2724 3254 parvaque
2773 3201 3012 3254 persona
3042 3188 3145 3242 sub
3162 3189 3288 3257 jure
3319 3197 3374 3244 et
3405 3192 3510 3247 do-

1892 3267 2064 3324 minio
2091 3284 2192 3324 suo
2221 3271 2545 3339 praedictum
2578 3275 2975 3330 monasterium
3036 3275 3260 3331 mittere
3285 3278 3511 3347 audeat,

1889 3365 2081 3413 etnon
2129 3360 2326 3416 habeat
2388 3369 2714 3433 potestatem
2755 3365 2841 3418 vel
2874 3365 3151 3420 licentiam
3198 3367 3504 3424 inalienare

1889 3447 2143 3503 eumdem
2175 3451 2378 3518 locum,
2403 3454 2488 3508 vel
2511 3455 2614 3508 sub
2631 3455 2859 3509 alterius
2897 3457 3220 3511 monasterii
3250 3458 3513 3514 domina-

1890 3539 2040 3595 tione
2067 3543 2392 3599 submittere
2425 3563 2439 3611 ;
2483 3546 2580 3600 sed
2647 3563 2869 3618 semper
2922 3548 3153 3603 liberum
3188 3559 3243 3605 et
3272 3553 3510 3609 solidum

1890 3630 2131 3687 retineas
2152 3641 2259 3688 tuae
2279 3651 2344 3690 ac
2375 3635 2633 3691 Romanae
2675 3637 2922 3692 ecclesiae
2981 3640 3237 3710 potestati
3268 3659 3281 3694 :
3315 3643 3514 3697 etnul-

1893 3725 1981 3779 lus
2010 3726 2340 3794 mortalium,
2387 3744 2509 3800 quae
2539 3729 2618 3783 ibi
2671 3738 2800 3784 sunt
2833 3731 2996 3787 modo
3023 3733 3106 3786 vel
3135 3743 3322 3802 erunt,
3360 3737 3522 3795 inva-

1897 3815 2029 3869 dere
2055 3816 2139 3870 vel
2161 3811 2424 3888 tisurpare
2457 3826 2770 3890 praesumat,
2802 3829 2894 3875 aut
2932 3820 3128 3876 fratres
3158 3823 3368 3880 ibidem
3397 3844 3516 3884 ser-

1893 3908 2106 3964 vientes
2134 3909 2444 3981 inquietare
2495 3929 2509 3978 ;
2553 3911 2628 3966 ita
2673 3919 2733 3966 ut
2782 3914 2967 3968 nullus
3015 3931 3258 3986 unquam
3290 3935 3508 3993 regum,

1898 3997 2084 4052 nullus
2112 4000 2526 4071 episcOporum,
2555 4000 2849 4073 nullusque
2867 4003 3145 4058 hominum
3174 4005 3228 4059 in
3259 4009 3513 4077 quolibet

1897 4091 2093 4146 ordine
2125 4095 2502 4150 etministerio
2531 4096 2864 4150 constitutus
2907 4095 3110 4152 audeat
3137 4099 3367 4153 moleste
3386 4115 3514 4155 cau-

1898 4180 1975 4235 sis
2011 4183 2260 4251 ejusdem
2282 4185 2600 4242 monasterii
2633 4187 2974 4252 incumbere,
2997 4203 3100 4242 nec
3131 4188 3522 4246 hominesillo—

1897 4293 2016 4332 rum
2044 4293 2144 4348 per
2171 4277 2336 4332 ullam
2367 4295 2584 4334 causam
2627 4279 2978 4354 distringere.
3018 4282 3078 4335 Et
3106 4283 3287 4352 ipsum
3320 4300 3520 4340 mona-

1898 4368 2150 4435 sterium,
2179 4369 2334 4423 villas
2355 4375 2410 4424 et
2437 4369 2648 4437 alodes,
2681 4371 2925 4426 decimas
2957 4378 3011 4426 et
3041 4372 3332 4442 primitias,
3375 4391 3514 4446 quas

1900 4455 2108 4511 dudum
2141 4457 2332 4512 habuit
2370 4465 2424 4512 et
2463 4459 2520 4512 in
2563 4466 2726 4514 antea
2774 4461 3114 4532 acquisierit,
3156 4469 3210 4516 et
3259 4464 3522 4520 ecclesias

1862 1106 2178 1162 Benedictus

725 4521 1209 4541 a’"'”'r”"r"‘
1248 4521 1491 4524 νηννην-
1536 4521 1715 4523 ί-η--ί
1759 4521 1793 4536 ει
2856 4521 2872 4532 ⁸
3101 4521 3110 4529 '

173 4556 247 4611 ad
279 4557 438 4626 cujus
459 4558 745 4614 dioecesim
778 4560 895 4629 ipse
922 4560 1161 4630 pertinet
1192 4561 1368 4628 locus,
1403 4561 1486 4616 vel
1519 4577 1549 4614 a
1607 4571 1795 4617 nostra
1815 4521 1874 4589 Β
1909 4569 2034 4610 cum
2062 4555 2322 4611 omnibus
2343 4571 2533 4613 eorum
2589 4557 2959 4628 pertinentiis,
2989 4565 3050 4613 ut
3085 4559 3342 4630 superius
3386 4560 3528 4633 legi-

177 4646 428 4700 Romana
490 4653 664 4702 matre
693 4647 933 4702 Ecclesia
972 4649 1060 4703 vel
1103 4665 1133 4702 a
1189 4665 1520 4721 quocunque
1572 4649 1810 4705 voluerit

173 4736 449 4808 episcOpo
481 4753 580 4808 per
601 4744 844 4794 nostram
875 4738 1257 4794 auctoritatem
1292 4739 1465 4794 libere
1493 4739 1799 4796 ordinetur.

175 4827 236 4883 Si
277 4828 402 4898 quis
431 4831 803 4900 autem,quod
820 4846 932 4886 non
963 4837 1236 4900 Optamus,
1254 4831 1463 4886 nefario
1495 4847 1630 4885 ausu
1661 4846 1802 4902 prae-

174 4921 483 4990 sumpserit
538 4921 676 4987 haec,
732 4937 856 4993 quae
894 4939 925 4976 a
978 4923 1138 4978 nobis
1193 4923 1261 4978 ad
1319 4921 1799 4978 honorificentiam

175 5009 400 5064 Domini
447 5010 618 5066 nostri
666 5010 800 5066 Jesu
843 5011 1036 5067 Christi
1067 5027 1164 5082 pro
1195 5011 1496 5066 stabilitate
1519 5012 1631 5084 jam
1665 5011 1798 5066 dicti

177 5100 506 5156 monasterii
547 5108 909 5168 statutasunt,
946 5101 1280 5175 transgredi,
1313 5102 1450 5156 sciat
1480 5117 1538 5156 se
1568 5102 1807 5157 anathe-

176 5191 346 5246 matis
365 5193 589 5249 vinculo
620 5193 969 5262 innodatum,
998 5201 1053 5249 et
1099 5211 1224 5250 cum
1267 5193 1512 5262 diabolo,
1541 5201 1597 5250 et
1617 5195 1806 5250 omni-

177 5282 287 5336 bus
314 5281 500 5353 impiis
532 5285 725 5339 aeterni
759 5283 1006 5340 incendii
1031 5284 1374 5341 atrocissime
1403 5285 1677 5356 supplicio
1708 5285 1806 5340 de-

179 5383 456 5446 putatum.
484 5379 549 5433 At
572 5396 704 5436 vero
735 5382 830 5452 qui
860 5380 954 5452 pio
984 5381 1185 5436 intuitu
1203 5388 1387 5438 custos
1418 5388 1472 5436 et
1485 5381 1807 5438 observator

179 5480 376 5520 eorum
408 5467 695 5535 exstiterit,
739 5469 1073 5526 omnimodae
1117 5470 1526 5527 benedictionis
1552 5471 1803 5545 gratiam.

178 5554 548 5626 omniumque
575 5557 958 5629 gpeccatorum
1002 5574 1227 5616 suorum
1288 5559 1718 5626 absolutionem,
1753 5569 1818 5616 et

181 5643 424 5698 caelestis
443 5645 568 5700 vitae
617 5647 1018 5705 beatitudinem
1040 5665 1165 5708 cum
1192 5649 1400 5706 sanctis
1454 5659 1509 5706 et
1546 5649 1741 5706 electis
1776 5667 1808 5705 a

262 5789 336 5860 (1)
375 5787 636 5846 Dubium.

1908 4651 2012 4708 tur,
2057 4645 2112 4699 in
2138 4652 2465 4716 perpetuum
2499 4663 2598 4715 per
2648 4647 2966 4716 hujusmodi
3008 4648 3280 4722 privilegii
3320 4649 3521 4704 seriem

1907 4735 2214 4790 stabilimus
2265 4737 2365 4791 tibi
2409 4737 2627 4809 tuisque
2675 4738 3090 4794 successoribus
3134 4739 3518 4806 detinendum,

1905 4842 1968 4880 ac
1997 4827 2092 4881 Dei
2125 4843 2248 4882 cum
2299 4835 2537 4884 tremore
2581 4829 2910 4901 regendum,
2963 4835 3017 4883 et
3060 4828 3517 4899 dispensandum.

1908 4915 1967 4970 Et
1998 4917 2119 4971 haec
2164 4918 2371 4984 omnia,
2419 4925 2478 4972 ut
2531 4933 2698 4988 supra
2749 4919 3034 4988 jussimus,
3085 4924 3199 4973 tota
3226 4919 3282 4972 in
3316 4934 3523 4989 perpe-

1904 5015 2058 5062 tuum
2083 5007 2408 5077 persistant.
2459 5006 2781 5062 Statuentes
2823 5007 3127 5078 apostolica
3157 5023 3390 5062 censura
3421 5007 3523 5062 sub

1907 5097 2082 5153 divini
2107 5097 2303 5167 judicii
2351 5097 2720 5152 obtestatione
2774 5104 2830 5152 et
2874 5099 3240 5154 anathematis
3291 5099 3529 5153 interdi-

1907 5189 2112 5254 ctione,
2135 5195 2196 5244 ut
2245 5188 2428 5243 nullus
2467 5204 2713 5258 unquam
2763 5198 3079 5245 nostrorum
3136 5206 3524 5246 successorum

1907 5278 2233 5351 pontificum
2274 5283 2568 5348 praesumat
2615 5277 2856 5349 aliquam
2905 5280 3017 5334 vim
3056 5289 3152 5334 aut
3180 5279 3525 5335 invasionem

1908 5372 1963 5426 in
1990 5371 2154 5426 rebus
2182 5369 2358 5440 ipsius
2412 5368 2736 5424 monasterii
2760 5367 2962 5425 facere.
2997 5371 3125 5426 Post
3155 5371 3364 5426 obitum
3393 5387 3526 5427 vero

1908 5463 2121 5518 abbatis
2150 5476 2314 5517 nemo
2336 5460 2414 5515 ibi
2447 5459 2700 5514 abbatem
2729 5459 3046 5528 constituat,
3076 5461 3184 5516 nisi
3212 5478 3378 5534 quem
3399 5477 3529 5517 con-

1909 5574 2106 5614 sensus
2135 5563 2189 5612 et
2215 5556 2464 5613 voluntas
2501 5554 2814 5610 communis
2864 5553 3088 5608 fratrum
3123 5571 3190 5610 ex
3230 5556 3353 5626 ipsa
3382 5571 3523 5611 con-

1909 5646 2230 5722 gregatione
2285 5644 2516 5719 elegerit
2553 5640 2859 5698 secundum
2915 5641 3011 5696 Dei
3048 5643 3304 5700 timorem
3350 5649 3406 5698 et
3463 5643 3519 5697 S.
