3942 6416
446 424 565 501 iss

1476 407 1811 471 ATTONIS
1856 404 2436 470 VERCELLENSIS
2486 408 2838 471 EPISCOPI

3737 416 3866 476 200

449 555 655 618 carnis,
686 566 835 605 mors
863 552 941 604 est
969 547 1134 617 (262).
1170 542 1487 599 Prudentia
1523 540 1715 596 carnis
1747 537 1982 611 propria
2010 541 2099 592 est
2126 538 2177 603 Î‘
2210 554 2325 592 non
2353 541 2764 607 contemnatis,
2788 557 2975 612 neque
2998 557 3100 613 pro
3123 557 3297 612 parvo
3318 540 3548 599 ducatis
3574 542 3866 614 Spiritum

450 648 682 698 terrena
713 640 955 710 diligere
988 641 1044 691 et
1062 632 1317 690 coelestia
1343 632 1665 701 despicere;
1700 634 1757 683 et
1787 628 1915 682 ideo
1943 644 2100 681 mors

452 748 581 785 esse
630 728 867 795 dicitur,
902 725 1182 797 quoniam
1231 727 1476 777 mortem
1529 717 1761 789 ingerit.
1800 716 2101 773 Prudentia

451 836 577 876 vero
606 819 855 889 spiritus,
908 817 1019 871 vita
1072 820 1125 868 et
1175 828 1308 883 pax.
1366 809 1685 862 Prudentia
1739 806 1982 878 spiritus
2012 809 2101 859 est

451 906 797 979 temporalia
856 908 1227 959 contemnere
1279 903 1336 953 et
1379 901 1594 951 aeterna
1638 899 1929 967 appetere.
1974 895 2099 947 Haec

451 994 763 1069 prudentia
813 993 930 1046 vita
987 989 1222 1051 dicitur,
1257 986 1397 1057 quia
1450 984 1628 1039 vitam
1688 984 1939 1049 confert;
1986 998 2098 1052 pax

446 1100 605 1148 vero,
638 1082 773 1151 quia
804 1080 864 1134 in
915 1093 1055 1149 pace
1086 1075 1386 1147 quiescere
1434 1074 1591 1128 facit.
1624 1071 1793 1136 Nam,
1825 1069 2095 1141 quamvis

434 1172 636 1237 (multa
653 1166 994 1240 temporalia
1018 1167 1234 1220 damna
1255 1162 1473 1218 sanctis
1495 1161 1857 1231 ingerantur,
1873 1165 2094 1226 tamen,

446 1263 584 1316 dum
619 1255 968 1329 temporalia
1009 1257 1220 1309 cuncta
1248 1250 1603 1323 despiciunt,
1637 1250 1695 1303 in
1729 1263 1869 1320 pace
1899 1246 2095 1318 quies-

444 1352 606 1405 cunt.
637 1346 761 1413 Vel,
797 1361 908 1418 pax
955 1343 1189 1410 dicitur,
1224 1340 1365 1412 quia
1406 1339 1479 1393 ad
1528 1336 1918 1410 cognitionem
1947 1352 2092 1391 vera:

444 1438 630 1509 pacis,
663 1452 789 1506 qua:
819 1432 1085 1489 Christus
1116 1434 1225 1496 est,
1260 1427 1542 1500 perducit.

508 1526 785 1596 Quoniam
812 1522 1087 1593 sapientia
1116 1518 1305 1574 carnis
1337 1517 1563 1571 inimica
1594 1517 1669 1568 est
1700 1518 1830 1569 Deo.
1855 1512 2091 1583 Sapien-

435 1615 521 1670 tia
549 1613 741 1669 carnis
770 1611 974 1666 eadem
1006 1612 1095 1663 est
1142 1612 1198 1661 et
1240 1604 1550 1678 prudentia
1591 1604 1720 1673 ejus
1770 1618 1915 1671 quae,
1950 1600 2090 1672 quia

438 1703 537 1759 Dei
558 1699 861 1775 praeceptis
885 1714 1001 1753 non
1024 1695 1240 1761 obedit,
1264 1695 1367 1749 sed
1397 1694 1525 1764 ejus
1548 1690 1845 1746 mandatis
1865 1695 2088 1744 contra-

433 1791 598 1858 dicit,
632 1787 874 1843 inimica
906 1787 1018 1840 Deo
1068 1784 1305 1848 dicitur,
1336 1780 1635 1853 quoniam.
1669 1778 1820 1833 sicut
1870 1777 1993 1848 ipse
2025 1776 2085 1830 in

433 1878 744 1949 Evangelio
767 1874 927 1943 dicit,
949 1875 1003 1927 si
1021 1873 1143 1942 quis
1159 1870 1351 1961 diligit
1366 1867 1769 1961 me,_man_data
1791 1866 2083 1961 mea
2113 1896 2161 1961 B

427 1968 667 2023 servabit
686 1967 862 2032 (Joan.
888 1963 1027 2033 XIV),
1048 1962 1162 2031 23);
1187 1960 1436 2029 ideoque
1471 1956 1580 2026 tegi
1606 1956 1702 2011 Dei
1728 1971 1838 2009 non
1857 1956 2080 2025 subjici-

429 2055 709 2127 tur(264).
734 2051 999 2107 Charitas
1029 2048 1270 2120 quidem
1309 2046 1420 2117 legi
1455 2045 1551 2099 Dei
1586 2044 1917 2114 subjicitur,
1941 2043 2081 2113 quia

426 2144 519 2199 lex
550 2143 649 2198 Dei
680 2158 809 2197 esse
841 2138 1149 2212 probatur;
1182 2135 1475 2207 cupiditas
1519 2149 1672 2200 vero,
1696 2149 1826 2203 quae
1863 2137 1954 2187 est
1985 2149 2078 2187 sa-

428 2232 649 2305 pientia
670 2229 886 2294 carnis,
910 2245 1025 2282 non
1049 2224 1384 2295 subjicitur,
1406 2221 1707 2293 quoniam,
1734 2220 1779 2275 si
1803 2238 1871 2275 ex
1897 2220 2079 2276 altera

425 2326 589 2394 parte
619 2320 813 2375 videat
836 2316 1132 2389 justitiam
1155 2319 1212 2369 et
1238 2313 1595 2384 aequitatem,
1615 2328 1683 2365 ex
1711 2310 1895 2365 altera
1923 2328 2078 2365 com-

425 2410 668 2464 modum
708 2412 1037 2471 terrenum;
1090 2402 1279 2473 magis
1332 2401 1441 2456 hoc
1490 2399 1733 2471 adipisci
1781 2400 2077 2454 desiderat

430 2514 609 2569 quam
635 2494 929 2567 justitiam
962 2497 1017 2547 et
1047 2492 1379 2561 aequitatem
1411 2503 1662 2544 servare.

498 2586 609 2641 Sed
643 2584 781 2656 quid
832 2588 922 2636 est
970 2581 1127 2651 quod
1176 2578 1450 2633 subditur
1483 2593 1496 2629 :
1529 2592 1631 2631 nec
1674 2576 1823 2629 enim
1862 2580 2033 2645 potest
2053 2580 2095 2635 .9,

429 2673 707 2745 Nunquid
742 2689 855 2726 non
888 2674 1079 2741 potest
1106 2667 1282 2723 homo
1328 2665 1539 2734 subjici
1569 2664 1681 2734 legi
1719 2664 1851 2719 Dei?
1884 2668 2079 2718 Potest

428 2763 663 2834 utique;
691 2762 789 2817 sed
827 2756 1139 2831 prudentia
1161 2754 1353 2810 carnis
1386 2770 1497 2808 non
1532 2758 1724 2824 potest
1755 2770 1767 2807 :
1802 2756 1891 2807 est
1918 2752 2075 2807 enim

430 2849 645 2904 mentis
674 2846 969 2916 corruptio
998 2849 1055 2897 et
1078 2843 1307 2907 vitium,
1335 2858 1449 2896 non
1474 2859 1506 2895 a
1530 2841 1645 2895 Deo
1666 2845 1950 2905 creatum,
1974 2840 2075 2894 sed

431 2955 465 2991 a
496 2936 729 2992 diabolo
750 2934 1087 3000 inventum;
1121 2931 1295 2986 homo
1320 2946 1449 2985 vero
1478 2928 1673 2983 sanari
1695 2929 1833 2983 vitio
1864 2934 2071 2999 potest.

425 3026 641 3081 Verum
673 3024 813 3097 quid
845 3027 934 3079 est
957 3020 1111 3093 quod
1142 3019 1452 3074 subditur:
1479 3020 1580 3090 qui
1609 3026 1788 3072 autem
1818 3019 1883 3072 in
1909 3034 2076 3073 carne

421 3119 571 3184 sunt,
604 3115 708 3169 Deo
738 3114 952 3184 placere
978 3126 1088 3165 non
1129 3110 1395 3179 possunt?
1434 3109 1639 3161 Annon
1674 3112 1731 3160 et
1759 3105 2074 3176 Apostolus

421 3212 478 3259 et
510 3202 757 3258 Romani
788 3201 845 3255 in
879 3216 1052 3255 carne
1092 3198 1297 3253 erant?
1326 3199 1410 3251 An
1460 3212 1574 3250 non
1627 3211 1831 3249 omnes
1882 3194 2070 3250 sancti

2210 626 2423 682 Christi
2455 630 2972 701 habere,quoniam
3005 630 3176 686 aliter
3205 631 3333 700 ejus
3362 648 3490 687 esse
3523 649 3638 687 non
3663 638 3866 704 potes-

2207 715 2303 771 tis.
2330 717 2584 787 Spiritus
2614 718 2828 774 Christi
2872 719 3027 774 idem
3059 724 3148 774 est
3175 723 3231 773 et
3259 718 3512 789 Spiritus
3557 720 3681 790 Dei,
3710 738 3864 793 quo-

2209 804 2367 859 niam
2401 805 2610 873 Patris,
2634 813 2690 862 et
2714 806 2842 861 Filii
2875 824 3030 862 unus
3051 813 3141 862 est
3160 806 3434 877 Spiritus.
3458 806 3547 862 Illi
3568 824 3705 880 ergo
3728 810 3864 881 Spi-

2209 894 2385 949 ritum
2444 894 2659 950 Christi
2722 896 2960 966 habent,
2999 894 3101 966 qui
3149 895 3446 951 Christum
3493 896 3772 970 diligunt,
3805 904 3866 956 et

2207 983 2337 1052 ejus
2392 990 2681 1055 praecepta
2731 985 3098 1050 custodiunt;
3143 984 3391 1055 ideoque
3420 984 3635 1043 Christi
3692 994 3861 1057 sunt,

2205 1071 2484 1141 quoniam
2516 1071 2780 1127 Christus
2810 1071 2868 1126 in
2902 1072 2986 1127 eis
3035 1077 3250 1128 manet.
3285 1073 3415 1144 Ipse
3459 1073 3618 1130 enim
3665 1075 3813 1132 dicit
3843 1094 3859 1132 :

2205 1159 2310 1226 Qui
2339 1160 2525 1231 diligit
2552 1177 2637 1216 me
2668 1162 2837 1231 (266),
2867 1163 3133 1216 mandata
3161 1178 3285 1215 mea
3312 1164 3575 1232 servabit,
3604 1171 3658 1219 et
3686 1170 3863 1221 Pater

2200 1264 2353 1303 meus
2382 1250 2585 1321 diliget
2615 1251 2763 1320 (267)
2795 1266 2940 1316 eum,
2972 1258 3023 1305 et
3051 1250 3121 1304 ad
3151 1266 3278 1305 eum
3303 1253 3580 1306 veniemus
3612 1257 3662 1308 et
3687 1269 3859 1309 man-

2199 1338 2416 1392 sionem
2445 1338 2591 1409 apud
2620 1354 2747 1394 eum
2770 1341 3036 1406 faciemus
3058 1339 3262 1409 (Ibid).
3288 1338 3395 1394 Ubi
3425 1344 3621 1396 autem
3654 1346 3859 1398 manet

2200 1426 2388 1492 Pater,
2420 1431 2478 1481 et
2506 1427 2708 1496 Filius,
2741 1427 2822 1482 ibi
2862 1432 2919 1482 et
2957 1428 3265 1482 amborum
3297 1426 3552 1497 Spiritus
3583 1434 3852 1486 sanctus.

2199 1515 2306 1579 Qui
2338 1532 2470 1570 vero
2503 1517 2655 1569 male
2679 1515 2982 1585 resistunt,
3006 1514 3376 1570 maledicenti
3404 1514 3764 1572 maledicunt
3794 1523 3854 1574 et

2198 1604 2771 1674 cunctabujusmodi
2801 1609 3003 1676 agunt,
3026 1604 3309 1675 Spiritum
3344 1604 3443 1660 Dei
3466 1622 3581 1660 non
3606 1605 3851 1676 habent,

2196 1691 2442 1763 ideoque
2486 1710 2601 1747 non
2648 1697 2788 1747 sunt
2844 1694 2993 1764 ejus.
3028 1692 3191 1748 Unde
3247 1696 3430 1748 restat
3458 1698 3523 1749 ut
3553 1694 3674 1749 sint
3704 1694 3851 1750 alte-

2195 1780 2339 1846 rius,
2364 1780 2422 1835 id
2455 1787 2543 1837 est
2572 1781 2812 1848 diaboli,
2838 1782 2977 1853 quia
2999 1782 3168 1852 cujus
3199 1798 3375 1852 opera
3395 1782 3529 1853 quis
3547 1783 3688 1838 facit
3717 1785 3850 1853 ejus

2195 1868 2353 1923 {ilius
2380 1869 2724 1941 appellatur.

2265 1958 2335 2012 Et
2365 1961 2431 2012 ut
2461 1958 2792 2013 ostenderet
2830 1958 3143 2029 Apostolus
3178 1964 3468 2030 quantum
3516 1976 3741 2016 munus
3772 1961 3848 2017 sit

2191 2046 2490 2102 Christum
2540 2046 2776 2113 habere,
2826 2048 3121 2117 subjecit:
3155 2048 3216 2103 Si
3259 2058 3441 2104 autem
3492 2048 3743 2105 Christus
3789 2052 3849 2105 in

2190 2134 2343 2189 vobis
2369 2139 2469 2201 est,
2503 2150 2698 2206 corpus
2727 2136 2946 2206 quidem
2974 2145 3259 2191 mortuum
3296 2140 3373 2191 est
3399 2145 3620 2208 propter
3646 2154 3841 2210 pecca-

2189 2236 2322 2294 tum,
2356 2228 2468 2278 etc.
2502 2223 2607 2279 Ubi
2644 2225 2965 2280 notandum
2999 2225 3139 2296 quia
3167 2241 3281 2280 non
3322 2225 3424 2291 ait,
3459 2230 3700 2298 propter
3730 2232 3842 2282 ter-

2188 2329 2388 2367 renam
2422 2312 2836 2383 fragilitatem;
2872 2313 3099 2385 primus
3144 2314 3301 2369 enim
3350 2314 3525 2369 homo
3555 2331 3674 2371 non
3712 2316 3839 2371 ideo

2187 2411 2455 2456 mortuus
2503 2408 2611 2465 est.
2635 2402 2775 2473 quia
2806 2403 2876 2457 de
2908 2407 3071 2457 terrae
3122 2403 3357 2473 pulvere
3386 2402 3573 2457 factus
3604 2407 3717 2470 est,
3740 2404 3837 2459 sed

2187 2490 2325 2561 quia
2347 2490 2623 2560 peccavit.
2639 2490 2794 2545 Talis
2819 2507 3074 2561 namque
3097 2507 3130 2543 a
3149 2490 3267 2546 Deo
3292 2490 3621 2562 plasmatus
3642 2496 3832 2561 estut,

2187 2578 2236 2632 si
2270 2594 2385 2633 non
2420 2583 2705 2649 peccaret,
2738 2578 2809 2632 ad
2866 2578 3209 2648 angelorum
3259 2579 3630 2650 dignitatem,
3664 2581 3833 2636 etiam

2188 2666 2314 2720 sine
2367 2673 2570 2730 morte,
2606 2666 2901 2720 transiret.
2938 2666 3210 2720 Liberum
3254 2667 3471 2737 quippe
3524 2668 3832 2724 arbitrium

2186 2754 2270 2807 illi
2302 2770 2642 2808 concessum
2675 2759 2763 2807 est
2810 2758 2892 2816 ut,
2927 2754 2973 2806 si
3006 2752 3195 2823 vellet,
3231 2769 3345 2807 non
3399 2761 3689 2825 peccaret,
3719 2755 3829 2809 imo

2186 2858 2422 2913 peccare
2454 2859 2569 2895 non
2613 2845 2829 2912 posset.
2865 2842 3173 2905 Quoniam,
3206 2857 3338 2895 cum
3388 2843 3831 2913 pradestinato-

2184 2948 2315 2985 rum
2340 2947 2621 2985 numerus
2644 2935 2797 2985 esset
2821 2929 3117 3000 impletus,
3137 2929 3260 3000 ipse
3278 2946 3411 2984 cum
3432 2932 3712 2987 omnibus
3732 2931 3828 3001 qui

2184 3037 2252 3076 ex
2290 3037 2355 3075 eo
2400 3024 2756 3088 crearentur,
2789 3021 2859 3072 ad
2910 3016 3252 3089 angelorum
3297 3018 3656 3076 soliditatem
3688 3021 3825 3090 (268)

2182 3109 2459 3164 transiret
2504 3126 2517 3163 :
2568 3108 2689 3177 sed,
2724 3107 2864 3178 quia
2912 3107 3099 3178 magis
3148 3105 3323 3179 elegit
3370 3125 3615 3179 peccare
3660 3109 3821 3180 (269),

2180 3203 2448 3254 mortuus
2488 3202 2598 3261 est,
2629 3202 2685 3253 et
2733 3213 2957 3263 omnes,
2983 3212 3129 3267 quos
3178 3196 3398 3267 genuit,
3428 3203 3700 3254 mortuos
3731 3213 3823 3267 ge-

424 3298 710 3363 martyres
732 3289 791 3343 in
813 3303 987 3343 carne
1017 3285 1187 3358 positi
1213 3291 1323 3339 Deo
1355 3282 1862 3356 placueruntPSed
1890 3283 2071 3338 scien-
2099 3258 2143 3324 C
2181 3288 2337 3353 nuit;
2371 3258 2619 3358 ideoque
2671 3287 2752 3340 ait
2798 3258 3111 3356 Apostolus
3142 3258 3397 3355 :UCorpus
3443 3258 3824 3342 mortuumuest

428 3380 568 3434 dum
591 3377 833 3451 quiailli
854 3392 1089 3432 carnem
1125 3375 1458 3445 portabant;
1487 3389 1602 3428 non
1626 3372 2010 3443 portabantur
2040 3388 2073 3428 a
2176 3382 2399 3448 propter
2426 3385 2703 3447 peccatum
2734 3376 2907 3445 (270).
2953 3375 3285 3429 Notandum
3326 3379 3417 3430 est
3463 3375 3644 3431 etiam
3694 3374 3823 3446 quia

424 3485 618 3524 carne.
644 3468 707 3522 In
740 3481 914 3522 carne
953 3481 1084 3519 vero
1116 3461 1195 3517 illi
1228 3466 1386 3525 sunt,
1410 3462 1507 3531 qui
1540 3478 1714 3532 opera
1762 3460 1957 3515 carnis
1988 3461 2070 3516 fa-

423 3555 711 3628 ciunt,qui
765 3553 1102 3610 carnalibus
1151 3550 1547 3622 voluptatibus
1595 3550 1985 3616 oblectantur,
2019 3553 2075 3604 et

424 3645 642 3700 idcirco
665 3649 778 3698 Deo
812 3641 1039 3713 placere
1070 3658 1185 3695 non
1221 3643 1488 3711 possunt.
1512 3638 1593 3691 Ne
1622 3654 1756 3708 ergo
1787 3638 2075 3692 scandali-

418 3738 695 3788 zarentur
724 3730 991 3797 Romani,
1018 3732 1294 3800 putantes
1319 3725 1660 3798 Apostolum
1694 3726 1910 3780 dixisse
1942 3725 2074 3781 illos

420 3820 611 3876 solum
647 3819 763 3875 Deo
817 3818 1065 3890 placere,
1097 3817 1195 3889 qui
1240 3816 1366 3886 jam
1411 3815 1824 3885 occubuerant,
1858 3814 2073 3870 idcirco

422 3909 693 3979 subjecit,
717 3906 916 3962 volens
940 3923 1037 3961 eos
1069 3906 1139 3959 ad
1176 3903 1419 3959 meliora
1449 3903 1726 3958 incitare:
1755 3903 1849 3957 Vos
1891 3906 2074 3957 autem

421 4000 484 4055 in
514 4013 682 4053 carne
710 4013 823 4054 non
854 3997 1002 4064 estis,
1024 3993 1116 4050 sed
1146 3996 1205 4048 in
1226 3994 1446 4065 spiritu.
1470 3993 1533 4047 In
1568 3992 1777 4064 spiritu
1804 3999 1942 4047 sunt
1971 3992 2074 4064 qui

421 4103 598 4158 opera
626 4087 801 4152 bona,
824 4100 942 4139 non
972 4100 1101 4150 suo,
1127 4082 1231 4138 sed
1275 4082 1462 4138 sancti
1497 4081 1750 4154 Spiritus
1783 4083 2071 4153 adjutorio

420 4173 666 4245 implere
712 4189 888 4246 posse
937 4171 1261 4229 conï¬dunt.
1296 4171 1546 4241 Ideoque
1594 4171 1899 4240 subjunxit
1949 4187 1963 4225 :
2013 4172 2075 4225 Si

418 4268 604 4318 tamen
635 4262 784 4334 (265)
818 4261 1059 4332 Spiritus
1088 4261 1190 4315 Dei
1217 4259 1428 4314 habitat
1458 4260 1516 4314 in
1545 4259 1693 4313 vobis
1709 4276 1728 4320 .Î‡
1774 4260 1830 4313 id
1880 4265 1987 4330 est,
2023 4260 2072 4315 si

418 4350 639 4424 Spiritu
672 4352 773 4407 Dei
808 4349 1141 4423 agitamini,
1176 4348 1225 4404 si
1257 4348 1477 4421 Spiritu
1511 4347 1610 4402 Dei
1644 4348 1955 4402 docemini.

490 4441 695 4512 Igitur,
730 4456 803 4495 ne
835 4439 1081 4495 Romani
1124 4456 1228 4511 pro
1272 4453 1448 4509 parvo
1479 4438 1759 4491 ducerent
1791 4436 2071 4507 Spiritum

418 4529 515 4585 Dei
574 4530 807 4595 habere,
855 4528 1166 4599 subjunxit
1212 4545 1225 4582 :
1277 4528 1338 4581 Si
1393 4528 1515 4597 quis
1565 4535 1747 4581 autem
1802 4526 2073 4598 Spiritum

2183 3483 2295 3520 non
2353 3465 2435 3519 ait
2489 3466 2845 3533 moriturum,
2892 3463 2991 3517 sed
3052 3465 3348 3528 mortuum,
3380 3462 3689 3534 quoniam,
3720 3459 3825 3517 etsi

2183 3571 2396 3626 corpus
2429 3553 2900 3622 uniuscujusque
2948 3552 3139 3606 vivere
3164 3551 3449 3621 videatur,
3475 3552 3604 3623 jam
3637 3557 3822 3608 tamen

2184 3648 2481 3696 mortuum
2515 3646 2624 3710 est,
2649 3640 2928 3711 quoniam
2958 3638 3017 3693 in
3048 3655 3114 3693 eo
3147 3639 3397 3693 necdum
3428 3638 3708 3694 innovato
3732 3651 3823 3708 per

2184 3730 2694 3797 resurrectionem,
2720 3728 2938 3799 peccati
2969 3728 3270 3797 meritum,
3290 3727 3348 3781 id
3378 3733 3467 3782 est
3496 3728 3706 3783 mortis
3736 3739 3821 3779 ne-

2184 3819 2429 3873 cessitas
2459 3822 2675 3873 manet.

2255 3908 2501 3979 Spiritus
2550 3923 2670 3961 vero
2718 3910 2831 3961 vita
2879 3906 3026 3977 (271)
3078 3909 3299 3977 propter
3349 3905 3817 3975 justiï¬cationem.

2181 3996 2669 4053 Justiï¬cationem
2693 3994 2852 4049 illam
2872 3994 3011 4049 dicit
3032 4012 3158 4064 quae
3180 3994 3238 4049 in
3264 3994 3555 4066 baptismo
3577 3992 3820 4049 celebra-

2182 4091 2295 4142 tur.
2317 4085 2527 4140 Anima
2549 4085 2707 4139 enim
2729 4084 2978 4155 alicujus
3002 4083 3190 4139 ï¬delis
3211 4082 3270 4138 in
3299 4084 3593 4155 baptismo
3616 4080 3817 4137 relaxa-

2182 4176 2259 4230 tis
2288 4174 2563 4245 peccatis,
2582 4190 2685 4244 per
2714 4173 2962 4245 gratiam
2994 4172 3179 4229 sancti
3200 4171 3451 4243 Spiritus
3480 4171 3815 4231 viviï¬catur,

2184 4265 2430 4334 ideoque
2459 4262 2578 4315 vlta
2606 4267 2714 4317 est.
2746 4261 2854 4316 Sed
2900 4266 3167 4332 poterant
3196 4261 3443 4316 Romani
3475 4261 3549 4316 ad
3594 4260 3709 4315 haec
3738 4253 3813 4308 di-

2183 4368 2347 4408 cere:
2375 4352 2515 4406 Ecce
2546 4349 2830 4421 Spiritum
2863 4350 3073 4405 Christi
3115 4349 3422 4416 habemus,
3449 4350 3606 4420 quod
3639 4342 3814 4402 mani-

2186 4445 2432 4498 festatur
2470 4456 2539 4495 ex
2591 4439 2819 4509 integra
2846 4442 2904 4493 et
2933 4437 3220 4494 catholica
3250 4438 3365 4493 ï¬de
3411 4454 3539 4509 quas
3572 4437 3629 4492 in
3659 4429 3815 4489 nobis

2183 4536 2290 4600 est,
2317 4535 2373 4584 et
2402 4545 2472 4584 ex
2515 4527 2826 4583 dilectione
2847 4526 3115 4597 justitiae,
3157 4526 3297 4598 quid
3328 4527 3439 4582 erit
3466 4527 3538 4581 de
3565 4522 3707 4594 (272)
3728 4517 3817 4571 illa

415 4618 619 4672 Christi
647 4634 765 4671 non
811 4616 989 4683 habet,
1025 4615 1113 4671 hic
1158 4632 1270 4671 non
1318 4624 1398 4671 est
1447 4616 1600 4686 ejus;
1633 4630 1699 4670 ac
1733 4616 1778 4669 si
1816 4616 2032 4672 diceret
2064 4634 2078 4673 :
2111 4612 2158 4677 D
2192 4636 2365 4677 carne
2388 4617 2711 4683 mortali,et
2730 4616 2801 4670 de
2822 4615 2948 4688 lege
2970 4632 3098 4687 quae
3119 4616 3287 4671 estin
3310 4614 3593 4671 membris
3613 4605 3813 4667 nostris

487 4723 637 4792 (262)
669 4727 733 4776 In
767 4726 965 4791 autog.
999 4737 1187 4792 marg.
1217 4738 1267 4775 c.
1301 4720 1441 4776 XIX.

491 4795 640 4863 (263)
691 4793 865 4865 Vulg.
925 4808 1040 4847 non
1102 4792 1368 4847 mandata
1422 4808 1581 4859 mea,
1640 4794 1741 4848 sed
1797 4810 2071 4851 sermones

418 4882 583 4922 777608.

490 4938 640 5007 (264)
666 4933 839 5006 Vulg.
871 4953 987 4993 non.
1015 4943 1095 4991 est
1120 4934 1384 5007 subjecta.

491 5002 636 5077 (265)
670 5002 819 5061 Sunt
840 5014 896 5062 et
918 5008 1013 5063 alii
1038 5002 1229 5063 textus
1260 5004 1381 5076 qui,
1408 5002 1533 5058 loco
1551 5004 1599 5057 si
1630 5011 1830 5075 tamen,
1852 5006 2071 5062 habent

418 5080 470 5132 si
499 5079 750 5149 quidem:
781 5094 908 5147 quae
941 5084 1093 5134 certe
1141 5077 1311 5132 lectio
1361 5092 1631 5144 magnam
1684 5077 2070 5134 differentiam

422 5156 865 5232 parereposset.
897 5150 1246 5232 Ad.vcrbi'u_m
1276 5149 1431 5203 enim
1465 5152 1644 5200 tamen
1675 5150 2069 5232 conditionem

426 5217 665 5279 indicat,
686 5217 813 5273 sine
833 5236 950 5290 qua
977 5221 1036 5275 in
1061 5221 1269 5292 spiritu
1294 5236 1408 5274 non
1433 5234 1561 5292 esse
1584 5235 1755 5292 posse
1776 5220 2072 5276 Romanos

428 5295 746 5361 assereret;
776 5289 1113 5346 adverbium
1144 5308 1277 5346 vero
1306 5292 1361 5345 si
1387 5290 1624 5360 quidem,
1652 5289 1697 5343 si
1732 5294 2070 5361 separatim,

426 5361 484 5414 id
519 5364 609 5414 est
639 5359 821 5433 diviso
852 5364 904 5415 si
933 5378 967 5416 a
995 5362 1213 5433 quidem
1234 5359 1522 5429 sumatur,
1545 5359 1841 5433 idemgetsi
1876 5364 2073 5419 minus

428 5436 608 5494 arcte,
635 5430 965 5512 signiï¬care
996 5430 1219 5503 posset;
1254 5449 1375 5512 non
1403 5436 1480 5486 ita
1526 5447 1680 5494 vero,
1713 5430 1830 5512 imp
1880 5433 2073 5512 diver-

427 5518 558 5557 sum
594 5502 833 5555 omnino
863 5502 1101 5558 sensum
1150 5506 1476 5559 sortiretur
1501 5508 1726 5563 textus;
1759 5502 1806 5556 si
1859 5505 2072 5561 unitim

424 5572 700 5645 siquidem
734 5572 1044 5645 legeretur,
1075 5577 1230 5645 quod
1279 5575 1613 5628 absolutum
1646 5589 1886 5629 sensum
1920 5576 2073 5631 face-

423 5650 530 5716 ret,
554 5644 612 5697 id
643 5646 732 5716 est
755 5643 1057 5716 Romanos
1081 5643 1141 5716 in
1172 5645 1390 5716 spiritui
1413 5661 1541 5716 vere
1573 5644 1794 5716 positos
1824 5662 1973 5710 esse,
1999 5649 2072 5703 si-

423 5715 687 5797 quidem,
713 5712 772 5770 id
804 5719 895 5773 est
923 5715 1063 5790 quia
1090 5712 1342 5789 Spiritus
1372 5715 1473 5772 Dei
1504 5712 1797 5774 habitaret
1824 5717 1884 5772 in
1907 5718 2014 5776 eis.

2253 4725 2401 4795 (266)
2432 4722 2604 4794 Vulg.
2635 4737 2936 4795 sermonem
2968 4737 3170 4776 meum.

2273 4793 2399 4863 267)
2427 4796 2489 4849 In
2521 4793 2721 4863 autog.
2754 4793 2960 4863 diligit.

2276 4860 2401 4935 268)
2432 4860 2821 4930 Soliditaâ€˜tem,
2856 4860 2911 4918 id
2944 4868 3034 4918 est
3062 4864 3244 4919 vitam
3271 4868 3569 4935 aeternam,
3594 4860 3811 4935 immat-

2182 4933 2535 5003 cescibilem,
2567 4940 2624 4991 et
2656 4936 2765 4989 hoc
2809 4952 2985 5008 sensu
3017 4935 3436 5008 solidam,rnis_i
3480 4933 3806 5008 felicitatem:

2179 5012 2265 5067 vel
2295 4999 2626 5065 soliditatem
2658 5007 2831 5061 scribi
2865 5007 3138 5062 debuisse
3170 4999 3579 5076 aliiâ€™judicent,
3612 4999 3705 5055 ubi
3733 5001 3806 5048 ta-

2183 5100 2313 5138 men
2346 5081 2691 5133 sodalitatem
2722 5078 3045 5133 clarissime
3079 5079 3310 5148 legitur.

2254 5154 2402 5221 (260)
2436 5152 2496 5205 In
2530 5153 2735 5219 Autog.
2769 5165 3013 5220 peccare,
3046 5166 3204 5204 ruere
3232 5149 3464 5220 legitur.
3572 5215 3583 5221 _

2435 5204 2513 5276 Ibi
2569 5204 2872 5292 perperam
2910 5204 3188 5292 repetita)
3246 5204 3523 5291 leguntur
3570 5204 3803 5269 initiales

2180 5297 2383 5352 littera:
2412 5291 2657 5362 hujusce
2688 5298 2880 5347 textus
2905 5291 3033 5362 ita:
3068 5309 3142 5345 Î³Î·.
3177 5308 3221 5346 c.
3254 5308 3309 5361 p.
3338 5308 3391 5361 p.

2252 5345 2800 5444 (_27I)jViilg.,loc__ov
2830 5365 2963 5444 vita,
2995 5361 3137 5444 legit
3168 5345 3503 5444 uivitfsunt
3544 5363 3726 5412 tamen
3752 5345 3801 5397 et

2182 5433 2278 5494 alii
2311 5433 2527 5501 textus,
2561 5433 2617 5488 in
2650 5435 2865 5503 quibus
2896 5433 3111 5505 legitur
3138 5437 3252 5489 vita
3289 5441 3380 5489 est.

2254 5510 2399 5579 (272)
2435 5509 2494 5561 In
2516 5496 2775 5579 'autogr.,
2810 5505 2935 5579 loco
2953 5496 3060 5561 Vde
3106 5506 3318 5579 legitur
3344 5505 3453 5569 die,
3488 5496 3651 5579 quod
3676 5496 3798 5579 sugg

2181 5558 2397 5653 optime
2563 5558 2779 5653 posset:
2807 5558 2855 5631 si
2881 5558 3211 5650 praeposith
3237 5558 3322 5642 de,
3344 5558 3473 5647 quis
3502 5558 3659 5627 deest
3684 5558 3799 5615 ante

2180 5649 2424 5708 verbum
2454 5664 2619 5705 carne
2646 5649 2980 5705 adderetur.
