3942 6410
146 394 243 453 201

725 395 1144 458 EXPOSITIO
1189 399 1266 457 IN
1315 400 1744 464 EPISTOLAS

1961 405 2155 464 LI.-——
2186 408 2263 467 ΙΝ
2308 409 2560 471 EPIST.
2605 411 2709 470 AD
2753 411 2942 474 ROM.

3427 424 3547 482 202

147 539 461 619 repugnans
491 523 606 596 legi
639 526 856 619 mentis
905 529 1160 583 nostra)?
1207 531 1282 586 Ut
1329 549 1463 602 ergo
1513 536 1784 590 ostendat
1814 538 1866 602 Α
1895 544 1975 590 est
2005 541 2444 607 fornicationem,
2490 545 2599 597 etc.
2623 543 2760 609 (Col.
2797 561 2880 610 ιιι,
2911 545 2989 615 5).
3022 545 3113 601 Illi
3153 549 3361 619 spiritu
3395 553 3550 608 facta

144 611 440 683 Apostolus
484 630 769 685 magnum
819 617 1041 672 donum
1073 620 1374 691 redempta
1408 622 1629 676 homini
1658 641 1786 678 csse

145 701 427 767 collatum,
461 704 766 774 respondit
804 705 875 760 ad
923 706 1044 761 hinc
1077 723 1090 762 :
1131 709 1280 776 Quod
1312 712 1362 763 si
1391 712 1621 780 spiritus
1667 714 1788 782 ejus

144 792 230 862 qui
253 792 535 846 suscitavit
580 796 774 849 Iesum
803 810 838 848 a
865 798 1123 862 mortuis,
1157 797 1369 852 habitat
1396 800 1455 853 in
1483 802 1655 864 vobis,
1691 803 1787 871 qui

143 881 408 936 suscitavit
453 885 649 938 Jesum
695 882 975 938 Christum
1015 902 1049 939 a
1088 887 1337 957 mortuis,
1392 887 1694 958 viviﬁcabit
1734 898 1787 946 et

143 969 394 1024 mortalia
422 985 652 1040 corpora
695 975 892 1038 vestra,
923 978 1146 1043 propter
1174 974 1575 1031 inhabitantem
1605 979 1785 1048 Spiri-

145 1065 244 1110 tum
272 1057 382 1128 ejus
412 1059 476 1112 in
505 1059 673 1114 vobis.
705 1059 1014 1130 Tanquam
1047 1063 1266 1116 diceret
1301 1079 1314 1119 :
1354 1081 1635 1136 magnum
1670 1068 1784 1121 uti-

143 1162 244 1216 que
292 1163 512 1203 munus
561 1149 866 1220 redempto
915 1150 1139 1205 homini
1193 1151 1642 1226 collatum(273)
1675 1161 1785 1221 est,

144 1233 406 1305 quoniam
435 1251 554 1292 non
573 1236 765 1292 solum
785 1237 984 1294 anima
1001 1239 1274 1294 relaxatis
1290 1243 1540 1312 peccatis
1563 1245 1620 1298 in
1645 1261 1786 1315 pras-

144 1322 281 1378 senti
310 1323 472 1392 vivit,
495 1325 598 1380 sed
627 1325 800 1380 etiam
837 1343 1052 1398 corpus
1071 1328 1461 1385 viviticabitur
1484 1335 1544 1386 et
1570 1333 1640 1386 ad
1675 1332 1782 1387 im-

147 1411 516 1468 mortalitatis
548 1413 796 1484 gloriam
828 1415 1196 1470 transibit.ln
1215 1433 1281 1472 eo
1303 1435 1443 1473 sane
1465 1421 1616 1490 quod
1643 1421 1786 1476 dicit

139 1499 229 1570 qui
275 1501 584 1556 suscitavit
627 1503 831 1558 Jesum
863 1503 1163 1559 Christum
1213 1523 1246 1560 a
1292 1509 1566 1574 mortuis,
1599 1509 1782 1564 Deum

138 1589 349 1645 Patrem
379 1590 511 1645 vult
540 1590 821 1663 intelligi;
855 1609 969 1646 non
1015 1598 1212 1648 tamen
1265 1595 1389 1666 ipse
1438 1596 1602 1652 solus
1647 1615 1782 1652 eum

135 1678 448 1745 suscitavit,
481 1681 585 1735 sed
635 1684 694 1736 et
741 1680 945 1745 Filius,
975 1692 1028 1736 et
1061 1683 1316 1754 Spiritus
1348 1691 1610 1750 sanctus,
1645 1687 1785 1757 quia

135 1766 306 1822 totius
337 1767 648 1824 Trinitatis
680 1785 796 1824 una
827 1774 916 1824 est
945 1772 1224 1842 operatio.
1250 1773 1318 1826 Et
1350 1778 1486 1828 nota
1507 1775 1646 1844 quia
1667 1793 1780 1830 non

1895 629 2088 680 carnis
2129 630 2502 696 mortilicant,
2537 630 2659 702 qui,
2713 631 2932 703 Spiritu
2986 640 3189 690 sancto
3247 645 3544 710 operante,

1894 715 2035 768 vitia
2067 722 2121 768 et
2155 724 2387 786 peccata
2424 719 2485 774 in
2531 720 2868 791 semetipsis
2901 722 3303 795 exstinguunt,
3334 732 3392 783 et
3419 744 3545 785 cor-

1897 819 2036 874 pora
2090 822 2199 860 sua
2251 809 2568 879 castigant,
2631 814 2688 863 et
2745 809 2804 864 in
2857 811 3197 869 servitutem
3272 816 3549 889 redigunt

1895 893 1940 963 (Ι
1969 897 2098 949 Cor.
2135 911 2210 961 1x,
2241 897 2354 966 27),
2389 896 2636 967 ideoque
2665 896 2880 965 vivent,
2905 915 3018 955 non
3049 905 3171 957 tam
3201 902 3322 960 vita
3350 920 3550 978 corpo-

1895 979 1975 1036 ris
2016 998 2193 1052 quam
2241 984 2362 1038 vita
2409 985 2619 1040 animas
2668 989 2724 1040 et
2769 991 2995 1044 aeternas
3041 988 3446 1050 beatitudinis.
3479 994 3547 1050 Et

1896 1071 2399 1140 quasi‘dicerent:
2437 1075 2591 1128 unde
2623 1075 3002 1146 probabimus
3041 1077 3321 1150 Spiritum
3352 1081 3454 1138 Dei
3482 1081 3544 1138 in

1895 1159 2065 1213 nobis
2109 1160 2284 1215 esse?
2329 1163 2646 1234 Subjungit
2698 1180 2711 1218 :
2765 1164 3088 1237 Quicunque
3131 1169 3288 1223 enim
3331 1169 3547 1242 Spiritu

1895 1248 1994 1301 Dei
2021 1257 2291 1317 aguntur,
2324 1252 2370 1304 ii
2397 1252 2507 1319 ﬁlii
2551 1258 2680 1306 sunt
2727 1253 2841 1307 Dei.
2876 1253 2946 1308 Et
2993 1257 3084 1310 est
3127 1271 3337 1314 sensus
3372 1274 3386 1313 :
3419 1257 3544 1316 hac

1894 1340 1985 1390 est
2013 1351 2149 1390 vera
2179 1337 2444 1407 probatio
2475 1337 2730 1393 ﬁliorum
2762 1339 2887 1409 Dei,
2911 1341 2959 1396 si
2992 1342 3204 1412 spiritu
3232 1344 3334 1400 Dei
3365 1361 3546 1418 agun-

1893 1428 2008 1477 tur.
2040 1424 2262 1494 Spiritu
2299 1425 2399 1479 Dei
2430 1425 2516 1479 illi
2548 1431 2824 1496 aguntur,
2858 1428 2917 1481 id
2958 1433 3069 1494 est,
3099 1430 3416 1504 ducuntur,
3440 1433 3543 1504 qui

1891 1511 2142 1582 Spiritus
2173 1513 2360 1568 sancti
2393 1514 2584 1586 gratia
2615 1515 2686 1570 ad
2727 1531 2845 1570 suae
2894 1518 3111 1572 mentis
3141 1521 3541 1592 compunctio-

1893 1615 2026 1654 nem
2059 1602 2128 1654 ad
2164 1601 2452 1674 laerymas
2491 1607 2548 1657 et
2589 1607 2794 1658 caetera
2824 1603 2916 1659 his
2947 1605 3165 1663 similia
3191 1608 3542 1676 excitantur,

1890 1693 1947 1744 et
1978 1689 2106 1744 ideo
2141 1689 2243 1744 lilii
2275 1695 2417 1745 sunt
2445 1691 2561 1746 Dei.

1965 1778 2174 1848 Magna
2233 1785 2431 1833 autem
2480 1779 2734 1851 dignitas
2785 1780 3128 1838 hominibus
3165 1783 3375 1840 collata
3430 1789 3542 1854 est,

135 1855 208 1908 ait
235 1861 466 1911 mortua
515 1873 781 1928 corpora,
813 1859 914 1912 sed
964 1861 1244 1914 mortalia.
1277 1863 1462 1916 Adam
1515 1863 1671 1918 enim
1723 1864 1782 1919 in
1813 1907 1860 1972 B
1893 1865 2172 1937 quoniam
2205 1867 2307 1936 qui
2352 1883 2466 1922 non
2517 1873 2683 1922 erant
2708 1869 2870 1940 digni
2910 1873 2975 1925 ut
3003 1876 3350 1928 vocarentur
3394 1873 3546 1929 servi

137 1945 392 1972 ...ι-...Λειυι
428 1947 697 1972 ...Α-,ιηιζκ
746 1952 863 1972 ---ι
907 1953 1038 1972 ...ιιι
1085 1955 1381 1972 ,Α-Α-ι--..-
1449 1955 1576 1972 ---ῖ-
1634 1953 1778 1972 Αι-..ξ
1897 1955 1988 1972 n,’
2044 1960 2054 1972 ι
2151 1959 2161 1972 ι
2226 1971 2231 1972 ,
2377 1960 2386 1972 ι
2467 1959 2476 1972 ι
2528 1961 2536 1972 .
3005 1961 3014 1972 .
3089 1963 3098 1972 .
3165 1959 3177 1971 ο
3231 1963 3241 1972 .
3307 1967 3316 1972 .

135 1945 394 2015 paradiso
428 1947 698 2000 mortalis
743 1952 868 2002 erat
905 1953 1040 2002 ante
1085 1955 1410 2018 peccatum,
1443 1955 1585 2022 quia
1633 1953 1781 2007 mori

133 2039 366 2106 poterat,
388 2035 438 2091 si
470 2041 767 2107 peccaret;
798 2037 950 2092 sicut
979 2043 1036 2092 et
1061 2045 1329 2096 mortuus
1354 2047 1463 2105 est,
1487 2059 1622 2096 cum
1656 2059 1783 2114 pec-

131 2125 289 2179 cavit.
325 2125 419 2180 Sic
450 2124 608 2181 enim
644 2126 909 2182 mortalis
939 2127 1247 2182 dicebatur
1277 2129 1622 2200 priusquam
1654 2149 1783 2200 pce-

132 2218 371 2282 caverat,
406 2214 560 2269 sicut
592 2231 804 2286 corpus
834 2215 1175 2271 inﬁrmitate
1208 2233 1412 2272 carens
1449 2219 1782 2288 aegrotabile

128 2301 356 2370 dicitur,
383 2320 500 2358 non
529 2308 832 2373 aegrotum.
853 2305 1015 2366 Quod
1049 2306 1096 2360 si
1129 2307 1436 2377 contigerit
1466 2311 1531 2362 ut
1559 2309 1783 2379 absque

128 2388 466 2447 inﬁrmitate
498 2393 827 2459 occumbat,
861 2394 1197 2464 wgrotabile
1241 2400 1394 2450 recte
1424 2396 1538 2450 dici
1570 2401 1780 2467 potest,

125 2483 324 2536 etnon
377 2486 684 2552 aegrotum.
715 2481 809 2536 Sic
863 2483 1059 2553 itaque
1118 2483 1460 2553 sancti,etsi
1513 2485 1782 2540 mortalia

123 2573 363 2639 agerent
386 2575 890 2642 corpora,propter
914 2572 1122 2627 mortis
1145 2573 1578 2641 necessitatem,
1595 2574 1651 2627 in
1677 2591 1781 2644 spe

120 2661 315 2712 tamen
349 2658 710 2714 immortalia
741 2660 983 2728 habent,
1013 2661 1184 2732 quale
1207 2661 1414 2716 habuit
1438 2663 1621 2718 Adam
1646 2667 1782 2718 ante

121 2752 448 2817 peccatum,
475 2749 610 2819 quia
647 2765 813 2821 spem
860 2757 1210 2820 acceperunt
1245 2767 1280 2805 a
1309 2750 1446 2819 Deo,
1483 2756 1539 2805 et
1569 2751 1782 2806 firmis-

119 2835 260 2891 sime
291 2837 546 2892 credunt
578 2838 719 2908 quia
767 2838 1151 2894 resurrecturi
1187 2841 1542 2910 quandoque
1573 2841 1644 2895 ad
1677 2857 1779 2894 an-

121 2925 381 2994 gelorum
416 2927 767 2997 dignitatem
813 2927 1174 2997 transibunt,
1209 2928 1280 2982 ad
1321 2945 1498 2998 quam
1550 2929 1781 3000 primus

120 3012 308 3081 homo,
345 3015 462 3069 nisi
499 3020 786 3086 peccaret,
811 3015 937 3070 sine
971 3020 1156 3070 morte
1177 3016 1418 3070 veniret.
1441 3018 1603 3071 Tunc
1628 3019 1777 3088 jam,

123 3118 220 3158 nec
252 3109 512 3173 mortua,
547 3120 652 3158 nec
686 3104 958 3158 mortalia
987 3120 1230 3174 corpora
1263 3104 1583 3171 habebunt,
1617 3107 1778 3176 quia,

122 3206 220 3245 nec
244 3192 462 3248 mortis
486 3193 806 3247 necessitas
829 3191 946 3246 illis
971 3192 1162 3254 inerit,
1189 3209 1292 3246 nec
1317 3208 1485 3261 posse
1510 3209 1776 3263 peccare;

1893 1955 2014 2019 Dei,
2041 1959 2266 2009 tantam
2295 1959 2640 2025 potestatem
2675 1961 3024 2028 acceperunt
3043 1963 3108 2014 ut
3131 1959 3250 2015 sint
3267 1967 3324 2016 et
3344 1977 3549 2018 vocen-
3653 2031 3658 2038 ι

1891 2046 1988 2097 tur
2020 2043 2123 2096 ﬁlii
2164 2043 2265 2098 Dci
2297 2044 2344 2114 (Ι
2369 2045 2529 2099 toan.
2562 2061 2648 2116 ιιι,
2683 2047 2754 2113 1).
2790 2046 2995 2116 Itaque
3025 2045 3125 2118 qui
3173 2047 3391 2118 Spiritu
3442 2049 3546 2106 Dei

1891 2136 2168 2201 aguntur,
2192 2132 2476 2187 charitate
2498 2136 2790 2203 aguntur:
2817 2133 3096 2204 quoniam
3127 2134 3282 2190 idem
3301 2137 3548 2208 Aposto-

1890 2220 1984 2274 lus
2015 2221 2096 2273 ait
2129 2237 2141 2274 :
2177 2221 2434 2275 Charitas
2486 2223 2590 2275 Dei
2617 2221 2823 2291 diffusa
2849 2229 2930 2276 est
2957 2223 3019 2276 in
3047 2223 3298 2279 cordibus
3340 2224 3545 2280 nostris

1886 2324 1990 2378 per
2019 2308 2292 2378 Spiritum
2321 2317 2579 2362 sanctum
2608 2308 2819 2379 (supra,
2852 2325 2908 2375 v,
2939 2310 3016 2382 3).
3046 2309 3209 2366 Unde
3239 2327 3374 2367 mox
3402 2312 3543 2369 sub-

1883 2396 2084 2467 jungit
2119 2413 2130 2450 :
2165 2414 2273 2451 non
2322 2398 2472 2452 enim
2509 2399 2792 2466 accepistis
2819 2399 3080 2468 spiritum
3109 2401 3391 2456 servitutis
3441 2402 3545 2458 ite-

1889 2501 2016 2539 rum
2076 2487 2133 2539 in
2188 2487 2442 2540 timorem
2493 2486 2660 2555 (276).
2709 2484 2879 2555 Nam,
2929 2489 2995 2541 ut
3051 2485 3304 2544 Joannes
3361 2486 3542 2546 dicit:

1889 2577 2142 2642 Perfecta
2201 2575 2440 2629 charitas
2503 2573 2659 2644 foras
2713 2575 2888 2629 mittit
2961 2575 3211 2631 timorem
3271 2575 3331 2647 (ι
3383 2577 3542 2633 toan.

1889 2679 1966 2732 ιγ,
2003 2664 2109 2732 16).

1961 2751 2071 2805 Sed
2108 2751 2246 2820 quid
2278 2756 2367 2806 est
2394 2751 2549 2821 quod
2599 2751 2682 2806 ait
2728 2752 2980 2806 iterum?
3026 2750 3084 2806 id
3135 2755 3245 2818 est,
3279 2751 3436 2808 sicut
3480 2751 3543 2808 in

1891 2845 2086 2894 monte
2119 2839 2276 2907 Sina,
2313 2856 2427 2910 quo
2451 2839 2607 2894 dicto
2638 2840 2896 2895 ostendit
2916 2856 3016 2895 eos
3049 2839 3232 2896 fuisse
3251 2838 3364 2897 sub
3393 2840 3542 2913 lege.

1889 2929 2040 2983 Dicit
2089 2927 2305 2998 aliquis
2341 2945 2354 2983 :
2391 2930 2535 2983 alter
2582 2928 2692 2983 fuit
2738 2928 2980 2999 spiritus
3023 2927 3085 2984 in
3114 2927 3308 2984 Veteri
3339 2929 3545 2986 Testa-

1891 3021 2089 3071 mento
2121 3019 2296 3072 datus
2324 3015 2536 3087 populo
2564 3017 2686 3083 Dei,
2713 3021 2772 3072 et
2802 3017 2948 3072 alter
2977 3016 3037 3070 in
3067 3020 3226 3072 Novo
3259 3033 3273 3071 :
3307 3017 3463 3088 quod
3491 3017 3545 3074 si

1889 3109 2062 3168 esset,
2098 3120 2472 3175 nequaquam
2513 3103 2828 3174 Apostolus
2879 3106 3080 3158 iterum
3110 3103 3346 3160 diceret.
3380 3105 3542 3160 Idem

1890 3207 2026 3263 ergo
2051 3197 2142 3246 est
2171 3191 2414 3262 spiritus
2460 3191 2754 3246 servitutis
2785 3195 2841 3246 et
2869 3191 3186 3260 libertatis;
3231 3193 3333 3248 sed
3365 3192 3538 3265 spiri-

120 3282 265 3350 quod
295 3286 447 3336 tunc
472 3281 744 3343 tiet,cum
771 3279 1080 3350 impletum
1111 3280 1284 3334 fuerit
1307 3280 1448 3333 illud
1473 3282 1627 3351 quod
1653 3299 1778 3352 pro-
1807 3270 1849 3335 C
1891 3286 1988 3336 tus
2017 3281 2245 3334 timoris
2275 3284 2333 3334 et
2363 3279 2660 3334 servitutis
2705 3280 2763 3334 in
2803 3280 3023 3336 tabulis
3053 3280 3330 3352 lapideis;
3364 3280 3539 3354 spiri-

107 3367 271 3437 pheta
297 3369 486 3424 dicit:
523 3369 792 3436 Absorpta
822 3375 900 3421 est
927 3383 1075 3431 mors
1114 3368 1174 3420 in.
1215 3369 1448 3421 victoria
1476 3367 1619 3433 (Ose.
1654 3386 1775 3437 xm,

110 3457 213 3525 li);
248 3458 309 3512 id
345 3462 464 3520 est,
490 3471 615 3508 cum
635 3455 870 3508 mortale
889 3455 992 3508 hoc
1015 3455 1171 3508 indm
1183 3456 1256 3508 rit
1281 3455 1753 3510 immortalitatem

104 3552 146 3599 et
192 3543 568 3614 corruptibile
625 3544 1089 3612 incorruptionem
1131 3545 1202 3612 (ll
1235 3545 1353 3597 Cor.
1388 3560 1478 3609 xv,
1525 3545 1619 3610 53,
1661 3537 1774 3621 5/1):

105 3633 292 3706 Igitur,
316 3634 471 3705 quia
503 3648 782 3700 magnum
815 3648 1034 3685 munus
1069 3631 1294 3685 homini
1323 3631 1604 3686 collatum
1626 3634 1777 3719 (274)

104 3723 355 3778 ostendit
398 3739 413 3776 :
453 3720 672 3774 idcirco
708 3719 971 3775 subdidit
1005 3736 1016 3772 :
1050 3722 1201 3790 (275)
1235 3725 1394 3789 Ergo,
1428 3724 1651 3790 fratres,
1685 3722 1774 3775 de-

111 3812 299 3868 bitores
328 3826 548 3877 sumus,
575 3814 712 3879 etc.,
747 3810 886 3879 quia
935 3809 1201 3864 absolute
1254 3809 1336 3863 ait
1382 3809 1670 3873 debitores,
1706 3827 1775 3865 ne

110 3901 233 3970 quis
265 3903 509 3972 putaret
539 3898 722 3964 carni,
757 3897 982 3952 addidit
1028 3915 1134 3953 non
1170 3901 1350 3964 carni,
1389 3909 1444 3952 ut
1475 3899 1776 3953 secundum

110 4003 327 4045 cantem
387 3990 665 4043 vivamus.
713 3989 882 4041 Carni
943 3987 1236 4042 debitores
1295 3993 1433 4041 sunt
1485 3987 1585 4058 qui
1646 3989 1775 4057 ejus

111 4077 619 4150 concupiscentiae
689 4081 1061 4146 sequuntur;
1125 4077 1280 4146 quod
1350 4082 1637 4147 quantum
1699 4077 1776 4131 sit

109 4166 321 4221 malum
373 4167 505 4236 ipse
538 4166 819 4231 ostendit,
855 4165 1224 4236 subjungens
1254 4181 1268 4219 :
1300 4167 1361 4219 Si
1391 4168 1540 4220 enim
1586 4182 1774 4220 secun-

107 4253 225 4309 dum
253 4272 486 4312 comem
546 4255 817 4320 viceritis,
851 4256 1202 4316 moriemini;
1235 4255 1286 4308 id
1323 4259 1432 4317 est,
1460 4255 1509 4309 si
1558 4272 1772 4310 secun-

108 4343 240 4400 dum
299 4361 406 4400 vos
468 4343 633 4414 ipsos
689 4341 969 4397 vixeritis.
1006 4343 1240 4398 Primus
1293 4341 1447 4397 enim
1501 4344 1769 4413 angelus,

109 4432 239 4499 quia
298 4433 638 4488 secundum
685 4449 748 4486 se
797 4431 958 4496 vixit,
991 4431 1121 4484 ideo
1175 4431 1412 4485 corruit.
1465 4432 1628 4494 Quod
1679 4434 1772 4486 di-

109 4520 182 4575 cit
210 4523 565 4588 moriemini,
601 4538 716 4575 non
761 4521 830 4574 de
883 4525 1068 4574 morte
1111 4520 1392 4590 corporis,
1424 4521 1523 4574 sed
1574 4521 1771 4590 potius

1888 3372 1986 3423 tus
2017 3369 2236 3422 amoris
2271 3372 2328 3422 et
2357 3367 2646 3422 libertatis
2675 3368 2734 3422 in
2765 3368 2982 3424 tabulis
3013 3369 3226 3424 cordis.
3344 3432 3358 3440 ,

1958 3457 2064 3509 Sed
2095 3457 2378 3526 accepistis
2405 3457 2665 3526 spiritum
2696 3455 3006 3524 adoptionis
3027 3457 3308 3528 ﬁliorum;
3337 3457 3396 3513 id
3427 3463 3541 3528 est,

1889 3543 2172 3614 Spiritum
2206 3548 2500 3610 sanctum,
2538 3560 2640 3614 per
2681 3543 2852 3613 cujus
2901 3544 3154 3616 gratiam
3202 3543 3426 3612 ﬁdeles,
3451 3546 3539 3600 di-

1890 3632 2089 3686 missis
2146 3632 2200 3684 in
2262 3631 2616 3702 baptismate
2665 3631 2937 3702 peccatis,
2979 3631 3235 3704 adoptivi
3283 3631 3388 3687 ﬁlii
3437 3632 3541 3689 Dei

1885 3721 2312 3775 cl't'iciunturJn
2343 3736 2446 3790 quo
2476 3719 2816 3774 clamamus:
2840 3721 2982 3774 Abba
3009 3721 3238 3791 (Pater).
3262 3721 3539 3786 Quaedam

1885 3808 2243 3879 exemplaria
2285 3808 2619 3863 clamantem
2668 3808 2907 3877 habent,
2939 3809 3093 3880 quod
3143 3813 3252 3876 est,
3287 3808 3541 3866 clamare

1886 3898 2218 3952 lacientcm.
2245 3897 2537 3968 Expositio
2567 3901 2655 3951 est
2671 3913 2808 3969 ergo
2829 3897 2982 3968 quod
3008 3897 3067 3952 in
3094 3897 3312 3953 nostris
3343 3913 3539 3954 exem-

1885 3985 2149 4057 plaribus
2183 3985 2494 4040 invenitur.
2515 3984 2750 4039 Clamor
2769 3989 2966 4040 autem
2997 3985 3128 4055 iste,
3153 4002 3268 4040 non
3291 3985 3410 4042 oris
3439 3989 3542 4042 aut

1887 4075 2142 4129 faucium
2187 4079 2295 4142 est,
2330 4073 2428 4128 scd
2475 4072 2689 4128 cordis.
2721 4074 2869 4128 Abba
2918 4073 3128 4146 Syrum
3181 4077 3270 4128 est
3319 4077 3376 4128 et
3428 4077 3538 4129 He-

1886 4164 2107 4218 brzeum
2129 4181 2140 4229 ;
2164 4168 2340 4233 pater,
2365 4167 2624 4216 Grazcum
2650 4167 2706 4217 et
2728 4161 3021 4217 Latinum.
3046 4161 3383 4218 Clamamus
3403 4177 3540 4235 ergo

1883 4253 1940 4306 in
2007 4252 2259 4324 spiritu:
2294 4252 2468 4316 Abba,
2513 4253 2700 4318 Pater,
2751 4267 2885 4305 cum
2945 4256 3178 4306 orantes
3237 4251 3537 4306 dicimus:

1881 4347 2052 4396 Pater
2080 4344 2284 4410 noster,
2317 4344 2426 4395 etc.
2453 4340 2562 4393 Sed
2599 4355 2779 4410 quare
2814 4343 3136 4409 utrumque
3162 4338 3381 4409 posuit,
3405 4353 3540 4393 cum

1885 4447 2072 4485 unum
2109 4431 2262 4484 sint?
2298 4429 2552 4490 Scilicet,
2577 4427 2716 4496 quia
2745 4426 3010 4496 praevidit
3039 4425 3256 4480 multos
3286 4441 3356 4480 ex
3382 4428 3540 4480 utro-

1884 4535 1999 4590 que
2031 4517 2248 4588 populo
2279 4517 2351 4570 ad
2380 4531 2556 4568 unam
2591 4513 2806 4567 Christi
2839 4513 3014 4568 ﬁdem
3037 4518 3334 4568 venturos.
3367 4512 3542 4584 Prop—

108 4610 340 4679 animae,
401 4609 498 4666 vel
569 4615 796 4665 aeternae
863 4608 1263 4663 damnationis
1331 4613 1420 4662 est
1480 4609 1770 4680 accipien-
1801 4628 1848 4692 D
1885 4611 1974 4661 ter
2004 4605 2259 4676 lapidem
2290 4619 2428 4673 ergo
2477 4600 2820 4672 angularem
2867 4606 3187 4692 utrumque
3229 4601 3444 4674 posuit,
3477 4605 3543 4657 ut

119 4699 270 4756 dum.

174 4793 406 4846 Poterat
437 4788 515 4845 ad
548 4787 670 4842 haec
702 4787 918 4858 aliquis
962 4787 1153 4841 dicere
1186 4804 1199 4841 :
1235 4785 1284 4840 si
1324 4803 1440 4840 non
1473 4785 1658 4850 carni,
1685 4787 1778 4841 cui

115 4893 238 4948 ergo
271 4878 349 4934 rei
387 4876 692 4932 debitores
725 4875 978 4931 sumus?
1007 4877 1090 4929 Ad
1126 4875 1245 4928 brec
1267 4873 1436 4944 quasi
1470 4875 1780 4944 respondet

115 4965 422 5035 Apostolus
459 4981 472 5018 :
509 4965 776 5034 Spiritui,
802 4962 1084 5035 quoniam
1110 4980 1225 5018 non
1259 4961 1340 5016 illi
1375 4961 1456 5016 rei
1487 4961 1780 5016 debitores

119 5069 336 5121 sumus,
372 5053 710 5111 secundum
743 5069 919 5124 quam
973 5053 1281 5119 morimur,
1315 5052 1416 5105 sed
1451 5051 1778 5105 secundum

121 5158 284 5211 quam
324 5143 610 5198 vivimus.
644 5141 761 5196 lloc
818 5141 975 5195 enim
1026 5140 1151 5194 vult
1202 5141 1357 5210 quod
1421 5140 1777 5208 subjuugit:

123 5230 173 5285 Si
193 5238 382 5288 autem
414 5232 626 5304 spiritu
653 5233 804 5301 facta
833 5231 1025 5284 carris
1056 5230 1542 5297 morti/iruvcritis,
1569 5232 1780 5282 uirens.

121 5319 279 5377 Facta
309 5321 535 5386 carnis,
571 5319 712 5375 dicit
753 5335 930 5391 opera
977 5319 1194 5384 carnis,
1219 5319 1288 5372 de
1323 5319 1542 5388 quibus
1593 5317 1730 5370 alibi
1766 5332 1779 5370 :

127 5408 432 5481 Mortiﬁcate
461 5409 711 5464 membra
744 5411 921 5464 vestra
962 5423 1087 5478 qua:
1114 5415 1244 5462 sunt
1273 5422 1437 5476 super
1465 5412 1694 5475 terram,
1729 5404 1785 5460 id

192 5533 336 5604 (273)
371 5537 593 5604 Autog.
625 5533 968 5588 collocatum.

191 5591 337 5673 (274)
372 5591 595 5660 Iterum
628 5604 686 5659 in
722 5607 932 5674 Autog.
965 5604 1310 5659 collocatum.

95 5699 106 5710 ο
198 5671 343 5750 (275)
374 5676 483 5732 Hic
516 5676 577 5731 in
621 5681 835 5747 Autog.
876 5671 1059 5746 marg.
1098 5675 1311 5744 legitur
1361 5676 1523 5728 Dom.
1559 5671 1622 5726 Χ.
1657 5676 1788 5744 post

410 5805 681 5868 ΡΑτιιοι..
729 5801 1038 5864 CXXXIV.

1885 4710 2130 4766 quisque
2163 4709 2308 4760 gens
2326 4690 2566 4745 haberet
2586 4690 2878 4761 quomodo
2909 4690 2968 4746 in
2993 4707 3102 4746 sua
3129 4688 3335 4762 lingua
3354 4690 3540 4747 Deum

1889 4781 2264 4855 gloriticaret.
2843 4841 2852 4848 .

1961 4873 2076 4941 Ipse
2104 4871 2250 4923 enim
2282 4868 2520 4940 Spiritus
2568 4869 2938 4923 testimonium
2964 4867 3143 4923 reddit
3187 4868 3416 4938 spiritui
3447 4881 3543 4922 no-

1889 4969 2002 5014 stro
2034 4960 2183 5030 quod
2211 4975 2401 5013 smnus
2433 4958 2540 5025 ﬁlii
2569 4958 2684 5012 Dei.
2709 4957 2876 5024 Nota,
2902 4955 3040 5028 quia
3060 4971 3175 5011 non
3208 4954 3291 5011 ait
3311 4959 3540 5010 tantum

1889 5049 2150 5119 Spiritus,
2167 5049 2264 5102 sed
2289 5047 2571 5118 prmmisit
2595 5047 2730 5117 ipse,
2754 5045 2812 5100 id
2836 5051 2946 5116 est,
2965 5044 3024 5098 in
3048 5061 3164 5116 quo
3185 5043 3541 5100 clamamus:

1891 5139 2056 5201 Abba,
2089 5139 2269 5191 Pater.
2293 5135 2548 5208 Spiritus
2596 5133 2814 5206 quippe
2846 5138 3088 5188 sanctus
3119 5133 3289 5189 arrhs
3341 5137 3546 5188 nostra

1891 5227 2156 5296 est,quia
2197 5225 2412 5296 pignus
2441 5222 2608 5278 nobis
2643 5239 2760 5277 sua:
2809 5222 3006 5292 gratia:
3038 5221 3286 5277 contulit
3333 5238 3437 5294 pro
3484 5235 3546 5276 re

1893 5332 2070 5386 quam
2105 5330 2312 5368 sumus
2345 5310 2659 5381 accepturi.
2683 5311 2817 5366 Ideo
2843 5309 2984 5365 dicit
3007 5327 3021 5366 :
3043 5312 3164 5382 Ipse
3184 5311 3425 5384 Spiritus
3445 5318 3546 5366 tes-

1893 5405 2185 5460 timonium
2205 5402 2387 5457 reddit
2408 5401 2632 5470 spiritui
2660 5408 2876 5462 nostro;
2907 5399 2967 5456 in
2994 5416 3061 5456 eo
3093 5401 3250 5456 enim
3281 5399 3547 5456 testimo-

1895 5529 2115 5670 Pe([izt‘i6)
2147 5596 2318 5670 Vulg.
2355 5597 2568 5653 timore.
2604 5595 2712 5652 Alii
2760 5613 2894 5653 vero
2935 5596 3120 5652 textui
3161 5600 3363 5653 nostro
3411 5609 3548 5650 con-

1900 5671 2186 5726 sentiunt.

3199 5795 3233 5864 7
