3942 6388
458 392 576 452 203

1472 385 1811 446 ATTONIS
1854 383 2444 447 VERCELLENSIS
2490 384 2841 446 EPISCOPI

3732 399 3836 460 204

459 522 625 578 nium
674 518 865 576 reddit
908 516 1141 591 spiritui
1185 520 1383 572 nostro
1430 516 1584 588 quod
1616 514 1720 569 ﬁlii
1757 515 1857 570 Dei
1887 514 2098 579 simus,
2130 522 2185 587 Α
2213 513 2344 585 tivo,
2378 516 2479 570 sed
2512 516 2857 572 afﬁrmative
2896 518 3188 589 prolatum
3235 524 3341 576 est.
3375 522 3471 578 Sic
3503 522 3640 581 alibi
3669 542 3681 581 :
3710 529 3835 585 Puto

460 609 600 682 quia
629 608 843 682 pignus
863 607 1034 663 nobis
1055 621 1176 662 sua;
1200 606 1400 678 gratia:
1423 603 1696 672 contulit;
1722 605 1876 675 quod
1901 604 2102 674 utique

459 715 576 755 non
601 697 908 762 conferret,
940 695 1053 752 nisi
1084 693 1188 750 ﬁlii
1224 694 1318 749 Dei
1352 708 1635 748 essemus.

531 786 737 859 Igitur,
761 786 899 857 quia
928 783 1065 839 ﬁliis
1094 783 1338 837 debetur
1365 780 1673 836 hereditas
1706 780 1909 852 patris,
1945 779 2103 835 addi-

461 875 548 931 dit
577 892 589 931 :
621 874 683 930 Si
709 878 897 929 autem
944 872 1073 941 ﬁlii,
1103 874 1153 926 et
1183 869 1438 926 hazredes.
1464 868 1625 924 Filiis
1674 868 1888 940 quippe
1921 868 2101 939 patris

458 961 767 1019 heareditas
797 961 1059 1016 debetur.
1093 958 1200 1012 Sed
1250 974 1365 1013 non
1416 958 1569 1012 sicut
1600 956 1739 1011 ﬁliis
1769 957 2097 1023 hominum,

457 1051 543 1106 ita
570 1048 708 1105 ﬁliis
735 1048 857 1105 Dei.
884 1048 1067 1103 Homo
1099 1060 1353 1115 namque
1385 1044 1521 1099 ﬁliis
1548 1046 1672 1100 suis
1704 1044 2099 1099 haereditath

456 1136 757 1208 relinquit,
790 1152 966 1208 quam
996 1150 1131 1190 cum
1174 1133 1293 1189 illis
1350 1134 1648 1205 possidere
1696 1149 1813 1188 non
1872 1137 2096 1203 potest:

455 1225 610 1281 Deus
640 1228 837 1281 autem
892 1222 1028 1279 ﬁliis
1082 1221 1208 1278 suis
1264 1222 1660 1277 haereditatem
1692 1222 1888 1289 donat,
1923 1237 2097 1292 quam

454 1330 591 1370 cum
618 1313 736 1370 illis
766 1313 828 1368 in
851 1315 1133 1368 aeternum
1175 1310 1529 1381 possidebit;
1562 1310 1681 1365 imo
1728 1309 1853 1381 ipse
1881 1314 1971 1365 est
1998 1326 2097 1365 eo-

453 1418 588 1459 rum
617 1401 948 1469 hwreditas,
971 1398 1127 1455 sicut
1149 1390 1462 1454 Psalmista
1482 1397 1625 1454 dicit
1647 1414 1660 1452 :
1682 1400 1947 1454 Dominus
1962 1414 2099 1469 pars

456 1489 790 1547 hereditatis
818 1503 957 1546 mea
987 1488 1161 1560 (Psal.
1193 1504 1287 1556 xv,
1309 1488 1388 1557 5).

527 1578 662 1646 Sed,
682 1593 755 1634 ne
775 1580 1007 1650 putaret
1021 1575 1156 1647 quis
1180 1590 1421 1647 parvum
1443 1591 1571 1630 esse
1589 1574 1846 1631 hmredes
1863 1574 2099 1643 Christi,

455 1665 780 1737 subjunxit,
801 1666 957 1738 quod
979 1663 1170 1736 magis
1191 1663 1552 1735 gaudeamus
1576 1680 1589 1718 :
1617 1664 1858 1720 haeredes
1880 1664 2098 1733 quidem

454 1756 576 1823 Dei,
600 1755 907 1811 coheredes
935 1761 1123 1809 autem
1152 1751 1377 1807 Christi.
1401 1752 1739 1807 Cohazredes
1760 1751 1974 1806 Christi
2008 1769 2100 1806 su-

454 1841 896 1915 mus,quoniam
926 1857 1168 1912 corpora
1195 1844 1397 1895 nostra
1427 1840 1952 1911 conﬁgurabuntur
1972 1857 2099 1895 cor-

453 1931 579 2003 pori
600 1930 883 1987 claritatis
910 1928 1097 2001 ipsius
1117 1928 1385 1999 (Philipp.
1410 1945 1496 1999 ιιι,
1514 1930 1626 1999 21).
1647 1928 1814 1995 Nam,
1839 1946 1972 1983 cum
2006 1946 2093 1985 re-

450 2017 832 2082 surrexerint,
855 2019 926 2072 ad
959 2016 1419 2071 immortalitatis
1442 2016 1686 2087 gloriam
1711 2018 2091 2085 deducentur,

450 2108 524 2164 ad
555 2122 735 2178 quam
765 2104 978 2161 Christi
1010 2121 1222 2176 corpus
1257 2104 1518 2175 pervenit
1546 2111 1680 2176 post
1715 2108 2093 2161 resurrectio-

448 2211 605 2252 nem.
630 2195 895 2251 Haaredes
918 2193 1017 2248 Dei
1048 2209 1277 2249 sumus.
1302 2192 1639 2249 Cohaeredes
1661 2199 1853 2249 autem
1876 2194 2091 2250 Christi

445 2284 691 2352 erimus,
712 2299 847 2339 cum
878 2282 1214 2354 apparuerit
1262 2283 1415 2353 quod
1465 2299 1693 2338 sumus.
1724 2283 1885 2338 Unde
1913 2286 2090 2339 Joan-

443 2389 549 2428 nes
582 2387 597 2427 :
630 2372 974 2441 Charissimi,
994 2387 1142 2425 nunc
1165 2368 1279 2440 ﬁlii
1306 2372 1404 2426 Dei
1423 2386 1631 2436 sumus,
1655 2376 1705 2426 et
1726 2373 1969 2427 nondum
1997 2390 2091 2443 ap-

441 2462 629 2533 paruit
658 2460 789 2532 quid
815 2461 1042 2514 erimus.
1069 2458 1205 2513 Cum
1233 2464 1416 2514 autem
1446 2462 1785 2530 apparuerit,
1809 2463 2019 2515 simites
2040 2462 2092 2515 ei

443 2550 655 2606 erimus
685 2549 734 2621 (l
758 2549 919 2605 Joan.
953 2564 1038 2613 ιιι,
1070 2548 1143 2617 2).
1170 2546 1335 2602 Unde
1363 2563 1495 2602 vero
1540 2547 1761 2603 similes
1796 2548 1847 2602 ei
1879 2549 2087 2606 simus.

443 2638 571 2710 ipse
599 2636 875 2703 ostendit,
924 2635 1224 2691 subdens:
1256 2635 1563 2690 videbimus
1617 2653 1745 2691 eum
1793 2638 1960 2691 sicuti
2014 2645 2092 2692 est

445 2725 663 2798 (Ibid).
683 2725 890 2796 Igitur,
922 2728 988 2780 ut
1034 2724 1364 2779 ostenderet
1410 2723 1662 2794 qualiter
1705 2725 1775 2780 ad
1827 2724 1975 2779 hanc
2007 2724 2091 2779 di-

445 2813 732 2886 gnitatem
762 2812 1217 2884 perveniendum
1243 2810 1340 2876 sit,
1364 2812 1624 2866 addidit:
1660 2814 1718 2867 Si
1739 2820 1917 2867 tamen
1941 2813 2088 2883 (277)

445 2902 817 2972 compatimur
831 2900 1000 2972 (278),
1021 2907 1082 2954 ut
1100 2907 1149 2955 et
1166 2900 1661 2969 congloriﬁcemur.
1689 2901 2091 2971 Compatimur

445 2990 606 3058 dicit,
641 2989 793 3045 sicut
821 2988 1245 3044 commorimur
1276 3004 1288 3041 :
1325 2990 1479 3043 unde
1514 2988 1652 3043 alibi
1688 3006 1700 3043 :
1736 2989 1797 3044 Si
1823 2991 2086 3059 compati-

442 3094 592 3149 mur,
624 3082 677 3133 et
704 3077 1185 3148 conregnabimus;
1214 3078 1266 3132 si
1293 3080 1706 3146 commorimur,
1748 3081 1800 3132 et
1840 3080 2086 3133 convive-

441 3183 565 3222 mus
590 3165 760 3235 (279).
784 3164 1022 3236 Oportet
1050 3163 1207 3219 enim
1239 3168 1304 3219 ut
1334 3164 1531 3235 qualia
1554 3164 1818 3221 Christus
1850 3165 2089 3237 pertulit

2126 1892 2173 1955 B

2208 609 2398 658 autem
2420 606 2588 675 (283),
2613 608 2761 675 quod
2797 611 2849 661 et
2891 623 2986 675 ego
3025 608 3295 677 Spiritum
3322 612 3423 665 Dei
3455 612 3622 669 habeo
3653 616 3697 685 (Ι
3725 617 3833 673 Cor.

2211 708 2310 757 v11,
2342 693 2430 764 40)
2463 694 2629 764 (284).
2668 695 2735 748 Et
2784 694 2924 749 item
2960 712 2971 751 :
3005 704 3136 763 puto
3164 699 3315 768 quod
3361 703 3679 758 novissimos
3716 722 3833 777 apo-

2206 782 2369 835 stolos
2417 799 2516 835 nos
2561 784 2699 837 Deus
2745 783 2990 853 elegerit,
3038 789 3303 857 tanquam
3345 791 3516 844 morti
3558 790 3836 851 destinatos

2210 870 2257 940 (I
2285 870 2402 925 Cor.
2428 887 2503 941 ιν,
2544 871 2620 941 9).
2646 871 2900 927 Dicendo
2932 878 3128 928 autem
3157 876 3319 946 hujus
3351 882 3625 949 temporis,
3649 888 3832 938 osten-

2209 958 2295 1012 dit
2334 959 2484 1014 leves
2516 964 2572 1013 et
2604 967 3042 1017 momentaneas
3074 965 3377 1034 prazsentis
3420 967 3549 1022 vita:
3582 986 3835 1041 persecu-

2208 1046 2418 1113 tiones,
2452 1049 2605 1101 unde
2636 1054 2693 1103 et
2723 1050 3023 1118 praemisit,
3054 1067 3165 1106 non
3191 1056 3319 1107 sunt
3345 1055 3655 1125 condignae;
3686 1059 3832 1115 nullo

2207 1135 2363 1190 enim
2396 1141 2560 1206 pacto
2592 1142 2821 1192 terrena
2863 1140 3214 1207 coelestibus,
3251 1145 3593 1214 temporalia
3620 1150 3836 1205 aeternis

2208 1224 2554 1295 mquiparari
2601 1230 2864 1295 possunt.
2900 1227 3042 1281 Hinc
3083 1228 3402 1300 Origenes:
3440 1234 3498 1287 Si
3547 1235 3723 1303 omni,
3754 1238 3836 1292 in-

2208 1312 2355 1383 quit,
2388 1318 2650 1385 tempore
2678 1315 2806 1369 vita
2837 1332 2977 1370 mem
3026 1316 3166 1373 talia
3197 1335 3409 1390 passus
3439 1322 3621 1389 fuero,
3653 1325 3840 1395 qualia

2209 1418 2419 1472 passus
2444 1407 2533 1458 est
2558 1403 2689 1473 Job,
2725 1420 2840 1458 non
2872 1421 2965 1459 me
3004 1405 3249 1476 dignum
3298 1413 3528 1466 aeternae
3556 1411 3683 1467 vitae
3713 1414 3838 1469 bea-

2207 1489 2458 1545 titudine
2489 1492 2759 1546 arbitror.

2279 1579 2373 1633 Αά
2406 1580 2669 1648 futuram
2712 1582 2974 1653 gloriam.
3026 1582 3279 1640 Dicendo
3326 1588 3600 1657 futuram,
3652 1606 3840 1664 perpe-

2206 1670 2368 1721 tuam
2400 1668 2683 1735 ostendit;
2718 1685 2844 1739 qua:
2885 1670 3025 1741 quia
3051 1672 3245 1727 verbis
3294 1675 3569 1747 explicari
3595 1694 3710 1734 non
3740 1696 3837 1751 po-

2208 1758 2340 1825 test,
2374 1756 2501 1809 ideo
2547 1756 2672 1827 ipse
2718 1756 2857 1812 alibi
2894 1758 3081 1815 dicit:
3115 1761 3265 1827 Quod
3310 1780 3411 1818 nec
3458 1766 3646 1822 oculus
3697 1768 3839 1835 vidit,

2207 1859 2308 1897 nec
2337 1846 2497 1899 auris
2519 1845 2733 1900 audivit
2762 1862 2881 1915 qua:
2923 1854 3264 1917 praeparavit
3309 1851 3450 1908 Deus
3495 1854 3840 1924 diligentibus

2204 1948 2261 1986 se
2292 1933 2337 2002 (I
2366 1931 2491 1987 Cor.
2526 1950 2589 2002 ιι,
2619 1934 2693 2004 9).

2279 2021 2338 2073 in
2368 2037 2433 2075 eo
2462 2038 2594 2075 vero
2615 2023 2768 2091 quod
2803 2024 3037 2079 subdit:
3066 2043 3186 2097 quae
3214 2030 3551 2085 revelabitur
3579 2034 3640 2089 in
3668 2035 3837 2103 nobis,

2203 2109 2456 2163 ostendit
2478 2126 2631 2164 nunc
2653 2126 2781 2165 esse
2798 2112 3108 2171 occultam.
3124 2115 3283 2172 Unde
3299 2118 3588 2176 Joannes:
3609 2124 3840 2178 nondum

2201 2200 2460 2268 apparuit
2486 2200 2630 2270 quod
2659 2216 2865 2256 sumus.
2889 2202 3033 2257 Cum
3065 2209 3260 2260 autem
3281 2207 3423 2262 dicit
3452 2210 3514 2263 in
3541 2212 3719 2280 nobis,
3753 2229 3838 2267 os-

2199 2285 2387 2341 tendit
2416 2287 2555 2357 quia
2587 2288 2841 2343 multum
2871 2290 3114 2345 distabit
3159 2296 3558 2365 apostolorum
3594 2300 3840 2372 dignitas

2201 2391 2235 2429 a
2263 2374 2622 2447 reliquorum
2656 2377 2909 2433 ﬁliorum
2934 2380 3242 2451 dignitate;
3278 2384 3495 2457 quippe
3524 2387 3711 2443 multo
3734 2405 3843 2445 ma-

2191 2463 2289 2532 jor
2320 2463 2378 2518 in
2400 2464 2518 2520 illis
2542 2465 2661 2519 haec
2679 2466 2865 2537 gloria
2888 2469 3257 2527 revelabitur.
3279 2474 3563 2545 Sed,quid
3588 2480 3676 2532 est
3696 2478 3841 2549 quod

2200 2550 2474 2607 subditur
2518 2569 2531 2606 :
2580 2555 2925 2624 Emspectatio
2956 2558 3104 2627 (285)
3135 2564 3410 2619 creatura?
3457 2566 3842 2622 reuelationem

2198 2640 2444 2708 ﬁliorum
2472 2642 2571 2696 Dei
2596 2646 2917 2713 exspectat?
2947 2646 3080 2709 Quae
3106 2651 3194 2702 est
3214 2649 3369 2704 enim
3401 2651 3527 2707 haec
3550 2654 3844 2711 creatura?

2200 2733 2316 2782 Aut
2347 2729 2445 2798 qui
2498 2730 2599 2782 ﬁlii
2637 2730 2777 2785 Dei?
2808 2730 3084 2789 Creatura
3129 2740 3269 2791 sunt
3318 2740 3533 2811 angeli,
3568 2743 3842 2799 sublimes

2201 2820 2514 2885 potestates
2574 2822 2629 2871 et
2687 2818 2932 2874 virtutes
2986 2821 3268 2890 ccelestes,
3312 2828 3550 2897 coelum,
3585 2835 3741 2888 terra
3792 2835 3845 2887 et

2198 2903 2397 2958 omnia
2427 2921 2552 2975 quae
2583 2906 2736 2961 Deus
2767 2912 2938 2964 Pater
2983 2927 3085 2981 per
3132 2912 3337 2968 Filium
3370 2919 3660 2975 condidit.
3691 2920 3843 2976 Unde

2199 2997 2421 3048 constat
2459 2994 2596 3064 quia
2626 2995 2752 3066 ipse
2781 2996 2962 3067 solus,
2996 3016 3112 3054 non
3162 3007 3446 3072 creatura,
3476 3009 3587 3063 sed
3621 3014 3844 3065 Creator

2198 3086 2303 3149 est,
2328 3097 2361 3135 a
2391 3097 2506 3151 quo
2536 3087 2594 3137 et
2619 3086 2871 3154 perfecta
2904 3093 3042 3142 sunt
3074 3091 3290 3145 omnia.
3315 3093 3437 3148 Non
3470 3096 3663 3169 igitur
3690 3097 3841 3153 aliud

2195 3173 2541 3241 creaturam,
2574 3175 2631 3225 et
2660 3171 2818 3227 aliud
2853 3173 3003 3231 ﬁlios
3048 3177 3146 3232 Dei
3178 3178 3506 3253 intelligere
3540 3186 3842 3256 debemus,

444 3270 551 3325 pro
581 3256 787 3309 nostra
835 3251 1041 3321 salute,
1072 3252 1214 3307 talia
1260 3269 1365 3346 nos
1414 3254 1776 3324 perferamus
1825 3272 1928 3326 pro
1956 3255 2085 3325 ejus
2115 3247 2157 3314 C
2197 3256 2473 3327 quoniam
2503 3275 2684 3313 unum
2715 3266 2873 3317 sunt.
2908 3264 3249 3335 Exspectatio
3293 3247 3419 3325 vero
3453 3279 3741 3346 exspectat
3768 3247 3845 3329 sic

445 3356 671 3409 amore;
707 3340 860 3413 quod
890 3340 1188 3405 facientes,
1215 3342 1287 3396 ad
1318 3340 1428 3396 hoc
1468 3358 1652 3412 usque
1684 3344 2085 3413 perveniemus

442 3433 510 3485 ut
537 3433 596 3485 et
624 3428 802 3484 simul
822 3427 1236 3500 gloriﬁcemur,
1262 3428 1538 3500 quoniam
1560 3431 1633 3484 ad
1665 3430 1824 3485 illam
1849 3432 2086 3486 immor-

439 3517 686 3575 talitatis
740 3516 987 3589 gloriam
1047 3517 1422 3587 deducemur,
1455 3519 1528 3573 ad
1587 3535 1765 3589 quam
1814 3519 2084 3576 Christus

440 3605 703 3678 pervenit
733 3609 865 3677 post
892 3605 1397 3661 resurrectionem.

510 3693 620 3748 Sed
660 3692 803 3747 dicit
857 3691 1117 3763 aliquis:
1151 3694 1443 3763 quomodo
1498 3693 1640 3748 talia
1699 3711 1800 3766 pro
1856 3696 2082 3752 Christo

437 3780 560 3853 pati
590 3780 1130 3851 possumus,qualia
1149 3780 1413 3835 Christus
1444 3797 1546 3852 pro
1572 3781 1740 3837 nobis
1762 3799 1972 3853 passus
1995 3789 2084 3839 est

437 3884 573 3924 cum
614 3867 809 3923 desint
857 3867 1188 3939 corporales
1238 3874 1658 3940 persecutores,
1685 3875 1743 3925 et
1791 3876 2082 3927 tormenta

436 3956 729 4013 exterius?
760 3958 1046 4022 Attamen,
1076 3957 1211 4011 licet
1252 3959 1582 4029 corporales
1630 3959 1841 4027 desint,
1865 3960 2082 4015 adsunt

436 4044 730 4115 spiritales
759 4048 817 4100 et
842 4049 1242 4116 persecutores
1280 4050 1337 4099 et
1383 4047 1838 4117 persecutiones,
1876 4049 2078 4105 adver-

435 4149 539 4188 sus
583 4149 709 4204 quis
760 4149 866 4188 nos
920 4148 1153 4205 semper
1198 4133 1477 4189 dimicare
1533 4141 1779 4206 oportet,
1814 4138 2076 4208 quandiu

429 4220 492 4275 in
524 4237 698 4276 carne
727 4237 957 4276 sumus.
985 4221 1164 4276 Nemo
1195 4222 1351 4276 enim
1386 4223 1866 4279 incontinentiam
1898 4226 2076 4281 conti-

426 4309 648 4377 nentia,
682 4313 739 4364 et
787 4314 993 4365 caetera
1022 4310 1171 4381 (280)
1217 4310 1357 4365 vitia
1403 4310 1718 4366 virtutibus
1764 4314 2070 4384 oppositis,

424 4396 540 4453 nisi
569 4413 703 4453 cum
736 4413 949 4470 magno
980 4397 1198 4464 labore,
1231 4398 1442 4470 poterit
1471 4416 1766 4471 superare.

491 4485 582 4552 Et,
616 4502 689 4540 ne
720 4486 812 4541 cui
841 4486 990 4558 (281)
1018 4487 1231 4542 durum
1255 4491 1313 4542 et
1333 4504 1608 4558 asperum
1641 4489 1931 4545 videretur
1953 4493 2069 4563 pati

2196 3345 2414 3401 dictum
2446 3352 2554 3416 est,
2588 3349 2739 3404 sicut
2782 3350 2839 3405 in
2870 3351 3095 3409 Joanne
3128 3371 3140 3408 :
3175 3358 3396 3413 Amicus
3424 3345 3622 3431 sponsi
3650 3365 3845 3436 gaudio

2192 3434 2390 3501 gaudet
2420 3435 2599 3505 (Joan.
2633 3454 2719 3503 ιιι,
2749 3440 2863 3503 29).
2898 3440 3207 3513 Exspectat
3249 3445 3446 3518 itaque
3496 3434 3850 3524 exspectatio

2193 3529 2495 3589 creaturae,
2516 3541 2631 3580 non
2654 3525 2893 3583 alterius
2918 3536 3137 3586 natura:
3161 3549 3290 3604 quas
3315 3553 3430 3592 non
3455 3540 3539 3594 sit
3564 3545 3851 3605 creatura,

2194 3610 2294 3664 sed
2330 3628 2497 3666 suam
2529 3613 2716 3685 ipsius
2747 3618 3177 3677 revelationem.
3204 3623 3296 3678 Sic
3327 3626 3486 3681 enim
3538 3630 3691 3685 dixit
3737 3645 3854 3684 exs-

2188 3702 2421 3791 pectatio
2438 3705 2711 3791 creatura?
2741 3706 3127 3764 revelationem
3155 3711 3401 3779 ﬁliorum
3422 3716 3525 3773 Dei
3544 3726 3854 3791 exspectat;

2192 3789 2360 3859 quasi
2392 3789 2609 3846 diceret
2642 3809 2655 3845 :
2692 3798 3042 3865 exspectatio
3075 3808 3275 3855 nostra
3299 3810 3607 3875 exspectat
3640 3789 3857 3863 revela-

2190 3877 2430 3945 tionem,
2457 3895 2584 3949 qua:
2616 3881 2727 3936 erit
2759 3882 2817 3936 in
2849 3885 3019 3941 nobis
3051 3887 3152 3957 qui
3200 3906 3410 3947 sumus
3442 3893 3555 3949 ﬁlii
3590 3895 3727 3962 Dei;
3762 3912 3852 3951 ex-

2190 3970 2413 4056 spectat
2440 3972 2505 4021 ut
2532 3975 2808 4040 appareat
2829 3974 2984 4043 quod
3010 3978 3365 4046 promissum
3399 3987 3509 4049 est,
3540 3985 3852 4056 quoniam,

2180 4053 2351 4144 juxta
2381 4055 2624 4112 Joannis
2654 4075 2872 4127 vocem,
2902 4063 3095 4118 adhuc
3125 4064 3267 4121 latet
3299 4084 3311 4123 :
3347 4053 3677 4144 exspectat,
3698 4078 3766 4128 ut
3794 4073 3851 4126 in

2188 4143 2358 4197 nobis
2392 4145 2639 4214 quijam
2689 4164 2919 4215 sumus,
2978 4154 3388 4211 manifestetur
3418 4161 3583 4230 quod
3630 4143 3854 4219 erimus

2187 4232 2237 4300 (Ι
2262 4236 2425 4286 Joan.
2463 4251 2547 4303 In,
2570 4234 2654 4304 2);
2690 4244 2983 4308 exspectat
3013 4242 3207 4312 qualis
3238 4262 3396 4302 nunc
3428 4254 3523 4304 est
3556 4256 3851 4321 creatura,

2186 4324 2403 4389 quanto
2435 4322 2511 4375 sit
2540 4322 2670 4378 talis
2703 4326 2896 4396 qualis
2928 4329 3122 4386 futura
3146 4337 3254 4388 est.
3281 4334 3375 4389 Sic
3410 4336 3711 4395 nimirum
3746 4339 3855 4396 hoc

2182 4406 2403 4462 dictum
2434 4416 2543 4481 est,
2576 4430 2641 4467 ac
2689 4414 2736 4469 si
2788 4417 2993 4486 pictori
3026 4422 3173 4493 (286)
3206 4431 3560 4496 prmparato,
3596 4433 3657 4485 et
3707 4428 3855 4485 mul-

2179 4500 2269 4585 tos
2336 4497 2555 4554 colores
2631 4502 2869 4558 habenti
2936 4507 3166 4563 dicatur
3237 4528 3250 4566 :
3320 4518 3691 4585 exspectatio
3760 4534 3853 4574 co-

421 4588 528 4671 pro
549 4572 1220 4676 Christo,ideolevigare
1241 4576 1486 4676 curavit,
1511 4577 1876 4650 subjungens
1902 4596 1915 4633 :
1941 4582 2070 4636 Exi-
2101 4611 2144 4674 D
2178 4582 2368 4639 lorum
2455 4592 2695 4645 tuorum
2771 4594 3309 4654 maniiestationem
3376 4572 3681 4676 imaginis
3757 4572 3850 4663 eir-

418 4660 580 4714 stimo
608 4661 777 4731 enim,
811 4661 951 4762 quod
977 4677 1098 4762 non.
1114 4667 1245 4717 sunt
1273 4664 1558 4735 condignae
1586 4670 1862 4728 passiones
1895 4669 2066 4741 hujus
2101 4660 2141 4674 υ
2176 4678 2401 4743 spectat
2443 4691 2455 4730 :
2512 4694 2627 4731 non
2688 4682 2844 4749 quod
2904 4699 3016 4737 non
3077 4692 3249 4741 erunt
3307 4660 3562 4762 colores,
3596 4660 3690 4751 vel

416 4750 699 4821 temporis,
723 4753 832 4804 etc.
857 4747 1017 4812 Quod
1043 4749 1184 4805 dicit
1213 4754 1467 4809 existimo
1487 4756 1656 4825 (282),
1687 4774 1800 4811 non
1833 4758 2065 4815 dubita-
2173 4766 2362 4825 erunt,
2397 4764 2498 4818 sed
2528 4765 2668 4835 quia
2696 4747 2980 4838 majorem
3029 4772 3331 4832 habebunt
3361 4747 3847 4853 dignitatem

2242 4906 2389 4974 (284)
2422 4905 2592 4975 Vulg.
2627 4907 2875 4964 habeam.

2421 4976 2588 5047 Vulg.
2624 4996 2753 5032 nam
2784 4989 3130 5053 exspectatio.

2242 5050 2365 5114 (38C
2438 5048 2587 5102 Nota
2646 5053 3052 5117 perpulchram
3115 5075 3130 5110 ε

2205 5048 2385 5125 ,(286)
2438 5048 2587 5102 Nota
2646 5048 3052 5126 perpulchram
3115 5058 3606 5123 similitudinem.
3658 5072 3845 5126 Occa-

2167 5122 2596 5213 sioniarrepta
2625 5122 2995 5213 observatum
3032 5145 3070 5213 _a
3114 5130 3326 5213 lectore
3356 5134 3538 5192 velim
3574 5122 3839 5213 vixfspe-

2165 5193 2356 5268 ratum
2416 5192 2485 5243 iri
2528 5208 2739 5272 ‘posse
2783 5196 2853 5249 ab
2912 5206 3149 5272 auctore
3217 5192 3841 5272 hujusmodi'vsze'cru‘li

2164 5260 2445 5345 maiorem
2492 5260 2841 5342 elegantiam
2893 5270 3048 5339 styli,
3086 5278 3140 5345 et
3188 5260 3498 5345 troporum
3518 5260 3617 5336 *ἐι
3637 5260 3839 5340 ~s—c-h‘e:

500 5336 1501 5417 ἑέἐῗεῖιδςῗίῖἒᾏέῗέἱοῖκέΒησθίξιθδὲῗλι
1537 5392 1673 5417 n--.
2160 5336 2409 5417 Ψίξίιέσμ
2443 5336 2847 5417 οτηηίηο.νριτρ
2878 5336 3300 5417 εεέηςῐιίίδνυαῐ
3350 5336 3811 5417 prudentiores}

479 5381 626 5452 (281)
655 5381 759 5436 Hic
789 5382 1019 5452 legitur,
1056 5381 1215 5439 Dom.
1248 5388 1339 5471 XI,
1370 5395 1505 5473 post
1535 5392 1697 5446 Pent.
2160 5381 3405 5483 pu'ichéiaré'ﬁiéé'héféé’tﬁﬁﬁﬁéﬁé"aliialii
3423 5381 3837 5495 "EEUJLUJSEZ

479 5452 622 5495 {282)
653 5455 713 5495 In
752 5455 937 5495 Anino
991 5472 1155 5495 mura-
1208 5474 1235 5495 ρ
1293 5458 1373 5495 \X
2154 5474 2455 5495 ..-_-L.._.__,-
2528 5476 2715 5495 ,:,,,n-.
2862 5482 2875 5495 ι
2956 5482 2965 5492 .
3099 5487 3131 5495 ..
3390 5464 3422 5495 ,9
3460 5492 3464 5495 .

475 5452 622 5592 ἓὲδὲ)
652 5455 717 5505 In
746 5455 955 5525 Autog.
991 5472 1173 5527 marg.
1208 5474 1257 5511 c.
1291 5452 1404 5513 XX.
1450 5531 1458 5540 _
2154 5452 2459 5527 verborum
2521 5452 3422 5544 ειωίιίιρὲ”ὶιὲξίῖιέιῖιῗῖἷαῖ
3460 5452 3833 5554 ζᾎηίίλέῗξξιιιιῗ

496 5521 621 5591 .283)
652 5521 840 5577 Verba
864 5528 995 5592 puto
1025 5531 1235 5591 autem,
1268 5545 1396 5592 qua:
1449 5548 1504 5585 in
1555 5533 1655 5592 Ep.
1685 5533 1963 5592 leguntur
1990 5544 2045 5592 et
2157 5546 2291 5592 tunc
2326 5547 2604 5592 temnnrig
2653 5548 3128 5592 frpnnnnlicuinin
3170 5529 3279 5592 .....’.
3331 5564 3452 5592 in...
3515 5582 3794 5592 μημμ

496 5531 507 5542 -
905 5521 928 5525 '
1121 5521 1148 5527 ν
1450 5531 1458 5540 ·
2205 5521 2459 5527 “""“‘
2521 5521 2777 5555 “.m'm“
2844 5521 3274 5554 “‘“"'”"‘“’”““i
3325 5521 3407 5544 νυι
3469 5521 3830 5554 δυιιδιιιιιυω

403 5521 2045 5629 ...(23138523.!33‘0e3152reis.311.Elissaeassi
2157 5546 2604 5629 ευιιοιετηροτιε
2652 5548 3128 5629 frequentissimo
3170 5574 3281 5629 usu
3331 5564 3457 5619 tam
3513 5582 3830 5629 commen-

399 5593 458 5644 in
493 5593 696 5663 Autog.
731 5593 964 5674 desunt,
989 5611 1196 5677 quaeve
1245 5593 1689 5659 similitudinem
1723 5593 1952 5676 phrasis
1984 5615 2042 5666 et
2152 5593 3197 5703 ἀειῖά,16όὲῖῖᾖέωῆἱιῖἶιῖἷιίἓῗῖἑῖιῗξθτ

399 5669 759 5703 mnmpninm
795 5669 1035 5703 rnhnnm
1067 5667 1285 5703 rnnlnnf
1344 5670 1605 5703 ηΑΑηπΑη
1643 5678 1837 5703 mum“:
3184 5669 3194 5689 '

396 5660 763 5749 momentum
795 5660 1035 5723 rationis
1067 5666 1307 5749 faciunt,
1343 5670 1612 5730 addenda
1642 5660 1947 5733 cerisuifﬁ
1992 5660 2040 5666 ﬁ
2157 5660 2443 5682 "mw"
2467 5660 2480 5683 ’
2514 5660 2689 5688 “¹“““⁴
2717 5660 2788 5675 ⁸⁵⁵³
2986 5660 3154 5703 “"5"
3184 5669 3194 5689 ο

490 4889 631 4972 (277)
665 4890 729 4946 Ιιι
761 4889 892 4946 aliis
940 4891 1215 4961 textibus,
1265 4894 1387 4949 loco
1436 4897 1489 4949 si
1529 4900 1732 4969 tamen,
1774 4899 1987 4971 legitur
2015 4906 2065 4957 si

417 4960 655 5028 quidem.
1204 4960 1209 4961 ί
1717 4960 1728 4969 ’
1830 4960 1855 4971 ”

488 5030 634 5103 (278)
666 5031 832 5103 Yulg.
864 5034 1215 5089 sustinemus.
1252 5035 1297 5088 Il
1330 5036 1399 5089 ad
1430 5038 1559 5091 Tim.
1594 5054 1639 5091 c.
1676 5057 1738 5103 ιι,
1772 5042 1855 5094 12.

416 5101 830 5224 ὠξὲηέίνυιέ·
879 5107 930 5158 δέ
979 5107 1311 5161 commortui
1337 5122 1545 5174 sumus,
1596 5117 1646 5162 et
1691 5101 2052 5187 convivemus,

411 5185 633 5321 fulgng
647 5185 809 5321 1ίοᾳο
839 5246 1053 5321 cetera,
1083 5245 1142 5321 in
1176 5250 1387 5321 Autog.
1424 5247 1635 5319 legitur
1664 5260 1865 5307 contra.
1902 5256 2050 5312 Num

408 5308 559 5364 bene
590 5308 851 5436 legfrim,
883 5308 1082 5377 lector,
1108 5317 1288 5384 judex
1318 5308 1461 5373 esto.

479 5381 626 5452 (281)
708 5381 759 5436 ic
789 5382 1019 5452 legitur,
1056 5388 1215 5439 Dom.
1248 5388 1339 5452 XI,
1375 5406 1461 5452 po:
