3942 6410
162 417 260 477 205

736 415 1158 479 EXPOSITIO
1202 418 1280 478 ΙΝ
1328 419 1761 480 EPISTOLAS
1809 421 2171 483 PAULL—
2202 423 2280 483 ΙΝ
2327 423 2572 484 EPIST.
2620 424 2721 483 AD
2768 426 2957 486 110M.

3434 406 3551 493 eos

159 551 232 605 est
259 545 756 619 pulchritudinem
799 548 1099 621 imaginis.
1161 550 1477 621 Sequitur:
1545 552 1786 607 Vanitatt
1815 552 1869 618 Α
1900 551 2129 622 (Co/oss.
2168 572 2203 621 x,
2235 555 2327 625 23)
2354 580 2366 619 ;
2400 554 2455 609 id
2489 559 2577 611 est
2606 554 2666 611 in
2696 555 2956 623 homine,
2977 557 3079 629 qui
3110 560 3303 617 omnis
3332 566 3558 618 creatu-

156 639 286 692 enim
313 640 569 692 creatura
600 639 842 699 subiecta
899 647 977 693 est
1031 656 1141 695 non
1190 641 1393 709 volens,
1424 640 1515 695 sed
1571 644 1793 711 prOptcr

156 743 266 782 eum
291 727 384 799 qui
408 727 649 799 subjecit
678 729 738 782 in
766 743 860 799 spe
889 729 1059 797 (287).
1093 728 1222 784 Haec
1251 731 1546 785 sententia
1574 731 1729 785 varie
1758 748 1791 785 a

157 816 460 871 doctoribus
492 816 761 888 exposita
792 822 916 873 est:
952 818 1109 873 unde
1160 818 1405 874 solerter
1435 818 1791 890 investigan-

158 904 279 959 dum
309 910 411 972 est,
453 922 585 977 quas
617 904 696 960 sit
743 904 865 959 hinc
912 907 1179 974 vanitas;
1214 912 1317 962 aut
1366 924 1493 978 quis
1525 914 1793 964 creatura

56 1038 62 1051 .
158 993 371 1049 vanitati
403 994 688 1064 subjecta.
723 993 796 1049 Ut
827 994 1067 1066 quidam
1096 995 1315 1065 volunt,
1345 1014 1447 1067 per
1476 999 1788 1053 vanitatem

157 1082 311 1138 homo
340 1082 727 1154 intelligitur;
768 1084 924 1137 unde
957 1082 1231 1140 Salomon
1266 1103 1277 1139 :
1317 1087 1537 1141 Vanilas
1570 1089 1789 1141 vanita-

154 1175 274 1241 tum,
304 1171 440 1226 dixit
470 1170 835 1227 Ecclesiastes
864 1190 876 1228 :
909 1175 1096 1227 omnia
1130 1176 1348 1229 vanitas
1382 1176 1601 1242 (Eccles.
1638 1193 1681 1241 1,
1712 1177 1787 1245 2).

157 1261 323 1315 Item:
358 1262 621 1317 Universa
649 1262 751 1316 sub
783 1262 920 1328 sole,
972 1264 1186 1318 vanitas
1234 1264 1421 1332 (lbid.,
1476 1266 1587 1335 14.)
1646 1264 1790 1319 Item

155 1349 480 1406 Psalmista:
508 1352 769 1407 Universa
792 1353 1213 1423 vanitas,omnis
1236 1352 1393 1407 homo
1414 1356 1596 1409 vivens
1621 1354 1788 1425 (Psal.

156 1455 369 1505 xxxvm,
399 1440 455 1511 6)
483 1457 495 1506 ;
531 1438 581 1494 si
612 1456 748 1512 ergo
783 1440 1057 1495 universa
1088 1441 1317 1496 vanitas
1367 1443 1559 1497 omnis
1590 1442 1787 1509 homo,

154 1533 203 1584 et
229 1527 492 1583 universa
521 1528 632 1584 sub
665 1528 788 1584 sole
845 1530 1092 1596 vanitas,
1140 1530 1528 1587 nihilominus
1564 1531 1792 1587 vanitas

56 1616 63 1645 ’
154 1617 459 1674 vanitatum
493 1621 585 1674 est
613 1618 809 1674 homo.
848 1619 914 1674 Et
965 1636 1162 1674 revera
1205 1616 1350 1675 nihil
1395 1620 1529 1691 plus
1555 1620 1793 1676 homine

155 1707 439 1777 vanum,in
464 1706 800 1779 receptione
826 1709 1182 1776 ciborum,in
1203 1708 1548 1780 digestionis
1570 1710 1790 1775 fmtore,

154 1795 205 1850 in
226 1796 429 1851 rubore
450 1801 508 1851 et
529 1796 808 1852 sordibus
828 1799 1199 1869 procreanda:
1224 1797 1531 1869 sobolis,et
1552 1797 1795 1871 reliquis

153 1883 503 1955 huiusmodi.
537 1884 879 1941 Creaturam
904 1902 1038 1941 vero
1060 1885 1474 1942 intellexerunt
1497 1886 1794 1953 solem,lu-
1824 1921 1871 1987 Β

154 1990 277 2029 nam
305 1978 360 2029 et
389 1979 617 2039 caetera,
651 1991 777 2045 qua:
806 1974 860 2029 in
895 1992 960 2030 eo
991 1975 1229 2031 vanitati
1280 1977 1549 2047 subjecta
1586 1977 1790 2031 dicun-

153 2067 239 2116 tur
264 2062 540 2135 quoniam
573 2068 810 2135 propter
842 2063 1113 2119 homines
1155 2064 1307 2120 facta
1358 2069 1516 2120 sunt.
1552 2066 1795 2137 PrOpter

154 2151 411 2208 homines
436 2152 657 2224 quippe
688 2151 771 2207 sol
826 2152 1014 2209 oritur
1061 2157 1118 2208 et
1148 2153 1382 2221 occidit,
1424 2153 1697 2210 similiter
1738 2157 1796 2208 et

154 2245 344 2296 caetera
365 2245 546 2297 astra.
561 2241 677 2296 Cur
697 2257 833 2313 ergo
856 2241 1122 2313 sequitur
1142 2258 1249 2297 non
1270 2244 1475 2306 volens,
1507 2260 1641 2297 cum
1674 2243 1795 2298 haec

152 2329 339 2385 omnia
357 2330 683 2386 inanimata
700 2330 858 2386 sint?
874 2331 997 2385 Nisi
1023 2331 1166 2387 forte
1190 2333 1514 2387 secundum
1538 2331 1794 2404 philoso-

149 2417 389 2490 phorum
414 2418 750 2490 opinionem
774 2418 1263 2491 accipiamus,qui
1286 2420 1405 2475 haec
1429 2420 1627 2476 omnia
1672 2420 1795 2476 ani-

150 2511 299 2563 mata
328 2512 627 2575 asserunt,
659 2513 717 2563 et
744 2508 959 2563 idcirco
989 2508 1210 2563 dictum
1239 2508 1798 2581 intelligamus,pro-

146 2602 268 2667 pter
295 2612 424 2652 eum
456 2596 553 2667 qui
579 2597 805 2669 subjecit
835 2598 895 2656 in
924 2613 1039 2670 spe,
1065 2599 1219 2669 quod
1252 2615 1417 2671 spem
1449 2598 1706 2655 habeant
1735 2602 1800 2653 ut

151 2685 215 2740 ab
248 2684 357 2739 hac
389 2684 667 2741 servitute
710 2686 1049 2742 liberentur.
1111 2687 1221 2742 Sed
1253 2687 1362 2742 iste
1396 2704 1626 2754 sensus,
1662 2686 1799 2758 quia

149 2774 317 2829 errori
340 2774 567 2830 vicinus
585 2778 694 2842 est,
722 2775 987 2831 funditus
1009 2777 1529 2847 estrepudiandus.
1550 2776 1663 2831 Alii
1696 2794 1797 2832 au-

150 2866 348 2930 tem,ut
374 2862 657 2935 Origenes
679 2863 848 2935 (288),
880 2868 1135 2919 creatura
1167 2866 1314 2935 (289)
1351 2865 1601 2937 Angelos
1647 2864 1796 2920 acci-

150 2952 327 3022 piunt,
361 2969 512 3025 quos
543 2951 713 3008 bellis
743 2952 995 3024 legimus
1024 2954 1351 3024 praefuisse.
1382 2954 1450 3009 Et
1481 2970 1679 3009 revera
1718 2955 1802 3010 ni-

150 3040 221 3095 hil
238 3041 446 3097 vanius
466 3041 617 3097 bello
641 3042 813 3114 (290),
845 3042 902 3096 in
928 3059 1043 3114 quo
1074 3042 1247 3097 homo
1293 3044 1364 3097 ad
1415 3042 1524 3098 hoc
1574 3042 1803 3098 laborat

148 3134 338 3186 utnon
362 3130 461 3187 sit.
482 3131 540 3187 Si
565 3135 764 3187 autem
786 3131 993 3202 Angeli
1015 3128 1182 3186 bellis
1205 3131 1507 3203 prmfuisse
1525 3131 1803 3203 leguntur

148 3223 204 3274 ut
230 3219 511 3293 Origenes
545 3219 752 3275 multis
774 3220 1197 3291 Prophetarum
1230 3224 1287 3275 et
1318 3219 1569 3274 maxime
1590 3220 1798 3275 Danie-

1902 659 1965 696 ra
1996 642 2229 711 dicitur,
2266 662 2377 699 non
2411 647 2566 716 quod
2600 661 2835 702 omnem
2870 651 3195 704 creaturam
3230 649 3288 704 in
3320 667 3380 705 se
3409 666 3553 706 con-

1900 731 2212 798 tineat,sed
2246 734 2385 804 quia
2417 735 2631 805 partim
2663 739 2753 791 est
2780 736 3121 807 corporalis,
3178 739 3395 809 partim
3426 738 3552 795 ani-

1901 818 2096 884 malis,
2134 821 2347 891 partim
2380 822 2703 893 spiritalis:
2738 824 3056 895 corporalis
3087 824 3302 897 quippe
3347 842 3449 898 per
3473 825 3554 884 lo-

1900 923 1968 962 ca
1997 909 2281 976 tenditur,
2314 910 2588 967 animalis
2636 911 3000 983 corporalem
3043 912 3336 982 vivificat;
3378 914 3551 985 spiri-

1900 996 2034 1052 talis
2066 998 2380 1054 animalem
2414 1000 2581 1071 regit,
2613 1006 2668 1055 et
2700 1006 2840 1056 tunc
2871 1001 3040 1068 bene,
3071 1018 3204 1057 cum
3237 1018 3299 1058 se
3320 1002 3437 1059 Deo
3460 1018 3550 1060 re-

1900 1087 2158 1157 gendum
2193 1088 2451 1157 subjicit.
2505 1093 2689 1144 Homo
2739 1090 2920 1162 igitur
2949 1090 3158 1162 spiritu
3189 1090 3391 1159 sentit,
3423 1092 3552 1147 ani-

1901 1192 1998 1229 ma
2029 1174 2376 1244 vivificatur,
2411 1176 2677 1233 localiter
2723 1195 2961 1251 corpore
3013 1184 3296 1235 movetur.
3339 1180 3552 1236 Beatus

1898 1280 2033 1318 vero
2062 1266 2373 1335 Gregorius
2405 1267 2549 1321 dicit
2578 1268 2734 1338 quod
2766 1267 2896 1323 ideo
2925 1268 3100 1324 homo
3149 1268 3344 1324 omnis
3393 1284 3552 1325 crea-

1899 1357 2032 1408 tura
2061 1353 2294 1420 dicitur,
2329 1354 2468 1426 quia
2496 1354 2675 1410 habet
2725 1356 2949 1427 aliquid
3001 1356 3195 1412 omnis
3234 1361 3551 1426 creaturas;

1899 1441 2077 1496 habet
2106 1442 2262 1497 enim
2295 1443 2615 1498 essentiam
2669 1460 2805 1498 cum
2850 1443 3169 1515 lapidibus,
3199 1445 3390 1500 vivere
3420 1462 3553 1501 cum

1902 1530 2233 1599 arboribus,
2266 1535 2324 1587 et
2354 1531 2573 1603 herbis,
2607 1532 2826 1588 sentire
2880 1549 3014 1587 cum
3062 1531 3253 1589 brutis
3283 1533 3559 1590 animali-

1902 1619 2035 1684 bus,
2070 1620 2400 1676 discernere
2431 1638 2566 1676 cum
2602 1620 2860 1693 Angelis.
2895 1621 3027 1676 Haac
3067 1621 3248 1694 igitur
3292 1627 3560 1679 creatura

1899 1708 2144 1763 vanitati
2177 1710 2444 1779 subjecta
2474 1696 2582 1781 est,
2604 1710 2662 1766 id
2691 1714 2779 1766 est
2809 1711 3004 1778 morti,
3028 1714 3084 1765 et
3112 1710 3445 1767 inﬁrmitati
3468 1710 3557 1768 vel

1903 1797 2078 1853 alicui
2111 1798 2386 1865 miseriae,
2418 1800 2511 1853 cui
2544 1799 2719 1855 homo
2748 1803 2985 1872 propter
3014 1804 3318 1871 peccatum
3348 1799 3559 1856 subdi-

1903 1890 2000 1941 tus
2031 1890 2157 1954 est;
2194 1888 2349 1942 unde
2380 1886 2625 1959 pulchre
2658 1887 2987 1960 subjungit,
3008 1903 3118 1943 non
3148 1887 3352 1943 volens.
3372 1887 3556 1945 Homo

1902 1975 2142 2042 etenim,
2175 1975 2316 2046 quia
2345 1980 2554 2047 sponte
2604 1974 2883 2047 peccavit,
2915 1991 3031 2030 non
3078 1980 3289 2047 sponte
3317 1974 3558 2032 vanitati

1902 2065 2176 2120 subditus
2207 2068 2313 2119 est.
2352 2063 2449 2120 Vel
2480 2063 2611 2120 ideo
2632 2063 2829 2121 nolens
2849 2064 3010 2131 dicit,
3054 2062 3193 2136 quia
3229 2065 3417 2119 sancti
3446 2064 3556 2119 viri

1904 2154 2152 2225 cupiunt
2181 2153 2420 2209 dissolvi
2452 2156 2510 2207 et
2538 2169 2666 2208 esse
2695 2169 2827 2208 cum
2846 2151 3079 2208 Christo
3101 2152 3370 2224 (Philipp.
3388 2169 3427 2219 1,
3447 2151 3557 2222 23),

1906 2242 2005 2298 sed
2040 2241 2221 2297 coacti
2253 2247 2309 2296 et
2339 2240 2607 2298 nolentes
2637 2241 2729 2296 his
2761 2240 3015 2297 miseriis
3036 2240 3255 2297 subditi
3278 2244 3437 2297 sunt.
3456 2241 3563 2297 Sed

1902 2337 2128 2405 propter
2156 2349 2283 2387 eum
2311 2333 2409 2403 qui
2435 2332 2664 2403 subjecit
2691 2333 2753 2386 in
2777 2346 2890 2402 spe.
2925 2332 3162 2403 Propter
3212 2347 3348 2387 eum
3393 2331 3558 2401 dicit,

1907 2422 1964 2476 id
1996 2425 2107 2487 est,
2140 2426 2379 2493 prepter
2400 2420 2701 2491 justitiam
2729 2425 2786 2476 et
2815 2419 3190 2476 clementiam
3222 2418 3382 2477 illius
3436 2419 3561 2490 qui,

1909 2527 2013 2565 nec
2045 2513 2348 2582 peccatum
2381 2508 2742 2579 impunitum
2775 2507 3033 2579 reliquit,
3086 2524 3192 2564 nec
3237 2506 3567 2564 insanabile

1908 2600 2029 2654 fore
2059 2597 2348 2670 permisit.
2382 2596 2482 2652 Vel
2518 2601 2754 2669 propter
2784 2613 2921 2653 eum
2951 2597 3053 2668 qui
3085 2596 3336 2669 subjecit
3366 2596 3427 2652 in
3460 2612 3565 2669 spe

1908 2688 2073 2754 dixit,
2106 2687 2245 2759 quia
2276 2686 2333 2742 in
2368 2702 2471 2758 spe
2500 2685 2720 2742 habent
2750 2684 2915 2742 electi
2948 2689 3014 2740 ut
3042 2702 3078 2742 a
3123 2685 3406 2742 servitute
3434 2700 3563 2742 cor-

1910 2776 2206 2848 ruptionis
2237 2774 2576 2830 liberentur.

1984 2866 2168 2937 Igitur
2198 2864 2335 2936 quia
2366 2881 2531 2935 spem
2564 2863 2807 2931 dixerat,
2843 2868 2909 2919 ut
2938 2880 3067 2935 quas
3098 2866 3256 2919 esset
3300 2862 3566 2918 ostende-

1910 2959 2018 3020 ret,
2052 2953 2394 3025 subjunxit:
2430 2954 2570 3021 Quia
2600 2955 2650 3007 et
2681 2954 2801 3023 ipsa
2850 2960 3117 3008 creatura
3171 2952 3501 3007 liberabitur
3529 2968 3566 3006 a

1908 3046 2171 3101 servitute
2197 3044 2587 3113 corruptionis.
2621 3041 2728 3096 Ubi
2779 3040 3105 3095 notandum
3155 3040 3294 3109 quia
3332 3055 3447 3095 non
3480 3039 3566 3094 ait

1910 3135 2143 3188 tantum
2175 3131 2325 3202 ipsa,
2346 3130 2447 3184 sed
2480 3133 2531 3184 et
2560 3129 2705 3199 ipsa,
2736 3132 2975 3199 propter
3003 3144 3103 3183 eos
3133 3127 3233 3199 qui
3284 3125 3567 3184 credituri

1912 3224 2099 3287 erant,
2129 3223 2186 3274 et
2215 3217 2524 3274 liberandi.
2558 3218 2679 3288 Ipsa
2706 3220 2963 3272 creatura
2990 3215 3153 3284 dicit,
3184 3214 3243 3270 id
3292 3220 3382 3272 est
3433 3215 3562 3288 ipse

148 3306 213 3363 lis
234 3289 597 3365 testimoniis
615 3289 1159 3378 nititurapprobare
1181 3307 1549 3374 ;hominibus
1575 3309 1800 3379 subjec-
1830 3289 1873 3355 (ἶ
1913 3311 2109 3365 homo.
2146 3308 2275 3379 Ipsa
2300 3311 2585 3377 creatura,
2611 3304 2749 3377 quia
2771 3306 3021 3361 necdum
3052 3309 3143 3361 est
3163 3305 3417 3378 perfecta
3447 3304 3563 3361 for-

149 3396 183 3450 ti
212 3402 388 3467 sunt;
418 3398 578 3453 unde
596 3401 653 3451 et
674 3394 848 3449 subdi
874 3412 986 3449 non
1012 3395 1160 3465 (291)
1183 3394 1388 3449 volunt
1413 3412 1425 3449 :
1452 3395 1570 3450 Non
1622 3398 1806 3451 volens

152 3485 231 3540 sed
254 3494 494 3558 propter
522 3499 652 3538 eum
683 3483 780 3553 qui
807 3481 1041 3551 subjecit
1073 3484 1131 3536 in
1157 3498 1286 3554 spe;
1330 3483 1607 3554 quoniam
1640 3500 1805 3539 coac-

151 3572 268 3641 ti,a
324 3574 425 3631 sui
491 3570 782 3627 Creatoris
841 3570 1335 3641 contemplatione
1377 3571 1708 3638 discedunt,
1745 3578 1809 3627 ut

155 3660 494 3719 hominibus
520 3660 883 3715 famulentur
903 3664 959 3713 et
998 3675 1162 3730 spem
1188 3660 1463 3728 habeant,
1491 3665 1552 3714 ut
1599 3661 1671 3715 ab
1704 3661 1807 3715 ho-

157 3751 370 3809 minum
398 3751 684 3809 servitute
705 3748 1259 3805 liberentur.Restat
1280 3765 1438 3821 ergo,
1464 3750 1808 3805 uthomines

154 3839 432 3899 beatiores
465 3839 707 3912 Angelis
739 3837 1139 3911 intelligamus
1166 3856 1178 3906 ;
1214 3839 1536 3910 preesertim
1560 3856 1680 3906 eos,
1704 3840 1806 3911 qui

150 3928 263 3999 jam
295 3930 702 4002 requiescunt,
736 3931 803 3983 ut
832 3927 1083 3983 Lazarus
1114 3928 1173 3982 in
1194 3929 1325 3983 sinu
1350 3928 1691 3999 Abrahae,ut
1711 3928 1809 3983 ille

154 4019 497 4077 venerabilis
529 4018 699 4089 latro,
733 4016 858 4089 qui,
919 4033 986 4072 eo
1046 4018 1162 4084 die,
1196 4034 1312 4089 quo
1361 4018 1631 4087 credidit,
1673 4035 1807 4073 cum

158 4110 258 4163 Deo
288 4108 653 4165 constitutus
685 4111 774 4161 est
805 4105 860 4161 in
922 4106 1222 4161 Paradiso.
1257 4108 1392 4174 Sed,
1425 4113 1482 4161 et
1529 4106 1624 4161 hic
1655 4108 1808 4162 refu—

158 4200 346 4254 tantus
377 4201 471 4253 est
500 4212 737 4251 sensus.
765 4195 959 4266 Longe
990 4212 1128 4267 ergo
1160 4194 1333 4250 aliter
1367 4196 1488 4251 haec
1519 4196 1812 4251 sententia

158 4283 534 4359 intelligenda
588 4292 697 4339 est.
758 4283 1182 4356 Unusquisque
1263 4285 1417 4339 enim
1479 4286 1807 4354 doctorum,

160 4376 302 4445 quod
326 4374 562 4441 habuit,
586 4374 693 4429 hoc
715 4372 776 4428 in
799 4373 1045 4429 donaria
1067 4373 1167 4428 Dei
1192 4373 1478 4429 contulit:
1511 4374 1675 4429 Alius
1707 4392 1809 4429 au-

160 4478 302 4531 rum,
335 4463 490 4521 alius
523 4467 856 4535 argentum,
890 4461 1042 4517 alius
1075 4463 1314 4532 ferrum,
1339 4466 1445 4517 etc.
1470 4462 1594 4517 Non
1620 4463 1810 4518 solum

161 4556 344 4608 autem
367 4552 616 4619 hoc,sed
640 4552 812 4606 etiam
832 4550 891 4605 in
912 4551 1070 4605 omni
1096 4567 1275 4606 sacrae
1321 4551 1632 4621 Scriptura:
1665 4551 1809 4619 loco,

1915 3414 2011 3452 ma
2042 3396 2296 3451 ﬁliorum
2333 3393 2557 3458 Dei,sed
2592 3398 2833 3449 vocatur
2863 3398 3092 3449 tantum
3126 3392 3566 3448 creatura.Nam

1916 3502 2050 3540 cum
2083 3484 2186 3553 ait,
2220 3488 2271 3538 et
2299 3484 2440 3553 ipsa,
2474 3481 2779 3537 subaudiri
2825 3481 3030 3551 voluit,
3065 3480 3569 3553 quemadmodum

1918 3562 2047 3641 nos,
2082 3576 2145 3627 ut
2176 3572 2254 3627 sit
2284 3588 2495 3626 sensus
2525 3587 2537 3624 :
2597 3587 2702 3625 nec
2755 3570 2825 3624 de
2874 3568 2970 3625 his
2999 3568 3434 3641 desperandum
3466 3567 3569 3639 qui

1918 3662 2170 3717 necdum
2203 3660 2597 3729 crediderunt,
2655 3658 2906 3714 necdum
2967 3656 3071 3713 ﬁlii
3128 3656 3230 3713 Dei
3266 3660 3570 3726 vocantur,

1918 3750 2195 3822 quoniam
2229 3753 2286 3803 et
2316 3748 2426 3819 ipsi
2460 3748 2720 3812 credent,
2754 3752 2810 3802 et
2835 3747 2907 3801 ab
2938 3746 3048 3802 hac
3097 3744 3373 3802 servitute
3424 3744 3576 3802 libe-

1918 3841 2229 3903 rabuntur,
2265 3838 2418 3892 sicut
2449 3835 2696 3906 nes,qui
2717 3836 2845 3907 jam
2869 3833 2974 3889 ﬁlii
2997 3833 3099 3891 Dei
3130 3849 3574 3905 sumus,quam-

1916 3929 2005 3984 vis
2038 3928 2298 3983 nondum
2333 3925 2669 3997 apparuerit
2700 3924 2844 3995 quid
2875 3923 3118 3979 erimus.

1991 4020 2114 4082 Quo
2145 4019 2338 4071 autem
2374 4013 2603 4069 liberati
2635 4012 3017 4069 transibunt?
3045 4014 3108 4067 In
3138 4012 3469 4083 libertatem,
3489 4010 3575 4066 in-

1920 4105 2074 4177 quit,
2095 4106 2295 4173 gloriee
2324 4103 2573 4173 ﬁliorum
2601 4102 2721 4158 Dei.
2755 4101 2824 4155 Et
2853 4104 2944 4155 est
2974 4116 3217 4156 sensus:
3250 4098 3363 4172 ipsi
3395 4099 3572 4155 etiam

1920 4212 1988 4250 ex
2020 4192 2202 4249 servis
2260 4191 2450 4261 liberi,
2484 4207 2553 4245 ex
2593 4188 2840 4246 mortuis
2873 4192 3045 4245 erunt
3098 4187 3338 4261 gloriosi
3370 4188 3427 4243 in
3460 4188 3575 4244 vita

1920 4289 2157 4349 aeterna,
2194 4297 2371 4353 quam
2406 4280 2708 4336 habebunt
2738 4278 2839 4333 filii
2871 4278 2991 4333 Dei.

1990 4374 2208 4428 Scimus
2237 4373 2390 4426 enim
2415 4370 2554 4441 quod
2600 4370 2779 4425 omnis
2824 4377 3100 4433 creatura,
3147 4370 3256 4421 etc.
3290 4364 3573 4437 Superius

1924 4462 2005 4517 ait
2031 4464 2286 4526 aestimo;
2318 4476 2474 4513 nunc
2504 4462 2698 4513 autem
2730 4457 2951 4511 scimus.
2985 4454 3151 4509 Sicut
3194 4468 3330 4525 ergo
3379 4453 3489 4508 hoc
3518 4458 3579 4511 et

1923 4549 2068 4605 illud
2113 4546 2517 4604 confirmative
2566 4546 2789 4599 dictum
2836 4541 3083 4614 intelligi
3135 4542 3328 4598 debet.
3370 4541 3579 4600 Omnis

163 4638 250 4695 ille
281 4658 495 4698 sensus
528 4646 619 4696 est
645 4640 1055 4711 requirendus,
1084 4638 1184 4710 qui
1218 4639 1514 4694 catholica
1549 4640 1812 4695 {ideinon
1848 4656 1892 4720 υ
1925 4643 2121 4694 autem
2176 4640 2461 4702 creatura,
2490 4638 2555 4689 ut
2582 4632 2805 4688 dictum
2837 4630 3022 4701 est,in
3046 4631 3282 4720 homine
3312 4648 3583 4689 numera-

166 4730 324 4802 obsit,
358 4736 417 4786 et
449 4728 744 4785 unitatem
778 4727 1045 4784 Ecclesia:
1079 4746 1194 4783 non
1227 4728 1480 4782 scindat.
1515 4730 1818 4801 Quaprop-

167 4821 244 4873 ter
271 4820 588 4877 sciendum
622 4817 760 4890 quia
810 4818 1018 4872 beatus
1050 4817 1417 4888 Augustinus
1451 4817 1598 4871 hanc
1630 4834 1822 4888 ψιωε-

170 4908 371 4966 tionem
408 4907 877 4980 profundissimc
902 4906 1275 4979 investigavit
1297 4911 1357 4961 et
1395 4907 1686 4961 enodavit.
1722 4907 1824 4961 Di-

171 4997 240 5052 cit
267 4999 423 5054 enim
460 5015 567 5071 per
596 5002 927 5052 creaturam
960 4996 1264 5051 hominem
1318 4996 1679 5066 signiﬁcari;
1722 5011 1826 5050 nec

174 5086 350 5143 solum
374 5105 481 5160 per
502 5085 966 5156 creaturam,sed
993 5085 1168 5139 etiam
1197 5102 1297 5155 per
1319 5102 1553 5139 onmem
1596 5090 1827 5140 creatu-

176 5178 502 5244 ram;unde
528 5175 814 5231 Dominus
838 5175 894 5228 in
919 5173 1263 5245 Evangelio:
1308 5176 1507 5229 Euntes
1568 5176 1625 5229 in
1670 5192 1830 5227 mun-

178 5262 295 5320 dum
327 5268 672 5336 universum,
703 5264 1001 5335 prmdicale
1030 5264 1386 5333 Evangelium
1427 5265 1583 5318 omni
1611 5268 1828 5319 creatu-

182 5368 253 5410 τιῑι
280 5356 460 5427 (Marc.
498 5371 619 5426 xvx,
656 5355 766 5424 15.)
828 5354 894 5408 Et
945 5352 1101 5407 idem
1153 5352 1505 5423 Apostolus:
1542 5352 1679 5407 Cum
1717 5354 1828 5423 cui,

182 5444 474 5501 credidistis
505 5445 571 5501 in
600 5447 862 5500 universa
915 5445 1193 5507 creatura,
1251 5457 1377 5513 qua:
1432 5441 1535 5497 sub
1592 5442 1726 5495 ciete
1755 5449 1833 5497 est

249 5569 395 5641 (287)
424 5569 604 5643 Vulg.
638 5570 870 5642 subjecit
899 5568 1119 5643 cam_in
1138 5582 1260 5643 spe.

250 5637 393 5709 (288)
425 5643 490 5699 In
525 5637 750 5713 Avutog.’
778 5656 1010 5712 semper
1037 5637 1254 5711 legitur
1287 5637 1561 5707 Origem's.

252 5714 397 5785 (289)
430 5716 725 5787 Fortasse,
758 5727 857 5787 pro
888 5716 1171 5771 creatura.

1930 4732 2045 4782 tur.
2080 4725 2417 4795 Ingemiscat,
2477 4726 2530 4778 et
2572 4722 2815 4793 parturit
2855 4736 3023 4792 usque
3052 4719 3234 4776 adhuc
3260 4736 3281 4781 ;
3313 4720 3581 4791 quaedam

1933 4812 2288 4885 exemplaria
2318 4811 2538 4867 habent
2566 4809 2956 4880 ingemiscit,et
2985 4808 3147 4864 dolet.
3168 4808 3263 4864 Sic
3292 4824 3430 4880 ergo
3458 4807 3583 4863 dic-

1935 4908 2058 4958 tum
2092 4906 2199 4972 est,
2233 4900 2399 4971 quasi
2434 4900 2758 4955 diceretur:
2794 4897 3147 4970 ingemiscit,
3172 4901 3229 4951 et
3253 4896 3422 4967 quasi
3455 4913 3585 4968 par-

1939 4991 2161 5046 turiens
2194 4989 2368 5046 dolet.
2432 4989 2771 5062 lngemiscit
2826 4992 3021 5043 autem
3081 4989 3345 5040 creatura
3375 4985 3434 5039 in
3466 4983 3586 5040 illis

1936 5081 2036 5151 qui
2070 5081 2333 5135 nondum
2369 5084 2509 5134 sunt
2540 5076 2791 5133 liberati.
2821 5074 3224 5147 Ingemiscunt
3251 5078 3447 5129 autem
3480 5090 3585 5146 pro

1937 5169 2114 5224 variis
2145 5167 2617 5231 difﬁcultatibus,
2650 5170 2708 5219 et
2765 5162 3065 5229 aerumnis,
3098 5179 3248 5234 quas
3284 5163 3590 5235 patiuntur

1940 5259 1997 5313 in
2030 5260 2145 5313 vita
2180 5257 2471 5331 praesenti.
2508 5256 2574 5309 Et
2604 5258 2757 5308 recte
2780 5252 2861 5307 ait
2891 5268 3059 5323 usque
3088 5251 3283 5319 adhuc,
3309 5250 3589 5323 quoniam

1940 5349 2049 5403 etsi
2076 5352 2217 5403 sunt
2248 5346 2347 5418 qui
2372 5346 2497 5416 jam
2531 5342 2929 5413 requiescunt,
2962 5339 3134 5396 multi
3165 5345 3364 5396 tamen
3396 5339 3591 5396 adhuc

1942 5442 2081 5493 sunt
2110 5436 2209 5509 qui
2242 5436 2348 5490 has
2380 5430 2649 5488 miserias
2680 5430 3007 5503 patiuntur.

2013 5562 2162 5633 (290)
2196 5560 2279 5614 En
2312 5556 2650 5633 praeclaram
2683 5554 3033 5633 sententiam
3064 5553 3317 5633 hujusce
3340 5551 3597 5609 auctoris

1943 5624 2217 5705 dignam,_
2238 5624 2688 5705 etftemporibus
2718 5628 2845 5684 suis
2874 5624 3507 5705 accomodatissimam.

2018 5697 2165 5781 (291)
2201 5702 2259 5758 in
2291 5697 2526 5774 Autog.,
2557 5698 2683 5757 loco
2714 5715 2847 5785 non,
2875 5697 3093 5779 legitur
3122 5700 3259 5763 tum,
