3942 6396
429 429 546 491 20⁸7

1428 423 1763 487 ATTONIS
1804 424 2389 489 VERCELLENSIS
2434 429 2790 491 EPISCOPI

3715 437 3837 500 208

499 561 619 616 Non
643 559 825 616 solum
843 559 1027 614 autem
1045 555 1167 623 illa,
1191 555 1250 610 id
1272 559 1360 612 est
1408 555 1601 611 omnis
1645 559 1930 623 creatura,
1980 557 2070 613 sed
2097 558 2153 625 Α
2182 559 2351 615 nobis
2373 560 2645 632 sumpsit,
2670 560 3064 631 resurrexit,et
3085 563 3257 619 caelos
3278 566 3653 635 conscendit;
3678 569 3839 623 unde

432 648 580 719 (292)
610 663 709 702 nos
735 648 867 719 ipsi,
890 661 956 702 ac
973 646 1022 701 si
1046 648 1245 717 aperte
1268 643 1483 699 diceret
1506 642 1622 699 :illi
1644 660 1883 717 corpore
1912 645 2076 717 inge-

432 736 714 804 miscunt,
738 735 1017 808 quoniam
1040 733 1284 805 spiritus
1304 732 1362 787 in
1385 732 1695 800 eis,anima
1715 733 1895 789 simul
1928 736 2076 807 (293)

429 827 488 880 et
516 838 730 896 corpus
759 822 1058 880 dolet.Nos
1078 824 1296 886 autem,
1329 820 1427 891 qui
1476 822 1739 893 corporis
1779 823 2077 879 molestias

436 911 867 984 superavimus,
899 910 1091 966 carnis
1121 908 1624 980 concupiscentiae
1652 910 1920 977 vicimus,
1953 910 2076 966 solo

433 999 644 1072 spiritu
702 998 991 1067 dolemus,
1021 997 1276 1069 exceptis
1326 996 1610 1054 molestiis
1642 1015 1973 1070 corporum.
2007 1000 2077 1055 Et

432 1091 500 1142 ut
529 1086 860 1143 ostenderet
888 1086 990 1157 qui
1036 1085 1175 1153 sint,
1208 1085 1456 1156 adjecit:
1502 1088 1790 1158 primitias
1843 1088 2074 1159 spiritus

427 1174 708 1243 habentes,
742 1174 801 1229 id
828 1179 936 1241 est,
991 1174 1093 1246 qui
1156 1174 1513 1230 sacriﬁcium
1557 1174 1800 1246 spiritus
1842 1181 2075 1233 nostros

423 1261 540 1319 Deo
572 1262 917 1331 obtulimus,
951 1266 1009 1319 et
1035 1262 1097 1318 in
1127 1262 1343 1333 quibus
1374 1262 1617 1334 spiritus
1647 1264 1782 1335 igne
1822 1264 2075 1320 charita-

420 1350 499 1406 tis
528 1350 759 1407 accensi
791 1355 848 1406 et
879 1350 1291 1422 comprehensi
1320 1354 1481 1417 sunt,
1529 1367 1638 1407 nos
1683 1352 1913 1421 animae,
1946 1369 2072 1424 quae

424 1441 657 1494 mentes
713 1442 949 1493 nostras
1004 1437 1297 1509 primitias
1352 1438 1470 1494 Deo
1531 1439 1892 1496 obtulimus:
1944 1442 2073 1512 jam

427 1525 587 1582 enim
618 1525 974 1583 sacriﬁcium
1003 1525 1097 1581 sui
1128 1525 1370 1598 spiritus
1386 1527 1503 1583 Deo
1533 1528 1842 1598 obtulerat,
1867 1529 1968 1601 qui
1988 1530 2075 1585 di-
2112 1567 2121 1576 .

428 1615 634 1671 cebat:
665 1617 854 1672 Mente
878 1614 1060 1671 servio
1093 1614 1203 1687 legi
1230 1617 1375 1678 Dei;
1403 1633 1573 1672 carne
1600 1622 1785 1672 autem
1816 1618 1925 1687 legi
1948 1635 2073 1689 pec-

421 1704 537 1758 cati
562 1702 736 1775 (Rom.
769 1720 813 1768 ι,
841 1704 940 1772 9);
997 1702 1177 1759 item:
1239 1703 1344 1760 Cui
1385 1706 1561 1761 servio
1609 1708 1671 1760 in
1715 1708 1915 1777 spiritu
1955 1723 2073 1762 meo

422 1789 600 1863 (Rom.
629 1808 732 1857 vu,
763 1791 877 1862 25).
911 1790 1043 1848 Sive
1097 1791 1226 1847 ideo
1279 1792 1462 1848 dicit:
1513 1794 1805 1849 Primitias
1841 1796 2074 1866 spiritus

424 1878 725 1948 habentes;
783 1878 920 1952 quia
976 1878 1123 1951 ipsis
1172 1878 1361 1951 primo
1411 1881 1720 1937 manifeste
1769 1883 1940 1938 datus
1984 1887 2074 1938 est

421 1966 674 2040 Spiritus
705 1971 966 2024 sanctus.

492 2057 560 2111 Et
587 2057 697 2128 ipsi
724 2058 877 2113 intra
902 2071 1002 2112 nos
1030 2057 1444 2128 ingemiscimus
1461 2075 1482 2119 ;
1503 2058 1562 2113 id
1583 2058 1782 2127 est,illi
1806 2060 2067 2131 quidem,

421 2144 681 2201 exterius
698 2143 760 2201 in
781 2161 1044 2218 corpore,
1076 2161 1184 2201 nos
1208 2150 1405 2201 autem
1427 2148 1680 2203 exterius
1710 2153 1921 2219 praeter
1939 2165 2071 2204 cor-

420 2233 725 2305 pus.Unde
744 2238 941 2290 autem
967 2234 1045 2290 sit
1063 2234 1175 2291 iste
1193 2234 1469 2306 gemitus,
1511 2237 1784 2305 ostendit,
1818 2238 2067 2310 subjun-

419 2335 603 2393 gens:
633 2322 986 2394 Adoptionem
1033 2323 1278 2393 ﬁliorum
1341 2324 1491 2395 (294)
1551 2331 1938 2399 exspectantes,
1987 2344 2070 2383 re-

420 2408 785 2481 demptionem
810 2412 1051 2482 corporis
1077 2413 1274 2466 nostri.
1306 2413 1417 2467 Sed
1475 2415 1741 2485 nunquid
1791 2432 1904 2471 non
1939 2418 2067 2488 jam

423 2501 551 2555 erat
561 2498 898 2570 redemptus
911 2498 1226 2570 ?Nunquid
1241 2516 1355 2555 non
1370 2500 1471 2555 Dei
1496 2501 1692 2558 ﬁlius?
1704 2504 1837 2558 Erat
1859 2504 2029 2575 plane
2050 2521 2063 2561 :

420 2582 703 2658 quoniam
730 2585 850 2652 iam
872 2586 1139 2643 Christus
1158 2604 1263 2659 pro
1286 2603 1353 2644 eo
1375 2590 1727 2661 sanguinem
1772 2604 1946 2647 suum
1971 2594 2067 2649 fu-

420 2675 731 2746 derat,jam
753 2674 963 2731 laxatis
975 2675 1035 2730 in
1056 2675 1411 2748 baptismate
1423 2679 1808 2752 peccatis,per
1818 2683 2064 2753 gratiam

418 2764 609 2820 sancti
642 2763 895 2835 Spiritus
924 2762 986 2818 in
1019 2764 1389 2835 adoptionem
1445 2766 1699 2823 ﬁliorum
1730 2771 2063 2826 transierat.

415 2851 721 2916 Quomodo
743 2867 880 2923 ergo
894 2853 1307 2923 exspectabat?
1320 2854 1722 2928 Scilicet,quia
1743 2860 2065 2931 redemptio

417 2939 565 3007 haec,
596 2944 654 2994 et
682 2939 917 3011 adoptio
962 2942 1214 2996 necdum
1257 2945 1509 3014 perfecta
1557 2950 1681 3013 est;
1734 2948 2068 3018 perﬁcietur

420 3033 642 3099 autem,
660 3043 793 3084 cum
817 3029 1064 3084 mortale
1085 3029 1195 3086 hoc
1215 3031 1623 3088 absorbebitur
1654 3034 1711 3089 in
1746 3036 1948 3092 vitam.
1972 3039 2067 3093 Ait

416 3117 616 3189 itaque
641 3133 655 3171 :
676 3117 1035 3188 Adoptionem
1064 3118 1310 3187 ﬁliorum
1339 3125 2065 3197 exspectantes,redemptio-

420 3221 550 3261 nem
576 3207 818 3278 corporis
844 3208 1024 3262 nostri
1039 3223 1061 3268 ;
1091 3223 1156 3263 ac
1178 3207 1227 3263 si
1248 3213 1512 3279 patenter
1540 3211 1756 3267 diceret
1780 3230 1792 3269 :
1820 3214 2063 3286 Exspec-

2184 652 2242 701 et
2270 647 2428 703 salva
2479 649 2628 703 facta
2681 654 2790 704 est.
2846 650 2992 705 Hinc
3021 666 3156 722 ergo
3216 658 3272 707 et
3304 671 3409 709 nos
3440 654 3500 709 in
3558 672 3665 728 spe
3695 655 3844 711 salvi

2185 736 2323 792 facti
2354 753 2582 805 sumus,
2616 738 2893 809 quoniam
2945 757 3046 811 spe
3076 741 3400 797 certissime
3445 748 3741 816 tenemus,
3776 750 3845 800 ut

2185 826 2536 896 quandoque
2559 827 2629 881 ad
2662 827 2851 898 ipsam
2875 827 3334 886 immortalitatis
3356 829 3607 903 gloriam
3644 814 3842 905 perve-

2187 931 2443 970 nlamus.

2254 1047 2466 1103 Volens
2488 1048 2738 1119 denique
2760 1049 3072 1120 Apostolus
3098 1054 3402 1108 ostendere
3429 1069 3596 1124 spem
3629 1054 3690 1109 in
3723 1054 3841 1111 illis

2182 1135 2359 1191 rebus
2387 1153 2535 1204 esse,
2560 1153 2687 1208 quae
2719 1155 2834 1193 non
2856 1139 3147 1206 videntur,
3178 1141 3392 1211 adjecit
3417 1159 3430 1197 :
3464 1146 3600 1213 Spes
3628 1146 3838 1211 autem,

2182 1241 2305 1295 quae
2336 1225 2548 1281 videtur
2574 1243 2687 1282 non
2715 1230 2792 1281 est
2819 1244 2959 1299 spes.
2995 1229 3240 1297 Rursus,
3275 1236 3338 1285 ut
3369 1233 3703 1287 ostenderet
3728 1233 3841 1288 dif-

2184 1315 2490 1370 ferentiam
2510 1315 2661 1369 inter
2691 1332 2854 1387 spem
2877 1321 2934 1371 et
2957 1334 3099 1384 rem,
3134 1319 3435 1388 subjunxit
3461 1337 3473 1377 :
3509 1321 3659 1389 Quid
3686 1323 3845 1377 enim

2182 1403 2322 1458 videt
2349 1404 2493 1475 quis,
2552 1403 2685 1475 quid
2737 1409 2919 1476 sperat
2972 1406 3166 1478 (206)?
3222 1408 3403 1464 Nemo
3451 1411 3607 1481 quod
3656 1411 3839 1481 videt,
3938 1402 3942 1433 ³

2182 1497 2414 1562 sperat:
2449 1492 2607 1563 quia,
2640 1497 2743 1548 aut
2772 1493 2980 1559 oculis,
3003 1500 3106 1550 aut
3138 1498 3410 1553 manibus
3441 1503 3615 1553 tenet.
3648 1501 3715 1555 Si
3743 1517 3843 1556 au-
3938 1494 3942 1501 “

2184 1585 2310 1647 tem,
2342 1578 2483 1649 quod
2535 1595 2645 1633 non
2676 1580 2940 1648 videmus,
3000 1599 3305 1653 speramus,
3351 1602 3456 1656 per
3496 1588 3839 1657 patientiam

2181 1671 2573 1737 exspectamus.
2609 1667 2675 1722 Et
2695 1674 2784 1723 est
2812 1686 3022 1725 sensus
3052 1689 3065 1726 :
3103 1672 3185 1738 Si,
3209 1674 3362 1744 quod
3397 1691 3513 1730 non
3544 1676 3842 1745 videmus,

2180 1755 2468 1825 patienter
2496 1761 2925 1828 exspectamus,
2948 1764 3014 1814 ut
3034 1762 3387 1833 quandoque
3413 1763 3680 1820 obtinere
3710 1782 3846 1836 pos-

2182 1843 2390 1899 simus.
2420 1845 2728 1901 Evidenter
2754 1846 2953 1918 itaque
2982 1850 3295 1921 Apostolus
3318 1851 3425 1907 hoc
3458 1852 3613 1909 dicto
3644 1858 3843 1910 osten-

2099 1925 2146 1990 Β
2178 1931 2315 1987 dere
2343 1932 2527 1989 voluit
2583 1934 2723 2005 quia
2769 1935 2955 1992 virtus
3006 1939 3129 2009 spei
3180 1940 3239 1994 in
3284 1942 3452 1997 nobis
3482 1942 3839 2013 patientiam

2180 2027 2439 2092 generat.
2475 2022 2762 2078 Patientia
2798 2029 2994 2080 autem
3044 2044 3159 2083 non
3191 2033 3281 2084 est
3325 2031 3385 2085 in
3419 2032 3720 2104 prosperis
3750 2050 3840 2089 re-

2176 2109 2311 2175 bus,
2342 2111 2559 2181 quibus
2592 2112 2863 2184 fruimur,
2900 2116 2999 2170 scd
3033 2116 3093 2171 in
3124 2117 3405 2188 adversis,
3438 2120 3656 2192 quibus
3691 2122 3839 2177 afﬂi-

2178 2214 2389 2255 clmur.

2250 2331 2452 2401 Igitur,
2486 2333 2623 2403 quia
2652 2334 2877 2390 dixerat
2908 2339 3215 2407 superius:
3252 2341 3367 2412 Ipse
3399 2343 3642 2413 Spiritus
3674 2347 3842 2401 testi-
3940 2412 3942 2415 ι

2175 2421 2429 2474 monium
2447 2422 2634 2477 reddit
2656 2424 2885 2495 spiritui
2910 2436 3090 2482 nostro
3110 2445 3131 2489 ,°
3162 2428 3379 2485 idcirco
3411 2448 3566 2487 nunc
3597 2433 3843 2505 subjun-

2178 2507 2301 2563 xit:
2333 2510 2611 2565 Similiter
2641 2518 2859 2584 autem,
2892 2518 2948 2569 et
2974 2515 3219 2585 spiritus
3254 2520 3493 2589 adjuvat
3523 2521 3840 2579 infirmita-

2180 2601 2297 2652 tem
2330 2601 2614 2666 nostram,
2640 2600 2696 2654 id
2721 2606 2830 2666 est,
2855 2603 3008 2657 sicut
3029 2605 3428 2663 testimonium
3462 2610 3655 2665 reddit
3674 2611 3758 2666 ita
3784 2617 3841 2668 et
3939 2635 3942 2638 ‘

2175 2685 2582 2742 infirmitatem
2614 2693 2874 2745 nostram
2901 2692 3155 2761 adjuvat.
3182 2698 3261 2750 Ac
3295 2714 3395 2768 per
3426 2698 3535 2753 hoc
3556 2700 3834 2771 Spiritus,
3940 2746 3942 2771 ε

2177 2791 2292 2829 non
2326 2779 2543 2845 noster,
2577 2777 2676 2831 sed
2707 2777 2960 2849 Spiritus
2999 2786 3236 2838 sanctus
3270 2786 3689 2859 intelligendus
3722 2797 3835 2846 est.
3926 2826 3942 2863 χ

2176 2863 2608 2930 Infirmitatem,
2660 2883 2774 2920 non
2825 2884 3157 2941 corporum,
3191 2874 3290 2928 sed
3341 2878 3632 2932 montium
3664 2879 3832 2935 dicit.
3938 2944 3942 2951 ⁴

2176 2953 2583 3008 Infirmitatem
2604 2954 2773 3025 plane
2788 2958 3362 3031 vocatinsipientiam
3392 2982 3589 3021 :mens
3608 2969 3831 3026 etenim
3938 3010 3942 3041 ι

2175 3046 2375 3096 nostra
2404 3046 2679 3114 gravatur
2728 3045 3086 3117 insipientia,
3137 3052 3236 3105 sed
3289 3053 3543 3124 Spiritus
3586 3062 3832 3114 sanctus
3940 3100 3942 3131 ξ

2174 3130 2412 3200 adjuvat
2440 3130 2840 3189 infirmitatem
2873 3141 3174 3207 nostram;
3211 3141 3367 3211 quia,
3402 3143 3541 3199 dum
3575 3145 3831 3204 cbarita-
3936 3190 3942 3221 λ

2171 3222 2291 3275 tem
2314 3224 2371 3274 et
2394 3220 2556 3291 pium
2579 3222 2903 3292 spiritualis
2926 3227 3124 3295 gratiae
3147 3229 3417 3286 affectum
3439 3231 3720 3301 infundit,
3741 3252 3829 3303 ea,

421 3296 637 3361 tantes,
672 3298 737 3349 ut
761 3309 975 3366 corpus
1028 3278 1374 3352 beneﬁcium
1435 3300 1765 3371 adoptionis
1797 3278 2064 3375 accipiat,
2096 3288 2138 3355 C
2175 3324 2301 3380 qua:
2332 3278 2696 3379 ignoramus,
2721 3278 2959 3368 revelat:
2996 3278 3508 3389 UndeﬁA—postolus,
3537 3278 3603 3377 ut
3633 3278 3833 3381 os’teii:

374 3452 375 3455 η
421 3396 542 3454 qua
570 3381 755 3436 vocati
787 3398 994 3438 sumus
1026 3383 1131 3437 ﬁlii
1165 3384 1282 3453 Dei,
1317 3391 1381 3440 ut
1436 3404 1542 3442 nos
1590 3394 1743 3445 totos
1791 3390 2066 3449 liberatos

417 3470 708 3539 ostendat,
741 3474 798 3525 et
827 3486 895 3526 ex
924 3471 1082 3526 omni
1112 3477 1275 3542 parte
1301 3474 1403 3529 Dei
1435 3475 1586 3532 ﬁlios
1618 3478 1971 3536 manifestat.

485 3558 903 3615 Verumtamen
936 3564 1163 3631 poterat
1192 3561 1405 3633 aliquis
1436 3564 1659 3621 dicere:
1695 3567 1739 3621 Ο
1768 3570 2061 3641 Apostole,

418 3646 563 3719 quid
583 3645 813 3718 gemis?
832 3646 980 3712 Quid
1004 3647 1205 3703 doles?
1218 3649 1367 3712 Quid
1390 3649 1495 3705 tibi
1528 3653 1747 3721 profuit
1768 3655 2065 3712 Christus?

417 3734 717 3800 Quomodo
736 3740 794 3789 te
814 3734 1059 3789 salvavit
1081 3734 1348 3792 Salvator
1368 3739 1581 3808 tuus,si
1614 3741 1807 3797 adhuc
1838 3745 2065 3814 gemis?

418 3820 529 3885 Qui
560 3820 716 3876 enim
748 3822 952 3892 gemit,
1000 3822 1357 3881 infirmatur.
1400 3826 1547 3897 (295)
1604 3829 1686 3882 Ad
1739 3830 1859 3885 haec
1891 3834 2062 3904 quasi

420 3909 770 3981 respondet:
801 3911 907 3981 Spe
934 3912 1084 3965 enim
1109 3913 1254 3967 salvi
1277 3915 1419 3983 facti
1437 3930 1648 3972 sumus.
1696 3917 1800 3973 Ubi
1851 3926 2063 3976 notan-

418 3998 584 4069 dum,
617 3997 756 4070 quia
784 4014 901 4053 non
931 3998 1032 4068 ait,
1062 4014 1157 4071 spe
1181 4002 1326 4056 salvi
1346 4019 1557 4076 sumus,
1593 4007 1693 4061 sed
1723 4009 1866 4063 salvi
1905 4011 2058 4080 facti.

418 4085 624 4142 Salvos
646 4101 900 4157 namque
925 4103 1032 4143 nos
1067 4088 1204 4144 fecit
1226 4089 1495 4149 Christus
1514 4109 1618 4165 per
1648 4093 1945 4153 lavacrum
1982 4115 2064 4155 re-

422 4174 835 4247 generationis,
858 4179 915 4230 et
934 4172 1323 4233 renovationis
1348 4197 1361 4246 ;
1385 4182 1485 4235 sed
1509 4184 1771 4239 nondum
1812 4188 2064 4257 perfecta

423 4268 512 4320 est
540 4262 662 4318 haec
691 4261 873 4333 salus,
908 4264 1184 4335 quoniam
1216 4269 1480 4323 nondum
1528 4269 1815 4329 habemus
1861 4275 1920 4329 in
1962 4294 2059 4332 re:

421 4353 641 4426 quippe
668 4352 928 4407 nondum
964 4354 1237 4425 apparuit
1265 4355 1404 4427 quid
1436 4358 1676 4416 erimus.
1727 4361 1892 4418 Nunc
1927 4382 2063 4437 ergo

417 4446 653 4515 tempus
676 4446 766 4496 est
794 4440 952 4509 ﬁdei,
984 4441 1261 4512 quoniam
1311 4461 1415 4517 per
1462 4447 1640 4503 ﬁdem
1673 4453 1972 4508 credentes
2002 4455 2061 4511 in

416 4528 1384 4603 Christumsalvamur.Nam,sicut
1406 4535 1558 4591 idem
1573 4538 1885 4609 Apostolus
1898 4542 2058 4599 dicit.

2176 3398 2336 3452 deret
2366 3415 2543 3469 quam
2568 3398 2973 3456 inﬁrmitatem
3000 3404 3227 3474 dixerit,
3253 3409 3466 3477 adjecit
3490 3428 3502 3465 :
3537 3412 3673 3466 Nam
3698 3414 3833 3485 quid

2175 3502 2409 3557 oremus,
2440 3490 2581 3541 sicut
2631 3495 2843 3556 oportet
2888 3496 3180 3549 nescimus.
3232 3496 3446 3567 Oratio,
3481 3516 3608 3571 quae
3640 3501 3833 3575 impe—

2172 3577 2290 3629 trat
2319 3576 2473 3645 quod
2499 3576 2659 3646 petit,
2693 3579 2933 3635 domum
2958 3582 3051 3636 Dei
3081 3600 3143 3637 se
3164 3600 3291 3639 esse
3319 3586 3611 3643 evidenter
3640 3596 3837 3648 osten-

2174 3662 2278 3715 dit.
2312 3665 2625 3734 Apostolus
2648 3666 2844 3738 itaque
2867 3674 2931 3723 ut
2949 3673 3283 3728 ostenderet
3303 3675 3477 3731 etiam
3501 3679 3833 3737 orationem

2174 3751 2328 3805 inter
2357 3769 2603 3807 munera
2623 3754 2724 3809 Dei
2750 3761 3097 3830 computari,
3130 3761 3246 3817 ait:
3280 3766 3427 3818 Nam
3449 3768 3580 3837 quid
3609 3785 3836 3827 oremus

2172 3840 2315 3894 sicut
2343 3846 2553 3908 oportet
2608 3846 2922 3900 nescimus:
2976 3850 3116 3918 quia
3173 3853 3328 3907 enim
3388 3872 3501 3909 non
3555 3857 3834 3916 videmus

2175 3944 2299 3999 quae
2359 3931 2785 3999 promittuntur
2840 3937 3007 4005 (297),
3068 3939 3366 3997 nescimus
3424 3959 3608 4013 orare,
3674 3947 3837 4004 sicut

2174 4387 2287 4441 que
2304 4372 2395 4441 pie
2417 4372 2607 4427 sciens
2636 4393 2648 4439 ;
2675 4393 2845 4432 nemo
2863 4384 3023 4434 casto
3046 4382 3252 4437 timore
3275 4384 3457 4440 Deum
3481 4387 3691 4461 diligit,
3712 4394 3837 4449 nisi

2172 4460 2419 4549 accipiat
2448 4463 2718 4532 spiritum
2745 4466 3063 4536 sapientiae,
3088 4475 3143 4525 et
3163 4472 3512 4543 intellectus,
3549 4478 3836 4549 spiritum

2172 4548 2395 4603 consilii
2426 4555 2480 4603 et
2503 4551 2881 4619 fortitudinis,
2901 4557 3175 4626 spiritum
3194 4561 3467 4630 scientia},
3493 4569 3549 4619 et
3566 4567 3834 4638 pietatis,
3939 4548 3942 4553 ⁴

415 4620 527 4674 Per
745 4618 1121 4685 ambulamus,
1152 4625 1203 4675 et
1231 4637 1342 4715 non
1365 4640 1465 4715 per
1493 4629 1724 4697 speciem
1754 4630 1822 4700 (II
1854 4630 1973 4686 Cor.
2002 4650 2057 4701 v,
2090 4651 2137 4715 D
2168 4641 2225 4691 et
2253 4636 2484 4692 timoris
2516 4639 2768 4697 Domini.
2817 4618 3096 4700 Similiter
3127 4665 3298 4704 nemo
3342 4618 3517 4707 habet

413 4707 490 4778 7).
521 4706 680 4762 Fidei
711 4710 904 4761 autem
939 4723 1159 4762 merces
1189 4713 1278 4764 est
1316 4712 1475 4768 salus
1532 4716 1863 4773 animarum
1921 4737 2056 4777 nos-

412 4801 659 4863 trarum,
695 4795 795 4850 sed
828 4794 948 4850 haec
978 4796 1307 4853 animarum
1343 4801 1527 4870 salus,
1549 4810 1607 4859 et
1628 4822 1937 4878 corporum
1968 4826 2058 4866 re-

415 4884 676 4957 demptio
706 4884 954 4939 necdum
993 4885 1245 4954 perfecta
1273 4892 1399 4956 est;
1432 4891 1569 4959 quia
1596 4892 1652 4946 in
1687 4911 1789 4965 spe
1826 4900 2054 4953 tantum

415 4972 723 5042 habemus,
755 4976 812 5028 et
841 4989 956 5027 non
987 4972 1045 5028 in
1078 4989 1157 5029 re.
1192 4976 1415 5047 Corpus
1445 4979 1601 5035 enim
1624 4984 1777 5052 quod
1800 5000 2059 5042 corrum-

414 5059 577 5130 pitur
607 5060 758 5131 (Sap.
789 5077 869 5127 Ix,
918 5062 1026 5130 15),
1070 5070 1364 5135 'aggravat
1415 5067 1698 5123 animam.
1759 5072 2059 5130 Praecessit

416 5152 613 5202 autem
646 5147 765 5201 haec
798 5148 958 5203 salus
989 5153 1046 5205 et
1072 5152 1395 5224 redemptio
1418 5154 1475 5207 in
1508 5156 1695 5227 capite
1726 5165 2058 5228 nostro,Do-

413 5234 575 5290 mino
596 5234 822 5290 scilicet
840 5236 977 5291 Jesu
1011 5238 1260 5307 Christo,
1283 5242 1563 5312 quoniam
1586 5260 1739 5314 caro,
1780 5263 1957 5317 quam
1988 5268 2057 5307 ex

482 5392 634 5464 (292)
662 5391 962 5464 Υιιιεεδσιι
989 5403 1040 5450 et
1065 5413 1182 5451 nos.

481 5463 954 5544 (29.3).Nota_h.ic,
985 5471 1042 5519 et
1073 5468 1249 5544 paulo
1302 5473 1572 5544 superius
1617 5476 2053 5536 distinctionem

409 5534 720 5606 ﬁeriginter
747 5534 1040 5606 spiritum,
1071 5534 1128 5592 et
1157 5534 1436 5597 animam.

500 5604 628 5676 294)
648 5603 820 5676 Vulg.
852 5603 1101 5676 ﬁliorum
1125 5609 1248 5665 Dei.

500 5606 628 5670 294)
648 5606 820 5674 Vulg.
852 5606 1101 5676 ﬁliorum
1125 5609 1248 5665 Dei.

476 5606 625 5752 E295)
654 5673 717 5734 In
745 5679 956 5747 Autog.
990 5693 1174 5749 marg.
1207 5696 1258 5736 c.
1290 5680 1435 5739 XXI.

2166 4740 2384 4796 veram,
2418 4726 2763 4783 charitatem
2797 4730 3105 4801 sinceram,
3138 4739 3562 4797 continentiam
3596 4744 3835 4819 religio-
3934 4770 3942 4825 ς

2170 4829 2316 4884 sam,
2352 4814 2463 4869 nisi
2497 4819 2785 4887 acceperit
2816 4821 3087 4890 spiritum
3122 4826 3372 4893 virtutis,
3405 4835 3461 4885 et
3488 4814 3831 4904 oharitatis,
3940 4814 3942 4863 ί

2167 4906 2224 4957 et
2253 4904 2642 4961 continentiae.
2671 4907 2861 4963 Simili
2889 4912 3059 4967 modo
3087 4930 3257 4969 nemo
3281 4923 3434 4973 recte
3464 4922 3670 4989 credit,
3709 4927 3831 4982 nisi

2166 4990 2379 5047 habeat
2417 4993 2691 5063 spiritum
2741 4998 2893 5053 fidei.
2927 5001 3017 5055 Sic
3068 5004 3243 5058 etiam
3285 5023 3455 5062 nemo
3487 5014 3643 5066 recte
3673 5020 3831 5079 orat,

2167 5079 2279 5134 nisi
2313 5081 2561 5151 accipiat
2592 5083 2861 5153 spiritum
2902 5091 3219 5147 orationis:
3258 5112 3371 5149 non
3403 5100 3558 5167 quod
3596 5104 3682 5155 tot
3708 5103 3833 5158 sint

2166 5168 2431 5238 spiritus,
2466 5170 2716 5240 Spiritus
2748 5175 2901 5230 enim
2954 5186 3193 5235 sanctus
3225 5199 3377 5238 unus
3407 5189 3515 5252 est,
3549 5189 3653 5242 sed
3686 5191 3832 5261 quia
3939 5190 3942 5261 ;

2167 5255 2285 5310 haec
2316 5258 2514 5313 omnia
2534 5268 2809 5330 operatur
2836 5282 2991 5321 unus
3014 5272 3187 5338 atque
3211 5270 3360 5340 idem
3387 5273 3664 5346 Spiritus,
3688 5255 3834 5334 divi-

2236 5416 2383 5504 (29ti)
2415 5418 2582 5490 Vulg.
2614 5437 2745 5475 nam
2795 5425 2933 5504 quod
2962 5428 3107 5482 videt
3140 5433 3291 5504 quis,
3338 5434 3471 5502 quid
3498 5442 3709 5504 sperat.
3744 5439 3832 5494 Ex

2163 5485 2256 5567 his
2287 5488 2483 5569 etiam,
2517 5485 2639 5583 (lium
2664 5485 3013 5583 sequ-untur2
3038 5485 3184 5583 satis
3206 5485 3473 5574 arguitur
3496 5485 3666 5574 {’16s}
3686 5485 3827 5583 quid

2162 5562 2493 5639 primavice
2511 5562 2833 5639 legendum
2865 5571 3012 5639 quod
3038 5572 3204 5627 videt.

2233 5630 2380 5700 (297)
2413 5630 2621 5704 Aumg.
2654 5651 2779 5705 quae
2800 5630 3169 5709 promittitur.
