3942 6400
91 460 194 525 213

674 458 1097 523 EXPOSITIO
1140 458 1220 522 IN
1264 456 1698 521 EPISTOLAS
1742 453 2106 519 PAULL—
2134 458 2213 520 IN
2255 457 2509 524 EPIST.
2553 461 2661 524 AD
2705 460 2899 526 ROM.

3378 462 3496 525 214

95 594 307 667 bis,quis
334 600 534 651 contra
562 608 665 650 nos
684 598 710 648 .9
739 597 883 650 Ecce
913 595 1176 651 mundus
1204 598 1366 651 totus
1395 598 1601 649 contra
1622 610 1728 649 vos
1755 591 1814 657 Α
1841 598 1930 668 Et,
1964 596 2104 669 quia
2131 600 2359 668 poterat
2379 596 2719 669 responderi
2747 613 2762 653 :
2798 595 3005 665 Homo,
3024 594 3291 670 angelus,
3315 600 3489 667 Deus,

94 684 304 752 fremit;
356 683 762 755 excogitantur
801 701 1025 755 pinnae;
1076 684 1324 740 diversis
1371 684 1728 739 cruciatibus

95 792 315 848 corpora
342 779 543 830 vestra
590 774 949 829 atﬁciuntur.
978 774 1053 830 Ut
1083 791 1218 846 ergo
1250 791 1382 829 vera
1421 790 1568 840 esse,
1600 790 1727 845 quae

95 865 321 931 dixerat,
348 862 791 919 evidentissimo
810 864 1161 918 documento
1192 864 1484 935 probaret,
1517 862 1730 931 adjecit

94 954 146 1010 in
175 954 431 1026 ipsorum
455 956 781 1024 martyrum
811 969 949 1008 voce
975 970 987 1008 :
1014 954 1120 1020 Qui
1149 955 1321 1008 etiam
1346 954 1569 1023 proprio
1588 953 1729 1007 Filio

91 1060 188 1099 non
213 1045 467 1115 perpecit,
497 1043 598 1098 sed
642 1058 741 1112 pro
770 1042 927 1097 nobis
955 1045 1208 1099 omnibus
1250 1043 1485 1098 tradidit
1513 1044 1676 1097 illum
1708 1060 1727 1096 :

90 1131 330 1204 quomodo
359 1147 470 1187 non
496 1133 663 1187 etiam
683 1147 811 1186 cum
834 1133 928 1186 illo
959 1132 1115 1187 nobis
1144 1134 1333 1187 omnia
1360 1133 1583 1187 donavit
1602 1136 1627 1185 .9
1647 1138 1728 1187 Ac

90 1222 133 1275 si
156 1220 344 1275 dicant
379 1236 393 1274 :
430 1220 575 1275 Hinc
604 1236 741 1276 vera
771 1237 901 1276 esse
930 1221 1273 1291 probamus,
1298 1237 1425 1291 quae
1453 1220 1725 1287 dicimus,

90 1309 346 1381 quoniam
373 1313 526 1365 Deus
557 1309 700 1364 adeo
725 1326 829 1364 nos
852 1308 1072 1375 dilexit,
1101 1315 1163 1364 ut
1188 1310 1419 1381 proprio
1443 1309 1585 1364 Filio
1612 1326 1726 1364 non

90 1402 354 1470 parceret,
390 1398 491 1454 sed
525 1415 629 1469 pro
656 1398 827 1454 nobis
857 1398 1027 1453 illum
1058 1400 1315 1454 traderet
1348 1418 1360 1454 :
1393 1400 1567 1465 unde,
1594 1398 1727 1453 licet

91 1503 313 1558 corpora
330 1493 533 1543 nostra
550 1486 610 1542 in
634 1489 902 1559 prasenti
920 1486 1565 1553 crucientur,Dominus
1591 1488 1729 1542 libe-

91 1582 233 1632 rator
258 1581 313 1632 et
340 1581 649 1648 susceptor
668 1582 885 1644 noster,
915 1581 972 1633 et
993 1576 1221 1633 animas
1243 1578 1315 1632 ad
1347 1577 1610 1648 requiem
1638 1577 1726 1631 in-

93 1666 319 1737 ducit,et
337 1667 695 1739 quandoque
715 1683 960 1740 corpora
986 1667 1333 1723 resuscitata
1353 1666 1723 1738 gloriﬁcabit.

152 1756 349 1828 Igitur,
384 1756 523 1827 quia
553 1773 757 1813 omnes
788 1757 988 1813 ﬁdeles
1018 1757 1275 1829 adoptivi
1305 1760 1445 1812 sunt
1474 1756 1579 1810 ﬁlii
1603 1755 1725 1823 Dei,

88 1844 378 1916 praemisit,
422 1846 494 1900 ad
545 1861 747 1901 eorum
796 1845 1204 1911 differentiam,
1253 1847 1486 1917 proprio
1536 1863 1554 1899 :
1611 1861 1726 1916 quo

1839 687 2054 759 adjecit
2086 703 2099 743 :
2131 690 2294 757 Deus,
2324 690 2422 759 qui
2440 688 2872 759 justiﬁcat(316)
2893 704 2906 756 ;
2926 691 3210 759 tanquam
3242 686 3487 743 diceret:

1840 776 2066 849 Liquet,
2095 778 2235 848 quia
2281 777 2545 848 angelus,
2582 781 2685 833 aut
2730 777 2906 833 homo
2955 793 3072 832 non
3120 781 3329 848 potest.
3378 776 3487 833 Sed

1839 866 2105 938 nunquid
2139 866 2315 936 Deus,
2349 866 2449 938 qui
2475 866 2993 936 justiﬁcat‘INon:
3027 883 3185 934 nam,
3212 866 3313 939 qui
3332 866 3490 923 venit

1831 956 2179 1026 justiﬁcare,
2214 955 2373 1011 nullo
2407 956 2579 1011 modo
2609 955 2931 1011 accusabit.
2963 956 3127 1013 Unde
3155 960 3212 1012 et
3240 955 3444 1011 subdit
3472 972 3487 1012 :

1839 1048 1973 1115 Quis
2008 1051 2084 1101 est
2112 1048 2211 1116 qui
2251 1045 2613 1100 condemnet?
2657 1046 2905 1112 Rursus,
2960 1045 3101 1117 quia
3147 1044 3489 1117 responderi

1838 1136 2028 1208 potuit
2060 1152 2072 1189 :
2106 1134 2384 1205 Angelus,
2419 1134 2922 1202 homo,Christus,
2956 1134 3489 1191 addidit:0hristus

1835 1226 1999 1293 Jesus,
2040 1229 2150 1279 etc.
2183 1226 2260 1278 Ac
2311 1224 2357 1278 si
2392 1224 2611 1278 diceret
2641 1241 2654 1279 :
2688 1227 2873 1279 Homo
2922 1226 2980 1278 et
3027 1222 3293 1296 angelus,
3328 1240 3486 1291 non;

1838 1315 1938 1370 sed
1964 1330 2067 1368 nec
2088 1313 2352 1367 Christus
2379 1330 2392 1367 :
2418 1329 2556 1367 nam
2589 1329 2738 1383 quos
2762 1314 2906 1367 adeo
2933 1311 3156 1377 dilexit,
3191 1315 3257 1367 ut
3278 1329 3380 1383 pro
3403 1312 3488 1367 eis

1836 1403 1977 1459 talia
1999 1406 2440 1474 pateretur,non
2463 1400 2836 1466 condemnat,
2861 1416 2967 1454 nec
2999 1401 3490 1472 accusat.Quippe

1837 1509 1954 1547 non
1986 1491 2340 1546 condemnat
2370 1489 2472 1561 qui
2500 1489 2657 1543 venit
2699 1487 2929 1543 salvum
2980 1487 3169 1543 facere
3199 1487 3355 1558 quod
3386 1503 3489 1559 pe-

1837 1582 2014 1636 rierat
2045 1580 2195 1651 (Luc.
2241 1596 2358 1643 χιχ,
2394 1579 2501 1649 10).
2541 1582 2690 1633 Sane
2739 1581 2964 1633 veteres
2993 1576 3147 1632 inter
3188 1580 3493 1648 perconta-

1837 1670 2057 1725 tionem
2087 1674 2143 1723 et
2163 1668 2684 1740 interrogationem
2710 1665 2819 1721 hoc
2847 1681 2978 1722 esse
2995 1663 3493 1737 voluerunt,quod

1837 1760 1909 1814 ad
1956 1758 2456 1830 percontationem
2496 1755 2684 1811 multa
2731 1758 2981 1827 possunt
3024 1753 3385 1826 responderi,
3419 1751 3493 1809 ad

1837 1848 2355 1919 interrogationem
2384 1862 2542 1912 vero,
2564 1861 2780 1900 unum:
2803 1848 2905 1899 aut
2937 1847 3046 1909 est,
3070 1847 3176 1899 aut
3204 1859 3342 1899 non.
3370 1841 3492 1898 Sub

87 1933 538 2027 dictoﬁostendit,
572 1934 852 2005 quoniam
883 1933 1052 1990 aliter
1079 1939 1169 1990 est
1200 1933 1295 1990 ille
1325 1933 1526 2002 Filius,
1562 1932 1730 1989 aliter
1764 1962 1812 2027 B
1842 1936 2281 2009 percontatione
2310 1950 2447 2007 ergo
2478 1934 2706 1989 dictum
2737 1936 2829 1988 est
2849 1949 2864 1988 :
2885 1931 3202 1988 Accusabit
3229 1930 3447 2027 electos
3476 1945 3492 1985 :

86 2021 180 2077 illi.
213 2021 354 2078 Ecce
415 2027 613 2079 autem
648 2022 789 2078 dicit
820 2022 1158 2094 Apostolus,
1195 2024 1334 2095 quia
1382 2028 1533 2079 Deus
1566 2024 1737 2078 Pater

88 2110 286 2166 Filium
308 2111 555 2167 tradidit
578 2129 591 2177 ;
627 2128 743 2167 non
770 2116 965 2167 autem
986 2111 1113 2184 ipse
1143 2111 1323 2181 solus,
1353 2114 1453 2168 sed
1475 2116 1532 2168 et
1552 2111 1735 2167 Filius

86 2203 135 2253 et
161 2198 412 2271 Spiritus
459 2205 702 2256 sanctus
727 2219 740 2267 ;
776 2202 1057 2272 quoniam
1080 2202 1259 2256 totius
1290 2201 1592 2257 Trinitatis
1620 2217 1737 2255 una

86 2292 167 2342 est
193 2288 476 2361 operatio.
508 2289 772 2345 Tradidit
796 2306 931 2345 eum
959 2290 1135 2345 etiam
1164 2290 1194 2345 J
1204 2290 1352 2345 udas
1385 2306 1398 2345 :
1434 2289 1575 2361 quid
1599 2305 1736 2361 ergo

88 2377 361 2447 peccavit,
392 2377 445 2433 si
476 2377 584 2433 hoc
641 2378 776 2451 egit,
804 2380 960 2450 quod
990 2383 1183 2446 Pater,
1215 2383 1271 2434 et
1302 2378 1502 2445 Filius,
1528 2384 1585 2434 et
1605 2378 1738 2450 Spi-

89 2464 228 2521 ritus
260 2467 557 2523 sanctus?
584 2467 851 2523 Peccavit
897 2484 910 2521 :
970 2468 1253 2539 quoniam
1302 2469 1546 2533 bonum,
1582 2466 1738 2538 quod

89 2554 253 2610 nobis
283 2571 390 2627 per
435 2556 561 2626 ejus
609 2557 947 2629 passionem
1000 2556 1278 2612 collatum
1327 2562 1436 2623 est,
1484 2573 1596 2611 non
1630 2557 1741 2610 hoc

94 2642 275 2699 Judas
305 2644 509 2716 voluit,
544 2662 660 2702 non
691 2646 1084 2714 desideravit;
1119 2647 1237 2701 imo
1283 2645 1534 2701 avaritia:
1564 2662 1744 2701 causa

94 2732 350 2789 tradidit.
382 2736 462 2790 Ac
509 2752 612 2806 per
660 2734 770 2790 hoc
815 2735 1005 2801 Pater,
1047 2739 1104 2791 et
1150 2735 1352 2802 Filius,
1384 2741 1442 2791 et
1488 2735 1742 2807 Spiritus

96 2827 330 2877 sanctus
363 2840 483 2879 suae
517 2824 719 2896 gratiis
753 2823 988 2880 laudem
1020 2828 1360 2893 merentur;
1391 2826 1579 2881 Judas
1605 2841 1740 2880 vero

94 2926 206 2966 suae
235 2912 495 2968 avaritiae
528 2914 854 2969 mercedem
885 2913 1121 2986 recepit.

155 3001 433 3073 Sequitur
481 3018 495 3057 :
551 3003 827 3072 Quomodo
873 3020 985 3059 non
1031 3005 1197 3058 etiam
1251 3019 1378 3057 cum
1428 3004 1524 3057 illo
1581 3003 1743 3058 nobis

93 3091 265 3146 omnia
296 3090 570 3147 donavit?
597 3092 669 3146 Et
698 3097 785 3147 est
818 3108 1028 3148 sensus
1059 3108 1071 3146 :
1100 3091 1180 3154 Si,
1205 3091 1363 3162 quod
1408 3093 1603 3161 majus
1632 3096 1741 3156 est,

92 3177 237 3250 fecit,
271 3181 575 3252 quomodo
607 3197 725 3235 non
755 3180 930 3235 etiam
976 3180 1132 3250 quod
1161 3178 1359 3234 minus
1390 3180 1524 3233 est?
1554 3179 1743 3249 Majus

91 3267 294 3341 quippe
327 3269 469 3335 fuit,
500 3270 657 3340 quod
681 3284 785 3339 pro
816 3268 986 3323 nobis
1019 3266 1230 3323 Filium
1262 3283 1437 3322 suum
1469 3267 1739 3337 tradidit;

94 3358 278 3414 omnia
309 3361 515 3413 autem
547 3356 808 3422 donavit,
831 3357 988 3427 quod
1016 3356 1214 3411 minus
1246 3360 1354 3423 est,
1381 3371 1516 3410 cum
1546 3355 1744 3427 ipsum

94 3446 248 3501 nobis
281 3445 474 3512 dedit,
509 3444 568 3499 in
602 3461 721 3515 quo
751 3449 891 3499 sunt
919 3443 1137 3500 omnia.
1163 3444 1273 3499 Sed
1308 3460 1433 3515 quis
1464 3448 1605 3500 sunt
1626 3444 1744 3499 haec

96 3535 276 3591 omnia
298 3534 329 3589 ?
366 3533 650 3604 Nunquid
683 3533 915 3588 donavit
947 3532 1116 3589 nobis
1147 3532 1407 3604 angelos,
1442 3537 1506 3587 ut
1535 3532 1620 3587 eis
1641 3532 1742 3587 do-

97 3624 385 3681 minemur
410 3623 439 3677 ?
467 3622 616 3689 Non,
653 3621 931 3693 quoniam
975 3621 1128 3677 sicut
1170 3622 1295 3693 ipse
1326 3621 1387 3675 in
1437 3621 1744 3693 Evangelio

98 3711 223 3768 dicit
273 3730 287 3767 :
344 3715 528 3767 Erunt
582 3712 830 3766 homines
876 3712 1090 3779 angelis
1145 3712 1389 3781 aequales
1434 3712 1588 3782 (Luc.
1646 3727 1739 3776 xx,

98 3800 190 3868 36;
218 3803 415 3858 Matth.
469 3816 608 3866 XXII,
642 3802 773 3871 30);
828 3801 926 3855 sed
972 3799 1169 3855 omnia
1221 3800 1457 3854 donavit
1497 3800 1644 3870 jam,
1689 3803 1744 3854 et

100 3888 326 3946 donabit
358 3889 645 3962 quoniam
675 3888 1087 3944 remissionem
1120 3893 1489 3960 peccatorum
1513 3888 1738 3957 tribuit,

99 3983 145 4032 et
171 3980 318 4036 vires
349 3979 673 4035 resistendi
706 3978 965 4034 adversis
996 4003 1009 4046 ;
1042 3982 1099 4033 et
1127 3978 1548 4033 beatitudinem
1581 3977 1743 4032 dabit

100 4069 245 4139 regni
277 4067 579 4136 caelestis;
614 4084 792 4138 quam
823 4084 957 4122 cum
990 4065 1741 4139 perceperimus,omniain

99 4152 211 4226 ipso
241 4156 708 4230 possidebimus.
741 4157 1044 4229 Siquidem
1096 4162 1299 4211 nostra
1349 4159 1522 4211 erunt
1568 4171 1740 4226 supc-

100 4243 258 4314 riora,
286 4247 359 4303 ad
417 4246 776 4301 intuendum
806 4263 819 4313 ;
849 4244 1116 4317 aequalia,
1145 4245 1215 4300 ad
1266 4245 1692 4301 convidendum
1725 4262 1738 4311 ;

101 4331 380 4403 inferiora,
418 4334 497 4390 ad
546 4334 973 4390 dominandum
1022 4352 1035 4390 :
1089 4334 1212 4388 haec
1261 4338 1457 4390 autem
1508 4333 1743 4407 singula

101 4428 257 4478 erunt
286 4424 582 4493 omnium,
615 4426 673 4477 et
702 4422 902 4477 omnia
930 4421 1318 4493 singulorum.

162 4510 427 4583 Sequitur
463 4527 478 4566 :
515 4512 648 4580 Quis
695 4511 971 4565 accusabit
1001 4512 1151 4581 (315)
1180 4511 1370 4566 electos
1408 4512 1550 4566 Dei?
1579 4516 1662 4566 Ac
1694 4512 1741 4567 si

102 4596 302 4656 diceret
334 4619 346 4657 :
380 4601 533 4657 Cum
564 4601 721 4655 Deus
756 4598 969 4655 electos
1018 4598 1535 4671 prmdestinavcrit,
1571 4616 1740 4656 voca-

1847 2027 1977 2094 Quis
2005 2025 2285 2082 accusabit
2313 2025 2576 2079 adversus
2603 2023 2800 2077 electos
2828 2023 2933 2078 Dei
2960 2020 3109 2092 (317)
3133 2036 3147 2087 ;
3181 2020 3290 2076 sub
3311 2018 3498 2074 inter-

1846 2114 2147 2185 rogatione
2171 2129 2330 2179 vero,
2362 2113 2500 2167 Deus
2548 2112 2647 2183 qui
2673 2108 2959 2180 iustiﬁcat,
2990 2106 3496 2181 (subintelligitur,

1846 2204 2002 2275 non).
2037 2203 2178 2257 Item
2232 2200 2628 2273 percontando
2660 2215 2673 2252 :
2711 2200 2842 2267 Quis
2882 2200 2961 2253 est
2991 2199 3089 2268 qui
3133 2195 3503 2253 condemnet?

1849 2290 2267 2361 Interrogando
2317 2292 2515 2344 autem
2550 2304 2563 2342 :
2599 2287 2848 2342 Christus
2896 2290 3077 2353 Iesus,
3111 2287 3207 2357 qui
3250 2286 3502 2340 mortuus

1847 2388 1930 2435 est
1951 2384 1976 2433 γ
2005 2382 2116 2435 Imo
2145 2379 2241 2449 qui
2268 2387 2322 2435 et
2350 2378 2656 2433 resurrexit
2678 2379 2705 2429 .9
2735 2377 2843 2444 Qui
2884 2383 2960 2430 est
2987 2373 3066 2430 ad
3093 2373 3380 2428 dexteram
3411 2372 3507 2427 Dei

1848 2471 2037 2524 Patris
2061 2472 2086 2522 .9
2117 2469 2224 2537 Qui
2253 2469 2420 2522 etiam
2469 2465 2794 2536 interpellat
2837 2479 2937 2535 pro
2985 2463 3140 2518 nobis
3167 2461 3365 2533 (318)?
3394 2457 3505 2516 Ubi

1851 2576 1954 2631 per
1982 2558 2181 2613 omnia
2226 2554 2698 2612 subaudiendum
2731 2556 2821 2609 est
2865 2567 2995 2608 non.
3030 2550 3298 2608 Christus
3325 2548 3509 2621 igitur

1852 2649 2064 2704 sedens
2086 2647 2157 2702 ad
2185 2647 2481 2701 dexteram
2509 2642 2720 2710 Patris,
2740 2641 2799 2696 id
2832 2644 2921 2697 est
2940 2637 3001 2695 in
3024 2637 3355 2713 aequalitate
3375 2638 3507 2710 ejus

1852 2754 2121 2802 manens,
2155 2736 2387 2791 duobus
2420 2732 2612 2788 modis
2642 2748 2747 2804 pro
2779 2729 2981 2786 electis
3011 2727 3382 2800 interpellat:
3413 2725 3506 2784 vel

1853 2827 1991 2899 quia
2020 2825 2396 2897 fragilitatem
2443 2826 2653 2878 nostrae
2702 2819 2897 2876 carnis
2926 2817 3254 2891 assumpsit
3294 2817 3354 2872 in
3385 2832 3509 2873 suae

1853 2931 2115 2987 personas
2147 2914 2433 2969 unitatem
2480 2910 2568 2967 vel
2622 2909 2762 2982 quia
2806 2925 2995 2981 genus
3043 2924 3162 2965 sua:
3212 2903 3507 2979 passionis

1851 3004 2010 3059 Patri
2041 3002 2316 3059 ostendit.
2347 3002 2501 3056 Dum
2532 2999 2689 3056 enim
2713 2997 3012 3053 cicatrices
3039 2995 3509 3066 vulnerum,quaa

1852 3095 1911 3147 in
1944 3108 2115 3147 cruce
2147 3089 2428 3160 suscepit,
2451 3088 2568 3143 Deo
2602 3085 2760 3142 Patri
2791 3084 3069 3155 ostendit,
3093 3086 3381 3154 quantum
3405 3096 3517 3137 nos

1854 3179 2139 3245 dilexerit,
2175 3196 2279 3250 pro
2320 3176 2538 3248 quibus
2567 3175 2690 3230 haec
2719 3172 2982 3246 pertulit,
3016 3171 3373 3229 manifestat.
3408 3170 3516 3226 Be-

1856 3275 1991 3325 atus
2020 3284 2153 3323 vero
2180 3264 2550 3339 Augustinus
2567 3262 3017 3334 dicit,quoniam
3040 3264 3216 3334 caput
3245 3263 3515 3317 nostrum

1856 3374 1961 3430 pro
1993 3356 2163 3412 nobis
2209 3351 2561 3423 interpellat,
2594 3352 2736 3407 dum
2766 3351 2882 3407 alia
2931 3350 3199 3406 membra
3227 3366 3336 3406 sua
3365 3348 3520 3404 reci-

1856 3446 1960 3517 pit,
1994 3444 2108 3500 alia
2150 3441 2425 3514 ﬂagellat,
2458 3439 2571 3495 alia
2617 3439 2886 3509 mundat,
2919 3437 3034 3494 alia
3060 3440 3246 3505 vocat,
3279 3436 3394 3493 alia
3422 3451 3513 3492 re-

1854 3539 2040 3599 vocat,
2075 3531 2187 3588 alia
2214 3534 2391 3595 creat,
2425 3528 2540 3584 alia
2568 3526 2823 3599 corrigit,
2856 3525 2969 3582 alia
2992 3525 3370 3597 rodintegrat.

1935 3623 2068 3691 Quis
2107 3638 2232 3691 ergo
2278 3635 2373 3674 nos
2403 3617 2678 3689 separabit
2706 3634 2741 3670 a
2788 3615 3059 3670 charitate
3109 3614 3207 3668 Dei
3234 3611 3432 3685 (319)?
3458 3611 3518 3668 id

1853 3716 1964 3774 est,
1998 3727 2133 3765 cum
2165 3709 2319 3764 Deus
2350 3707 2492 3762 adeo
2524 3722 2631 3761 nos
2662 3704 2949 3775 dilexerit,
2978 3706 3045 3758 ut
3071 3702 3247 3758 etiam
3273 3700 3510 3773 proprio

1856 3799 1999 3857 Filio
2030 3817 2145 3855 non
2178 3800 2458 3871 parceret,
2483 3796 2585 3850 sed
2618 3811 2723 3866 pro
2754 3792 2923 3849 nobis
2945 3791 3224 3848 omnibus
3254 3790 3514 3846 traderet

1853 3889 2108 3955 illum,et
2127 3888 2187 3941 in
2218 3886 2346 3958 ipso
2369 3884 2539 3939 nobis
2569 3882 2769 3938 omnia
2787 3883 3030 3937 donaret
3056 3898 3070 3949 ;
3104 3880 3164 3935 in
3186 3881 3515 3947 tantum,ut

1853 3994 1959 4032 nec
1981 3975 2374 4040 accusari,aut
2394 3972 2785 4029 condemnare
2811 3969 3137 4041 possimus:
3164 3982 3345 4038 quare
3361 3966 3511 4039 (320)

1852 4084 1970 4122 non
1993 4067 2064 4121 ab
2083 4068 2212 4137 ejus
2235 4063 2518 4118 charitate
2540 4059 2754 4132 poterit
2769 4073 3042 4131 separare
3060 4055 3089 4111 ‘?
3119 4055 3280 4120 Quod
3303 4054 3512 4127 utique

1853 4154 2255 4229 percontando
2287 4152 2512 4207 dictum
2545 4153 2651 4205 est.
2685 4148 2847 4213 Quod
2881 4162 3015 4204 vero
3046 4144 3356 4218 sequitur:
3391 4144 3513 4199 Tri-

1855 4246 2112 4301 bulatio?
2146 4243 2226 4297 An
2275 4240 2559 4309 angustia,
2610 4242 2718 4294 etc.
2771 4233 3194 4307 Interrogantis
3242 4247 3387 4289 sono
3429 4230 3513 4287 le-

1854 4335 2049 4407 genda
2094 4336 2254 4389 sunt.
2303 4326 2631 4386 Tribulatio
2662 4327 2862 4397 itaque
2906 4323 3120 4379 electos
3151 4338 3186 4377 a
3232 4319 3516 4377 charitate

1855 4423 2070 4481 Christi
2096 4435 2367 4493 separare
2391 4434 2505 4473 non
2530 4419 2723 4487 potest
2747 4432 2760 4481 ;
2795 4412 2932 4485 quia
2959 4410 3257 4483 sapientia
3279 4407 3430 4479 (321)
3451 4407 3513 4465 in

1853 4515 1938 4569 eis
1967 4513 2241 4567 virtutem
2288 4509 2623 4578 operantur.
2658 4501 2820 4557 Unde
2850 4498 3125 4572 superius
3157 4515 3169 4553 :
3206 4496 3511 4552 Tribulatio

1855 4602 2184 4672 patientiam
2214 4604 2479 4668 operatur
2507 4610 2525 4646 :
2559 4594 2777 4662 quanto
2810 4588 3000 4662 magis
3031 4587 3188 4643 enim
3218 4584 3509 4642 tribulan-

103 4688 251 4757 verit,
283 4694 340 4746 et
378 4690 816 4763 justificaverit,
866 4688 998 4761 quis
1045 4706 1143 4745 eos
1175 4689 1387 4761 poterit
1426 4691 1748 4746 accusare?
1776 4694 1822 4757 D
1854 4696 1970 4758 tur,
2009 4694 2167 4745 tanto
2194 4684 2384 4756 magis
2437 4680 2762 4737 dilatantur
2796 4695 2808 4733 :
2844 4678 2999 4734 unde
3050 4674 3363 4733 Psalmista
3394 4692 3408 4731 :
3438 4678 3509 4732 In

165 4832 301 4902 (315)
333 4834 396 4889 In
427 4831 620 4905 Vulg.
639 4834 764 4905 quis
793 4832 1069 4889 accusabit
1098 4832 1358 4888 adversus
1387 4833 1597 4899 electos,
1630 4837 1739 4889 etc.

104 4902 159 4957 In
187 4912 375 4977 autog.
411 4902 771 4976 caprXIIl.

166 4976 303 5048 (316)
324 4974 396 5032 in
425 4974 629 5049 autog.
664 4979 796 5049 post
837 4974 980 5049 haec
1012 4975 1189 5031 verba
1230 4979 1442 5049 textus,
1476 4977 1622 5049 Deus
1636 4977 1747 5049 (qui

99 5043 367 5117 justiﬂcat,
412 5043 604 5103 adest'
632 5043 918 5119 punctum
965 5046 1460 5119 interrogationis.
1514 5043 1745 5103 Scilicet

108 5131 217 5239 quis
246 5125 601 5192 sequuntur,
624 5119 1035 5175 demonstrant
1066 5119 1478 5191 interrogative
1509 5125 1744 5191 accepta

131 5205 268 5239 mssa
297 5192 419 5239 hinc
450 5191 634 5239 verba
660 5191 733 5239 ab
774 5192 1089 5239 internreta
1121 5196 1341 5239 nostra-

131 5188 268 5245 uisse
297 5188 419 5247 hac
450 5191 634 5246 verba
660 5191 733 5247 ab
774 5192 1089 5262 interprete
1121 5188 1341 5247 nostro.

171 5261 304 5335 (317)
333 5264 438 5319 Hic
468 5261 1117 5335 textusvidetur’azque
1148 5281 1213 5318 ac
1242 5263 1301 5318 in
1335 5263 1504 5333 Vulg.
1541 5263 1743 5317 adver-

111 5327 252 5406 bium
277 5327 540 5390 adversus
573 5333 828 5406 recipere
855 5350 866 5389 :
900 5333 982 5388 ita
999 5327 1152 5389 enim
1187 5327 1745 5406 scriptusfcompen-

115 5400 251 5478 diose
292 5412 413 5463 est:
465 5424 545 5478 qs.
582 5422 636 5461 a.
669 5400 727 5478 a'.
760 5423 807 5462 e.
861 5406 944 5471 di,
990 5422 1242 5478 quarum
1294 5400 1626 5460 i'nitialium'
1656 5406 1746 5478 lit-

116 5476 344 5533 terarum
375 5476 638 5534 secunda
667 5477 859 5533 littera
887 5496 921 5533 a
964 5476 1198 5532 ncnnisi
1231 5480 1488 5533 adversus
1519 5476 1744 5549 signiti-

118 5560 228 5601 care
256 5556 461 5606 potest.

178 5566 554 5693 (ἓιὲῗιὸἷξῇἱθ.
585 5620 707 5676 haec
739 5624 955 5693 puncta
986 5620 1459 5693 interrogationis
1491 5621 1549 5675 in
1571 5619 1741 5693 Vulg.

121 5703 219 5817 :31
251 5693 568 5773 habentur.
633 5694 702 5750 Et
740 5692 881 5766 post
932 5692 1173 5749 verbum
1218 5692 1323 5750 Dei
1369 5710 1484 5748 non
1534 5692 1748 5763 legitur

210 5780 299 5817 ris.

210 5780 299 5820 ηδ.

1925 4831 2072 4902 (319)
2100 4827 2274 4900 Vulg.
2308 4825 2533 4902 Christi.

1927 4832 2050 4902 (319
2100 4831 2274 4900 Vulg.
2308 4831 2533 4881 Christi.

1927 4831 2074 4974 (3°20;
2108 4902 2397 4968 Fortasse,
2430 4898 2549 4974 imo
2593 4891 3009 4974 verosimilius,
3037 4889 3164 4946 loco
3213 4902 3383 4974 quare
3426 4887 3511 4970 le-

1853 4965 2112 5047 gendum
2147 4987 2271 5044 quae
2300 4965 2390 5025 res
2414 4989 2433 5036 ;
2464 4967 2549 5023 uti
2581 4983 2649 5022 ex
2680 4965 2794 5036 his,
2815 4981 2946 5035 quae
2975 4967 3328 5033 sequuntur,
3352 4965 3508 5016 erui-

1852 5054 2072 5189 “12521)
2102 5116 2182 5171 Ex
2212 5113 2327 5189 his,
2352 5129 2491 5189 quia
2512 5110 2862 5189 sequuntur,
2876 5104 3152 5189 m‘endam
3182 5119 3314 5189 esse
3333 5117 3504 5159 reor:

1854 5194 1910 5269 et
1928 5173 2069 5245 Ὶοοό
2081 5173 3509 5269 metuebat?““33.13992?.1.‘i§e£‘9.‘3‘£‘:}{°£“}¥:

1854 5267 2051 5316 tamen
2084 5247 2260 5315 etiam
2281 5247 2571 5328 patientiae
2591 5247 2813 5328 optima
2850 5248 3019 5304 lectio
3051 5247 3166 5328 dici
3189 5250 3388 5321 posset
3407 5261 3512 5328 per

1855 5314 2447 5405 argumentatio'nem,
2466 5326 2514 5405 si
2542 5314 2874 5405 conferatur
2897 5336 3031 5405 cum
3051 5318 3144 5375 his
3176 5314 3317 5405 qua
3333 5314 3511 5390 paulo

1855 5390 2128 5476 superius
2160 5401 2314 5455 dicta
2349 5390 2486 5476 sunt
2520 5413 2531 5451 :
2566 5413 2700 5476 nam
2739 5390 3183 5476 ltribulationes,
3217 5394 3288 5476 ut
3330 5405 3513 5471 supra

1856 5462 2074 5548 Optime
2102 5474 2481 5548 0bservutum_
2505 5468 2825 5548 cst,doctos
2844 5480 2950 5548 nos
2970 5464 3193 5548 faciunt
3219 5462 3291 5543 ad
3319 5462 3510 5548 magis

1857 5531 2171 5617 magisque
2197 5558 2360 5611 aequo
2392 5539 2586 5617 animo
2613 5537 3006 5617 _loleran_dum,
3030 5541 3088 5590 et
3111 5550 3224 5617 nos
3254 5531 3506 5617 inHChri-

1856 5602 1928 5675 sti
1958 5602 2292 5695 i’mitationnc
2314 5610 2760 5695 perficiendum,
2796 5609 3042 5679 ejusque
3072 5603 3267 5678 gloriae
3298 5602 3509 5676 dignos

1857 5688 2171 5764 participes
2207 5682 2331 5743 ﬁeri
2360 5682 2755 5740 ciliciendum.
