3942 6424
349 470 468 533 215

1372 466 1630 527 ATTON
1639 464 1706 526 IS
1751 461 2335 525 VEBCELLENSIS
2381 460 2739 522 EPISCOPI

3646 462 3768 523 216

354 603 711 660 tribulatione
757 599 1008 656 dilatasti
1052 615 1139 655 me
1186 599 1357 669 (Psal.
1410 615 1483 665 ιν,
1532 599 1587 665 2)
1620 618 1633 665 ς
1682 597 1823 651 item
1881 615 1894 652 :
1937 600 1998 652 In
2027 599 2083 659 Α
2114 594 2303 664 perior
2335 599 2441 648 est.
2472 593 2900 664 Superaverunt
2930 609 3065 664 ergo
3097 591 3767 664 sancti,quoniam,non

356 693 713 749 tribulatione
759 691 1009 745 invocavi
1058 691 1365 752 Dominum,
1394 692 1445 742 et
1482 688 1769 741 ea'audirit
1814 703 1899 741 me
1942 688 1999 740 in

358 780 649 837 latitudine
696 779 873 850 (Psal.
926 795 1095 844 cxvu,
1143 778 1219 847 5).
1270 778 1535 843 Augustia
1586 794 1700 830 non
1758 779 1998 846 potest;

359 869 518 942 quia,
546 870 766 940 quanto
816 866 1004 937 magis
1053 864 1482 935 augustiantur,
1532 868 1695 917 tanto
1749 864 2001 934 amplius

358 956 804 1030 gaudent.Unde
825 955 882 1009 in
915 954 1157 1008 Actibus
1176 954 1571 1023 apostolorum
1600 952 1999 1022 legitur,quia:

356 1047 514 1101 Ibant
542 1062 576 1100 a
603 1049 887 1115 conspectu
927 1043 1150 1097 concilii
1192 1041 1513 1113 gaudentes,
1546 1044 1805 1111 quanimn
1848 1041 2007 1107 digni

357 1134 533 1190 habiti
558 1137 687 1187 sunt
728 1148 831 1202 pro
874 1133 1094 1185 nomine
1138 1133 1264 1185 Jcsu
1314 1132 1667 1185 contumelias
1714 1131 1832 1199 puti
1864 1130 1999 1199 (Act.

354 1240 411 1291 ν,
443 1223 551 1293 41).
607 1221 747 1275 Hinc
796 1219 1048 1274 Jacobus
1085 1237 1098 1273 :
1135 1220 1304 1273 Omne
1353 1219 1626 1290 gaudium
1673 1221 2004 1281 e.z:istimate,

352 1313 580 1382 fratres,
613 1325 736 1363 cum
766 1310 827 1362 in
859 1310 1191 1363 tentationes
1240 1310 1429 1362 varias
1462 1308 1767 1361 incz‘deritis
1800 1308 1929 1373 (Jac.
1967 1323 2006 1373 Ι,

353 1399 437 1469 2).
479 1398 788 1453 Persecutio
819 1413 934 1451 non
969 1401 1201 1467 potest;
1234 1396 1371 1465 quia
1402 1397 1539 1449 dum
1576 1397 2009 1465 persecutiones

357 1483 985 1557 patiuntur,beatiores
1018 1483 1545 1538 et'liciuntur.Unde
1578 1484 1699 1553 ipse
1727 1484 2011 1537 Dominus

358 1571 421 1626 in
452 1569 760 1641 Evangelio
796 1586 810 1624 :
846 1572 999 1624 Beati
1029 1571 1201 1637 erilis,
1229 1588 1355 1623 cum
1383 1573 1653 1640 persecuti
1685 1588 1770 1623 ros
1801 1570 2012 1641 fuerint

361 1660 626 1723 homines,
657 1666 709 1714 et
756 1658 1150 1713 maledz’xerint
1201 1660 1345 1713 vobis
1394 1659 1601 1729 (Matth.
1652 1677 1707 1725 v,
1745 1661 1802 1712 11
1835 1676 1847 1725 ;
1884 1660 2009 1711 Luc.

362 1765 442 1815 v1,
472 1747 589 1819 22),
618 1751 726 1802 etc.
758 1748 952 1802 Fames
984 1764 1259 1817 corporea
1293 1764 1405 1801 non
1451 1752 1644 1817 potest
1671 1772 1684 1807 ι
1716 1747 1873 1817 quia,
1907 1746 2013 1800 etsi

364 1852 578 1908 corpus
608 1835 865 1890 inediam
913 1834 1128 1890 sentiat
1174 1835 1449 1902 exterius,
1483 1836 1640 1889 intus
1690 1840 1884 1889 tamen
1918 1834 2016 1888 illo

2110 683 2355 737 vivendo
2388 683 2524 737 victi
2558 689 2716 750 sunt,
2751 684 2849 736 sed
2877 682 3179 736 moriendo
3197 681 3447 753 gloriose
3476 683 3765 738 vicerunt.

2111 771 2293 837 Quod,
2323 788 2435 824 non
2469 786 2671 824 eorum
2696 770 2939 839 meritis,
2963 788 3079 825 non
3110 770 3350 836 viribus,
3377 771 3475 825 sed
3504 771 3605 826 Dei
3630 788 3767 841 gra-

2110 860 2195 913 tia
2224 859 2602 913 tribuendum
2636 868 2719 912 est
2752 860 2920 928 (324).
2957 859 3116 913 Unde
3147 858 3459 929 Apostolus
3489 860 3718 914 addidit
3752 876 3765 915 :

2115 951 2344 1017 PrOpter
2374 965 2497 1002 eum
2529 948 2625 1017 qui
2672 948 2874 1001 dilexit
2904 964 3018 1001 nos.
3078 947 3276 1018 Igitur,
3310 948 3449 1018 quia
3492 948 3769 1017 superius

2114 1037 2301 1089 dixit:
2340 1038 2468 1103 Quis
2500 1054 2595 1090 nos
2642 1038 2913 1107 separabit
2952 1053 2987 1090 a
3035 1036 3305 1091 charitale
3353 1039 3498 1091 Dei?
3538 1036 3614 1092 Ut
3662 1037 3773 1091 hoc

2116 1127 2310 1197 potius
2351 1127 2691 1190 afﬁrmaret,
2746 1126 2956 1195 adjecit
2988 1142 3000 1179 :
3038 1126 3226 1181 Certus
3272 1143 3392 1181 sum
3442 1128 3591 1181 enim
3621 1125 3775 1196 quod

2115 1232 2285 1284 neque
2315 1200 2479 1277 mors,
2510 1231 2683 1285 neque
2714 1216 2843 1279 vita,
2879 1220 2985 1269 etc.
3019 1216 3096 1269 Ac
3128 1214 3175 1270 si
3209 1215 3424 1270 diceret
3458 1232 3472 1267 :
3508 1216 3572 1269 In
3608 1214 3775 1269 nullo

2119 1305 2340 1372 dubito,
2376 1303 2511 1372 quia
2539 1320 2641 1356 nee
2678 1320 2856 1364 mors,
2890 1320 2994 1357 nec
3048 1304 3186 1367 vita,
3219 1321 3323 1358 nec
3357 1303 3514 1358 aliud
3545 1302 3777 1373 aliquid

2116 1410 2211 1446 nos
2240 1409 2497 1461 separare
2525 1394 2719 1462 poterit
2775 1410 2805 1446 α
2855 1394 3122 1447 charitatc
3171 1395 3285 1447 Dei.
3318 1393 3457 1448 Mors
3502 1393 3663 1447 enim
3702 1393 3777 1447 ab

2118 1481 2225 1534 hac
2258 1486 2493 1535 sanctos
2543 1497 2816 1550 separare
2861 1499 2975 1534 non
3010 1487 3222 1551 potest,
3256 1480 3534 1552 quoniam
3567 1480 3777 1536 nullus

2124 1574 2367 1623 mortem
2422 1570 2741 1635 minando;
2777 1570 2991 1639 quippe
3041 1586 3175 1624 cum
3212 1570 3359 1625 mori
3410 1586 3526 1623 non
3560 1570 3783 1640 possit,

2124 1675 2298 1728 quem
2348 1657 2616 1727 diligunt,
2652 1656 2849 1712 nullus
2897 1658 3074 1712 etiam
3120 1658 3299 1712 vitam
3354 1649 3778 1727 promittendo,

2125 1746 2401 1816 quoniam
2426 1747 2547 1816 ipse
2565 1750 2651 1800 est
2680 1763 2814 1800 vera
2836 1747 2972 1813 vita,
2994 1764 3169 1817 quem
3190 1747 3464 1817 diligunt,
3491 1746 3593 1817 qui
3617 1746 3690 1801 de
3714 1762 3781 1801 se

2126 1836 2251 1904 ipso
2282 1835 2357 1886 ait
2396 1851 2407 1888 :
2446 1836 2551 1901 Ego
2596 1852 2719 1888 sum
2769 1837 2874 1899 uia,
2929 1838 3123 1889 veritas
3170 1840 3219 1890 et
3262 1836 3373 1889 vita
3424 1835 3603 1905 (Joan.
3658 1852 3780 1899 xw,

366 1923 587 1980 caelesti
617 1939 765 1994 pane
796 1922 1071 1988 reﬁcitur,
1104 1923 1204 1993 qui
1256 1923 1325 1977 de
1356 1940 1416 1977 se
1446 1923 1573 1993 ipso
1605 1924 1721 1979 ait:
1759 1926 1865 1990 Ego
1897 1940 2017 1977 sum
2045 1952 2090 2015 B
2127 1925 2201 1992 6).
2232 1923 2428 1989 Angcli
2463 1924 2568 1977 hoc
2595 1922 2743 1987 loco,
2764 1923 2897 1976 boni
2942 1922 3301 1992 intelligendi
3326 1920 3785 1977 sunt.Similiter

360 2014 526 2084 panis
553 2013 728 2081 vivus,
760 2013 858 2082 qui
884 2011 951 2065 de
977 2012 1106 2066 ca’lo
1135 2012 1387 2066 descendi
1429 2016 1615 2078 (Joan.
1650 2030 1725 2078 LI,
1753 2014 1865 2083 53).
1900 2016 2011 2065 Nu-

361 2100 507 2157 ditas
535 2117 650 2155 non
682 2099 865 2168 valet;
909 2100 1066 2170 quia,
1100 2100 1234 2154 licet
1278 2101 1509 2169 frigoris
1555 2106 1847 2171 torporem
1880 2117 2011 2154 sen-

360 2188 531 2255 tiant,
560 2188 692 2261 igne
723 2186 1026 2242 charitatis
1057 2187 1440 2253 incalescunt,
1476 2190 1546 2242 de
1577 2206 1692 2259 quo
1728 2188 2010 2244 Dominus

360 2276 502 2332 dicit
532 2293 545 2332 :
576 2278 765 2345 Ignem
793 2293 911 2331 veni
942 2280 1155 2331 mittere
1200 2279 1259 2331 in
1308 2286 1513 2332 terram
1563 2278 1715 2347 (Luc.
1766 2296 1865 2346 x11,
1899 2279 2008 2347 liti),

361 2368 419 2419 et
447 2364 698 2435 spejam
728 2364 882 2419 stola
923 2364 1383 2418 immortalitatis
1434 2365 1621 2419 vestiti
1658 2370 1813 2419 sunt.
1857 2366 2010 2419 Peri-

361 2453 548 2507 culum
576 2468 693 2507 non
724 2455 949 2522 potest;
982 2451 1121 2521 quia
1145 2452 1358 2505 firmati
1385 2469 1561 2521 super
1592 2453 2012 2507 solidissimai'n

361 2540 497 2596 ﬁdei
528 2544 775 2611 petram,
807 2538 1092 2609 quidquid
1127 2540 1367 2607 periculi
1403 2541 1723 2610 patiuntur,
1756 2546 2012 2595 eontem-

364 2627 620 2701 platione
669 2626 831 2684 illius
878 2627 1037 2694 boni,
1090 2629 1245 2698 quod
1296 2629 1590 2699 accepturi
1622 2636 1781 2684 sunt.
1847 2630 2008 2684 Unde

365 2717 682 2775 Psalmista
716 2734 729 2775 :
761 2716 966 2771 Statuit
994 2733 1163 2787 supra
1208 2721 1422 2786 petram
1463 2719 1629 2787 pedes
1662 2735 1804 2773 meos
1835 2720 2009 2788 (Psal.

366 2823 558 2873 XXXIX,
587 2806 665 2874 3).
701 2806 943 2862 Gladius
973 2805 1292 2860 materialis
1325 2823 1437 2859 non
1472 2811 1698 2876 potest;
1733 2808 2012 2877 quoniam

369 2894 590 2951 habent
618 2893 881 2965 gladium
912 2894 1072 2948 verbi
1108 2894 1654 2964 Dei,quosuperant
1686 2896 1881 2949 omnia
1906 2896 2017 2950 tela

372 2981 720 3055 nequissimi
750 2981 939 3053 ignea.
993 2981 1155 3036 Unde
1183 2981 1499 3052 Apostolus
1547 2982 1683 3036 alibi
1716 2999 1728 3035 :
1766 2985 2019 3038 Gladium

368 3071 617 3143 spiritus,
649 3069 789 3141 quod
818 3074 898 3125 est
926 3072 1149 3124 verbum
1186 3073 1289 3124 Dei
1319 3071 1534 3141 (Ep/(es.
1568 3088 1642 3141 VI,
1678 3073 1760 3143 17)
1792 3073 2015 3142 (subin-

370 3157 670 3230 telligitur,
702 3160 1002 3229 suscipite).

443 3246 517 3302 Ut
543 3250 738 3301 autem
768 3246 876 3301 hoc
909 3246 1199 3318 prophetae
1223 3248 1558 3303 testimonio
1590 3251 2017 3320 comprobaret,

371 3334 677 3405 subjunxit
711 3352 723 3390 :
758 3310 1201 3405 Sicut-scriptum
1230 3345 1311 3390 est
1344 3356 1360 3390 :
1396 3338 1533 3403 Quia
1557 3310 1777 3407 propter
1806 3310 2019 3392 temer;
2052 3310 2094 3376 Ο

370 3423 651 3493 tiﬁcamur
676 3425 790 3478 tota
818 3423 928 3488 die,
961 3426 1220 3478 aestimati
1259 3442 1445 3479 sumus
1478 3435 1533 3480 ut
1563 3443 1683 3481 ores
1712 3429 1939 3482 occision
1952 3430 2016 3481 is.

370 3511 515 3567 Cum
546 3511 860 3583 Apostolus
892 3512 950 3566 in
981 3513 1243 3584 gentium
1279 3515 1676 3584 persecutione
1706 3517 2021 3582 laboraret,

370 3603 693 3672 martyrum
715 3601 978 3655 omnium
1002 3617 1200 3654 vocem
1230 3602 1613 3666 sumens,ait:
1641 3606 1777 3669 Quia
1800 3614 2021 3673 propter

370 3692 440 3756 te,
473 3692 584 3743 etc.
618 3687 726 3743 Ubi
747 3689 1094 3754 notandum,
1122 3688 1261 3757 quia
1290 3705 1405 3741 non
1438 3689 1516 3741 ait
1548 3694 1799 3755 tantum,
1825 3693 2021 3744 morti-

371 3775 622 3844 ﬁcamur,
656 3774 757 3828 sed
789 3774 1035 3837 addidit,
1069 3783 1175 3829 tota
1205 3774 1293 3829 die
1322 3794 1339 3828 :
1370 3776 1672 3845 quoniam,
1705 3777 1855 3832 sicut
1888 3780 2019 3832 Ori—

373 3878 552 3934 genes
583 3861 746 3929 dicit,
772 3878 887 3916 non
921 3861 1240 3925 sulficit,ut
1268 3868 1583 3933 momento,
1606 3865 1767 3934 hora,
1798 3884 2018 3931 mense,

371 3949 461 4006 vel
493 3966 645 4005 anno
678 3949 1119 4017 mortiﬁcemur,
1155 3950 1265 4004 nisi
1314 3953 1487 4006 etiam
1522 3957 1642 4007 tota
1675 3954 1787 4021 die,
1821 3956 1875 4009 id
1913 3962 2020 4022 est,

375 4037 536 4093 omni
567 4042 829 4110 tempore
860 4039 987 4093 vitae
1019 4040 1344 4110 praesentis.

447 4126 519 4181 Ut
546 4142 680 4182 oves
710 4126 1018 4181 occisionis
1049 4128 1318 4181 aestimati
1349 4134 1487 4182 sunt
1519 4130 2017 4200 sancti,quoniam

358 4212 535 4279 .velut
564 4229 696 4268 oves
730 4214 1155 4269 mactabantur.
1191 4217 1257 4269 Et
1304 4216 1547 4285 pulchre
1578 4219 1665 4273 ovi
1698 4220 2024 4274 assimilan-

378 4302 473 4354 tur
501 4299 673 4370 (322).
709 4304 944 4371 propter
992 4300 1412 4368 innocentiam,
1457 4310 1512 4357 et
1561 4304 2019 4375 simplicitatem,

375 4389 516 4458 sive,
559 4388 697 4460 quia
726 4387 807 4442 illi
856 4390 1152 4459 conjuncti
1203 4393 1362 4456 sunt,
1398 4392 1467 4444 de
1518 4410 1631 4462 quo
1682 4396 1863 4449 lsaias
1896 4396 2018 4452 ait:

374 4476 523 4533 Sicut
551 4480 664 4533 ovis
692 4478 766 4534 ad
788 4480 1111 4534 occisionem
1140 4479 1370 4534 ducetur
1395 4482 1521 4550 (Isa.
1557 4500 1687 4547 LVII,
1718 4485 1792 4553 7).

444 4565 593 4630 Quid
626 4571 822 4621 autem
856 4568 915 4620 in
946 4567 1038 4621 his
1090 4574 1266 4641 agant
1311 4570 1480 4639 (323),
1528 4588 1640 4625 non
1691 4573 2020 4645 dejicimur,

375 4670 492 4708 non
524 4653 807 4723 perimus,
837 4654 929 4708 sed
973 4672 1298 4725 superamus
1350 4662 1408 4712 ia
1459 4662 1727 4716 omnibus.
1765 4663 1870 4717 Ubi
1918 4682 2018 4717 no—
2056 4674 2099 4735 Ι)

377 4740 649 4808 tandum,
682 4740 821 4811 quia
850 4758 962 4796 non
1009 4743 1088 4796 ait
1120 4749 1370 4810 tantum,
1420 4749 1475 4800 in
1510 4748 1609 4815 liis,
1644 4752 1741 4804 sed
1778 4754 2025 4820 addidit,

378 4830 649 4885 omnibus.
682 4830 880 4884 Potest
911 4831 1067 4884 enim
1123 4832 1336 4901 aliquis
1366 4836 1799 4893 tribulationem
1835 4847 1890 4895 et
1921 4861 2023 4897 an-

379 4917 635 4989 gustiam
667 4935 945 4989 superare
978 4936 991 4973 :
1026 4935 1248 4983 verum,
1284 4921 1395 4973 nisi
1439 4925 1612 4977 etiam
1650 4928 1885 4995 famem,
1919 4949 2030 4985 nu-

380 5006 623 5061 ditatem
653 5011 710 5060 et
738 5011 945 5063 caetera
974 5007 1186 5072 vincat,
1222 5023 1335 5060 non
1386 5010 1601 5064 sul‘lieit
1628 5014 1695 5065 ad
1730 5020 2031 5083 perfectio-

381 5108 538 5149 nem.

454 5182 523 5236 Et
560 5181 805 5253 pulchre
834 5181 995 5253 dicit,
1016 5200 1339 5254 superamus
1372 5204 1389 5240 :
1417 5186 1515 5256 qui
1540 5188 1692 5242 enim
1726 5189 2030 5256 vincit,su-

453 5356 603 5426 (322)
636 5355 698 5433 In
729 5359 1373 5433 aptogossimulantur;
1407 5364 1559 5433 quod
1594 5366 1767 5419 etiam
1802 5384 1865 5421 eo
1898 5386 2027 5422 sen-

382 5444 449 5482 su
488 5434 640 5482 recte
672 5428 787 5498 legi
820 5435 1027 5504 potest,
1066 5435 1218 5502 quod
1256 5436 1386 5487 liete
1417 5428 1549 5489 oves
1586 5437 1873 5504 dicantur,
1909 5442 2027 5492 sive

382 5516 500 5573 per
530 5500 1048 5573 comparationem,
1084 5500 1369 5573 martyres
1400 5508 1607 5561 sancti.

453 5571 600 5642 (εγω)
634 5570 1013 5642 Subintellige
1044 5570 1314 5628 subditur.

383 5713 408 5763 ι
455 5641 602 5763 (Ξῗ21)
641 5644 716 5694 lin
750 5648 1111 5698 constantem
1135 5647 1465 5715 grax'issimi
1500 5649 1743 5718 huiusce
1774 5650 1873 5704 viri
1901 5670 2028 5705 sen-

409 5726 481 5763 en
513 5726 647 5763 iam.

409 5717 647 5765 entiam.

2122 2011 2216 2064 hic
2244 2011 2391 2080 (335)
2423 2011 2579 2064 enim
2611 2010 2832 2064 dictum
2882 2016 2989 2077 est,
3025 2012 3177 2081 quod
3211 2011 3346 2066 alibi
3379 2011 3460 2065 ait
3493 2028 3505 2065 :
3541 2010 3697 2078 Quod
3727 2012 3783 2065 si

2120 2100 2347 2168 angelus
2376 2099 2442 2153 de
2493 2100 2621 2154 cado
2665 2101 3123 2165 cornu/etimverit
3169 2100 3337 2165 vobis,
3368 2104 3578 2170 praeter
3607 2115 3781 2169 quam

2118 2189 2551 2256 erangeliz-atmn
2582 2192 2678 2254 est,
2712 2189 3013 2243 anathema
3059 2191 3129 2243 sit
3177 2189 3319 2255 (Gal.
3349 2206 3390 2258 Ι,
3421 2190 3498 2258 8).
3530 2188 3783 2255 Angelus

2123 2276 2321 2345 itaque
2353 2294 2621 2346 separare
2674 2294 2787 2331 non
2838 2282 3025 2347 potest
3054 2278 3200 2348 (326)
3228 2295 3241 2343 ;
3275 2277 3415 2348 quia
3444 2292 3551 2331 nec
3585 2281 3785 2331 mente

2124 2369 2323 2419 nostra
2340 2366 2627 2434 potentior
2640 2367 2893 2431 est,dum
2913 2366 3025 2420 Deo
3041 2366 3786 2436 inhazremus.Principatus

2124 2452 2311 2507 malos
2343 2453 2578 2523 angelos
2624 2459 2808 2517 vocat,
2844 2455 2913 2507 de
2964 2454 3178 2523 quibus
3227 2453 3406 2509 alibi:
3439 2451 3784 2523 Exspolzans

2131 2543 2475 2611 principatus
2506 2551 2555 2596 et
2582 2542 3215 2612 potestales,transdu.cit
3240 2542 3585 2597 vehementer
3607 2541 3783 2611 (327),

2128 2630 2317 2700 palam
2348 2632 2693 2700 triumphans
2726 2647 2812 2684 eos
2836 2632 2894 2683 in.
2924 2632 3232 2699 semetipso.
3260 2631 3327 2685 lIi
3362 2646 3633 2701 separare
3664 2646 3785 2684 non

2123 2718 2337 2783 valent,
2372 2717 2650 2786 quoniam
2684 2717 2824 2770 nihil
2856 2717 2970 2771 tale
2992 2716 3329 2787 promittere
3357 2718 3445 2772 vel
3480 2717 3621 2773 dare
3643 2734 3785 2788 pos-

2126 2811 2284 2874 sunt,
2321 2807 2489 2875 quale
2523 2806 2812 2875 promittit
2843 2810 2898 2860 et
2929 2806 3029 2860 dat
3059 2806 3233 2860 Deus.

2195 2896 2375 2963 Neque
2422 2894 2711 2960 instantia,
2741 2910 2912 2963 neque
2957 2897 3190 2963 futura;
3220 2893 3329 2948 hoc
3381 2900 3490 2961 est,
3526 2911 3787 2966 prasen-

2126 2982 2275 3036 tium
2308 2983 2565 3048 donatio,
2600 3000 2704 3036 nec
2733 2984 3062 3037 futurorum
3087 2983 3439 3053 promissio;
3476 2984 3782 3055 quoniam,

2126 3076 2181 3125 et
2212 3071 2431 3123 caduca
2461 3075 2601 3124 sunt
2643 3088 2771 3141 qua:
2804 3072 2913 3124 sub
2963 3071 3308 3125 certitudine
3336 3072 3572 3139 dantur,
3603 3078 3660 3127 et
3692 3072 3785 3126 in-

2128 3165 2305 3225 certa,
2341 3176 2466 3229 qua:
2499 3160 2941 3229 promittuntur.
2976 3160 3131 3214 Nihil
3163 3165 3362 3214 autem
3396 3161 3585 3231 magis
3617 3164 3788 3215 aiter-

2134 3265 2298 3315 num,
2331 3253 2385 3301 et
2416 3248 2653 3313 certius,
2687 3249 2841 3317 quod
2875 3249 2974 3302 dat
3005 3249 3178 3303 Deus.

2210 3339 2388 3406 Neque
2416 3337 2716 3406 fortitudo:
2751 3336 3002 3390 hocloco
3036 3336 3322 3391 malorum
3349 3336 3667 3407 spirituum
3692 3356 3790 3395 ac-

2129 3426 2462 3493 cipiendum
2496 3431 2603 3493 est,
2636 3426 2706 3479 de
2738 3443 2855 3495 qua
2886 3427 3163 3479 Dominus
3194 3426 3251 3479 in
3286 3424 3619 3497 Evangelio.
3650 3428 3790 3483 Cum

2127 3519 2235 3583 fort
2245 3518 2287 3568 is
2312 3519 2558 3567 armatus
2578 3515 2811 3567 custodit
2835 3516 3044 3569 atrium
3066 3531 3223 3567 suum
3245 3515 3394 3584 (Luc.
3418 3532 3496 3577 χι,
3525 3516 3641 3585 21),
3673 3522 3787 3572 etc.

2130 3604 2349 3657 Horum
2384 3603 2661 3655 fortitudo
2696 3619 2964 3671 separare
2998 3620 3109 3657 non
3144 3606 3354 3672 potest,
3385 3602 3666 3673 quoniam
3701 3605 3792 3660 in-

2131 3689 2603 3759 comparabiliter
2635 3690 2749 3744 illis
2784 3691 2983 3745 fortior
3013 3695 3101 3746 est
3128 3692 3306 3747 Deus.

2205 3778 2565 3831 Altitudinem
2595 3778 2738 3847 cmli,
2771 3785 2826 3832 et
2856 3781 3190 3849 profundum
3221 3786 3385 3834 terra:
3419 3780 3594 3836 dicit:
3630 3783 3791 3838 unde

2132 3865 2311 3920 Isaias
2342 3865 2603 3936 loquitur
2633 3868 2703 3920 ad
2731 3868 2918 3920 Acbaz
2952 3886 2964 3922 :
2999 3870 3125 3923 Pete
3145 3869 3241 3922 tibi
3275 3871 3498 3936 signum
3526 3886 3566 3923 a
3594 3871 3790 3925 Dom:-

2130 3970 2203 4008 πο
2234 3955 2359 4015 Deo.
2392 3957 2505 4009 sive
2535 3956 2593 4009 in
2624 3958 2829 4010 excelso
2860 3973 3049 4026 supra,
3082 3960 3197 4011 sive
3226 3959 3285 4010 in
3334 3964 3485 4011 terra
3531 3957 3792 4013 deorsum

2132 4045 2299 4109 (328).
2335 4044 2403 4096 Et
2435 4049 2524 4097 est
2569 4062 2779 4098 sensus
2813 4061 2825 4097 :
2859 4049 2995 4099 Pete
3027 4046 3129 4099 tibi
3181 4045 3307 4100 eceli
3342 4046 3791 4114 reserationem,

2132 4136 2186 4185 et
2216 4137 2378 4185 terrm
2411 4133 2792 4202 apertionem,
2829 4138 2914 4197 ut,
2947 4134 3088 4187 dum
3120 4134 3333 4189 videris
3364 4151 3490 4204 quin
3524 4152 3681 4190 nunc
3710 4136 3793 4192 vi-

2132 4219 2293 4285 disti,
2323 4222 2525 4274 credas
2559 4224 2801 4274 Domino
2832 4221 2947 4276 Deo
2984 4223 3179 4276 Israel.

2210 4310 2334 4362 ilice
2368 4309 2562 4377 itaque
2595 4327 2864 4380 separare
2893 4327 3007 4364 non
3037 4316 3303 4381 possunt,
3338 4312 3644 4383 quoniam,
3678 4314 3791 4369 etsi

2133 4396 2257 4451 coeli
2294 4398 2610 4465 occultum,
2644 4405 2699 4453 et
2750 4406 2913 4453 terrae
2962 4406 3254 4454 secretum
3308 4406 3604 4471 appareat,
3640 4402 3787 4457 nihil

2132 4492 2327 4539 tamen
2364 4487 2420 4540 in
2478 4487 2548 4541 iis
2601 4488 2811 4542 melius
2845 4488 2969 4558 ipso
3021 4489 3136 4543 Deo
3169 4489 3339 4559 (3‘29),
3394 4489 3493 4560 qui
3525 4506 3587 4545 se
3618 4490 3790 4547 nobis

2135 4576 2410 4628 daturum
2443 4575 2731 4645 promisit.

2205 4664 2482 4732 Sequitur
2515 4682 2527 4718 :
2561 4666 2740 4734 Neque
2760 4672 3018 4719 creatura
3051 4666 3165 4718 alia
3190 4681 3288 4719 uos
3307 4668 3508 4733 poterit
3527 4684 3793 4739 separare

2136 4769 2170 4804 (ι
2217 4752 2485 4806 rlmrilaze
2514 4755 2629 4818 Dei,
2684 4769 2801 4822 qua;
2831 4755 2998 4806 estin
3052 4754 3263 4808 Christo
3309 4759 3461 4809 Jesu.
3517 4754 3635 4810 Hoc
3690 4774 3793 4828 per

2136 4841 2638 4909 exaggerationem
2672 4841 2916 4907 adjecit;
2952 4858 3017 4895 ac
3050 4842 3095 4894 si
3126 4842 3344 4898 diceret
3375 4859 3388 4896 :
3423 4842 3530 4896 etsi
3564 4850 3654 4898 est
3685 4845 3791 4900 ali-

2141 4946 2255 4998 qua
2287 4929 2400 4983 alia
2430 4938 2715 4993 creatura,
2741 4947 2851 4983 non
2880 4948 2982 4984 nos
3008 4930 3218 5000 poterit
3249 4948 3519 5002 separare
3540 4949 3574 4987 a
3605 4932 3793 4989 chari-

2140 5022 2258 5071 tate
2296 5018 2409 5072 hei.
2438 5019 2572 5084 Quae
2601 5027 2676 5071 est
2706 5020 2764 5071 in
2798 5020 3006 5073 Christo
3053 5019 3176 5074 Jesu
3223 5020 3385 5085 dicit,
3417 5021 3698 5090 quoniam
3732 5023 3791 5077 in

2140 5105 2267 5175 ipso
2290 5123 2355 5159 ex
2382 5114 2593 5160 natura
2614 5116 2727 5173 est;
2754 5108 3028 5177 quiaipse
3049 5113 3136 5161 est
3158 5107 3432 5173 cbaritas,
3452 5114 3510 5163 et
3528 5113 3794 5181 operatio

2141 5198 2248 5259 est,
2283 5193 2559 5263 quoniam
2596 5195 2911 5248 exinanivit
2944 5194 3348 5265 semetipsum,
3371 5200 3427 5251 et
3457 5214 3561 5268 pro
3590 5204 3796 5256 nostra

2211 5372 2357 5437 (325)
2391 5372 2514 5425 Duo
2547 5373 2720 5426 verba
2749 5373 3015 5426 similiter
3044 5372 3131 5425 hic
3163 5371 3242 5425 ita
3266 5371 3543 5443 leguntur
3569 5376 3638 5429 si.
3671 5376 3728 5431 Ιι.

2212 5444 2355 5507 (ἷξὲίό)
2389 5446 2442 5495 Si
2482 5461 2581 5512 per
2611 5444 2974 5513 impossibile
3008 5444 3061 5496 id
3094 5449 3294 5497 tentet.

2211 5516 2355 5575 (tif?)
2390 5516 2583 5567 (.‘oluss.
2616 5532 2675 5579 ll,
2713 5516 2795 5567 15.
2830 5514 3001 5583 Vulg.
3033 5515 3381 5583 cmi/edentem

2211 5588 2355 5651 (ira)
2392 5585 2559 5653 Vulg.
2593 5590 2709 5653 pete
2741 5586 2841 5639 tibi
2888 5589 3109 5651 signum
3138 5604 3169 5638 α
3201 5588 3433 5640 Domino
3466 5590 3573 5642 Deo
3605 5593 3700 5644 tuo
3733 5593 3789 5645 in

2135 5658 2468 5723 pro/nudum
2504 5658 2727 5725 inferni,
2761 5660 2874 5709 sive
2912 5660 2970 5709 in.
3000 5658 3278 5711 excelsas):
3310 5675 3497 5727 supra.

2209 5730 2355 5796 (33.10)
2389 5727 2503 5781 lloc
2535 5734 2643 5792 est,
2677 5728 2813 5796 quod
2843 5730 3179 5798 aequiparari
3208 5730 3373 5799 possit
3402 5729 3531 5783 Deo.
