3942 6400
130 461 239 523 217

728 462 1146 526 EXPOSI'I‘IO
1190 463 1269 525 IN
1312 461 1742 525 EPISTULAS
1786 462 2147 526 PAULL—
2177 462 2257 525 IN
2302 463 2551 555 EPIST.
2603 465 2707 527 AD
2753 461 2944 527 ROM.

3424 456 3544 520 218

133 592 314 650 salute
341 593 608 660 tradidit,
638 593 701 649 in
740 594 959 650 sanctis
989 611 1122 650 vero
1153 595 1278 651 sola
1307 596 1643 667 operatione
1673 612 1777 667 per
1805 601 1859 669 Α
1898 597 2048 668 optio
2074 606 2151 653 est
2180 597 2327 669 (331)
2366 598 2635 668 ﬁliorum.
2664 596 3001 653 Judaeorum
3031 597 3121 651 est
3147 593 3403 649 ﬁliorum
3436 592 3543 648 ad-

135 683 373 756 gratiam
407 682 510 738 Dei
544 685 715 755 (330).

200 776 378 839 Quam
434 777 500 828 ut
547 773 657 828 sibi
701 774 879 829 etiam
921 774 1116 829 inesse
1146 776 1499 840 ostenderet,
1531 775 1730 830 intulit
1764 790 1778 829 :

137 862 387 932 Optabam
415 864 574 918 enim
596 879 696 930 ego
728 864 842 932 ipse
869 866 1162 919 anathema
1199 880 1311 919 esse
1357 883 1391 918 a
1440 866 1654 920 Christo
1680 880 1781 935 pro

133 951 395 1022 fratribus
416 954 574 1018 meis,
596 956 705 1006 etc.
728 951 800 1007 Ut
821 957 1016 1008 autem
1050 954 1161 1008 sibi
1185 953 1403 1009 arctius
1424 956 1778 1020 crederetur,

134 1040 408 1113 praemisit
466 1041 914 1111 jusjurandum,
976 1043 1237 1097 dicens:
1307 1045 1597 1099 Veritatem
1662 1044 1781 1099 dico

131 1129 283 1200 (CAP.
308 1129 402 1199 IX)
427 1146 440 1183 :
470 1134 550 1194 et,
574 1133 638 1183 ut
659 1130 851 1201 magis
873 1132 1046 1185 etiam
1072 1132 1180 1185 sibi
1210 1133 1354 1186 ﬁdes
1382 1134 1783 1188 accommoda-

133 1224 304 1287 retur,
335 1218 568 1273 addidit
600 1234 613 1273 :
664 1222 727 1274 In
765 1219 980 1276 Christo
1009 1238 1118 1275 non
1149 1224 1405 1277 mentior.
1442 1224 1508 1275 Et
1541 1222 1781 1293 pulchre

131 1308 224 1371 ait,
254 1310 311 1361 in
345 1307 603 1363 Christo:
637 1309 975 1379 quicunque
1006 1311 1162 1364 enim
1192 1310 1495 1365 veritatem
1529 1311 1779 1382 loquun-

130 1400 239 1461 tur,
266 1395 324 1451 in
345 1396 584 1451 Christo
609 1398 952 1468 loquuntur,
978 1398 1255 1469 quoniam
1280 1398 1405 1471 ipse
1426 1404 1515 1454 est
1543 1400 1779 1455 veritas.

194 1485 307 1540 Cur
337 1490 538 1540 autem
587 1485 709 1541 haec
759 1487 1126 1557 praemiserit,
1157 1489 1415 1543 ostendit
1450 1505 1463 1542 :
1516 1489 1782 1555 Quoniam

128 1576 351 1629 tristitia
379 1583 461 1630 est
488 1575 634 1629 mihi
652 1592 874 1646 magna,
896 1579 946 1630 et
977 1579 1273 1634 continuus.
1291 1578 1446 1631 dolor
1464 1578 1616 1631 cordi
1642 1594 1779 1632 meo.

132 1663 229 1719 Ubi
258 1664 645 1735 quaerendum
668 1670 777 1733 est,
802 1681 981 1736 quare
1010 1666 1120 1719 sibi
1146 1666 1335 1720 inesse
1358 1665 1657 1721 tristitiam
1688 1683 1780 1722 as-

128 1753 282 1822 serit,
310 1769 446 1808 cum
480 1752 758 1808 Salomon
790 1754 983 1808 dicat:
1015 1754 1298 1826 Quidquid
1328 1756 1588 1810 acciderit
1608 1756 1781 1826 justo,

127 1857 230 1896 non
251 1842 602 1897 contristabit
617 1858 744 1897 eum
768 1842 949 1911 (Prov.
974 1859 1073 1912 xu,
1100 1844 1211 1912 21).
1237 1850 1323 1898 An
1356 1844 1407 1900 is
1432 1847 1635 1913 justus
1668 1862 1781 1899 non

132 1933 286 2030 erat?
315 1930 465 1995 Quia
490 1947 629 2003 ergo
656 1931 727 1986 de
747 1932 876 2030 ejus
898 1931 1135 2030 qutitiu
1161 1932 1635 2030 nullusdubitat,
1660 1934 1787 2005 ipse
1815 1963 1863 2030 B

133 2019 280 2074 hanc
306 2021 695 2091 quastionem
719 2020 922 2076 solvat.
944 2021 1095 2075 Dicit
1117 2026 1313 2077 autem
1339 2022 1509 2078 alibi:
1537 2023 1786 2078 Tristitia

131 2110 324 2164 saeculi
350 2111 470 2180 ejus
498 2118 729 2165 mortem
756 2118 1019 2180 operatur
1036 2127 1058 2171 ;
1088 2112 1319 2166 tristitia
1359 2127 1500 2178 vero,
1534 2126 1659 2181 qum
1703 2127 1784 2167 se-

136 2198 382 2251 cundum
410 2198 585 2252 Deum
628 2205 723 2267 est,
755 2199 1133 2268 penitentiam
1183 2202 1242 2254 in
1260 2200 1492 2255 salutem
1533 2201 1787 2255 stabilem

131 2286 201 2355 (Il
227 2286 349 2341 Cor.
382 2303 485 2351 vn,
518 2288 627 2357 10).
661 2287 1031 2342 Tristabatur
1063 2304 1219 2360 ergo;
1254 2290 1355 2344 sed
1386 2288 1490 2343 illa
1517 2289 1783 2358 tristitia,

131 2390 254 2444 quin
286 2375 616 2430 secundum
648 2376 833 2431 Deum
865 2380 975 2441 est,
1008 2377 1225 2448 quippe
1258 2394 1360 2448 pro
1393 2393 1635 2432 suorum
1671 2378 1784 2432 fra-

130 2466 278 2517 trem
309 2462 521 2518 salute.
554 2463 719 2519 Unde
749 2465 863 2519 sibi
895 2466 1155 2520 dolorem
1188 2466 1363 2519 etiam
1395 2465 1588 2520 inesse
1620 2466 1781 2533 dicit,

128 2554 185 2604 et
203 2566 323 2605 non
347 2567 776 2624 quemcunque,
801 2554 902 2608 sed
926 2553 1274 2608 continuum
1302 2568 1315 2609 :
1350 2554 1610 2624 Optabam
1631 2556 1785 2609 enim

128 2654 219 2708 ego
251 2639 369 2710 ipse
396 2641 692 2696 anathema
722 2657 833 2696 esse
879 2659 915 2697 a
954 2641 1166 2696 Christo
1197 2658 1294 2713 pro
1322 2645 1595 2714 fratribus
1622 2645 1779 2698 meis.

128 2726 496 2785 Incredibilis
526 2735 614 2785 est
655 2730 779 2786 haec
809 2730 1084 2786 charitas.
1119 2732 1227 2786 Sed
1250 2732 1610 2797 notandum,
1645 2732 1785 2803 quia

130 2816 227 2881 ait,
256 2819 536 2888 Optabam,
571 2836 709 2888 non,
753 2828 876 2890 apto
905 2837 924 2875 :
975 2826 1171 2891 potest
1215 2822 1373 2876 enim
1427 2821 1733 2877 subaudiri
1769 2837 1782 2877 :

130 2905 413 2977 Optabam
440 2914 600 2975 tunc,
616 2924 749 2963 cum
772 2926 961 2964 essem
985 2914 1365 2980 paternarum
1388 2927 1653 2966 mearum
1677 2915 1787 2965 tra-

130 2994 418 3051 ditionum
452 2996 777 3064 aemulator,
802 3015 982 3068 supra
1012 2999 1231 3055 multos
1252 3006 1573 3055 coaetaneos
1600 3001 1657 3053 in
1687 3016 1784 3071 ge-

131 3100 259 3140 nere
290 3102 425 3142 meo
457 3087 601 3157 (Gal.
626 3103 666 3154 ι,
692 3088 801 3155 lli).
826 3088 895 3141 Et
924 3092 1013 3142 est
1043 3103 1256 3142 sensus
1283 3104 1295 3141 :
1328 3089 1617 3158 Optabam
1646 3092 1787 3143 tunc

128 3174 385 3244 separari
438 3192 473 3230 a
519 3174 752 3231 Christo
795 3191 898 3245 pro
944 3175 1193 3230 fratrum
1232 3191 1498 3230 meorum
1550 3176 1783 3232 salute:

127 3261 340 3319 Aliter:
378 3266 508 3330 Qua
538 3264 862 3319 intentione
892 3264 1120 3334 Moyses
1150 3265 1373 3329 orabat,
1407 3264 1607 3319 dicens
1634 3280 1647 3318 :
1686 3266 1785 3321 Do-

125 3353 299 3421 mine,
320 3358 432 3408 aut
453 3352 673 3406 dimitte
701 3352 843 3406 hanc
869 3368 1075 3406 noxam
1101 3353 1325 3421 populo,
1351 3358 1449 3407 aut
1472 3353 1590 3407 dele
1618 3369 1703 3408 me
1722 3353 1788 3409 de

129 3440 281 3512 libro,
315 3456 487 3512 quem
515 3441 737 3509 scripsit
765 3455 965 3493 manus
1005 3451 1104 3493 tua
1134 3440 1326 3509 (Exod.
1360 3458 1537 3507 xxxii,
1572 3443 1699 3508 31);
1734 3448 1792 3496 et

130 3528 401 3583 Michaeas
429 3544 443 3581 :
482 3528 703 3583 Utinam
731 3543 841 3581 non
872 3543 1045 3582 essem
1076 3529 1164 3582 vir
1193 3528 1398 3584 habens
1429 3531 1711 3599 spiritum,
1739 3534 1793 3584 et

129 3618 480 3673 mendacium
507 3618 685 3687 potius
716 3617 966 3687 loquerer
993 3618 1188 3688 (Mich.
1231 3633 1294 3684 ιι,
1343 3618 1475 3689 11);
1532 3622 1589 3673 et
1634 3620 1791 3689 Apo-

131 3706 313 3762 stolus
344 3705 595 3773 optabat
638 3721 673 3759 a
700 3705 926 3759 Christo
959 3704 1083 3759 ﬁeri
1116 3706 1452 3773 anathema,
1485 3711 1551 3761 ut
1580 3708 1789 3763 fratres

135 3795 217 3849 sui
249 3796 323 3851 ad
359 3795 542 3848 ﬁdem
578 3793 977 3849 conﬂuerent:
1008 3795 1236 3865 Moyses
1269 3795 1451 3861 enim,
1484 3795 1790 3852 charitatis

136 3883 261 3954 igne
290 3899 606 3953 accensus,
635 3887 700 3936 ut
732 3882 964 3937 facilius
994 3883 1225 3937 veniam
1260 3900 1365 3954 pro
1400 3884 1612 3954 populo
1640 3885 1789 3939 obti-

138 3988 266 4028 nere
314 3976 543 4045 posset,
577 3971 686 4027 hoc
734 3973 978 4037 orabat;
1012 3971 1285 4026 similiter
1313 3978 1370 4027 et
1402 3973 1692 4040 Michaeas,
1727 3979 1793 4030 ut

135 4044 370 4131 excidia,
390 4066 451 4117 et
466 4044 691 4132 'plagaa,
714 4076 861 4132 quas
889 4061 1235 4132 praeviderat
1253 4066 1552 4128 venturas,
1576 4062 1789 4134 populo

140 4152 231 4205 Dei
276 4167 395 4205 non
445 4150 766 4205 evenirent.
803 4150 910 4204 Sed
954 4151 1261 4204 sciendum
1311 4150 1453 4221 quia
1498 4153 1791 4207 anathema

137 4240 339 4306 Graece,
374 4239 586 4295 Latine
631 4240 896 4293 alienatio
929 4239 1145 4293 dicitur
1176 4255 1189 4292 :
1244 4238 1561 4311 aliquando
1592 4245 1789 4296 autem

141 4332 378 4384 mortem
410 4327 714 4399 signiﬁcat
743 4327 898 4383 sicut
936 4327 996 4382 in
1026 4327 1219 4382 Veteri
1252 4329 1628 4384 Testamento
1666 4347 1679 4385 :
1732 4331 1788 4385 Si

138 4415 263 4485 quis
309 4416 441 4486 hoc,
479 4421 584 4471 aut
630 4416 775 4471 illud
809 4416 1028 4482 fecerit,
1060 4416 1377 4471 anathema
1406 4417 1521 4485 sit;
1572 4419 1631 4473 id
1677 4424 1788 4487 est,

140 4506 561 4562 condemnetur
590 4506 663 4560 ad
696 4510 969 4560 mortem.
1004 4504 1288 4559 Similiter
1316 4521 1451 4576 ergo
1482 4505 1591 4560 hoc
1640 4507 1789 4576 loco,

141 4607 236 4662 pro
291 4601 484 4650 morte
531 4598 723 4665 potest
778 4593 986 4665 accipi.
1032 4594 1282 4665 Optabat
1336 4594 1492 4648 enim
1550 4611 1791 4667 corpore

1892 687 2070 757 optio,
2105 690 2383 758 quoniam
2434 688 2547 759 ipsi
2598 686 2787 760 primo
2826 685 3011 741 vocati
3057 688 3215 752 sunt,
3248 688 3314 738 ut
3344 684 3545 737 essent

1891 776 2146 847 adoptivi
2181 776 2285 831 filii
2334 778 2451 843 Dei,
2478 778 2647 847 juxta
2690 775 2836 831 illud
2871 792 2886 830 :
2934 774 3340 845 Primogenitus
3390 786 3545 825 meus

1889 866 2060 919 Israel
2082 865 2273 936 (Exod.
2308 883 2381 932 1v,
2413 868 2525 935 22).
2560 866 2625 920 Et
2646 863 2931 920 Dominus
2961 879 3064 934 per
3085 861 3299 917 Isaiam
3325 876 3338 914 :
3372 860 3542 915 Filios

1890 956 2076 1021 genui,
2099 963 2150 1009 et
2171 957 2411 1010 enutrivi
2424 973 2447 1019 ;
2468 956 2578 1027 ipsi
2598 961 2775 1012 autem
2796 953 3196 1008 contemnentes
3219 951 3542 1021 spreverunt

1890 1060 1976 1097 me
2005 1044 2131 1114 (Isa.
2166 1062 2203 1110 1,
2232 1045 2308 1115 2).
2334 1044 2462 1099 Sive
2488 1044 2745 1116 adoptivi
2780 1042 2882 1097 lilii
2915 1042 3012 1095 Dei
3046 1039 3323 1095 dicuntur
3350 1053 3364 1093 :
3397 1053 3539 1106 quo-

1891 1132 2071 1201 niam,
2104 1133 2371 1188 veniente
2404 1131 2666 1196 Domino,
2699 1130 2869 1186 multi
2901 1146 3104 1185 eorum
3136 1126 3537 1195 crediderunt,

1891 1225 1949 1275 et
1978 1222 2110 1275 facti
2136 1226 2275 1276 sunt
2298 1222 2549 1293 adoptivi
2575 1220 2679 1275 ﬁlii
2701 1220 2823 1276 Dei.
2849 1218 3011 1275 Unde
3033 1216 3169 1272 alibi
3197 1215 3369 1270 dicit:
3395 1215 3541 1270 Misit

1890 1310 2030 1364 Deus
2056 1312 2260 1364 Filium
2291 1328 2452 1365 suum
2480 1314 2539 1365 in
2572 1311 2715 1365 hunc
2742 1308 3030 1370 mundum,
3060 1308 3275 1378 factum
3316 1320 3387 1358 ea:
3415 1319 3539 1357 mu-

1891 1399 2044 1465 liere,
2081 1400 2291 1469 factum
2320 1399 2419 1454 sub
2453 1401 2583 1469 lege,
2614 1406 2674 1454 ut
2702 1414 2808 1464 eos,
2843 1398 2939 1467 qui
2966 1396 3068 1450 sub
3098 1396 3214 1465 lege
3243 1395 3422 1455 erant,
3455 1405 3541 1445 re-

1889 1488 2143 1554 dimeret,
2193 1493 2253 1544 ut
2308 1489 2655 1559 adoptionem
2713 1487 2957 1557 ﬁliorum
3018 1485 3119 1539 Dei
3174 1484 3544 1549 reciperemus

1892 1577 2034 1648 (Gal.
2070 1595 2143 1644 1v,
2184 1578 2256 1639 4).

1964 1669 2029 1722 Et
2057 1668 2254 1737 gloria.
2287 1666 2483 1722 Gloria
2506 1666 2608 1721 illa
2634 1665 2729 1721 hic
2748 1662 3133 1735 intelligenda
3153 1664 3264 1726 est,
3285 1673 3403 1729 qua
3432 1656 3540 1711 Ju-

1892 1756 1996 1811 daei
2030 1756 2362 1826 specialiter
2387 1754 2676 1827 assumpti
2709 1758 2849 1809 sunt
2876 1770 2943 1808 ex
2973 1748 3248 1805 omnibus
3269 1745 3544 1819 gentibus

1892 1844 1952 1900 in
1976 1844 2329 1917 peculiarem
2354 1843 2635 1916 populum
2652 1842 2780 1899 Dei:
2802 1842 2958 1897 unde
2984 1837 3253 1910 superius
3275 1836 3382 1891 ait:
3404 1834 3545 1902 Quid

1894 1936 2131 2006 amplius
2181 1943 2257 1990 est
2296 1935 2530 1991 JUdZEO?
2562 1933 2628 1988 Et
2657 1948 2838 1988 mox:
2894 1930 3131 1988 Multum
3178 1942 3278 1999 per
3328 1939 3545 1980 omnem

1893 2025 2138 2091 modum,
2170 2030 2280 2079 etc.

1966 2115 2030 2168 Et
2082 2116 2403 2169 testamenta
2450 2114 2622 2181 (332).
2671 2110 2853 2165 Vetus
2903 2112 2962 2163 et
3011 2106 3235 2162 Novum
3287 2100 3548 2173 accipere

1894 2202 2217 2269 debemus;
2250 2203 2392 2256 dum
2441 2201 2598 2256 enim
2637 2198 2756 2253 illis
2798 2198 2979 2253 Vetus
3009 2197 3213 2250 datum
3244 2195 3352 2255 est,
3386 2189 3443 2243 in
3477 2204 3543 2243 eo

1896 2290 2380 2361 priefigurabatur
2413 2290 2661 2344 Novum.

1964 2379 2029 2433 Et
2075 2380 2363 2449 legislatio.
2417 2376 2746 2449 chislatio,
2795 2364 2855 2430 id
2909 2377 2999 2427 est
3053 2370 3200 2443 legis
3256 2366 3542 2424 constitu-

1893 2467 1994 2534 tio,
2027 2467 2261 2523 illorum
2294 2471 2419 2533 est;
2453 2466 2733 2538 quoniam
2770 2462 2889 2518 illis
2928 2459 3246 2517 constituta
3290 2459 3381 2511 est
3430 2455 3545 2522 lex,

1893 2557 2394 2628 quemadmodum
2406 2557 2749 2617 viverent,et
2765 2554 2893 2624 ejus
2910 2548 3204 2605 mandatis
3218 2544 3541 2601 obedirent.

1963 2647 2028 2700 Et
2056 2646 2394 2717 obsequium.
2427 2643 2787 2715 Obsequium
2810 2641 2951 2696 dicit
2968 2638 3129 2693 illius
3154 2634 3376 2691 Veteris
3395 2634 3542 2687 Tes-

1892 2736 2135 2790 tamenti
2169 2734 2414 2799 cultum,
2444 2750 2559 2806 quo
2589 2732 2775 2788 Judzei
2806 2727 3282 2800 obsequebantur
3316 2724 3449 2791 Deo,
3481 2721 3543 2775 in

1894 2823 2206 2879 oti'erendis
2231 2823 2535 2879 sacrificiis
2564 2827 2619 2877 et
2651 2819 2952 2876 servandis
2984 2817 3113 2887 ejus
3144 2811 3467 2886 prazceptis.

1965 2915 2030 2968 Et
2052 2916 2351 2985 promissa.
2385 2912 2682 2967 Promissa
2724 2912 2894 2965 vocat
2939 2903 3382 2979 promissiones,
3415 2915 3542 2970 quae

1897 3002 2059 3057 facta;
2091 3007 2231 3057 sunt
2260 3019 2363 3074 per
2394 3001 2707 3072 prophetas
2737 3002 2794 3053 et
2824 2995 3184 3069 patriarchas
3215 2992 3285 3046 de
3317 2990 3455 3056 Deo,
3480 2993 3547 3043 ut

1896 3090 2039 3144 illud
2066 3108 2078 3145 :
2111 3092 2201 3145 Sic
2227 3092 2332 3144 erit
2360 3106 2542 3144 semen
2570 3092 2727 3142 tuum
2756 3085 2908 3155 (Gen.
2941 3100 3033 3147 xv,
3063 3083 3119 3151 5)
3156 3098 3168 3136 :
3200 3079 3340 3134 item
3365 3094 3380 3133 :
3412 3076 3547 3131 Mul-

1896 3178 2151 3249 tiplicans
2168 3177 2545 3249 multiplicabo
2569 3192 2752 3232 semen
2778 3182 2936 3229 tuum
2966 3171 3115 3243 (Gen.
3149 3185 3264 3236 XVI,
3291 3168 3399 3239 10),
3433 3169 3542 3221 etc.

1897 3266 1968 3321 Et
1994 3266 2133 3321 item
2173 3282 2185 3320 :
2241 3270 2309 3321 In
2353 3267 2559 3319 semine
2600 3273 2690 3320 tuo
2733 3262 3121 3318 benedicentur
3148 3272 3334 3314 omnes
3364 3254 3549 3309 tribus

1900 3358 2061 3410 terra:
2108 3355 2259 3425 (Gen.
2300 3371 2440 3421 χχιι,
2488 3356 2595 3424 18).
2638 3352 2800 3407 Unde
2841 3352 3016 3407 etiam
3048 3350 3205 3404 dolet
3233 3343 3549 3416 Apostolus

1900 3443 2055 3513 quod
2087 3443 2381 3513 promissa
2401 3458 2530 3512 quae
2553 3441 2705 3495 facta
2733 3443 2873 3494 sunt
2903 3436 3189 3510 patribus,
3212 3449 3330 3488 non
3362 3429 3546 3485 secuti

1900 3536 2043 3586 sunt
2092 3529 2215 3585 ﬁlii.

1969 3623 2219 3690 Quorum
2244 3623 2447 3690 patres,
2479 3616 2820 3690 patriarchae
2857 3613 3080 3671 scilicet
3123 3615 3179 3667 et
3224 3607 3546 3682 prophetae,

1898 3725 1965 3764 ere
2013 3709 2208 3779 quibus
2259 3709 2504 3763 Christus
2548 3707 2849 3763 secundum
2894 3719 3134 3759 carnem.
3167 3705 3320 3755 Bene
3364 3695 3546 3763 addit,

1896 3798 2196 3855 secundum
2231 3813 2477 3865 carnem,
2512 3796 2793 3868 quoniam
2825 3793 3152 3849 secundum
3180 3785 3549 3844 divinitatem

1900 3892 2035 3943 ante
2058 3887 2257 3943 omnia
2287 3885 2504 3941 sacula
2524 3884 2756 3956 genitus
2788 3887 2877 3938 est
2906 3899 2940 3939 a
2961 3882 3079 3937 Deo
3110 3880 3276 3935 Patre
3300 3894 3313 3945 ;
3347 3890 3553 3931 secun-

1901 3977 2043 4030 dum
2084 3991 2320 4031 carnem
2368 3991 2501 4029 vero
2552 3990 2622 4029 ex
2666 3972 2886 4029 Judaais
2928 3976 3038 4038 est,
3069 3968 3349 4040 quoniam
3379 3964 3554 4018 beata

1899 4064 2079 4133 Virgo
2102 4061 2305 4128 Maria,
2328 4062 2399 4117 de
2420 4078 2538 4131 qua
2557 4076 2792 4115 carnem
2819 4060 3093 4129 sumpsit,
3122 4073 3192 4112 ex
3210 4054 3551 4110 Judeaorum

1901 4151 2082 4223 stirpe
2108 4150 2428 4206 descendit.
2464 4151 2553 4219 Et,
2587 4155 2652 4205 ut
2682 4149 3017 4205 ostenderet
3046 4146 3187 4217 quia
3232 4144 3293 4198 in
3339 4139 3549 4197 divini-

1897 4240 2035 4295 tatis
2059 4244 2273 4295 natura
2288 4256 2403 4295 non
2420 4256 2489 4295 ex
2501 4239 2733 4311 Virgine
2755 4238 3012 4310 sumpsit
3032 4235 3289 4298 initium,
3304 4229 3550 4302 adjecit:

1899 4330 2007 4397 Qui
2033 4331 2109 4385 est
2133 4345 2295 4400 super
2317 4331 2513 4385 omnia
2534 4329 2677 4383 Deus
2700 4326 3013 4384 benedictus
3042 4327 3103 4379 in
3120 4323 3338 4377 secula.
3358 4323 3551 4375 Amen.

1899 4418 2167 4473 Christus
2195 4418 2375 4489 igitur
2403 4433 2581 4489 super
2607 4416 2807 4472 omnia
2836 4415 2988 4469 Deus
3022 4411 3364 4468 benedictus
3388 4426 3402 4477 ;
3433 4424 3550 4462 non

1896 4511 2095 4562 tamen
2127 4522 2196 4560 ex
2224 4522 2290 4561 eo
2322 4507 2479 4577 quod
2513 4520 2750 4559 carnem
2781 4501 3040 4573 sumpsit
3069 4516 3138 4555 ex
3166 4497 3424 4569 Virgine,
3450 4495 3550 4550 sed

1901 4595 2042 4666 quia
2071 4598 2205 4649 ante
2236 4594 2437 4649 omnia
2469 4592 2684 4648 saecula
2715 4592 2826 4646 fuit
2851 4591 3085 4663 genitus
3118 4606 3153 4645 a
3182 4590 3369 4645 Patre.

146 4684 307 4750 mori,
331 4690 393 4739 ut
423 4685 639 4739 fratres
665 4684 757 4739 sui
790 4685 991 4739 anima
1019 4682 1423 4749 solverentur;
1458 4700 1525 4738 ac
1558 4683 1607 4739 si
1638 4685 1792 4739 dice-
1823 4683 1869 4748 D
1972 4686 2277 4746 Praeterea,
2310 4681 2449 4752 quia
2486 4681 2598 4736 sibi
2650 4680 2997 4736 continuum
3046 4678 3308 4733 dolorem
3360 4675 3555 4731 inesse

144 4775 222 4826 ret
253 4797 267 4829 :
301 4774 584 4846 optabam
644 4772 995 4844 sanguinem
1028 4788 1224 4828 meum
1276 4787 1379 4843 pro
1409 4772 1493 4827 eis
1524 4772 1791 4841 fundere,

144 4863 205 4914 ut
227 4860 338 4932 ipsi
368 4862 587 4935 spiritu
618 4862 897 4918 viverent.

210 4950 439 5009 Fratres
496 4969 636 5008 suos
673 4953 911 5008 Judteos
941 4952 1119 5019 dicit;
1154 4950 1310 5006 unde
1340 4966 1475 5005 mox
1517 4950 1745 5005 addidit
1776 4968 1790 5005 :

145 5037 242 5105 Qui
266 5050 391 5097 sunt
440 5042 671 5111 cognati
713 5042 829 5096 mei
864 5039 1162 5096 secundum
1193 5055 1458 5101 carnem;
1490 5056 1605 5110 quo
1638 5040 1791 5095 dicto

146 5130 388 5185 ostendit
408 5146 513 5186 eos
531 5130 742 5201 spiritu
766 5146 880 5184 non
902 5129 1013 5184 sibi
1034 5146 1163 5184 esse
1179 5133 1473 5199 cognatos,
1489 5128 1560 5182 de
1579 5128 1791 5197 quibus

147 5214 321 5273 adhuc
372 5218 626 5275 subdit:
681 5218 789 5286 Qui
834 5222 964 5273 sunt
1012 5219 1304 5274 lsraelitae.
1336 5216 1440 5272 His
1490 5217 1684 5271 verbis
1729 5233 1792 5273 se

152 5302 458 5366 Israelitam
484 5307 741 5365 ostendit
760 5322 830 5364 ex
860 5307 1083 5364 semine
1102 5306 1348 5363 Abrahae
1373 5323 1386 5362 :
1423 5306 1663 5374 Quorum
1690 5306 1789 5361 ad-

154 5514 164 5525 _
212 5449 351 5525 (330)
370 5450 532 5525 _No_ta
554 5448 966 5525 perpulchram
992 5450 1142 5506 hanc
1169 5448 1624 5525 distinctionem.
1644 5449 1790 5525 Hinc

152 5520 721 5611 incipit‘Vu'Igfcap.
778 5522 869 5579 IX.
921 5523 986 5579 In
1027 5540 1212 5593 marg.
1256 5538 1391 5576 vero
1425 5524 1542 5575 aut.
1576 5520 1791 5592 legitur

154 5593 691 5737 faﬁiiihﬁltilautog.
726 5680 843 5737 non
876 5666 1111 5737 AadOptio
1157 5672 1257 5733 est,
1289 5664 1390 5719 sed
1440 5663 1789 5737 adoptionem

153 5728 373 5806 legitur,
398 5737 553 5809 quod
580 5728 753 5808 juuxta
782 5735 953 5810 Vulg.
984 5728 1422 5796 emendandum
1453 5728 1674 5793 censui.

1903 4770 2130 4826 dixerat
2176 4786 2280 4841 pro
2328 4770 2575 4825 fratrum
2628 4786 2873 4825 suorum
2917 4768 3265 4841 perditione,
3297 4781 3370 4821 ne
3418 4765 3554 4836 quis

1904 4863 2137 4931 putaret
2179 4864 2525 4915 evacuatum
2578 4858 3051 4932 promissionem,
3086 4872 3212 4928 quae
3264 4855 3415 4909 facta
3463 4857 3554 4908 est

1901 4948 2171 5014 Abrahae,
2222 4950 2425 5003 volens
2473 4949 2781 5005 ostendere
2828 4945 3145 5019 Apostolus
3204 4942 3345 5015 quia
3402 4946 3555 4997 Deus

1900 5041 2108 5109 potens
2131 5042 2221 5093 est
2246 5038 2434 5093 facere
2455 5054 2582 5109 qua:
2604 5037 2897 5109 promisit,
2925 5035 2995 5091 ad
3024 5031 3553 5089 commendandam

1901 5127 2031 5196 ejus
2059 5126 2330 5199 gratiam,
2366 5126 2591 5182 addidit
2623 5144 2635 5180 :
2670 5127 2785 5181 Non
2815 5130 2999 5179 autem
3029 5120 3549 5195 (subintelligitur:

1899 5214 2009 5271 hoc
2040 5216 2169 5271 ideo
2201 5217 2353 5285 dico)
2386 5214 2528 5288 quod
2566 5216 2832 5270 exciderit
2877 5214 3106 5271 verbum
3144 5214 3243 5268 Dei
3271 5212 3460 5283 (333);
3492 5210 3551 5264 id

1899 5310 2010 5375 est,
2044 5308 2200 5377 quod
2249 5304 2564 5375 promissio
2611 5304 2855 5361 Abrahae
2905 5306 3076 5369 facta,
3127 5304 3405 5361 evacuate
3453 5298 3552 5366 sit,

1971 5446 2120 5518 (332)
2150 5444 2323 5516 Vulg.
2373 5449 2754 5502 testamentum
2774 5464 2795 5509 ;
2845 5446 2971 5503 alite
3019 5454 3218 5504 autem
3271 5445 3548 5503 lectiones

1899 5525 2098 5573 nostro
2135 5522 2333 5587 autog.
2367 5519 2761 5575 consentiunt.

1969 5590 2125 5664 (333)
2152 5590 2216 5664 In
2248 5586 2443 5661 autog.
2477 5606 2663 5663 marg.
2715 5608 2763 5646 c.
2812 5591 2976 5659 .\'.\'V,
3004 5594 3184 5664 caput
3211 5606 3346 5646 vero
3375 5586 3547 5645 XXIV

1898 5660 2128 5718 nulllibi
2164 5660 2454 5731 signatur.
