3942 6426
322 455 440 515 219

1341 463 1682 526 ATTONIS
1725 462 2317 527 VERCELLENSIS
2360 465 2716 528 EPISCOPI

3629 464 3754 528 220

326 586 607 658 quoniam
630 589 739 645 etsi
764 590 1008 646 verbum
1032 593 1132 649 Dei
1163 592 1223 648 in
1257 593 1576 650 incredulis
1607 595 1838 666 excidit,
1864 595 1973 650 im-
2003 595 2060 662 Α
2088 610 2157 651 ex
2188 577 2305 652 uno
2327 596 2638 652 concubitu
2666 596 2849 669 patris
2871 596 3054 652 nostri
3079 598 3262 651 Isaac.
3291 594 3518 662 Quibus
3545 596 3746 653 verbis

325 676 551 748 pletum
583 681 778 735 tamen
810 684 900 735 est
928 681 989 736 in
1022 683 1417 738 credentibus.
1446 685 1608 749 Quod
1641 689 1704 739 ut
1734 685 1974 756 aperiat,

328 768 499 836 quasi
532 783 847 838 exponens,
884 770 1191 841 subjunxit
1222 788 1235 825 :
1284 777 1406 828 Non
1452 774 1604 827 enim
1645 790 1851 840 omnes,
1886 777 1982 845 qui

326 863 458 910 sunt
485 873 555 911 ex
582 859 772 929 Israel,
806 858 871 914 hi
896 864 1028 914 sunt
1056 860 1326 917 Israelita
1343 878 1365 922 ;
1396 861 1453 915 id
1486 867 1594 929 est,
1629 880 1745 918 non
1776 879 1980 919 omnes

330 944 433 1015 qui
465 947 792 1001 secundum
823 964 1059 1002 carnem
1091 965 1159 1003 ex
1196 949 1376 1004 Jacob
1406 951 1587 1023 stirpe
1618 953 1983 1008 descendunt

330 1036 472 1087 sunt
501 1033 607 1088 viri
637 1035 897 1091 videntes
928 1042 1131 1103 Deum,
1166 1038 1444 1109 quoniam
1476 1057 1591 1095 non
1623 1057 1828 1096 omnes
1859 1058 1980 1097 cre-

330 1120 480 1175 dunt
502 1123 560 1176 in
584 1121 831 1177 Christo.
859 1125 1204 1196 Quicunque
1230 1142 1367 1199 ergo
1388 1144 1457 1183 ex
1481 1130 1638 1183 omni
1664 1136 1834 1201 gente
1857 1147 1980 1185 cre-

330 1208 470 1264 dent
498 1210 555 1263 in
588 1226 745 1277 eum,
778 1212 835 1266 hi
871 1217 1011 1267 sunt
1041 1214 1147 1269 viri
1180 1216 1480 1272 Israelita.
1518 1216 1637 1285 Nec,
1671 1219 1805 1289 quia
1835 1218 1982 1290 (334)

327 1313 511 1353 semen
537 1304 665 1354 sunt
693 1300 953 1367 Abraha,
986 1318 1176 1358 omnes
1201 1306 1354 1374 ﬁlii;
1385 1306 1442 1359 id
1474 1312 1584 1372 est,
1618 1323 1733 1361 non
1780 1324 1983 1364 omnes

330 1384 417 1442 illi
438 1387 536 1459 qui
562 1404 665 1459 per
684 1405 919 1445 carnem
938 1392 1011 1446 ab
1034 1408 1100 1447 eo
1124 1394 1512 1461 descendunt,
1528 1396 1627 1449 sed
1648 1395 1985 1467 quicunque

333 1491 402 1530 ex
430 1476 592 1530 omni
625 1481 795 1549 gente
826 1478 956 1548 ejus
985 1480 1230 1553 vestigia
1260 1481 1586 1552 imitantur,
1622 1482 1682 1537 hi
1717 1484 1819 1537 ﬁlii
1850 1489 1991 1539 sunt

331 1564 599 1619 Abraha.

402 1652 475 1706 Et
503 1652 614 1708 hoc
639 1654 786 1722 Vult,
821 1656 977 1727 quod
1009 1657 1277 1729 sequitur
1302 1675 1315 1715 :
1351 1659 1462 1715 Sed
1489 1660 1549 1715 in
1579 1660 1742 1717 Isaac
1772 1665 1992 1718 vocabi-

332 1746 435 1796 tur
466 1741 571 1796 tibi
616 1759 805 1799 semen
836 1749 996 1813 (Gen.
1026 1763 1140 1814 xx1,
1177 1748 1287 1818 12).
1320 1748 1542 1812 Quibus
1589 1750 1781 1805 verbis
1832 1751 1991 1808 illius

331 1827 443 1883 loci
475 1832 764 1899 meminit,
798 1833 898 1889 ubi
946 1834 1163 1906 legitur
1211 1830 1350 1907 quia
1401 1838 1673 1909 praecepit
1702 1839 1990 1895 Dominus

332 1917 577 1973 Abraha
609 1923 674 1974 ut
702 1920 963 1977 obediret
990 1924 1113 1978 voci
1146 1924 1299 1980 Sara
1330 1926 1531 1982 uxoris
1562 1944 1701 1991 sua,
1734 1932 1791 1982 et
1821 1928 1990 1999 ejice-
2019 1959 2066 2023 B

334 2010 423 2060 ret
452 2006 746 2080 ancillam,
774 2014 833 2065 et
855 2010 1039 2067 ﬁlium
1062 2013 1190 2084 ejus
1212 2014 1397 2084 (Ibid.,
1424 2016 1535 2087 10),
1559 2016 1840 2086 quoniam
1872 2035 1987 2073 non

333 2099 489 2149 esset
517 2094 701 2153 hares
731 2097 890 2154 ﬁlius
920 2100 1143 2156 ancilla
1184 2118 1318 2158 cum
1364 2102 1483 2159 ﬁlio
1529 2103 1741 2172 libera,
1775 2107 1877 2161 sed
1927 2108 1985 2161 in

333 2181 495 2238 Isaac
524 2186 828 2241 vocabitur
857 2187 908 2243 ei
937 2204 1161 2245 semen.

402 2273 699 2331 Abraham
731 2294 889 2348 ergo,
921 2280 1073 2335 sicut
1103 2279 1241 2336 alibi
1273 2282 1430 2337 idem
1460 2282 1775 2354 Apostolus
1806 2284 1983 2339 dicit:

333 2365 494 2418 Duos
512 2365 657 2433 ﬁlios
678 2365 900 2437 habuit,
924 2384 1098 2424 unum
1120 2371 1193 2425 de
1215 2370 1458 2442 ancilla,
1482 2380 1537 2427 et
1557 2389 1737 2428 unum
1756 2374 1826 2429 de
1853 2374 1987 2429 tibe-

334 2467 428 2505 ra.
461 2453 569 2508 Sed
595 2456 698 2524 qui
724 2456 796 2510 de
829 2456 1073 2523 ancilla,
1103 2461 1407 2515 secundum
1434 2477 1669 2517 carnem
1699 2470 1876 2518 natus
1902 2472 1988 2520 est

334 2542 487 2617 (Gal.
522 2560 597 2611 Iv,
620 2545 723 2611 22;
755 2549 892 2600 Gen.
917 2562 1032 2613 xvr,
1059 2548 1180 2618 15);
1211 2547 1269 2602 id
1302 2554 1411 2614 est,
1436 2551 1759 2605 secundum
1783 2568 1986 2607 carna-

335 2632 452 2687 lem
485 2633 970 2689 consuetudinem
1002 2660 1016 2703 ;
1046 2637 1146 2705 qui
1173 2654 1313 2693 vero
1338 2639 1406 2694 de
1434 2638 1639 2708 libera,
1673 2641 1987 2696 secundum

332 2720 765 2792 promissionem
796 2722 945 2794 (335)
973 2740 987 2790 ;
1022 2724 1321 2796 quoniam,
1345 2727 1689 2799 priusquam
1722 2729 1986 2801 concipe-

337 2812 505 2863 retur
523 2813 626 2863 aut
647 2815 1004 2877 nasceretur,
1031 2811 1082 2867 ei
1108 2814 1433 2884 promissus
1455 2821 1564 2872 est.
1592 2817 1699 2872 Per
1718 2817 1824 2873 hos
1850 2834 1986 2890 ergo

341 2896 489 2952 duos
520 2896 789 2953 homines
809 2898 1195 2972 designantur
1222 2905 1341 2957 tam
1364 2905 1665 2960 credentes
1689 2922 1866 2977 quam
1896 2907 1986 2961 in-

339 2984 563 3129 crtg‘iiuii
588 3002 601 3041 :
625 3001 728 3058 per
745 2988 906 3043 Isaac
931 2988 1155 3045 scilicet
1173 2990 1394 3058 fideles,
1411 3009 1515 3064 per
1531 2995 1835 3050 Ismaelem
1856 3013 1987 3052 vero

341 3089 403 3128 1n
491 3091 520 3129 e
546 3090 628 3129 es.

341 3089 628 3130 1111106188.

299 3239 309 3247 ν
364 3228 367 3231 _
418 3164 636 3233 Itaque,
670 3166 735 3218 ut
764 3164 1096 3221 ostenderet
1126 3166 1264 3236 quid
1296 3172 1452 3223 esset
1479 3169 1538 3223 in
1567 3171 1733 3226 Isaac
1762 3171 1989 3227 vocabi-

2090 684 2247 739 illius
2272 685 2539 740 meminit
2559 686 2669 740 loci
2695 702 2810 756 quo
2834 684 3049 755 legitur
3070 684 3211 755 quia
3240 700 3375 739 cum
3397 684 3745 741 collideren-

2090 779 2189 830 tur
2217 774 2434 846 gemini
2479 775 2538 829 in
2585 779 2755 829 utero
2789 775 3054 828 Rebecca
3102 772 3259 843 (Gen.
3291 790 3422 840 xxv,
3454 775 3568 842 22),
3603 773 3749 829 abiit

2094 863 2333 918 consule
2365 863 2699 932 Dominum,
2733 861 2827 916 cui
2859 861 3144 916 Dominus
3195 863 3498 932 respondit
3529 876 3542 914 :
3598 866 3748 919 Dua

2091 958 2289 1021 gentes
2316 955 2366 1006 et
2388 952 2501 1005 duo
2526 951 2729 1022 populi
2745 951 2805 1004 in
2834 959 2998 1004 utero
3020 958 3119 1003 tuo
3136 958 3270 1004 sunt
3299 957 3355 1003 et
3374 950 3619 1017 populus
3649 965 3751 1017 po-

2093 1040 2299 1109 pulum
2326 1041 2638 1110 superabit,
2662 1049 2716 1094 et
2748 1043 2946 1110 major
2973 1039 3177 1093 serviet
3197 1038 3417 1093 minori
3437 1037 3592 1107 (Gen.
3618 1054 3750 1104 xxv,

2094 1131 2186 1200 23)
2218 1130 2325 1183 Per
2355 1146 2502 1200 quos
2561 1129 2739 1183 etiam
2769 1129 2917 1182 duos
2951 1128 3221 1181 Rebecca
3254 1126 3405 1180 ﬁlios
3447 1127 3755 1181 credentes

2096 1223 2153 1272 et
2182 1216 2466 1272 increduli
2499 1217 2903 1288 designantur,
2928 1232 3031 1287 per
3060 1216 3339 1285 majorem
3364 1215 3538 1285 Esau,
3564 1215 3753 1270 incre-

2098 1306 2241 1374 duli,
2276 1322 2376 1376 per
2405 1306 2691 1359 minorem
2724 1321 2859 1359 vero
2889 1304 3070 1358 Jacob
3101 1302 3421 1358 credentes.

2171 1395 2280 1449 Sed
2333 1410 2516 1464 quare
2561 1393 2787 1447 addidit
2814 1391 3126 1463 Apostolus
3156 1407 3231 1446 ea;
3258 1408 3373 1447 uno
3404 1390 3759 1447 concubitu?

2099 1483 2350 1549 Scilicet,
2381 1499 2452 1536 ne
2481 1482 2773 1536 diceretur
2800 1482 2956 1553 quod
2975 1482 3156 1536 Jacob
3179 1480 3306 1535 suis
3326 1479 3412 1535 vel
3438 1485 3753 1551 parentum

2100 1575 2203 1626 aut
2225 1570 2558 1641 aliquorum
2588 1570 3048 1641 propinquorum
3076 1568 3300 1624 meritis
3324 1568 3545 1623 electus
3576 1568 3675 1636 sit,
3701 1570 3760 1623 et

2101 1660 2254 1730 quod
2288 1658 2714 1714 excellentioris
2765 1658 2959 1712 meriti
3008 1661 3065 1712 et
3111 1656 3454 1712 melioribus
3484 1656 3755 1712 moribus

2102 1747 2277 1802 fuerit
2298 1751 2462 1818 pater
2478 1748 2605 1818 ejus
2630 1763 2765 1802 cum
2790 1746 2948 1800 hunc
2970 1761 3149 1816 quam
3170 1761 3305 1799 cum
3325 1745 3565 1800 fratrem
3588 1743 3760 1800 semi-

2102 1836 2281 1902 navit,
2314 1841 2372 1890 et
2403 1841 2589 1890 mater
2618 1835 2858 1890 alterius
2887 1833 3212 1890 voluntatis
3241 1848 3375 1888 cum
3405 1848 3541 1888 eum
3575 1848 3757 1904 quam

2102 1941 2235 1980 cum
2258 1926 2494 1979 fratrem
2521 1925 2806 1995 concepit.
2830 1922 3099 1979 Ostendit
3119 1921 3277 1977 enim
3299 1920 3410 1977 hoc
3431 1921 3590 1976 dicto
3615 1920 3758 1992 quia

2100 2030 2285 2069 unum
2304 2013 2413 2067 fuit
2435 2013 2616 2084 patris
2638 2012 2916 2067 meritum
2939 2011 3011 2066 ad
3035 2010 3543 2079 seminandum,et
3567 2025 3758 2064 unum

2099 2103 2308 2157 matris
2340 2103 2411 2157 ad
2444 2101 2894 2173 concipiendum
2918 2104 3218 2171 utrosque.
3246 2099 3393 2153 Nam
3414 2097 3525 2153 etsi
3547 2101 3758 2169 postea

2096 2190 2459 2246 voluntatem
2490 2190 2714 2246 variare
2737 2189 2947 2260 potuit,
2977 2193 3257 2259 utrosque
3287 2186 3549 2242 inclusos
3586 2190 3750 2242 utero

2097 2280 2344 2347 habens,
2377 2296 2493 2334 non
2526 2280 2628 2334 uni
2662 2280 2810 2349 (339)
2842 2282 3098 2344 tantum,
3131 2277 3232 2332 sed
3263 2291 3428 2347 aque
3457 2274 3751 2331 ambobus

2103 2369 2355 2426 variavit.

2164 2458 2249 2512 Ad
2280 2456 2809 2512 commendandam
2836 2454 3017 2527 igitur
3042 2454 3289 2525 gratiam
3313 2452 3415 2508 Dei
3446 2451 3556 2507 hoc
3577 2452 3745 2522 dixit,

2095 2545 2293 2602 volens
2324 2546 2628 2601 ostendere
2659 2546 2798 2616 quia
2827 2560 2896 2599 ex
2926 2560 3041 2599 uno
3073 2548 3237 2614 patre
3275 2547 3334 2596 et
3376 2558 3446 2596 ex
3475 2558 3593 2597 una
3622 2557 3750 2596 ma-

2096 2640 2203 2705 tre,
2236 2640 2292 2691 et
2320 2652 2436 2690 uno
2467 2633 2801 2701 concubitu,
2836 2634 3008 2689 ambo
3050 2632 3168 2686 nati
3210 2634 3351 2687 sunt
3383 2646 3395 2684 :
3452 2630 3553 2686 sed
3603 2630 3753 2685 alter

2097 2723 2357 2779 indebita
2378 2722 2747 2778 miseratione
2775 2720 2993 2777 electus
3018 2728 3127 2791 est,
3146 2719 3294 2775 alter
3318 2734 3452 2774 vero
3469 2719 3633 2789 justo
3647 2718 3753 2773 Dei

2090 2812 2312 2883 judicio
2344 2813 2706 2884 reprobatus.
2742 2810 2814 2865 Ut
2843 2809 3044 2865 nullus
3073 2808 3134 2864 in
3165 2825 3227 2863 se
3259 2807 3495 2880 gloriari
3527 2823 3752 2878 prasu-

2097 2906 2240 2968 mat,
2288 2901 2389 2956 sed
2439 2900 2539 2972 qui
2592 2900 2894 2973 gloriatur,
2945 2898 3005 2953 in
3060 2897 3305 2953 Domino
3361 2895 3643 2969 glorietur
3706 2899 3755 2966 (ι

2106 2990 2234 3045 Cor.
2268 3008 2308 3060 ι,
2341 2991 2451 3061 31).

2174 3079 2375 3151 Igitur,
2409 3096 2481 3135 ne
2511 3079 2657 3134 forte
2687 3077 2904 3149 aliquis
2937 3076 3190 3132 diceret:
3220 3073 3575 3147 pravidebat
3593 3073 3753 3129 Deus

2098 3169 2251 3224 bona
2282 3185 2457 3240 opera
2485 3168 2545 3223 in
2575 3167 2776 3234 Jacob,
2808 3167 3055 3237 ideoque
3085 3163 3260 3236 elegit
3290 3179 3448 3231 eum,
3479 3161 3757 3218 similiter

343 3256 442 3306 tur
469 3250 569 3306 tibi
592 3266 806 3320 semen,
837 3269 1152 3325 exponens,
1188 3256 1440 3326 subjecit
1472 3281 1485 3310 :
1518 3259 1586 3314 Id
1616 3268 1719 3326 est,
1750 3276 1860 3317 non
1888 3262 1992 3333 qui
2028 3321 2063 3333 η
2101 3258 2259 3313 mala
2278 3257 2337 3312 in
2351 3258 2849 3329 Esau,propterea
2874 3254 3202 3325 reprobavit
3220 3269 3355 3308 eum
3377 3269 3390 3320 ;
3415 3251 3755 3322 subjunxit:

341 3337 469 3413 ﬁlii
483 3339 698 3417 garuis,
718 3340 778 3395 hi
791 3321 928 3397 sunt
942 3341 1063 3414 ﬁlii
1073 3321 1206 3406 Dei;
1223 3321 1329 3401 sed
1340 3348 1438 3419 qui
1449 3346 1563 3419 ﬁlii
1576 3321 1989 3417 promissionis,
2020 3321 2065 3390 θ
2106 3347 2244 3404 Cum
2266 3348 2419 3402 enim
2439 3321 2698 3403 nonduin
2716 3345 2841 3401 nati
2856 3321 3118 3415 fuissent,
3140 3350 3244 3398 aut
3263 3340 3489 3414 aliquid
3511 3321 3760 3411 egissent

342 3428 710 3485 aestimantur
732 3430 881 3502 (336)
906 3432 968 3486 in
986 3433 1220 3487 semine.
1244 3434 1405 3498 Quod
1433 3440 1521 3492 est
1541 3441 1737 3509 aperte
1758 3438 1949 3495 dicere
1971 3453 1984 3493 :

344 3516 406 3572 bi
438 3516 809 3575 solummodo
840 3519 899 3574 in
934 3522 1157 3577 semine
1187 3523 1573 3592 astimantur,
1607 3526 1707 3597 qui
1738 3527 1797 3582 in
1832 3528 1991 3584 Isaac

345 3607 752 3678 promissionis
785 3607 904 3664 ﬁlio
922 3610 1348 3683 signiﬁcantur.
1381 3610 1763 3671 IEstimantur
1793 3620 1991 3672 autem

345 3694 406 3749 in
437 3695 681 3767 semine,
703 3698 863 3767 quia,
887 3698 1082 3754 divina
1110 3698 1298 3770 gratia
1325 3706 1588 3772 vocante,
1610 3702 1670 3757 in
1693 3703 1990 3759 Christum

348 3788 726 3854 congregant.

423 3871 497 3928 Ut
525 3876 723 3928 autem
754 3873 1087 3930 ostenderet
1128 3891 1254 3946 qua
1307 3880 1461 3932 esset
1506 3878 1628 3934 hac
1657 3881 1991 3951 promissio,

351 3961 614 4018 subdidit
637 3979 649 4018 :
671 3963 1080 4019 Promissionis
1100 3965 1251 4019 enim
1275 3966 1513 4022 verbum
1539 3968 1647 4024 hoc
1664 3973 1745 4024 est
1763 3987 1780 4023 :
1802 3987 1996 4028 secun-

350 4053 490 4108 dum
511 4052 620 4107 hoc
638 4057 860 4124 tempus
880 4053 1124 4119 veniam,
1138 4060 1193 4109 et
1214 4055 1325 4110 erit
1341 4054 1413 4112 Sa
1423 4072 1504 4113 ra
1518 4058 1686 4127 ﬁlius.
1702 4060 1824 4124 Quo
1841 4059 1994 4116 dicto

351 4139 512 4196 illius
533 4139 644 4196 loci
670 4141 961 4209 meminit,
986 4142 1086 4197 ubi
1126 4142 1485 4215 legiturquia
1505 4146 1745 4203 meridie
1771 4148 1994 4204 sedenti

350 4228 600 4284 Abraha
644 4229 754 4285 sub
796 4246 1016 4301 quercu
1064 4232 1323 4287 Mambre
1351 4233 1508 4304 (Gen.
1542 4252 1700 4306 xvm,
1736 4236 1787 4302 1)
1818 4254 1995 4308 appa-

352 4321 598 4374 ruerunt
628 4323 746 4374 tres
776 4317 1087 4391 angeligin
1131 4318 1320 4392 ﬁgura
1349 4321 1672 4388 Trinitatis,
1706 4341 1853 4395 quos
1901 4324 1997 4381 ille

350 4406 603 4479 hospitio
635 4408 913 4480 suscepit,
945 4424 1147 4464 eorum
1181 4410 1358 4482 pedes
1388 4410 1528 4466 lavit
1554 4428 1568 4478 ;
1613 4417 1744 4483 post
1772 4430 1995 4469 comes-

349 4496 566 4553 tionem
599 4501 795 4553 autem
825 4501 1025 4553 vocata
1054 4498 1215 4568 Sara,
1248 4499 1394 4555 dixit
1430 4500 1746 4557 Dominus:
1779 4502 1996 4559 Secun-

352 4586 493 4640 dum
524 4585 636 4640 hoc
664 4591 900 4657 tempus
931 4588 1181 4656 veniam,
1213 4593 1270 4644 et
1312 4589 1421 4644 erit
1455 4594 1604 4644 Sara
1638 4590 1794 4647 ﬁlius
1825 4593 1993 4665 (337).

2110 3439 2261 3505 boni,
2283 3442 2389 3491 aut
2405 3434 2554 3491 mali
2573 3436 2701 3506 (aut
2718 3434 3025 3490 secundum
3046 3432 3377 3488 electionem
3391 3431 3757 3502 propositum

2100 3528 2215 3583 Dei
2232 3526 2517 3596 maneret)
2542 3541 2653 3580 non
2676 3540 2748 3579 ex
2766 3522 3159 3593 operibus,sed
3181 3538 3256 3575 ea;
3276 3528 3521 3576 vocante
3541 3519 3757 3575 dictum

2099 3622 2182 3671 est
2210 3616 2266 3669 ei
2289 3635 2308 3669 :
2342 3615 2488 3683 Quia
2514 3614 2713 3683 major
2733 3612 2939 3667 serviet
2957 3611 3188 3666 minori.
3217 3614 3278 3665 In
3310 3609 3572 3665 nondum
3599 3606 3755 3662 natis

2102 3702 2265 3760 nulla
2293 3704 2440 3758 ﬁdes
2471 3707 2572 3757 aut
2608 3718 2783 3773 opera
2813 3700 3134 3772 pracedere
3164 3701 3503 3770 potuerunt,
3536 3696 3755 3768 quibus

2102 3792 2248 3848 alter
2278 3808 2478 3847 eorum
2510 3790 2840 3862 eligeretur,
2875 3788 3021 3844 alter
3062 3803 3264 3844 eorum
3314 3786 3751 3858 reprobaretur.

2103 3881 2206 3935 His
2229 3884 2423 3935 autem
2444 3879 2637 3934 verbis
2660 3883 2857 3950 aperte
2887 3877 3217 3933 ostenditur
3235 3874 3375 3946 quia
3403 3890 3518 3929 non
3549 3872 3756 3928 electio

2105 3970 2321 4042 pendet
2351 3985 2420 4024 ex
2451 3967 2770 4039 pr0posito,
2805 3967 2905 4021 sed
2937 3964 3302 4038 propositum
3341 3979 3411 4019 ex
3452 3961 3757 4017 electiene.

2103 4058 2228 4114 Non
2248 4058 2403 4113 enim
2428 4056 2794 4129 propositum
2817 4054 3179 4121 electionem,
3198 4052 3301 4109 sed
3324 4051 3527 4107 electio
3550 4066 3765 4122 prace-

2104 4147 2190 4203 dit
2219 4146 2585 4219 propositum
2617 4163 2630 4212 ;
2690 4145 2843 4199 sicut
2874 4160 2945 4198 ne
2968 4140 3316 4214 justiticatio
3346 4137 3619 4212 gratiam,
3653 4139 3760 4194 sed

2104 4235 2291 4309 gratia
2330 4233 2862 4305 justiﬁcationem;
2910 4232 2992 4286 ita
3044 4246 3160 4285 non
3209 4228 3433 4284 vocatio
3484 4225 3764 4298 praecedit

2105 4323 2469 4392 electionem,
2501 4322 2602 4377 sed
2634 4320 2837 4376 electio
2882 4319 3242 4376 vocationem
3275 4318 3445 4387 (340).
3495 4316 3620 4371 Non
3669 4319 3759 4370 ta-

2106 4428 2241 4467 men
2270 4428 2475 4466 onines
2501 4409 2602 4482 qui
2628 4413 2912 4465 vocantur
2942 4407 3259 4479 eliguntur,
3279 4404 3580 4477 quoniam,
3600 4403 3760 4460 sicut

2106 4500 2391 4557 Dominus
2420 4500 2477 4554 in
2503 4499 2810 4569 Evangelio
2833 4497 2975 4552 dicit
2999 4514 3013 4552 :
3037 4496 3202 4554 Multi
3219 4504 3347 4551 sunt
3366 4495 3564 4561 vocati,
3586 4493 3762 4564 pauci

2105 4606 2229 4646 vero
2262 4590 2421 4644 electi
2452 4589 2657 4659 (Matth.
2674 4605 2774 4671 xx,
2803 4588 2909 4656 16).
2932 4585 3233 4640 Manifeste
3264 4584 3464 4655 itaque
3497 4580 3761 4637 ostendit

424 4673 537 4728 Sed
569 4690 640 4728 ne
671 4675 931 4729 crederet
959 4675 1174 4746 aliquis
1204 4694 1427 4749 omnes,
1460 4679 1559 4749 qui
1599 4696 1667 4734 ex
1696 4681 1856 4736 Isaac
1886 4681 1995 4736 orti
2027 4690 2076 4755 D
2105 4678 2417 4751 Apostolus
2441 4677 2579 4749 quia
2600 4669 2753 4731 sieut
2775 4673 2955 4729 nullis
2985 4675 3109 4729 suis
3130 4671 3355 4728 meritis
3383 4669 3762 4743 praecedenti-

351 4765 494 4819 sunt
522 4762 799 4817 astimari
839 4761 1188 4839 in_semine,
1223 4765 1362 4836 quia
1408 4766 1631 4823 dixerat
1663 4786 1675 4823 :
1729 4770 1793 4826 In
1838 4770 1999 4827 Isaac

349 4852 645 4909 vocabitur
662 4852 775 4909 tibi
789 4868 1003 4917 semen,
1026 4852 1155 4907 ideo
1179 4854 1484 4926 subjungit
1508 4872 1520 4910 :
1553 4858 1672 4912 Non
1693 4860 1877 4915 solum
1896 4877 1997 4916 au-

349 4950 458 4998 tem
490 4942 636 5014 (338)
689 4942 788 4998 sed
834 4949 892 4997 et
932 4941 1183 4997 Rebecca
1212 4958 1287 4996 ea:
1314 4958 1425 4997 uno
1454 4947 1755 5000 concubitu
1782 4950 1998 5005 habens

347 5032 509 5087 Isaac
524 5031 718 5103 patris
737 5030 961 5092 nostri;
983 5046 1049 5085 ac
1071 5030 1119 5085 si
1145 5030 1391 5086 diceret:
1422 5047 1533 5085 non
1560 5032 1749 5087 solum
1777 5034 1835 5090 in
1859 5036 1998 5092 ﬁliis

351 5118 582 5173 duobus
607 5118 853 5173 Abraha
883 5117 1006 5173 hac
1034 5118 1332 5175 distinctio
1362 5118 1513 5173 facta
1543 5124 1651 5186 est,
1686 5121 1786 5176 sed
1819 5124 1994 5181 etiam

351 5205 611 5262 Rebecca
637 5206 787 5261 hanc
819 5205 1257 5263 distinctionem
1290 5207 1446 5278 fecit,
1479 5207 1703 5263 habens
1733 5212 1998 5281 geminos

424 5312 571 5384 (334)
601 5310 774 5382 Vulg.
810 5313 952 5384 qui;
985 5314 1087 5368 sed
1168 5319 1224 5369 et
1249 5313 1374 5369 alia
1415 5314 1693 5370 lectiones
1724 5317 1997 5383 cum_hac

350 5387 555 5438 nostra
583 5383 976 5438 consentiunt.

601 5452 773 5538 Xulg.
808 5470 908 5521 per
937 5458 1458 5538 repromissionem.

425 5525 572 5599 (336)
603 5524 774 5599 Yulg.
802 5524 1203 5599 promissionis
1232 5537 1380 5596 sunt,
1410 5532 1780 5599 astimantur,
1815 5534 1921 5585 etc.

425 5595 572 5667 (337)
601 5595 743 5680 Gen.
777 5612 935 5663 xvm,
977 5597 1063 5664 lO,
1086 5597 1255 5670 Vulg.
1280 5595 1561 5656 revertens
1592 5595 1817 5657 veniam
1846 5603 1918 5657 ad
1946 5611 1997 5656 te

354 5674 599 5734 tempore
631 5674 761 5722 isto.

425 5738 572 5811 (338)
603 5736 776 5810 Vulg.
808 5744 998 5793 autem
1027 5736 1150 5794 illa.

2107 4769 2219 4824 bus
2249 4767 2594 4839 reprobatus
2633 4768 2723 4820 est
2752 4765 2926 4829 Esau,
2957 4763 3040 4818 ita
3069 4761 3248 4817 nullis
3280 4759 3504 4816 meritis
3535 4774 3753 4831 prace-

2105 4855 2381 4912 dentibus
2429 4854 2648 4910 electus
2696 4857 2785 4908 est
2831 4852 3034 4907 Jacob.
3066 4851 3128 4906 Si
3167 4849 3324 4906 enim
3364 4848 3763 4921 pracederent

2106 4945 2306 5017 aliqua
2337 4944 2543 4999 merita
2563 4942 2778 5014 quibus
2798 4941 2977 4997 Jacob
3007 4941 3337 5013 eligeretur,
3362 4936 3762 5011 praecederent

2107 5034 2311 5105 utique
2344 5032 2561 5104 quibus
2593 5031 3002 5103 reprobaretur
3029 5030 3202 5086 Esau.
3227 5028 3337 5084 Sed
3371 5026 3593 5082 mansit
3622 5041 3759 5097 pro-

2106 5123 2364 5195 positum
2396 5120 2497 5176 Dei
2528 5120 2853 5176 secundum
2884 5118 3248 5187 electionem,
3287 5116 3569 5188 quoniam
3602 5114 3762 5171 sicut

2105 5210 2305 5267 electio
2328 5209 2505 5264 nullis
2538 5209 2999 5280 pracedentibus
3028 5206 3255 5262 meritis
3285 5204 3634 5272 celebratur,
3660 5219 3762 5259 eo-

2177 5315 2327 5385 (339)
2357 5318 2567 5386 Autog.
2592 5331 2702 5370 non
2731 5316 2941 5370 unitati
2968 5317 3208 5368 tantum.
3234 5311 3443 5386 Menda
3463 5309 3611 5365 mihi
3633 5310 3765 5366 visa

2106 5394 2193 5443 est
2223 5403 2289 5441 ex
2308 5384 2387 5442 eo
2433 5384 2585 5457 quod
2619 5388 2885 5457 sequitur
2912 5402 2925 5439 :
2955 5386 3045 5439 sed
3073 5400 3229 5455 aque
3257 5384 3538 5457 ambobus.

2177 5458 2325 5528 (340)
2355 5452 2646 5529 Jugantur
2672 5452 2789 5512 h—ac
2817 5457 2910 5511 his
2937 5473 3063 5527 qua
3091 5452 3248 5511 dicta
3277 5460 3417 5510 sunt
3444 5452 3612 5529 initio
3643 5452 3762 5507 hu-

2099 5526 2269 5599 juSce
2301 5526 2567 5600 Epistola
2600 5531 2667 5583 ad
2702 5530 2875 5584 verba
2910 5545 2922 5583 :
2966 5526 3225 5583 Omnibus
3266 5528 3370 5600 qui
3387 5530 3517 5581 sunt
3547 5526 3757 5600 Roma,

2107 5597 2320 5681 dilectis
2346 5597 2490 5681 :Dei,
2543 5604 2753 5657 vocatis
2778 5601 3017 5681 _sanetis.
3038 5601 3119 5681 Et
3149 5597 3285 5681 cum
3315 5598 3567 5681 hisqua
3600 5597 3763 5681 dicta

2108 5677 2247 5726 sunt
2292 5671 2364 5726 ad
2409 5688 2533 5743 cap.
2570 5690 2691 5741 VIII,
2724 5672 2797 5727 ad
2840 5688 2907 5727 ea
2936 5671 3111 5727 verba
3146 5688 3158 5727 :
3212 5671 3298 5726 his
3328 5671 3425 5743 qui
3449 5669 3760 5726 secundum

2102 5745 2445 5817 propositum
2472 5747 2657 5801 vocati
2682 5746 2807 5799 sunt
2834 5745 3032 5801 sancti.
