3942 6428
140 486 251 547 221

751 489 1171 554 EXPOSITIO
1216 491 1294 553 IN
1341 493 1775 556 EPISTOLAS
1821 494 2080 557 PAULI.
2107 529 2185 540 —
2215 495 2294 557 IN
2339 496 2589 558 EPIST.
2638 496 2743 558 AD
2790 495 2980 559 ROM.

3453 493 3574 557 222

141 621 272 677 dem
303 622 587 693 Apostolo
621 626 894 691 testante,
927 623 1030 695 qui
1064 623 1201 680 alibi
1231 625 1374 681 dicit
1406 645 1418 682 :
1451 627 1540 682 Sic
1575 628 1723 698 (341)
1755 631 1811 682 et
1837 630 1892 695 Α
1920 625 2014 683 lus
2043 630 2424 700 quaestionem
2450 629 2561 686 sibi
2583 629 3413 703 opposuit,subjungens:quid
3436 645 3570 703 ergo

145 713 204 766 in
232 709 332 765 hoc
363 718 606 782 tempore
637 714 888 784 reliquiae
916 715 1214 769 secundum
1245 716 1570 772 electionem
1616 719 1809 787 gratiae
1918 717 2158 772 dicemus
2179 718 2206 772 ?
2238 721 2383 790 (344)
2427 720 2687 791 Nunquid
2737 721 3004 790 iniquitas
3052 720 3197 790 apud
3247 720 3462 774 Deum?
3489 721 3569 774 Ae

143 807 310 857 salva:
332 801 503 874 facta
532 806 681 873 sunt,
705 801 787 857 ita
816 807 872 857 et
903 804 1358 875 praedestinatio,
1384 822 1562 878 quam
1595 823 1804 878 propo-

149 890 325 945 situm
362 894 555 945 vocat.

213 979 338 1034 Non
371 995 512 1050 ergo
563 995 632 1034 ex
661 981 960 1052 operibus,
992 998 1122 1054 qum
1153 982 1318 1038 nulla
1360 989 1803 1054 prmeesserunt,

1918 806 1968 861 si
2000 807 2217 862 diceret
2253 827 2264 864 :
2297 808 2473 863 Nulla
2497 809 2605 868 hoc
2635 808 2947 880 iniquitate
2975 809 3070 864 Dei
3104 809 3320 864 factum
3352 809 3568 878 est,sed

1911 896 2147 965 justitia
2177 901 2234 952 et
2282 898 2693 965 miseratione;
2728 897 2974 952 alterum
3008 898 3164 952 enim
3206 914 3310 970 per
3337 897 3567 952 indebi-

1917 989 2035 1040 tam
2065 987 2313 1057 gratiam
2347 986 2523 1058 elegit
2553 1005 2566 1055 ;
2601 987 2848 1042 alterum
2868 986 3204 1058 justissimo
3228 987 3454 1058 judicio
3486 1002 3572 1040 re-

143 1068 241 1124 sed
273 1085 342 1124 ex
372 1073 622 1126 vocante
653 1070 842 1141 gratia
872 1071 970 1126 Dei
1001 1071 1225 1127 dictum
1259 1076 1346 1128 est
1376 1073 1426 1129 ei
1459 1077 1588 1145 quia
1625 1075 1808 1144 major
1919 1075 2203 1145 probavit.

141 1160 337 1212 serviet
367 1159 730 1223 minori.Quo
755 1159 906 1214 dicto
931 1159 1091 1216 illius
1121 1161 1232 1216 loci
1255 1162 1521 1216 meminit
1544 1163 1641 1217 ubi
1669 1162 1806 1235 legi-

141 1252 238 1301 tur
265 1247 575 1318 quia,cum
611 1247 1022 1304 colliderentur
1052 1250 1271 1322 gemini
1303 1251 1360 1305 in
1396 1257 1557 1306 utero
1587 1251 1801 1307 Rebec-

142 1352 236 1404 cae,
269 1340 326 1391 et
365 1335 473 1390 illa
505 1337 646 1392 isset
697 1338 1001 1393 consulere
1057 1339 1392 1406 Dominum,
1423 1342 1724 1411 respondit
1751 1341 1800 1395 ei

140 1425 428 1481 Dominus
465 1443 478 1480 :
514 1425 649 1480 Duae
703 1431 906 1498 gentes
956 1427 1109 1498 (Gen.
1161 1446 1292 1499 xxv,
1340 1430 1429 1498 2‘2,
1462 1431 1551 1501 23)
1585 1437 1641 1484 et
1688 1432 1802 1485 duo

143 1513 338 1585 populi
375 1513 435 1568 in
468 1519 635 1570 utero
654 1520 874 1580 sunt,et
891 1516 1144 1587 populus
1168 1517 1452 1589 populum
1483 1519 1803 1590 superabit,

142 1607 196 1657 et
225 1603 418 1673 major
468 1604 680 1658 serviet
712 1604 946 1660 minori.
983 1605 1263 1676 Majorem
1314 1607 1464 1662 Esau
1506 1607 1666 1673 dicit,
1702 1607 1804 1678 qui

143 1691 253 1747 alio
286 1692 529 1747 nomine
580 1693 773 1748 dictus
805 1698 893 1749 est
939 1693 1127 1758 Edam,
1161 1711 1195 1749 a
1226 1712 1340 1766 quo
1371 1700 1498 1750 orta
1543 1701 1632 1751 est
1660 1712 1802 1768 gens

144 1781 541 1836 Idumaaorum
569 1799 582 1849 ;
617 1782 903 1838 minorem
936 1799 1070 1838 vero
1098 1783 1298 1838 Jacob.

211 1870 343 1925 Haec
374 1886 516 1942 ergo
549 1870 1038 1942 prophetiajuxta
1067 1871 1371 1928 historiam
1396 1877 1537 1928 tunc
1559 1871 1802 1944 impleta

142 1963 249 2030 est,
284 1960 525 2031 quando
556 1958 810 2032 populus
839 1960 1306 2033 Judzeorum,qui
1337 1962 1408 2016 de
1441 1962 1664 2017 minore
1695 1962 1802 2016 fra-

144 2051 249 2115 tre,
279 2047 338 2103 id
373 2053 467 2104 est
497 2048 701 2114 Jacob,
726 2053 891 2104 ortus
923 2054 1029 2119 est,
1055 2067 1158 2122 per
1187 2050 1365 2105 David
1401 2067 1595 2122 regem
1627 2066 1802 2122 supe-

146 2138 290 2192 ravit
320 2136 763 2210 (342)populum
796 2138 1272 2205 Idumaaorum,et
1301 2156 1434 2195 eum
1467 2141 1578 2195 sibi
1613 2141 1800 2195 tribu-

140 2225 352 2282 tarium
374 2227 727 2298 fecit,usque
751 2227 822 2282 ad
851 2243 1046 2299 regem
1071 2229 1181 2284 sub
1205 2245 1322 2300 quo
1349 2229 1799 2295 rebellaverunt,

142 2319 197 2370 et
228 2316 534 2386 ejecerunt
555 2317 769 2388 jugum
802 2317 1098 2372 servitutis
1131 2317 1200 2372 de
1234 2315 1381 2372 collo
1413 2333 1539 2371 suo.
1571 2316 1753 2372 Aliter
1784 2333 1796 2371 :

142 2403 246 2458 Per
276 2405 564 2476 majorem
592 2406 830 2460 fratrem
857 2405 1109 2476 populus
1128 2405 1412 2461 Judaicus
1434 2405 1798 2478 designatur,

143 2493 241 2564 qui
274 2493 444 2565 prius
474 2495 633 2549 venit
659 2495 731 2548 ad
763 2493 976 2550 Christi
1011 2494 1442 2566 cognitionem;
1476 2511 1580 2566 per
1610 2494 1800 2549 mino-

141 2597 267 2636 rem
299 2598 461 2647 vero,
492 2582 948 2638 ecclesiasticus.
983 2583 1114 2638 Haec
1163 2599 1297 2655 ergo
1328 2583 1635 2655 prophetia
1687 2583 1797 2637 im-

143 2669 296 2742 pleta
349 2676 458 2741 est,
493 2671 770 2742 quoniam
819 2671 1074 2744 populus
1123 2672 1461 2728 Judmorum
1509 2677 1629 2728 toto
1661 2672 1799 2727 orbe

141 2762 433 2814 terrarum
466 2760 772 2831 dispersus
802 2760 977 2816 servit
1005 2759 1420 2818 ecclesiastico.
1453 2761 1666 2817 Aliter:
1692 2765 1802 2816 Per

147 2848 432 2917 majorem
479 2848 729 2905 carnalis
757 2849 1031 2920 populus,
1062 2866 1166 2921 per
1199 2850 1482 2906 minorem
1516 2849 1798 2923 spiritalis

147 2936 510 3010 designatur.
547 2939 710 2994 Sicut
760 2939 914 2994 enim
947 2939 1032 2993 illi
1065 2940 1180 2995 duo
1211 2940 1270 2995 in
1302 2944 1487 3007 utero,
1519 2940 1604 2996 ita
1650 2943 1707 2995 et
1738 2938 1797 2992 hi

143 3041 252 3080 uno
287 3029 500 3083 matris
555 3027 820 3084 Ecclesiae
851 3028 983 3083 sinu
1040 3028 1419 3095 clauduntur,
1452 3033 1509 3084 et
1555 3029 1708 3084 inter
1736 3042 1798 3082 se

139 3112 385 3171 invicem
419 3117 746 3184 dimicant;
779 3132 982 3171 verum
1015 3117 1270 3172 carnalis
1300 3118 1478 3172 servit
1525 3115 1796 3187 spiritali,

139 3203 417 3272 quoniam
454 3204 737 3276 spiritalis
769 3204 967 3259 omnia
999 3204 1450 3276 adjudicat,ipse
1479 3221 1610 3258 vero
1641 3220 1675 3258 a
1704 3219 1798 3258 ne-

140 3291 290 3347 mine
321 3292 692 3364 dijudicatur
730 3293 777 3363 (ι
803 3296 923 3349 Cor.
960 3309 1021 3357 ιι,
1057 3293 1142 3358 14,
1178 3292 1291 3361 15.)

1832 2006 1879 2070 Β

1988 1165 2056 1218 Et
2086 1164 2194 1219 hoc
2225 1165 2350 1220 vult
2380 1166 2534 1238 quod
2558 1165 2674 1220 ait:
2699 1165 3079 1220 absit.Volens
3113 1169 3308 1219 autem
3340 1164 3568 1220 ratione

1917 1253 2162 1322 probare
2194 1255 2346 1325 quod
2398 1255 2641 1321 dixerat,
2671 1255 2885 1326 adjecit
2918 1273 2929 1309 :
2965 1257 3144 1325 Moysi
3189 1255 3342 1308 enim
3384 1254 3520 1309 dicit
3550 1271 3563 1308 :

1913 1342 2213 1397 Miserebor
2261 1345 2419 1413 cujus
2445 1346 2701 1398 misertus
2747 1343 2915 1416 fuero
2957 1345 3127 1413 (345),
3160 1351 3210 1398 et
3253 1345 3568 1397 misericor-

1913 1428 2064 1484 diam
2091 1432 2366 1500 praestabo
2394 1433 2551 1504 cujus
2579 1433 2893 1486 miserebor.
2929 1432 3042 1486 Sed
3073 1431 3341 1502 nunquid
3395 1430 3567 1486 solvit

1914 1517 2006 1573 his
2035 1519 2225 1574 verbis
2259 1520 2410 1575 hanc
2441 1521 2824 1592 quaestionem
2845 1519 2872 1574 ?
2898 1519 3108 1590 Utique
3134 1519 3322 1590 magis
3352 1536 3480 1574 eam
3503 1518 3570 1573 li-

1913 1625 2051 1681 gare
2081 1609 2501 1674 videtur.Quod
2532 1615 2728 1664 tamen
2764 1609 2844 1664 ita
2872 1612 3061 1681 potest
3085 1606 3329 1679 intelligi
3355 1623 3367 1662 :
3394 1608 3566 1677 cujus

1913 1698 2194 1753 misertus
2245 1698 2430 1764 fuero,
2481 1698 2747 1770 eligendo
2795 1701 2852 1752 et
2899 1696 3387 1767 przedestinando,
3437 1697 3565 1766 ejus

1913 1785 2255 1854 miserebor,
2289 1803 2393 1858 per
2421 1787 2672 1858 gratiam
2704 1786 2964 1840 vocando
2992 1803 3005 1853 ;
3031 1790 3088 1840 et
3118 1786 3291 1855 cujus
3323 1783 3564 1838 misere-

1910 1875 2145 1947 bor,per
2175 1876 2422 1947 gratiam
2453 1876 2804 1940 vocando,et
2836 1873 3297 1929 misericordiam
3324 1877 3561 1944 praesta-

1911 1963 2004 2031 bo,
2039 1966 2109 2019 ad
2144 1965 2318 2019 fidem
2351 1965 2724 2036 perducendo
2756 1967 2812 2019 et
2834 1963 3238 2035 justiﬁcando.

1983 2053 2049 2106 Et
2079 2052 2216 2123 quia
2247 2052 2470 2108 dixerat
2496 2052 2674 2108 Jacob
2699 2069 2802 2123 per
2829 2051 3155 2106 indebitam
3178 2049 3428 2121 gratiam
3460 2049 3562 2105 Dei

1909 2139 2179 2208 electum,
2215 2158 2347 2196 mox
2396 2141 2727 2213 generalem
2760 2139 3136 2209 sententiam,
3170 2139 3242 2194 ad
3291 2138 3561 2193 eamdem

1909 2229 2155 2301 gratiam
2191 2227 3212 2298 commendandam,intulit,dicens:
3246 2229 3426 2298 Igitur
3451 2243 3562 2282 non

1909 2319 2155 2385 volentis,
2187 2334 2363 2390 neque
2391 2319 2684 2384 currentis,
2716 2317 2810 2373 sed
2838 2316 3150 2372 miserentis
3177 2319 3256 2371 est
3279 2317 3394 2371 Dei.

1980 2407 2131 2462 Sane
2163 2407 2466 2463 sciendum
2500 2407 2639 2479 quia
2669 2407 2821 2462 sicut
2851 2404 3052 2461 nullus
3083 2405 3290 2472 credit,
3325 2404 3437 2461 nisi
3469 2405 3559 2460 di-

1908 2495 2043 2551 vina
2069 2500 2311 2551 vocante
2360 2496 2568 2567 gratia,
2601 2495 2682 2550 ita
2712 2493 2912 2549 nullus
2943 2493 3147 2559 credit,
3181 2492 3295 2547 nisi
3334 2493 3554 2548 volens.

1909 2586 2023 2640 Cur
2051 2599 2187 2657 ergo
2218 2585 2360 2640 dicit
2386 2583 2700 2656 Apostolus
2733 2600 2746 2638 :
2779 2588 2902 2641 Non
2930 2583 3181 2648 volentis,
3214 2598 3390 2653 neque
3440 2599 3561 2637 cur-

1908 2676 2080 2728 rentis
2109 2683 2186 2728 est
2207 2674 2234 2728 ?
2264 2672 2516 2740 Scilicet,
2550 2673 2691 2744 quia
2721 2677 3062 2742 utrumque,
3091 2671 3149 2726 id
3181 2671 3560 2741 est,volunta-

1907 2765 2024 2817 tem
2057 2765 2115 2817 et
2144 2778 2382 2818 cursum
2418 2762 2489 2817 ad
2522 2761 2780 2816 divinam
2814 2759 3064 2833 gratiam
3097 2759 3311 2815 referre
3357 2758 3558 2814 voluit.

1909 2850 2034 2906 Non
2061 2854 2149 2906 est
2180 2851 2336 2906 enim
2367 2849 2612 2905 volentis
2642 2848 3067 2920 hominis,quia
3097 2848 3318 2903 bonum
3349 2846 3495 2902 velle
3526 2865 3562 2902 a

1908 2957 1971 2996 se
2000 2940 2127 3012 ipso
2158 2940 2371 2996 habere
2401 2956 2516 2994 non
2551 2943 2778 3011 potest;
2813 2955 2926 2994 non
2954 2941 3044 2993 est
3079 2937 3388 3006 currentis,
3421 2936 3562 3007 quia

1909 3045 2012 3100 per
2040 3045 2102 3084 se
2133 3045 2384 3093 currere,
2410 3028 2466 3082 id
2499 3032 2590 3082 est
2621 3027 2790 3082 bonis
2821 3026 3096 3098 Operibus
3130 3025 3410 3096 proﬁcere
3441 3040 3557 3078 non

1906 3121 2134 3189 potest;
2158 3117 2258 3171 sed
2289 3115 2623 3171 miserentis
2655 3114 2773 3181 Dei,
2809 3115 2978 3184 cujus
3008 3113 3196 3186 gratia
3229 3118 3560 3184 praeventus

1906 3206 2056 3276 (346)
2088 3206 2308 3260 bonum
2359 3203 2506 3258 velle
2553 3204 2783 3275 accipit,
2835 3207 2891 3257 et
2939 3202 3109 3273 cujus
3158 3200 3563 3257 misericordia

1906 3295 2147 3364 adjutus
2179 3295 2326 3348 bene
2357 3309 2589 3348 currere
2619 3292 2856 3348 sufﬁcit.

201 3380 275 3436 Ut
301 3390 506 3438 autem
538 3398 702 3436 suam
738 3381 1132 3435 narrationem
1164 3379 1502 3450 pr0phetico
1530 3381 1796 3436 testimo-
1826 3375 1871 3440 C
1978 3383 2399 3438 Verumtamen
2423 3381 2573 3436 sicut
2592 3380 2860 3437 voluntas
2885 3383 3086 3436 nostra
3106 3384 3163 3435 et
3183 3395 3393 3435 cursus
3415 3377 3562 3433 nihil

139 3467 225 3525 nio
256 3469 700 3539 comprobaret,
734 3467 1039 3538 subjunxit
1067 3467 1469 3524 testimonium
1503 3466 1797 3540 prophetes

141 3555 306 3630 longe
334 3557 708 3630 posterioris,
741 3557 938 3612 dicens
973 3574 986 3612 :
1020 3556 1172 3612 Sicut
1201 3559 1465 3628 scriptum
1495 3566 1571 3612 est
1593 3575 1610 3611 :
1631 3559 1799 3613 Jacob

141 3645 333 3714 dilexi,
393 3651 551 3702 Esau
598 3650 781 3701 autem
825 3646 952 3701 odio
1007 3647 1180 3702 hab-ui
1230 3646 1478 3717 (Malach.
1526 3665 1565 3714 ι,
1610 3649 1664 3714 2,
1720 3648 1795 3718 3).

143 3733 408 3792 Ostendit
440 3735 596 3790 enim
630 3737 770 3807 quia
799 3735 954 3806 quod
988 3735 1043 3789 in
1078 3737 1391 3808 praesentia
1423 3736 1517 3791 Dei
1550 3753 1618 3792 ex
1647 3737 1796 3792 anti-

144 3839 248 3894 quo
279 3823 532 3880 consilio
564 3824 840 3879 manebat
870 3840 974 3895 per
1003 3824 1552 3896 gratiam,apertum
1586 3829 1798 3897 estper

145 3913 507 3986 prophetam.

211 4003 318 4058 Sed
351 4003 735 4075 qumrendum
761 4005 849 4058 est
876 4001 1015 4072 quid
1051 4001 1333 4058 Dominus
1367 4002 1423 4058 in
1445 4003 1628 4058 Jacob
1660 4004 1800 4059 dile-

148 4091 304 4156 xerit,
332 4097 435 4148 aut
468 4091 608 4164 quid
642 4091 700 4145 in
732 4092 884 4146 Esau
917 4091 1048 4146 odio
1081 4091 1448 4146 habuerit.ln
1477 4092 1799 4164 .lacob,qui

152 4181 400 4236 nondum
432 4185 611 4236 natus
635 4179 779 4234 nihil
803 4196 972 4251 agere
997 4179 1360 4251 potuit,nihil
1392 4180 1549 4236 aliud
1577 4181 1796 4248 dilexit,

151 4267 253 4322 nisi
286 4271 613 4342 gratuitum
645 4286 765 4324 suas
797 4269 1210 4324 misericordiae
1243 4271 1462 4325 donum
1490 4296 1504 4338 ;
1529 4269 1802 4326 similiter

153 4354 207 4410 in
235 4357 380 4414 Esau
414 4359 565 4415 nihil
596 4357 754 4414 aliud
789 4358 920 4413 odio
955 4357 1181 4424 habuit,
1207 4358 1321 4414 nisi
1353 4359 1634 4431 originale
1666 4377 1798 4431 pec-

155 4449 453 4519 catum,cuj
463 4465 534 4504 us
553 4447 762 4503 merito
781 4446 1056 4501 universa
1076 4446 1321 4501 humani
1350 4449 1580 4519 generis
1602 4465 1802 4504 massa

158 4530 417 4592 damnata
446 4541 558 4592 est.

219 4623 563 4695 (3«i3)Genus
582 4639 841 4696 namque
861 4622 1190 4678 humanum
1214 4623 1357 4679 adeo
1372 4623 1431 4678 in
1455 4624 1584 4696 ipsa
1606 4625 1798 4680 radice

1908 3471 2043 3526 boni
2075 3469 2300 3541 operari
2350 3473 2559 3541 potest,
2595 3468 2709 3524 nisi
2759 3467 2954 3523 divina
2985 3468 3174 3539 gratia
3224 3465 3563 3538 praeveniat,

1909 3558 1990 3614 ita
2013 3563 2070 3614 et
2100 3559 2288 3631 gratia
2335 3558 2434 3612 Dei
2465 3557 2611 3612 nihil
2642 3557 2702 3612 in
2735 3556 2904 3612 nobis
2937 3555 3073 3610 boni
3113 3560 3408 3627 operatur,
3445 3554 3562 3611 nisi

1907 3648 2267 3704 voluntatem
2299 3651 2560 3702 nostram
2595 3645 2802 3701 divinas
2832 3643 3120 3700 voluntati
3143 3645 3490 3715 jungamus.

1979 3737 2142 3793 Sicut
2170 3753 2306 3809 ergo
2339 3737 2593 3792 dicimus
2629 3752 2640 3790 :
2676 3737 2789 3790 Non
2835 3735 3092 3796 volantis,
3123 3749 3302 3803 neque
3330 3747 3565 3787 curren-

1907 3830 1994 3892 tis,
2027 3826 2119 3882 sed
2167 3828 2476 3882 miserentis
2505 3834 2584 3881 est
2611 3826 2729 3892 Dei,
2763 3824 2919 3879 itane
2970 3822 3160 3878 dicere
3192 3836 3510 3893 possumus
3545 3837 3559 3876 ε

1906 3916 2032 3972 Non
2066 3915 2402 3971 miserentis
2450 3915 2573 3981 Dei,
2605 3915 2704 3970 sed
2751 3911 3020 3977 volentis,
3054 3916 3112 3967 et
3158 3909 3448 3966 currentis
3479 3914 3567 3965 est

1907 4004 2168 4060 hominis
2188 4003 2334 4059 ?Sed
2366 4003 2496 4073 quis
2519 4003 2626 4058 hoc
2658 4003 2852 4057 dicere
2878 4001 3092 4056 audeat
3115 3999 3433 4070 ‘tNunquid
3457 3997 3569 4054 hoc

1908 4092 2094 4148 sensit
2116 4091 2432 4164 Apostolus
2457 4090 2811 4146 ?Absit.lmo
2843 4094 3032 4144 totum
3057 4089 3127 4143 ad
3162 4086 3331 4141 illum
3365 4086 3568 4142 referri

1907 4180 2108 4248 voluit,
2143 4181 2215 4235 de
2244 4197 2360 4251 quo
2392 4181 2678 4252 scriptum
2710 4182 2800 4234 est
2830 4195 2843 4232 :
2883 4178 3140 4234 Voluntas
3187 4184 3370 4232 autem
3399 4192 3434 4229 a
3464 4176 3566 4230 Do-

1907 4273 2060 4325 mino
2087 4278 2478 4342 praeparatur;
2509 4269 2635 4341 ipse
2666 4267 2884 4340 quippe
2914 4270 3221 4339 praeparat,
3255 4270 3313 4322 et
3343 4281 3566 4336 praapa-

1909 4365 2096 4415 ratam
2121 4360 2308 4430 juvat.

1979 4447 2256 4519 Sequitur
2305 4463 2317 4501 :
2371 4448 2519 4503 Dicit
2567 4448 2719 4500 enim
2770 4444 3057 4514 Scriptura
3098 4441 3404 4507 Pharaoni,
3455 4443 3565 4495 etc.

1907 4537 2144 4593 Dixerat
2173 4536 2446 4606 superius
2482 4552 2494 4589 :
2527 4533 2690 4589 Jacob
2718 4532 2896 4586 dilexi
2922 4549 2934 4598 ;
2960 4533 3265 4603 propterea
3295 4527 3565 4583 testimo-

1909 4625 2077 4680 nium
2118 4623 2313 4695 posuit
2362 4622 2676 4693 Scripturaa
2726 4619 2972 4675 dicentis
3010 4637 3023 4676 :
3057 4618 3365 4675 Miserebor
3410 4618 3566 4688 cujus

159 4708 484 4770 damnatum
518 4718 630 4779 est,
665 4718 750 4777 ut,
783 4712 831 4768 si
866 4711 1063 4768 nullus
1115 4712 1424 4767 hominum
1457 4713 1797 4780 salvaretur,
1831 4735 1878 4799 Ι)
1909 4715 2167 4768 misertus
2222 4716 2402 4784 fuero,
2459 4719 2510 4766 et
2565 4711 3009 4766 misericordiam
3059 4708 3354 4782 praestabo,
3410 4707 3567 4777 cujus

161 4812 314 4855 nemo
339 4805 568 4872 justam
592 4803 749 4874 apud
770 4801 953 4856 Deum
978 4806 1177 4872 posset
1195 4801 1457 4858 invenire
1478 4801 1801 4874 querelam,

163 4887 250 4941 sed
282 4892 468 4960 potius
501 4891 638 4947 aliis
692 4890 1074 4962 pereuntibus
1122 4890 1372 4946 disceret
1422 4891 1564 4963 quia
1591 4894 1648 4946 et
1675 4891 1802 4963 ipse

162 4977 376 5047 periret,
407 4981 523 5038 nisi
558 4979 756 5034 divina
785 4980 975 5051 gratia
1005 4984 1323 5035 erueretur.

225 5063 442 5125 Poterat
471 5067 692 5140 aliquis
715 5068 786 5123 ad
818 5068 940 5123 haec
971 5069 1161 5124 dicere
1186 5084 1198 5124 :
1228 5069 1274 5125 si
1301 5085 1501 5123 verum
1530 5074 1619 5124 est
1644 5069 1799 5139 quod

167 5150 298 5210 dicis
328 5174 340 5225 ;
373 5174 508 5232 ergo
544 5158 786 5229 iniquus
834 5158 1011 5225 Deus,
1045 5158 1143 5230 qui
1180 5174 1248 5214 ex
1277 5158 1505 5230 perdita
1552 5157 1797 5213 humani

170 5247 374 5309 generis
403 5265 608 5305 massa
637 5247 886 5304 alterum
920 5247 1132 5320 elegit;
1169 5247 1439 5316 alterum,
1464 5247 1642 5302 nullis
1677 5247 1799 5302 suis

171 5337 607 5399 praecedentibus
639 5337 886 5405 meritis,
919 5337 1522 5410 reprobavit.Ideoque
1551 5340 1796 5408 Aposto-

253 5493 363 5572 {3f'gi)
391 5501 542 5556 Rom.
577 5516 658 5565 x1,
689 5500 743 5554 5.
778 5502 841 5552 In
876 5501 1072 5571 autog.
1108 5497 1322 5572 legitur
1362 5499 1508 5553 sicut
1541 5497 1665 5554 loco
1695 5500 1794 5554 sic.

254 5565 365 5643 3’52)
397 5573 454 5626 In
485 5575 685 5643 autog.
718 5565 1020 5640 separavit.

238 5637 368 5711 (3’13)
398 5645 527 5709 Olus
561 5637 902 5715 im'med'iate
925 5642 1346 5715 praecedunt,et
1378 5658 1504 5714 quae
1539 5659 1796 5713 sequun-

178 5702 476 5787 turﬁnota‘tu
505 5714 675 5771 valde
707 5715 906 5787 digna.

239 5777 368 5854 (344)
399 5785 460 5844 In
490 5791 686 5860 autog.
721 5777 909 5858 m‘arg.
941 5786 1037 5843 hic
1067 5785 1282 5859 legitur
1311 5802 1436 5859 cap.
1472 5783 1670 5841 XXVI.

1910 4802 2248 4862 miserebor;
2278 4801 2434 4856 unde
2479 4804 2536 4856 et
2573 4799 2902 4874 generalem
2936 4798 3140 4854 intulit
3187 4795 3562 4862 sententiam,

1910 4893 2110 4947 dicens
2143 4907 2156 4946 :
2188 4892 2368 4960 Igitur
2394 4906 2508 4947 non
2554 4890 2803 4955 volentis,
2837 4893 2970 4958 etc.,
3005 4887 3161 4960 quod
3194 4885 3395 4954 utique
3425 4899 3564 4955 pro-

1911 4985 2040 5052 pter
2067 4997 2164 5036 eos
2195 4981 2276 5034 ait
2305 4980 2404 5052 qui
2438 4979 2635 5035 divina
2665 4979 2852 5051 gratia
2882 4975 3108 5032 liberati
3133 4973 3559 5045 justificantur.

1982 5070 2260 5135 Rursum,
2296 5069 2434 5141 quia
2463 5069 2688 5124 dixerat
2720 5093 2733 5123 :
2769 5069 2910 5121 Esau
2940 5065 3061 5120 odio
3093 5063 3564 5133 habui,pr0pter-

1909 5175 1978 5214 ea
2006 5159 2114 5215 hoc
2147 5157 2552 5214 testimonium
2603 5155 2805 5211 intulit
2840 5172 2852 5208 :
2887 5155 3031 5209 Dicit
3079 5154 3225 5208 enim
3274 5151 3565 5222 Scriptura

1906 5249 2189 5304 Pharaoni
2218 5266 2236 5302 :
2270 5249 2411 5316 Quia
2439 5249 2498 5301 in
2527 5246 2622 5301 hoc
2654 5247 2834 5317 ipsum
2863 5243 3100 5300 excitavi
3130 5247 3200 5309 te,
3236 5245 3370 5309 etc.,
3405 5239 3563 5311 quod

1908 5337 2110 5410 utique
2141 5341 2378 5409 pr0pter
2408 5352 2506 5390 eos
2539 5334 2759 5389 dictum
2791 5337 2902 5400 est,
2932 5349 3110 5406 super
3138 5347 3289 5404 quos
3321 5329 3408 5399 ira
3438 5343 3562 5383 ma-

2002 5499 2128 5564 3-45)
2161 5496 2336 5552 Exod.
2370 5510 2567 5563 xxxm,
2600 5494 2685 5548 19.
2717 5493 2890 5564 Vulg.
2924 5495 3076 5564 cujus
3110 5493 3390 5564 misereor.

2002 5499 2107 5553 345
2161 5499 2336 5552 Exod.
2370 5510 2567 5563 xxxm,
2600 5499 2685 5548 19.
2718 5499 2890 5564 Vulg.
2924 5499 3076 5564 cujus
3110 5499 3390 5548 misereor.

1979 5499 2128 5641 l3’i6l
2160 5567 2536 5641 Engratiam
2557 5567 3028 5641 praevenientem.
3050 5565 3243 5641 Junge
3275 5561 3399 5641 haec
3425 5573 3560 5641 cum

1907 5633 2138 5712 iisquae
2171 5633 2414 5715 inferius
2448 5633 2742 5715 habentur
2772 5639 2841 5694 ad
2878 5655 3003 5710 cap.
3035 5633 3560 5715 xiin'terpretatio-

1907 5709 2129 5779 nem,et
2157 5711 2228 5784 ad
2260 5727 2328 5767 ea
2358 5711 2571 5768 verba:
2606 5712 2803 5768 Palam
2831 5709 3072 5784 apparui
3101 5709 3186 5764 his
3216 5709 3316 5780 qui
3343 5715 3428 5757 me
3448 5713 3558 5754 non

1907 5783 2345 5855 interrogabant.
