  <div class='ocr_page' id='page_1' title='image "/cluster/home/n/w/nwhite01/storage/ocr_20150623/134-135/uc1.31175013627537/120.png"; bbox 0 0 3942 6406; ppageno 0'>
   <div class='ocr_carea' id='block_1_1' title="bbox 189 454 293 515">
    <p class='ocr_par' dir='ltr' id='par_1_1' title="bbox 189 454 293 515">
     <span class='ocr_line' id='line_1_1' title="bbox 189 454 293 515; baseline -0.019 0"><span class='ocrx_word' id='word_1_1' title='bbox 189 454 293 515; x_wconf 73' lang='lat'>225</span> 
     </span>
    </p>
   </div>
   <div class='ocr_carea' id='block_1_2' title="bbox 766 424 2990 524">
    <p class='ocr_par' dir='ltr' id='par_1_2' title="bbox 766 424 2990 524">
     <span class='ocr_line' id='line_1_2' title="bbox 766 424 2990 524; baseline 0.005 -11"><span class='ocrx_word' id='word_1_2' title='bbox 766 451 1182 515; x_wconf 87' lang='lat' dir='ltr'>EXPOSITIO</span> <span class='ocrx_word' id='word_1_3' title='bbox 1228 452 1307 512; x_wconf 85' lang='lat' dir='ltr'>IN</span> <span class='ocrx_word' id='word_1_4' title='bbox 1352 455 1781 518; x_wconf 82' lang='lat' dir='ltr'>EPISTOLAS</span> <span class='ocrx_word' id='word_1_5' title='bbox 1825 456 2089 519; x_wconf 86' lang='lat' dir='ltr'>PAULI.</span> <span class='ocrx_word' id='word_1_6' title='bbox 2122 490 2202 505; x_wconf 91' lang='lat'><strong>—</strong></span> <span class='ocrx_word' id='word_1_7' title='bbox 2229 424 2307 519; x_wconf 83' lang='lat' dir='ltr'>lN</span> <span class='ocrx_word' id='word_1_8' title='bbox 2353 457 2599 521; x_wconf 86' lang='lat' dir='ltr'>EPIST.</span> <span class='ocrx_word' id='word_1_9' title='bbox 2648 462 2751 522; x_wconf 82' lang='lat' dir='ltr'>AD</span> <span class='ocrx_word' id='word_1_10' title='bbox 2798 462 2990 524; x_wconf 80' lang='lat' dir='ltr'>BOM.</span> 
     </span>
    </p>
   </div>
   <div class='ocr_carea' id='block_1_3' title="bbox 3475 464 3593 524">
    <p class='ocr_par' dir='ltr' id='par_1_3' title="bbox 3475 464 3593 524">
     <span class='ocr_line' id='line_1_3' title="bbox 3475 464 3593 524; baseline 0 -1"><span class='ocrx_word' id='word_1_11' title='bbox 3475 464 3593 524; x_wconf 74' lang='grc'>226</span> 
     </span>
    </p>
   </div>
   <div class='ocr_carea' id='block_1_4' title="bbox 186 585 3594 667">
    <p class='ocr_par' dir='ltr' id='par_1_4' title="bbox 186 585 3594 667">
     <span class='ocr_line' id='line_1_4' title="bbox 186 585 3594 667; baseline 0.003 -24"><span class='ocrx_word' id='word_1_12' title='bbox 186 585 883 660; x_wconf 82' lang='lat' dir='ltr'>Apostolus,subjungens</span> <span class='ocrx_word' id='word_1_13' title='bbox 917 603 930 641; x_wconf 89' lang='lat'>:</span> <span class='ocrx_word' id='word_1_14' title='bbox 968 587 1031 642; x_wconf 89' lang='lat' dir='ltr'>Ut</span> <span class='ocrx_word' id='word_1_15' title='bbox 1059 585 1357 642; x_wconf 85' lang='lat' dir='ltr'>ostenderet</span> <span class='ocrx_word' id='word_1_16' title='bbox 1386 586 1614 642; x_wconf 88' lang='lat' dir='ltr'>divitias</span> <span class='ocrx_word' id='word_1_17' title='bbox 1633 589 1832 657; x_wconf 69' lang='lat' dir='ltr'>glorise</span> <span class='ocrx_word' id='word_1_18' title='bbox 1860 591 1915 656; x_wconf 80' lang='grc' dir='ltr'><strong>Α</strong></span> <span class='ocrx_word' id='word_1_19' title='bbox 1944 593 2065 646; x_wconf 90' lang='lat' dir='ltr'>toto</span> <span class='ocrx_word' id='word_1_20' title='bbox 2098 592 2453 660; x_wconf 90' lang='lat' dir='ltr'>mundo,ubi</span> <span class='ocrx_word' id='word_1_21' title='bbox 2486 591 2732 664; x_wconf 81' lang='lat' dir='ltr'>gentiles</span> <span class='ocrx_word' id='word_1_22' title='bbox 2762 594 3349 667; x_wconf 81' lang='lat' dir='ltr'>habitabant,quibus</span> <span class='ocrx_word' id='word_1_23' title='bbox 3372 596 3594 653; x_wconf 90' lang='lat' dir='ltr'>dictum</span> 
     </span>
    </p>
   </div>
   <div class='ocr_carea' id='block_1_5' title="bbox 186 675 1830 750">
    <p class='ocr_par' dir='ltr' id='par_1_5' title="bbox 186 675 1830 750">
     <span class='ocr_line' id='line_1_5' title="bbox 186 675 1830 750; baseline 0.001 -19"><span class='ocrx_word' id='word_1_24' title='bbox 186 692 287 731; x_wconf 62' lang='lat' dir='ltr'>sum</span> <span class='ocrx_word' id='word_1_25' title='bbox 316 694 373 731; x_wconf 76' lang='lat' dir='ltr'>in</span> <span class='ocrx_word' id='word_1_26' title='bbox 402 692 539 732; x_wconf 85' lang='lat' dir='ltr'>vasa</span> <span class='ocrx_word' id='word_1_27' title='bbox 572 675 993 743; x_wconf 71' lang='lat' dir='ltr'>misericordiae,</span> <span class='ocrx_word' id='word_1_28' title='bbox 1044 691 1169 748; x_wconf 77' lang='lat' dir='ltr'>quae</span> <span class='ocrx_word' id='word_1_29' title='bbox 1210 679 1555 748; x_wconf 66' lang='lat' dir='ltr'>pra’paravit</span> <span class='ocrx_word' id='word_1_30' title='bbox 1604 678 1661 731; x_wconf 87' lang='lat' dir='ltr'>in</span> <span class='ocrx_word' id='word_1_31' title='bbox 1708 678 1830 750; x_wconf 86' lang='lat' dir='ltr'>glo-</span> 
     </span>
    </p>
   </div>
   <div class='ocr_carea' id='block_1_6' title="bbox 187 764 1828 838">
    <p class='ocr_par' dir='ltr' id='par_1_6' title="bbox 187 764 1828 838">
     <span class='ocr_line' id='line_1_6' title="bbox 187 764 1828 838; baseline 0.001 -18"><span class='ocrx_word' id='word_1_32' title='bbox 187 782 337 821; x_wconf 75' lang='lat' dir='ltr'>riam.</span> <span class='ocrx_word' id='word_1_33' title='bbox 396 764 622 821; x_wconf 84' lang='lat' dir='ltr'>Idcirco</span> <span class='ocrx_word' id='word_1_34' title='bbox 671 764 828 820; x_wconf 88' lang='lat' dir='ltr'>enim</span> <span class='ocrx_word' id='word_1_35' title='bbox 877 764 979 820; x_wconf 92' lang='lat' dir='ltr'>diu</span> <span class='ocrx_word' id='word_1_36' title='bbox 1030 771 1361 836; x_wconf 88' lang='lat' dir='ltr'>peceatores</span> <span class='ocrx_word' id='word_1_37' title='bbox 1394 771 1708 838; x_wconf 77' lang='lat' dir='ltr'>exspectat,</span> <span class='ocrx_word' id='word_1_38' title='bbox 1745 771 1828 837; x_wconf 91' lang='lat' dir='ltr'>ut,</span> 
     </span>
    </p>
   </div>
   <div class='ocr_carea' id='block_1_7' title="bbox 186 854 1831 926">
    <p class='ocr_par' dir='ltr' id='par_1_7' title="bbox 186 854 1831 926">
     <span class='ocr_line' id='line_1_7' title="bbox 186 854 1831 926; baseline -0.001 -16"><span class='ocrx_word' id='word_1_39' title='bbox 186 855 310 910; x_wconf 91' lang='lat' dir='ltr'>dum</span> <span class='ocrx_word' id='word_1_40' title='bbox 332 871 446 910; x_wconf 93' lang='lat' dir='ltr'>non</span> <span class='ocrx_word' id='word_1_41' title='bbox 468 857 913 922; x_wconf 89' lang='lat' dir='ltr'>convertuntur,</span> <span class='ocrx_word' id='word_1_42' title='bbox 929 854 1091 924; x_wconf 91' lang='lat' dir='ltr'>juste</span> <span class='ocrx_word' id='word_1_43' title='bbox 1114 854 1466 926; x_wconf 80' lang='lat' dir='ltr'>puniantur;</span> <span class='ocrx_word' id='word_1_44' title='bbox 1500 871 1567 909; x_wconf 89' lang='lat' dir='ltr'>ac</span> <span class='ocrx_word' id='word_1_45' title='bbox 1599 871 1703 926; x_wconf 92' lang='lat' dir='ltr'>per</span> <span class='ocrx_word' id='word_1_46' title='bbox 1726 855 1831 909; x_wconf 92' lang='lat' dir='ltr'>hoc</span> 
     </span>
    </p>
   </div>
   <div class='ocr_carea' id='block_1_8' title="bbox 182 942 1826 1015">
    <p class='ocr_par' dir='ltr' id='par_1_8' title="bbox 182 942 1826 1015">
     <span class='ocr_line' id='line_1_8' title="bbox 182 942 1826 1015; baseline -0.001 -16"><span class='ocrx_word' id='word_1_47' title='bbox 182 943 349 999; x_wconf 83' lang='lat' dir='ltr'>sancti</span> <span class='ocrx_word' id='word_1_48' title='bbox 377 942 715 1015; x_wconf 81' lang='lat' dir='ltr'>intelligant</span> <span class='ocrx_word' id='word_1_49' title='bbox 756 942 1035 1014; x_wconf 88' lang='lat' dir='ltr'>quoniam</span> <span class='ocrx_word' id='word_1_50' title='bbox 1077 942 1254 998; x_wconf 88' lang='lat' dir='ltr'>nullis</span> <span class='ocrx_word' id='word_1_51' title='bbox 1288 942 1411 999; x_wconf 86' lang='lat' dir='ltr'>suis</span> <span class='ocrx_word' id='word_1_52' title='bbox 1444 943 1692 1010; x_wconf 90' lang='lat' dir='ltr'>meritis,</span> <span class='ocrx_word' id='word_1_53' title='bbox 1727 944 1826 998; x_wconf 90' lang='lat' dir='ltr'>sed</span> 
     </span>
    </p>
   </div>
   <div class='ocr_carea' id='block_1_9' title="bbox 182 1032 1828 1106">
    <p class='ocr_par' dir='ltr' id='par_1_9' title="bbox 182 1032 1828 1106">
     <span class='ocr_line' id='line_1_9' title="bbox 182 1032 1828 1106; baseline 0.001 -18"><span class='ocrx_word' id='word_1_54' title='bbox 182 1032 295 1088; x_wconf 89' lang='lat' dir='ltr'>sola</span> <span class='ocrx_word' id='word_1_55' title='bbox 311 1033 499 1106; x_wconf 88' lang='lat' dir='ltr'>gratia</span> <span class='ocrx_word' id='word_1_56' title='bbox 516 1032 1073 1104; x_wconf 83' lang='lat' dir='ltr'>Deijustificantur;</span> <span class='ocrx_word' id='word_1_57' title='bbox 1108 1049 1213 1087; x_wconf 91' lang='lat' dir='ltr'>nec</span> <span class='ocrx_word' id='word_1_58' title='bbox 1238 1033 1307 1087; x_wconf 91' lang='lat' dir='ltr'>de</span> <span class='ocrx_word' id='word_1_59' title='bbox 1335 1033 1505 1089; x_wconf 91' lang='lat' dir='ltr'>bonis</span> <span class='ocrx_word' id='word_1_60' title='bbox 1524 1033 1828 1105; x_wconf 84' lang='lat' dir='ltr'>operibus,</span> 
     </span>
    </p>
   </div>
   <div class='ocr_carea' id='block_1_10' title="bbox 180 1120 1822 1195">
    <p class='ocr_par' dir='ltr' id='par_1_10' title="bbox 180 1120 1822 1195">
     <span class='ocr_line' id='line_1_10' title="bbox 180 1120 1822 1195; baseline -0.001 -17"><span class='ocrx_word' id='word_1_61' title='bbox 180 1123 332 1195; x_wconf 88' lang='lat' dir='ltr'>quasi</span> <span class='ocrx_word' id='word_1_62' title='bbox 362 1122 639 1195; x_wconf 77' lang='lat' dir='ltr'>propriis,</span> <span class='ocrx_word' id='word_1_63' title='bbox 687 1137 749 1177; x_wconf 93' lang='lat' dir='ltr'>se</span> <span class='ocrx_word' id='word_1_64' title='bbox 778 1120 1077 1190; x_wconf 81' lang='lat' dir='ltr'>extollant,</span> <span class='ocrx_word' id='word_1_65' title='bbox 1122 1122 1223 1177; x_wconf 90' lang='lat' dir='ltr'>sed</span> <span class='ocrx_word' id='word_1_66' title='bbox 1270 1121 1388 1177; x_wconf 86' lang='lat' dir='ltr'>illis</span> <span class='ocrx_word' id='word_1_67' title='bbox 1438 1122 1822 1194; x_wconf 81' lang='lat' dir='ltr'>pereuntibus</span> 
     </span>
    </p>
   </div>
   <div class='ocr_carea' id='block_1_11' title="bbox 180 1210 1828 1284">
    <p class='ocr_par' dir='ltr' id='par_1_11' title="bbox 180 1210 1828 1284">
     <span class='ocr_line' id='line_1_11' title="bbox 180 1210 1828 1284; baseline 0 -17"><span class='ocrx_word' id='word_1_68' title='bbox 180 1216 486 1284; x_wconf 86' lang='lat' dir='ltr'>agnoscant</span> <span class='ocrx_word' id='word_1_69' title='bbox 518 1211 660 1284; x_wconf 87' lang='lat' dir='ltr'>quia</span> <span class='ocrx_word' id='word_1_70' title='bbox 687 1215 746 1267; x_wconf 89' lang='lat' dir='ltr'>et</span> <span class='ocrx_word' id='word_1_71' title='bbox 776 1210 892 1283; x_wconf 81' lang='lat' dir='ltr'>ipsi</span> <span class='ocrx_word' id='word_1_72' title='bbox 923 1226 1058 1267; x_wconf 89' lang='lat' dir='ltr'>cum</span> <span class='ocrx_word' id='word_1_73' title='bbox 1091 1210 1175 1267; x_wconf 89' lang='lat' dir='ltr'>eis</span> <span class='ocrx_word' id='word_1_74' title='bbox 1197 1211 1594 1283; x_wconf 88' lang='lat' dir='ltr'>perirent,nisi</span> <span class='ocrx_word' id='word_1_75' title='bbox 1630 1211 1828 1267; x_wconf 88' lang='lat' dir='ltr'>divina</span> 
     </span>
    </p>
   </div>
   <div class='ocr_carea' id='block_1_12' title="bbox 180 1300 801 1373">
    <p class='ocr_par' dir='ltr' id='par_1_12' title="bbox 180 1300 801 1373">
     <span class='ocr_line' id='line_1_12' title="bbox 180 1300 801 1373; baseline -0.003 -18"><span class='ocrx_word' id='word_1_76' title='bbox 180 1300 355 1373; x_wconf 88' lang='lat' dir='ltr'>gratia</span> <span class='ocrx_word' id='word_1_77' title='bbox 384 1300 801 1355; x_wconf 80' lang='lat' dir='ltr'>liberarentur.</span> 
     </span>
    </p>
   </div>
   <div class='ocr_carea' id='block_1_13' title="bbox 243 1387 1825 1461">
    <p class='ocr_par' dir='ltr' id='par_1_13' title="bbox 243 1387 1825 1461">
     <span class='ocr_line' id='line_1_13' title="bbox 243 1387 1825 1461; baseline 0.001 -18"><span class='ocrx_word' id='word_1_78' title='bbox 243 1390 372 1446; x_wconf 77' lang='lat' dir='ltr'>Vasa</span> <span class='ocrx_word' id='word_1_79' title='bbox 401 1388 796 1445; x_wconf 72' lang='lat' dir='ltr'>misericordiae</span> <span class='ocrx_word' id='word_1_80' title='bbox 823 1392 992 1443; x_wconf 89' lang='lat' dir='ltr'>vocat</span> <span class='ocrx_word' id='word_1_81' title='bbox 1042 1387 1276 1456; x_wconf 91' lang='lat' dir='ltr'>electos,</span> <span class='ocrx_word' id='word_1_82' title='bbox 1310 1406 1459 1461; x_wconf 90' lang='lat' dir='ltr'>quos</span> <span class='ocrx_word' id='word_1_83' title='bbox 1514 1389 1668 1446; x_wconf 91' lang='lat' dir='ltr'>Deus</span> <span class='ocrx_word' id='word_1_84' title='bbox 1699 1388 1825 1445; x_wconf 89' lang='lat' dir='ltr'>sola</span> 
     </span>
    </p>
   </div>
   <div class='ocr_carea' id='block_1_14' title="bbox 180 1477 1825 1551">
    <p class='ocr_par' dir='ltr' id='par_1_14' title="bbox 180 1477 1825 1551">
     <span class='ocr_line' id='line_1_14' title="bbox 180 1477 1825 1551; baseline 0.001 -19"><span class='ocrx_word' id='word_1_85' title='bbox 180 1477 574 1535; x_wconf 83' lang='lat' dir='ltr'>misericordia</span> <span class='ocrx_word' id='word_1_86' title='bbox 602 1478 737 1533; x_wconf 84' lang='lat' dir='ltr'>fecit</span> <span class='ocrx_word' id='word_1_87' title='bbox 762 1495 902 1533; x_wconf 90' lang='lat' dir='ltr'>vasa</span> <span class='ocrx_word' id='word_1_88' title='bbox 933 1478 992 1533; x_wconf 92' lang='lat' dir='ltr'>in</span> <span class='ocrx_word' id='word_1_89' title='bbox 1023 1477 1327 1549; x_wconf 87' lang='lat' dir='ltr'>honorem,</span> <span class='ocrx_word' id='word_1_90' title='bbox 1361 1496 1487 1550; x_wconf 71' lang='lat' dir='ltr'>qun:</span> <span class='ocrx_word' id='word_1_91' title='bbox 1518 1484 1575 1534; x_wconf 92' lang='lat' dir='ltr'>et</span> <span class='ocrx_word' id='word_1_92' title='bbox 1604 1496 1825 1551; x_wconf 78' lang='lat' dir='ltr'>praepa-</span> 
     </span>
    </p>
   </div>
   <div class='ocr_carea' id='block_1_15' title="bbox 177 1566 1828 1641">
    <p class='ocr_par' dir='ltr' id='par_1_15' title="bbox 177 1566 1828 1641">
     <span class='ocr_line' id='line_1_15' title="bbox 177 1566 1828 1641; baseline 0.001 -19"><span class='ocrx_word' id='word_1_93' title='bbox 177 1566 311 1622; x_wconf 90' lang='lat' dir='ltr'>ravit</span> <span class='ocrx_word' id='word_1_94' title='bbox 336 1568 394 1623; x_wconf 93' lang='lat' dir='ltr'>in</span> <span class='ocrx_word' id='word_1_95' title='bbox 425 1566 679 1641; x_wconf 83' lang='lat' dir='ltr'>gloriam</span> <span class='ocrx_word' id='word_1_96' title='bbox 714 1583 725 1623; x_wconf 90' lang='lat'>:</span> <span class='ocrx_word' id='word_1_97' title='bbox 761 1566 1041 1639; x_wconf 89' lang='lat' dir='ltr'>quoniam</span> <span class='ocrx_word' id='word_1_98' title='bbox 1081 1584 1149 1621; x_wconf 82' lang='lat' dir='ltr'>ex</span> <span class='ocrx_word' id='word_1_99' title='bbox 1180 1584 1379 1623; x_wconf 91' lang='lat' dir='ltr'>massa</span> <span class='ocrx_word' id='word_1_100' title='bbox 1426 1566 1651 1639; x_wconf 87' lang='lat' dir='ltr'>perdita</span> <span class='ocrx_word' id='word_1_101' title='bbox 1695 1566 1828 1623; x_wconf 90' lang='lat' dir='ltr'>illos</span> 
     </span>
    </p>
   </div>
   <div class='ocr_carea' id='block_1_16' title="bbox 176 1655 1829 1729">
    <p class='ocr_par' dir='ltr' id='par_1_16' title="bbox 176 1655 1829 1729">
     <span class='ocr_line' id='line_1_16' title="bbox 176 1655 1829 1729; baseline 0 -18"><span class='ocrx_word' id='word_1_102' title='bbox 176 1656 357 1729; x_wconf 80' lang='lat' dir='ltr'>elegit,</span> <span class='ocrx_word' id='word_1_103' title='bbox 389 1661 447 1713; x_wconf 89' lang='lat' dir='ltr'>et</span> <span class='ocrx_word' id='word_1_104' title='bbox 467 1655 842 1728; x_wconf 83' lang='lat' dir='ltr'>justiﬁcavit,</span> <span class='ocrx_word' id='word_1_105' title='bbox 877 1656 1095 1728; x_wconf 88' lang='lat' dir='ltr'>quibus</span> <span class='ocrx_word' id='word_1_106' title='bbox 1121 1659 1178 1711; x_wconf 88' lang='lat' dir='ltr'>et</span> <span class='ocrx_word' id='word_1_107' title='bbox 1205 1655 1330 1728; x_wconf 88' lang='lat' dir='ltr'>ipse</span> <span class='ocrx_word' id='word_1_108' title='bbox 1367 1656 1748 1729; x_wconf 84' lang='lat' dir='ltr'>glorificetur,</span> <span class='ocrx_word' id='word_1_109' title='bbox 1772 1660 1829 1713; x_wconf 90' lang='lat' dir='ltr'>et</span> 
     </span>
    </p>
   </div>
   <div class='ocr_carea' id='block_1_17' title="bbox 174 1744 1086 1818">
    <p class='ocr_par' dir='ltr' id='par_1_17' title="bbox 174 1744 1086 1818">
     <span class='ocr_line' id='line_1_17' title="bbox 174 1744 1086 1818; baseline -0.001 -18"><span class='ocrx_word' id='word_1_110' title='bbox 174 1762 310 1818; x_wconf 86' lang='lat' dir='ltr'>quos</span> <span class='ocrx_word' id='word_1_111' title='bbox 337 1745 678 1802; x_wconf 88' lang='lat' dir='ltr'>introducat</span> <span class='ocrx_word' id='word_1_112' title='bbox 709 1745 781 1800; x_wconf 89' lang='lat' dir='ltr'>ad</span> <span class='ocrx_word' id='word_1_113' title='bbox 813 1744 1086 1817; x_wconf 84' lang='lat' dir='ltr'>gloriam.</span> 
     </span>
    </p>
   </div>
   <div class='ocr_carea' id='block_1_18' title="bbox 241 1832 1829 1906">
    <p class='ocr_par' dir='ltr' id='par_1_18' title="bbox 241 1832 1829 1906">
     <span class='ocr_line' id='line_1_18' title="bbox 241 1832 1829 1906; baseline 0 -16"><span class='ocrx_word' id='word_1_114' title='bbox 241 1833 399 1890; x_wconf 88' lang='lat' dir='ltr'>Unde</span> <span class='ocrx_word' id='word_1_115' title='bbox 445 1839 505 1890; x_wconf 91' lang='lat' dir='ltr'>et</span> <span class='ocrx_word' id='word_1_116' title='bbox 553 1833 840 1906; x_wconf 66' lang='lat' dir='ltr'>praemisit</span> <span class='ocrx_word' id='word_1_117' title='bbox 872 1852 885 1888; x_wconf 88' lang='lat'>:</span> <span class='ocrx_word' id='word_1_118' title='bbox 922 1834 985 1891; x_wconf 89' lang='lat' dir='ltr'>Ut</span> <span class='ocrx_word' id='word_1_119' title='bbox 1013 1832 1315 1889; x_wconf 69' lang='lat' dir='ltr'>ostenderet</span> <span class='ocrx_word' id='word_1_120' title='bbox 1362 1834 1585 1889; x_wconf 78' lang='lat' dir='ltr'>divitias</span> <span class='ocrx_word' id='word_1_121' title='bbox 1632 1835 1829 1905; x_wconf 69' lang='lat' dir='ltr'>gloriae</span> 
     </span>
    </p>
   </div>
   <div class='ocr_carea' id='block_1_19' title="bbox 150 1922 1830 2005">
    <p class='ocr_par' dir='ltr' id='par_1_19' title="bbox 150 1922 1830 2005">
     <span class='ocr_line' id='line_1_19' title="bbox 150 1922 1830 2005; baseline 0 -27"><span class='ocrx_word' id='word_1_122' title='bbox 150 1940 279 2005; x_wconf 65' lang='grc' dir='ltr'>⁸,ςιισειε</span> <span class='ocrx_word' id='word_1_123' title='bbox 308 1943 327 1980; x_wconf 84' lang='grc'><em>;</em></span> <span class='ocrx_word' id='word_1_124' title='bbox 358 1923 595 1979; x_wconf 86' lang='lat' dir='ltr'>divitias</span> <span class='ocrx_word' id='word_1_125' title='bbox 626 1923 843 1996; x_wconf 89' lang='lat' dir='ltr'>quippe</span> <span class='ocrx_word' id='word_1_126' title='bbox 874 1922 1069 1995; x_wconf 69' lang='lat' dir='ltr'>glorias</span> <span class='ocrx_word' id='word_1_127' title='bbox 1103 1940 1219 1977; x_wconf 69' lang='lat' dir='ltr'>sua:</span> <span class='ocrx_word' id='word_1_128' title='bbox 1250 1923 1610 1991; x_wconf 84' lang='lat' dir='ltr'>ostendit,ex</span> <span class='ocrx_word' id='word_1_129' title='bbox 1632 1940 1830 1979; x_wconf 86' lang='lat' dir='ltr'>massa</span> 
     </span>
    </p>
   </div>
   <div class='ocr_carea' id='block_1_20' title="bbox 170 2012 1825 2086">
    <p class='ocr_par' dir='ltr' id='par_1_20' title="bbox 170 2012 1825 2086">
     <span class='ocr_line' id='line_1_20' title="bbox 170 2012 1825 2086; baseline -0.001 -17"><span class='ocrx_word' id='word_1_130' title='bbox 170 2013 556 2086; x_wconf 89' lang='lat' dir='ltr'>perdita,vasa</span> <span class='ocrx_word' id='word_1_131' title='bbox 578 2012 636 2067; x_wconf 92' lang='lat' dir='ltr'>in</span> <span class='ocrx_word' id='word_1_132' title='bbox 659 2012 976 2080; x_wconf 88' lang='lat' dir='ltr'>honorem;</span> <span class='ocrx_word' id='word_1_133' title='bbox 1002 2012 1233 2066; x_wconf 88' lang='lat' dir='ltr'>bonitas</span> <span class='ocrx_word' id='word_1_134' title='bbox 1252 2028 1507 2083; x_wconf 88' lang='lat' dir='ltr'>namque</span> <span class='ocrx_word' id='word_1_135' title='bbox 1530 2013 1659 2083; x_wconf 84' lang='lat' dir='ltr'>ejus</span> <span class='ocrx_word' id='word_1_136' title='bbox 1682 2013 1825 2068; x_wconf 90' lang='lat' dir='ltr'>adeo</span> 
     </span>
    </p>
   </div>
   <div class='ocr_carea' id='block_1_21' title="bbox 173 2099 1826 2174">
    <p class='ocr_par' dir='ltr' id='par_1_21' title="bbox 173 2099 1826 2174">
     <span class='ocr_line' id='line_1_21' title="bbox 173 2099 1826 2174; baseline 0 -18"><span class='ocrx_word' id='word_1_137' title='bbox 173 2101 538 2174; x_wconf 90' lang='lat' dir='ltr'>omnipotens</span> <span class='ocrx_word' id='word_1_138' title='bbox 570 2104 753 2168; x_wconf 90' lang='lat' dir='ltr'>est,ut</span> <span class='ocrx_word' id='word_1_139' title='bbox 780 2117 921 2155; x_wconf 89' lang='lat' dir='ltr'>vasa</span> <span class='ocrx_word' id='word_1_140' title='bbox 944 2100 1038 2154; x_wconf 66' lang='lat' dir='ltr'>ira:</span> <span class='ocrx_word' id='word_1_141' title='bbox 1060 2104 1119 2155; x_wconf 90' lang='lat' dir='ltr'>et</span> <span class='ocrx_word' id='word_1_142' title='bbox 1148 2099 1534 2157; x_wconf 89' lang='lat' dir='ltr'>dissensionis</span> <span class='ocrx_word' id='word_1_143' title='bbox 1558 2118 1826 2157; x_wconf 90' lang='lat' dir='ltr'>commu-</span> 
     </span>
    </p>
   </div>
   <div class='ocr_carea' id='block_1_22' title="bbox 172 2189 1511 2261">
    <p class='ocr_par' dir='ltr' id='par_1_22' title="bbox 172 2189 1511 2261">
     <span class='ocr_line' id='line_1_22' title="bbox 172 2189 1511 2261; baseline 0 -16"><span class='ocrx_word' id='word_1_144' title='bbox 172 2193 288 2246; x_wconf 88' lang='lat' dir='ltr'>tare</span> <span class='ocrx_word' id='word_1_145' title='bbox 317 2190 513 2247; x_wconf 86' lang='lat' dir='ltr'>valeat</span> <span class='ocrx_word' id='word_1_146' title='bbox 539 2190 599 2246; x_wconf 92' lang='lat' dir='ltr'>in</span> <span class='ocrx_word' id='word_1_147' title='bbox 629 2207 769 2247; x_wconf 90' lang='lat' dir='ltr'>vasa</span> <span class='ocrx_word' id='word_1_148' title='bbox 800 2189 1212 2245; x_wconf 73' lang='lat' dir='ltr'>misericordia:</span> <span class='ocrx_word' id='word_1_149' title='bbox 1243 2194 1301 2245; x_wconf 91' lang='lat' dir='ltr'>et</span> <span class='ocrx_word' id='word_1_150' title='bbox 1330 2189 1511 2261; x_wconf 90' lang='lat' dir='ltr'>pacis.</span> 
     </span>
    </p>
   </div>
   <div class='ocr_carea' id='block_1_23' title="bbox 235 2277 1824 2351">
    <p class='ocr_par' dir='ltr' id='par_1_23' title="bbox 235 2277 1824 2351">
     <span class='ocr_line' id='line_1_23' title="bbox 235 2277 1824 2351; baseline -0.002 -15"><span class='ocrx_word' id='word_1_151' title='bbox 235 2281 303 2336; x_wconf 86' lang='lat' dir='ltr'>Et</span> <span class='ocrx_word' id='word_1_152' title='bbox 322 2285 396 2351; x_wconf 41' lang='lat' dir='ltr'>.ut</span> <span class='ocrx_word' id='word_1_153' title='bbox 423 2280 760 2336; x_wconf 86' lang='lat' dir='ltr'>ostenderet</span> <span class='ocrx_word' id='word_1_154' title='bbox 790 2296 918 2351; x_wconf 68' lang='lat' dir='ltr'>qua:</span> <span class='ocrx_word' id='word_1_155' title='bbox 949 2279 1160 2334; x_wconf 82' lang='lat' dir='ltr'>dixerit</span> <span class='ocrx_word' id='word_1_156' title='bbox 1201 2295 1338 2335; x_wconf 88' lang='lat' dir='ltr'>vasa</span> <span class='ocrx_word' id='word_1_157' title='bbox 1387 2277 1824 2345; x_wconf 68' lang='lat' dir='ltr'>misericordiae,</span> 
     </span>
    </p>
   </div>
   <div class='ocr_carea' id='block_1_24' title="bbox 168 2368 1827 2440">
    <p class='ocr_par' dir='ltr' id='par_1_24' title="bbox 168 2368 1827 2440">
     <span class='ocr_line' id='line_1_24' title="bbox 168 2368 1827 2440; baseline -0.001 -16"><span class='ocrx_word' id='word_1_158' title='bbox 168 2369 466 2440; x_wconf 83' lang='lat' dir='ltr'>subjunxit</span> <span class='ocrx_word' id='word_1_159' title='bbox 501 2388 515 2425; x_wconf 86' lang='lat'>:</span> <span class='ocrx_word' id='word_1_160' title='bbox 548 2369 689 2439; x_wconf 85' lang='lat' dir='ltr'>Quos</span> <span class='ocrx_word' id='word_1_161' title='bbox 720 2372 770 2424; x_wconf 89' lang='lat' dir='ltr'>et</span> <span class='ocrx_word' id='word_1_162' title='bbox 798 2370 1007 2424; x_wconf 83' lang='lat' dir='ltr'>vocavit</span> <span class='ocrx_word' id='word_1_163' title='bbox 1036 2384 1167 2435; x_wconf 86' lang='lat' dir='ltr'>nos;</span> <span class='ocrx_word' id='word_1_164' title='bbox 1194 2368 1252 2422; x_wconf 92' lang='lat' dir='ltr'>id</span> <span class='ocrx_word' id='word_1_165' title='bbox 1289 2372 1378 2423; x_wconf 90' lang='lat' dir='ltr'>est</span> <span class='ocrx_word' id='word_1_166' title='bbox 1410 2385 1541 2437; x_wconf 91' lang='lat' dir='ltr'>nos,</span> <span class='ocrx_word' id='word_1_167' title='bbox 1572 2384 1721 2440; x_wconf 91' lang='lat' dir='ltr'>quos</span> <span class='ocrx_word' id='word_1_168' title='bbox 1770 2371 1827 2423; x_wconf 91' lang='lat' dir='ltr'>et</span> 
     </span>
    </p>
   </div>
   <div class='ocr_carea' id='block_1_25' title="bbox 164 2455 1822 2528">
    <p class='ocr_par' dir='ltr' id='par_1_25' title="bbox 164 2455 1822 2528">
     <span class='ocr_line' id='line_1_25' title="bbox 164 2455 1822 2528; baseline -0.002 -15"><span class='ocrx_word' id='word_1_169' title='bbox 164 2458 417 2526; x_wconf 89' lang='lat' dir='ltr'>vocavit;</span> <span class='ocrx_word' id='word_1_170' title='bbox 454 2474 521 2513; x_wconf 88' lang='lat' dir='ltr'>ac</span> <span class='ocrx_word' id='word_1_171' title='bbox 552 2458 602 2514; x_wconf 88' lang='lat' dir='ltr'>si</span> <span class='ocrx_word' id='word_1_172' title='bbox 633 2457 851 2513; x_wconf 85' lang='lat' dir='ltr'>diceret</span> <span class='ocrx_word' id='word_1_173' title='bbox 886 2474 899 2512; x_wconf 91' lang='lat'>:</span> <span class='ocrx_word' id='word_1_174' title='bbox 931 2458 991 2512; x_wconf 91' lang='lat' dir='ltr'>in</span> <span class='ocrx_word' id='word_1_175' title='bbox 1024 2474 1152 2524; x_wconf 92' lang='lat' dir='ltr'>nos,</span> <span class='ocrx_word' id='word_1_176' title='bbox 1187 2472 1336 2527; x_wconf 89' lang='lat' dir='ltr'>quos</span> <span class='ocrx_word' id='word_1_177' title='bbox 1369 2455 1735 2528; x_wconf 84' lang='lat' dir='ltr'>praeparavit,</span> <span class='ocrx_word' id='word_1_178' title='bbox 1766 2455 1822 2510; x_wconf 92' lang='lat' dir='ltr'>id</span> 
     </span>
    </p>
   </div>
   <div class='ocr_carea' id='block_1_26' title="bbox 166 2544 1823 2621">
    <p class='ocr_par' dir='ltr' id='par_1_26' title="bbox 166 2544 1823 2621">
     <span class='ocr_line' id='line_1_26' title="bbox 166 2544 1823 2621; baseline -0.001 -19"><span class='ocrx_word' id='word_1_179' title='bbox 166 2551 255 2602; x_wconf 91' lang='lat' dir='ltr'>est</span> <span class='ocrx_word' id='word_1_180' title='bbox 304 2547 737 2621; x_wconf 73' lang='lat' dir='ltr'>praedestinavit</span> <span class='ocrx_word' id='word_1_181' title='bbox 783 2546 844 2601; x_wconf 92' lang='lat' dir='ltr'>in</span> <span class='ocrx_word' id='word_1_182' title='bbox 899 2544 1169 2621; x_wconf 80' lang='lat' dir='ltr'>gloriam,</span> <span class='ocrx_word' id='word_1_183' title='bbox 1204 2549 1261 2601; x_wconf 90' lang='lat' dir='ltr'>et</span> <span class='ocrx_word' id='word_1_184' title='bbox 1302 2546 1531 2602; x_wconf 89' lang='lat' dir='ltr'>vocavit</span> <span class='ocrx_word' id='word_1_185' title='bbox 1560 2562 1663 2617; x_wconf 91' lang='lat' dir='ltr'>per</span> <span class='ocrx_word' id='word_1_186' title='bbox 1692 2562 1823 2617; x_wconf 89' lang='lat' dir='ltr'>gra-</span> 
     </span>
    </p>
   </div>
   <div class='ocr_carea' id='block_1_27' title="bbox 166 2616 1083 2691">
    <p class='ocr_par' dir='ltr' id='par_1_27' title="bbox 166 2616 1083 2691">
     <span class='ocr_line' id='line_1_27' title="bbox 166 2616 1083 2691; baseline 0 0"><span class='ocrx_word' id='word_1_187' title='bbox 166 2636 330 2691; x_wconf 83' lang='lat' dir='ltr'>tiam.</span> <span class='ocrx_word' id='word_1_188' title='bbox 1061 2616 1083 2645; x_wconf 63' lang='grc'><strong><em>⁸</em></strong></span> 
     </span>
    </p>
   </div>
   <div class='ocr_carea' id='block_1_28' title="bbox 236 2723 1823 2796">
    <p class='ocr_par' dir='ltr' id='par_1_28' title="bbox 236 2723 1823 2796">
     <span class='ocr_line' id='line_1_28' title="bbox 236 2723 1823 2796; baseline 0 -16"><span class='ocrx_word' id='word_1_189' title='bbox 236 2725 346 2780; x_wconf 91' lang='lat' dir='ltr'>Sed</span> <span class='ocrx_word' id='word_1_190' title='bbox 374 2742 447 2782; x_wconf 92' lang='lat' dir='ltr'>ne</span> <span class='ocrx_word' id='word_1_191' title='bbox 478 2729 785 2796; x_wconf 85' lang='lat' dir='ltr'>putaretur</span> <span class='ocrx_word' id='word_1_192' title='bbox 826 2726 1058 2781; x_wconf 68' lang='lat' dir='ltr'>Iudaeos</span> <span class='ocrx_word' id='word_1_193' title='bbox 1107 2726 1300 2781; x_wconf 89' lang='lat' dir='ltr'>solum</span> <span class='ocrx_word' id='word_1_194' title='bbox 1352 2723 1678 2795; x_wconf 84' lang='lat' dir='ltr'>intelligere</span> <span class='ocrx_word' id='word_1_195' title='bbox 1726 2741 1823 2780; x_wconf 89' lang='lat' dir='ltr'>vo-</span> 
     </span>
    </p>
   </div>
   <div class='ocr_carea' id='block_1_29' title="bbox 180 2813 1823 2887">
    <p class='ocr_par' dir='ltr' id='par_1_29' title="bbox 180 2813 1823 2887">
     <span class='ocr_line' id='line_1_29' title="bbox 180 2813 1823 2887; baseline 0.001 -19"><span class='ocrx_word' id='word_1_196' title='bbox 180 2813 376 2882; x_wconf 88' lang='lat' dir='ltr'>luisse,</span> <span class='ocrx_word' id='word_1_197' title='bbox 412 2814 693 2887; x_wconf 84' lang='lat' dir='ltr'>quoniam</span> <span class='ocrx_word' id='word_1_198' title='bbox 725 2832 795 2870; x_wconf 83' lang='lat' dir='ltr'>ex</span> <span class='ocrx_word' id='word_1_199' title='bbox 824 2815 1041 2871; x_wconf 75' lang='lat' dir='ltr'>Judzeis</span> <span class='ocrx_word' id='word_1_200' title='bbox 1073 2818 1236 2871; x_wconf 88' lang='lat' dir='ltr'>ortus</span> <span class='ocrx_word' id='word_1_201' title='bbox 1269 2814 1647 2883; x_wconf 78' lang='lat' dir='ltr'>erat,addidit</span> <span class='ocrx_word' id='word_1_202' title='bbox 1671 2818 1823 2869; x_wconf 86' lang='lat' dir='ltr'>:Non</span> 
     </span>
    </p>
   </div>
   <div class='ocr_carea' id='block_1_30' title="bbox 172 2904 1822 2975">
    <p class='ocr_par' dir='ltr' id='par_1_30' title="bbox 172 2904 1822 2975">
     <span class='ocr_line' id='line_1_30' title="bbox 172 2904 1822 2975; baseline 0 -18"><span class='ocrx_word' id='word_1_203' title='bbox 172 2906 343 2959; x_wconf 89' lang='lat' dir='ltr'>solum</span> <span class='ocrx_word' id='word_1_204' title='bbox 370 2922 441 2960; x_wconf 74' lang='lat' dir='ltr'>ex</span> <span class='ocrx_word' id='word_1_205' title='bbox 469 2905 693 2971; x_wconf 69' lang='lat' dir='ltr'>Iudaeis,</span> <span class='ocrx_word' id='word_1_206' title='bbox 721 2905 819 2960; x_wconf 84' lang='lat' dir='ltr'>sed</span> <span class='ocrx_word' id='word_1_207' title='bbox 846 2910 1012 2960; x_wconf 75' lang='lat' dir='ltr'>etiam</span> <span class='ocrx_word' id='word_1_208' title='bbox 1048 2922 1116 2960; x_wconf 79' lang='lat' dir='ltr'>ea:</span> <span class='ocrx_word' id='word_1_209' title='bbox 1144 2905 1415 2975; x_wconf 76' lang='lat' dir='ltr'>gentibus.</span> <span class='ocrx_word' id='word_1_210' title='bbox 1441 2904 1666 2968; x_wconf 89' lang='lat' dir='ltr'>Quibus</span> <span class='ocrx_word' id='word_1_211' title='bbox 1698 2921 1822 2958; x_wconf 89' lang='lat' dir='ltr'>ver-</span> 
     </span>
    </p>
   </div>
   <div class='ocr_carea' id='block_1_31' title="bbox 170 2992 1822 3067">
    <p class='ocr_par' dir='ltr' id='par_1_31' title="bbox 170 2992 1822 3067">
     <span class='ocr_line' id='line_1_31' title="bbox 170 2992 1822 3067; baseline 0 -20"><span class='ocrx_word' id='word_1_212' title='bbox 170 2992 255 3049; x_wconf 90' lang='lat' dir='ltr'>bis</span> <span class='ocrx_word' id='word_1_213' title='bbox 286 2995 545 3051; x_wconf 84' lang='lat' dir='ltr'>ostendit</span> <span class='ocrx_word' id='word_1_214' title='bbox 575 2993 715 3067; x_wconf 87' lang='lat' dir='ltr'>quia</span> <span class='ocrx_word' id='word_1_215' title='bbox 745 3010 862 3049; x_wconf 93' lang='lat' dir='ltr'>non</span> <span class='ocrx_word' id='word_1_216' title='bbox 888 2993 975 3048; x_wconf 91' lang='lat' dir='ltr'>illi</span> <span class='ocrx_word' id='word_1_217' title='bbox 1006 2998 1238 3049; x_wconf 89' lang='lat' dir='ltr'>tantum</span> <span class='ocrx_word' id='word_1_218' title='bbox 1261 2993 1363 3048; x_wconf 84' lang='lat' dir='ltr'>ﬁlii</span> <span class='ocrx_word' id='word_1_219' title='bbox 1388 2998 1528 3049; x_wconf 91' lang='lat' dir='ltr'>sunt</span> <span class='ocrx_word' id='word_1_220' title='bbox 1555 2993 1822 3061; x_wconf 70' lang='lat' dir='ltr'>Abrahae,</span> 
     </span>
    </p>
   </div>
   <div class='ocr_carea' id='block_1_32' title="bbox 171 3082 1825 3156">
    <p class='ocr_par' dir='ltr' id='par_1_32' title="bbox 171 3082 1825 3156">
     <span class='ocr_line' id='line_1_32' title="bbox 171 3082 1825 3156; baseline 0.001 -20"><span class='ocrx_word' id='word_1_221' title='bbox 171 3082 264 3153; x_wconf 82' lang='lat' dir='ltr'>qui</span> <span class='ocrx_word' id='word_1_222' title='bbox 294 3101 363 3139; x_wconf 79' lang='lat' dir='ltr'>ex</span> <span class='ocrx_word' id='word_1_223' title='bbox 393 3086 527 3156; x_wconf 86' lang='lat' dir='ltr'>ejus</span> <span class='ocrx_word' id='word_1_224' title='bbox 557 3084 740 3155; x_wconf 88' lang='lat' dir='ltr'>stirpe</span> <span class='ocrx_word' id='word_1_225' title='bbox 782 3084 1169 3149; x_wconf 89' lang='lat' dir='ltr'>descendunt,</span> <span class='ocrx_word' id='word_1_226' title='bbox 1218 3083 1319 3137; x_wconf 91' lang='lat' dir='ltr'>sed</span> <span class='ocrx_word' id='word_1_227' title='bbox 1370 3083 1707 3154; x_wconf 87' lang='lat' dir='ltr'>quicunque</span> <span class='ocrx_word' id='word_1_228' title='bbox 1756 3098 1825 3137; x_wconf 82' lang='lat' dir='ltr'>ex</span> 
     </span>
    </p>
   </div>
   <div class='ocr_carea' id='block_1_33' title="bbox 170 3171 1821 3245">
    <p class='ocr_par' dir='ltr' id='par_1_33' title="bbox 170 3171 1821 3245">
     <span class='ocr_line' id='line_1_33' title="bbox 170 3171 1821 3245; baseline -0.002 -18"><span class='ocrx_word' id='word_1_229' title='bbox 170 3173 445 3230; x_wconf 89' lang='lat' dir='ltr'>omnibus</span> <span class='ocrx_word' id='word_1_230' title='bbox 481 3173 759 3245; x_wconf 87' lang='lat' dir='ltr'>gentibus</span> <span class='ocrx_word' id='word_1_231' title='bbox 786 3172 1032 3243; x_wconf 87' lang='lat' dir='ltr'>vestigia</span> <span class='ocrx_word' id='word_1_232' title='bbox 1062 3171 1195 3227; x_wconf 82' lang='lat' dir='ltr'>ﬁdei</span> <span class='ocrx_word' id='word_1_233' title='bbox 1225 3171 1471 3225; x_wconf 80' lang='lat' dir='ltr'>Abrahae</span> <span class='ocrx_word' id='word_1_234' title='bbox 1494 3171 1821 3237; x_wconf 87' lang='lat' dir='ltr'>imitantur,</span> 
     </span>
    </p>
   </div>
   <div class='ocr_carea' id='block_1_34' title="bbox 169 3259 1825 3333">
    <p class='ocr_par' dir='ltr' id='par_1_34' title="bbox 169 3259 1825 3333">
     <span class='ocr_line' id='line_1_34' title="bbox 169 3259 1825 3333; baseline 0.001 -19"><span class='ocrx_word' id='word_1_235' title='bbox 169 3267 587 3333; x_wconf 86' lang='lat' dir='ltr'>computantur</span> <span class='ocrx_word' id='word_1_236' title='bbox 614 3261 675 3316; x_wconf 89' lang='lat' dir='ltr'>in</span> <span class='ocrx_word' id='word_1_237' title='bbox 710 3260 846 3315; x_wconf 82' lang='lat' dir='ltr'>ﬁliis</span> <span class='ocrx_word' id='word_1_238' title='bbox 879 3260 1145 3316; x_wconf 66' lang='lat' dir='ltr'>Abrahae.</span> <span class='ocrx_word' id='word_1_239' title='bbox 1177 3259 1445 3314; x_wconf 89' lang='lat' dir='ltr'>Ostendit</span> <span class='ocrx_word' id='word_1_240' title='bbox 1467 3259 1641 3314; x_wconf 88' lang='lat' dir='ltr'>etiam</span> <span class='ocrx_word' id='word_1_241' title='bbox 1684 3260 1825 3329; x_wconf 88' lang='lat' dir='ltr'>quia</span> 
     </span>
    </p>
   </div>
   <div class='ocr_carea' id='block_1_35' title="bbox 1942 682 3595 755">
    <p class='ocr_par' dir='ltr' id='par_1_35' title="bbox 1942 682 3595 755">
     <span class='ocr_line' id='line_1_35' title="bbox 1942 682 3595 755; baseline 0.004 -20"><span class='ocrx_word' id='word_1_242' title='bbox 1942 685 2032 736; x_wconf 90' lang='lat' dir='ltr'>est</span> <span class='ocrx_word' id='word_1_243' title='bbox 2067 697 2077 735; x_wconf 94' lang='lat'>:</span> <span class='ocrx_word' id='word_1_244' title='bbox 2112 682 2227 735; x_wconf 84' lang='lat' dir='ltr'>Non</span> <span class='ocrx_word' id='word_1_245' title='bbox 2255 682 2403 752; x_wconf 83' lang='lat' dir='ltr'>plebs</span> <span class='ocrx_word' id='word_1_246' title='bbox 2448 699 2568 736; x_wconf 89' lang='lat' dir='ltr'>mea</span> <span class='ocrx_word' id='word_1_247' title='bbox 2615 700 2726 751; x_wconf 88' lang='lat' dir='ltr'>vos,</span> <span class='ocrx_word' id='word_1_248' title='bbox 2779 684 2920 755; x_wconf 85' lang='lat' dir='ltr'>quia</span> <span class='ocrx_word' id='word_1_249' title='bbox 2967 684 3121 740; x_wconf 90' lang='lat' dir='ltr'>idola</span> <span class='ocrx_word' id='word_1_250' title='bbox 3162 686 3457 754; x_wconf 90' lang='lat' dir='ltr'>colebant;</span> <span class='ocrx_word' id='word_1_251' title='bbox 3492 688 3595 743; x_wconf 90' lang='lat' dir='ltr'>sed</span> 
     </span>
    </p>
   </div>
   <div class='ocr_carea' id='block_1_36' title="bbox 1943 769 3597 845">
    <p class='ocr_par' dir='ltr' id='par_1_36' title="bbox 1943 769 3597 845">
     <span class='ocr_line' id='line_1_36' title="bbox 1943 769 3597 845; baseline 0.006 -23"><span class='ocrx_word' id='word_1_252' title='bbox 1943 769 2054 840; x_wconf 89' lang='lat' dir='ltr'>ipsi</span> <span class='ocrx_word' id='word_1_253' title='bbox 2090 775 2287 841; x_wconf 82' lang='lat' dir='ltr'>postea</span> <span class='ocrx_word' id='word_1_254' title='bbox 2323 770 2425 824; x_wconf 69' lang='lat' dir='ltr'>ﬁlii</span> <span class='ocrx_word' id='word_1_255' title='bbox 2466 771 2566 826; x_wconf 89' lang='lat' dir='ltr'>Dei</span> <span class='ocrx_word' id='word_1_256' title='bbox 2598 772 2784 827; x_wconf 88' lang='lat' dir='ltr'>vocati</span> <span class='ocrx_word' id='word_1_257' title='bbox 2824 778 2984 839; x_wconf 89' lang='lat' dir='ltr'>sunt,</span> <span class='ocrx_word' id='word_1_258' title='bbox 3018 774 3156 845; x_wconf 90' lang='lat' dir='ltr'>quia</span> <span class='ocrx_word' id='word_1_259' title='bbox 3208 791 3276 830; x_wconf 84' lang='lat' dir='ltr'>ex</span> <span class='ocrx_word' id='word_1_260' title='bbox 3320 778 3597 834; x_wconf 89' lang='lat' dir='ltr'>omnibus</span> 
     </span>
    </p>
   </div>
   <div class='ocr_carea' id='block_1_37' title="bbox 1941 858 3593 931">
    <p class='ocr_par' dir='ltr' id='par_1_37' title="bbox 1941 858 3593 931">
     <span class='ocr_line' id='line_1_37' title="bbox 1941 858 3593 931; baseline 0.005 -18"><span class='ocrx_word' id='word_1_261' title='bbox 1941 858 2216 930; x_wconf 85' lang='lat' dir='ltr'>gentibus</span> <span class='ocrx_word' id='word_1_262' title='bbox 2246 860 2571 931; x_wconf 87' lang='lat' dir='ltr'>credentes,</span> <span class='ocrx_word' id='word_1_263' title='bbox 2606 861 2707 915; x_wconf 82' lang='lat' dir='ltr'>lilii</span> <span class='ocrx_word' id='word_1_264' title='bbox 2739 861 2841 917; x_wconf 88' lang='lat' dir='ltr'>Dei</span> <span class='ocrx_word' id='word_1_265' title='bbox 2873 862 3006 917; x_wconf 89' lang='lat' dir='ltr'>facti</span> <span class='ocrx_word' id='word_1_266' title='bbox 3040 868 3197 918; x_wconf 90' lang='lat' dir='ltr'>sunt.</span> <span class='ocrx_word' id='word_1_267' title='bbox 3238 866 3355 920; x_wconf 85' lang='lat' dir='ltr'>Vivi</span> <span class='ocrx_word' id='word_1_268' title='bbox 3395 869 3593 921; x_wconf 89' lang='lat' dir='ltr'>autem</span> 
     </span>
    </p>
   </div>
   <div class='ocr_carea' id='block_1_38' title="bbox 1939 948 3188 1014">
    <p class='ocr_par' dir='ltr' id='par_1_38' title="bbox 1939 948 3188 1014">
     <span class='ocr_line' id='line_1_38' title="bbox 1939 948 3188 1014; baseline 0.005 -13"><span class='ocrx_word' id='word_1_269' title='bbox 1939 948 2042 1002; x_wconf 88' lang='lat' dir='ltr'>Dei</span> <span class='ocrx_word' id='word_1_270' title='bbox 2070 948 2231 1014; x_wconf 90' lang='lat' dir='ltr'>dicit,</span> <span class='ocrx_word' id='word_1_271' title='bbox 2265 966 2298 1002; x_wconf 91' lang='lat' dir='ltr'>a</span> <span class='ocrx_word' id='word_1_272' title='bbox 2328 948 2766 1005; x_wconf 85' lang='lat' dir='ltr'>distinctionem</span> <span class='ocrx_word' id='word_1_273' title='bbox 2799 956 3188 1007; x_wconf 88' lang='lat' dir='ltr'>mortuorum.</span> 
     </span>
    </p>
   </div>
   <div class='ocr_carea' id='block_1_39' title="bbox 2015 1036 3594 1111">
    <p class='ocr_par' dir='ltr' id='par_1_39' title="bbox 2015 1036 3594 1111">
     <span class='ocr_line' id='line_1_39' title="bbox 2015 1036 3594 1111; baseline 0.005 -21"><span class='ocrx_word' id='word_1_274' title='bbox 2015 1036 2199 1107; x_wconf 87' lang='lat' dir='ltr'>Ilujus</span> <span class='ocrx_word' id='word_1_275' title='bbox 2230 1036 2337 1091; x_wconf 90' lang='lat' dir='ltr'>loci</span> <span class='ocrx_word' id='word_1_276' title='bbox 2372 1053 2614 1091; x_wconf 80' lang='lat' dir='ltr'>sensum</span> <span class='ocrx_word' id='word_1_277' title='bbox 2660 1038 2945 1094; x_wconf 87' lang='lat' dir='ltr'>Dominus</span> <span class='ocrx_word' id='word_1_278' title='bbox 2993 1041 3230 1111; x_wconf 84' lang='lat' dir='ltr'>exponit</span> <span class='ocrx_word' id='word_1_279' title='bbox 3267 1043 3594 1099; x_wconf 89' lang='lat' dir='ltr'>secundum</span> 
     </span>
    </p>
   </div>
   <div class='ocr_carea' id='block_1_40' title="bbox 1940 1122 3596 1197">
    <p class='ocr_par' dir='ltr' id='par_1_40' title="bbox 1940 1122 3596 1197">
     <span class='ocr_line' id='line_1_40' title="bbox 1940 1122 3596 1197; baseline 0.005 -18"><span class='ocrx_word' id='word_1_280' title='bbox 1940 1122 2188 1179; x_wconf 87' lang='lat' dir='ltr'>alterum</span> <span class='ocrx_word' id='word_1_281' title='bbox 2239 1126 2585 1197; x_wconf 88' lang='lat' dir='ltr'>prophetam</span> <span class='ocrx_word' id='word_1_282' title='bbox 2633 1127 2879 1183; x_wconf 88' lang='lat' dir='ltr'>dicens:</span> <span class='ocrx_word' id='word_1_283' title='bbox 2925 1133 3137 1184; x_wconf 85' lang='lat' dir='ltr'>Ponam</span> <span class='ocrx_word' id='word_1_284' title='bbox 3182 1132 3488 1187; x_wconf 80' lang='lat' dir='ltr'>Jerusalem</span> <span class='ocrx_word' id='word_1_285' title='bbox 3534 1133 3596 1187; x_wconf 82' lang='lat' dir='ltr'>in</span> 
     </span>
    </p>
   </div>
   <div class='ocr_carea' id='block_1_41' title="bbox 1938 1214 3594 1290">
    <p class='ocr_par' dir='ltr' id='par_1_41' title="bbox 1938 1214 3594 1290">
     <span class='ocr_line' id='line_1_41' title="bbox 1938 1214 3594 1290; baseline 0.005 -22"><span class='ocrx_word' id='word_1_286' title='bbox 1938 1217 2050 1268; x_wconf 82' lang='lat' dir='ltr'>toto</span> <span class='ocrx_word' id='word_1_287' title='bbox 2080 1214 2205 1268; x_wconf 88' lang='lat' dir='ltr'>orbe</span> <span class='ocrx_word' id='word_1_288' title='bbox 2234 1222 2547 1279; x_wconf 87' lang='lat' dir='ltr'>terrarum;</span> <span class='ocrx_word' id='word_1_289' title='bbox 2573 1216 2899 1272; x_wconf 88' lang='lat' dir='ltr'>Jerusalem</span> <span class='ocrx_word' id='word_1_290' title='bbox 2926 1234 3181 1290; x_wconf 90' lang='lat' dir='ltr'>namque</span> <span class='ocrx_word' id='word_1_291' title='bbox 3213 1219 3271 1273; x_wconf 93' lang='lat' dir='ltr'>in</span> <span class='ocrx_word' id='word_1_292' title='bbox 3304 1224 3424 1275; x_wconf 92' lang='lat' dir='ltr'>toto</span> <span class='ocrx_word' id='word_1_293' title='bbox 3454 1222 3594 1276; x_wconf 89' lang='lat' dir='ltr'>orbe</span> 
     </span>
    </p>
   </div>
   <div class='ocr_carea' id='block_1_42' title="bbox 1938 1301 3595 1375">
    <p class='ocr_par' dir='ltr' id='par_1_42' title="bbox 1938 1301 3595 1375">
     <span class='ocr_line' id='line_1_42' title="bbox 1938 1301 3595 1375; baseline 0.006 -22"><span class='ocrx_word' id='word_1_294' title='bbox 1938 1301 2129 1373; x_wconf 84' lang='lat' dir='ltr'>posita</span> <span class='ocrx_word' id='word_1_295' title='bbox 2146 1306 2235 1357; x_wconf 91' lang='lat' dir='ltr'>est</span> <span class='ocrx_word' id='word_1_296' title='bbox 2248 1308 2450 1358; x_wconf 87' lang='lat' dir='ltr'>sancta</span> <span class='ocrx_word' id='word_1_297' title='bbox 2466 1302 2720 1358; x_wconf 87' lang='lat' dir='ltr'>Ecclesia</span> <span class='ocrx_word' id='word_1_298' title='bbox 2735 1310 3033 1375; x_wconf 89' lang='lat' dir='ltr'>pertotum</span> <span class='ocrx_word' id='word_1_299' title='bbox 3053 1308 3342 1363; x_wconf 87' lang='lat' dir='ltr'>mundum</span> <span class='ocrx_word' id='word_1_300' title='bbox 3357 1308 3595 1365; x_wconf 75' lang='lat' dir='ltr'>diffusa.</span> 
     </span>
    </p>
   </div>
   <div class='ocr_carea' id='block_1_43' title="bbox 2009 1390 3596 1463">
    <p class='ocr_par' dir='ltr' id='par_1_43' title="bbox 2009 1390 3596 1463">
     <span class='ocr_line' id='line_1_43' title="bbox 2009 1390 3596 1463; baseline 0.006 -20"><span class='ocrx_word' id='word_1_301' title='bbox 2009 1390 2079 1444; x_wconf 88' lang='lat' dir='ltr'>Et</span> <span class='ocrx_word' id='word_1_302' title='bbox 2110 1390 2245 1461; x_wconf 88' lang='lat' dir='ltr'>quia</span> <span class='ocrx_word' id='word_1_303' title='bbox 2276 1390 2498 1445; x_wconf 80' lang='lat' dir='ltr'>dixerat</span> <span class='ocrx_word' id='word_1_304' title='bbox 2528 1407 2539 1445; x_wconf 91' lang='lat'>:</span> <span class='ocrx_word' id='word_1_305' title='bbox 2568 1393 2683 1446; x_wconf 84' lang='lat' dir='ltr'>Non</span> <span class='ocrx_word' id='word_1_306' title='bbox 2714 1394 2891 1447; x_wconf 88' lang='lat' dir='ltr'>solum</span> <span class='ocrx_word' id='word_1_307' title='bbox 2917 1410 2986 1449; x_wconf 78' lang='lat' dir='ltr'>ex</span> <span class='ocrx_word' id='word_1_308' title='bbox 3013 1396 3241 1463; x_wconf 76' lang='lat' dir='ltr'>Iudaeis,</span> <span class='ocrx_word' id='word_1_309' title='bbox 3284 1398 3380 1452; x_wconf 86' lang='lat' dir='ltr'>sed</span> <span class='ocrx_word' id='word_1_310' title='bbox 3424 1400 3596 1453; x_wconf 85' lang='lat' dir='ltr'>etiam</span> 
     </span>
    </p>
   </div>
   <div class='ocr_carea' id='block_1_44' title="bbox 1936 1479 3593 1555">
    <p class='ocr_par' dir='ltr' id='par_1_44' title="bbox 1936 1479 3593 1555">
     <span class='ocr_line' id='line_1_44' title="bbox 1936 1479 3593 1555; baseline 0.003 -20"><span class='ocrx_word' id='word_1_311' title='bbox 1936 1495 2007 1535; x_wconf 67' lang='lat' dir='ltr'>ex</span> <span class='ocrx_word' id='word_1_312' title='bbox 2030 1479 2303 1550; x_wconf 83' lang='lat' dir='ltr'>gentibus,</span> <span class='ocrx_word' id='word_1_313' title='bbox 2334 1479 2533 1534; x_wconf 89' lang='lat' dir='ltr'>volens</span> <span class='ocrx_word' id='word_1_314' title='bbox 2564 1482 2872 1535; x_wconf 91' lang='lat' dir='ltr'>ostendere</span> <span class='ocrx_word' id='word_1_315' title='bbox 2920 1483 3059 1552; x_wconf 88' lang='lat' dir='ltr'>quia</span> <span class='ocrx_word' id='word_1_316' title='bbox 3110 1485 3278 1555; x_wconf 90' lang='lat' dir='ltr'>pauci</span> <span class='ocrx_word' id='word_1_317' title='bbox 3313 1485 3593 1540; x_wconf 89' lang='lat' dir='ltr'>credituri</span> 
     </span>
    </p>
   </div>
   <div class='ocr_carea' id='block_1_45' title="bbox 1938 1567 3596 1645">
    <p class='ocr_par' dir='ltr' id='par_1_45' title="bbox 1938 1567 3596 1645">
     <span class='ocr_line' id='line_1_45' title="bbox 1938 1567 3596 1645; baseline 0.003 -22"><span class='ocrx_word' id='word_1_318' title='bbox 1938 1572 2107 1624; x_wconf 87' lang='lat' dir='ltr'>erant</span> <span class='ocrx_word' id='word_1_319' title='bbox 2126 1585 2193 1623; x_wconf 89' lang='lat' dir='ltr'>ex</span> <span class='ocrx_word' id='word_1_320' title='bbox 2212 1567 2453 1635; x_wconf 80' lang='lat' dir='ltr'>Judaeis,</span> <span class='ocrx_word' id='word_1_321' title='bbox 2470 1569 2730 1624; x_wconf 88' lang='lat' dir='ltr'>addidit:</span> <span class='ocrx_word' id='word_1_322' title='bbox 2757 1570 2927 1625; x_wconf 89' lang='lat' dir='ltr'>Isaias</span> <span class='ocrx_word' id='word_1_323' title='bbox 2946 1581 3133 1627; x_wconf 83' lang='lat' dir='ltr'>autem</span> <span class='ocrx_word' id='word_1_324' title='bbox 3152 1573 3425 1628; x_wconf 86' lang='lat' dir='ltr'>clamabat</span> <span class='ocrx_word' id='word_1_325' title='bbox 3446 1574 3596 1645; x_wconf 89' lang='grc'>(353)</span> 
     </span>
    </p>
   </div>
   <div class='ocr_carea' id='block_1_46' title="bbox 1933 1658 3598 1730">
    <p class='ocr_par' dir='ltr' id='par_1_46' title="bbox 1933 1658 3598 1730">
     <span class='ocr_line' id='line_1_46' title="bbox 1933 1658 3598 1730; baseline 0.004 -19"><span class='ocrx_word' id='word_1_326' title='bbox 1933 1673 2034 1728; x_wconf 81' lang='lat' dir='ltr'>pro</span> <span class='ocrx_word' id='word_1_327' title='bbox 2083 1658 2250 1712; x_wconf 84' lang='lat' dir='ltr'>Israel</span> <span class='ocrx_word' id='word_1_328' title='bbox 2279 1658 2387 1711; x_wconf 81' lang='lat' dir='ltr'>:Si</span> <span class='ocrx_word' id='word_1_329' title='bbox 2431 1658 2605 1727; x_wconf 75' lang='lat' dir='ltr'>fuerit</span> <span class='ocrx_word' id='word_1_330' title='bbox 2649 1674 2913 1714; x_wconf 82' lang='lat' dir='ltr'>numerus</span> <span class='ocrx_word' id='word_1_331' title='bbox 2955 1661 3201 1730; x_wconf 83' lang='lat' dir='ltr'>ﬁliorum</span> <span class='ocrx_word' id='word_1_332' title='bbox 3241 1663 3409 1717; x_wconf 86' lang='lat' dir='ltr'>Israel</span> <span class='ocrx_word' id='word_1_333' title='bbox 3453 1665 3598 1718; x_wconf 81' lang='lat' dir='ltr'>sicut</span> 
     </span>
    </p>
   </div>
   <div class='ocr_carea' id='block_1_47' title="bbox 1936 1745 3597 1822">
    <p class='ocr_par' dir='ltr' id='par_1_47' title="bbox 1936 1745 3597 1822">
     <span class='ocr_line' id='line_1_47' title="bbox 1936 1745 3597 1822; baseline 0.004 -23"><span class='ocrx_word' id='word_1_334' title='bbox 1936 1762 2108 1800; x_wconf 85' lang='lat' dir='ltr'>arena</span> <span class='ocrx_word' id='word_1_335' title='bbox 2138 1747 2336 1815; x_wconf 89' lang='lat' dir='ltr'>maris,</span> <span class='ocrx_word' id='word_1_336' title='bbox 2367 1745 2626 1815; x_wconf 73' lang='lat' dir='ltr'>reliquiae</span> <span class='ocrx_word' id='word_1_337' title='bbox 2653 1748 2833 1803; x_wconf 75' lang='lat' dir='ltr'>salva:</span> <span class='ocrx_word' id='word_1_338' title='bbox 2858 1747 3011 1816; x_wconf 81' lang='lat' dir='ltr'>ﬁent.</span> <span class='ocrx_word' id='word_1_339' title='bbox 3062 1749 3332 1805; x_wconf 72' lang='lat' dir='ltr'>Praevidit</span> <span class='ocrx_word' id='word_1_340' title='bbox 3380 1751 3597 1822; x_wconf 91' lang='lat' dir='ltr'>quippe</span> 
     </span>
    </p>
   </div>
   <div class='ocr_carea' id='block_1_48' title="bbox 1937 1834 3593 1907">
    <p class='ocr_par' dir='ltr' id='par_1_48' title="bbox 1937 1834 3593 1907">
     <span class='ocr_line' id='line_1_48' title="bbox 1937 1834 3593 1907; baseline 0.003 -18"><span class='ocrx_word' id='word_1_341' title='bbox 1937 1834 2222 1907; x_wconf 86' lang='lat' dir='ltr'>propheta</span> <span class='ocrx_word' id='word_1_342' title='bbox 2245 1851 2463 1906; x_wconf 91' lang='lat' dir='ltr'>paucos</span> <span class='ocrx_word' id='word_1_343' title='bbox 2494 1852 2560 1889; x_wconf 84' lang='lat' dir='ltr'>ex</span> <span class='ocrx_word' id='word_1_344' title='bbox 2588 1834 2810 1891; x_wconf 74' lang='lat' dir='ltr'>Judaeis</span> <span class='ocrx_word' id='word_1_345' title='bbox 2841 1837 3187 1904; x_wconf 88' lang='lat' dir='ltr'>credituros,</span> <span class='ocrx_word' id='word_1_346' title='bbox 3210 1838 3428 1895; x_wconf 89' lang='lat' dir='ltr'>idcirco</span> <span class='ocrx_word' id='word_1_347' title='bbox 3460 1839 3593 1895; x_wconf 89' lang='lat' dir='ltr'>reli-</span> 
     </span>
    </p>
   </div>
   <div class='ocr_carea' id='block_1_49' title="bbox 1939 1923 2899 1995">
    <p class='ocr_par' dir='ltr' id='par_1_49' title="bbox 1939 1923 2899 1995">
     <span class='ocr_line' id='line_1_49' title="bbox 1939 1923 2899 1995; baseline 0 -16"><span class='ocrx_word' id='word_1_348' title='bbox 1939 1924 2110 1995; x_wconf 88' lang='lat' dir='ltr'>quias</span> <span class='ocrx_word' id='word_1_349' title='bbox 2138 1928 2366 1978; x_wconf 90' lang='lat' dir='ltr'>tantum</span> <span class='ocrx_word' id='word_1_350' title='bbox 2392 1924 2539 1978; x_wconf 83' lang='lat' dir='ltr'>dixit</span> <span class='ocrx_word' id='word_1_351' title='bbox 2569 1923 2899 1981; x_wconf 89' lang='lat' dir='ltr'>salvandas.</span> 
     </span>
    </p>
   </div>
   <div class='ocr_carea' id='block_1_50' title="bbox 2010 2013 3593 2085">
    <p class='ocr_par' dir='ltr' id='par_1_50' title="bbox 2010 2013 3593 2085">
     <span class='ocr_line' id='line_1_50' title="bbox 2010 2013 3593 2085; baseline 0.003 -17"><span class='ocrx_word' id='word_1_352' title='bbox 2010 2013 2174 2069; x_wconf 92' lang='lat' dir='ltr'>Unde</span> <span class='ocrx_word' id='word_1_353' title='bbox 2218 2015 2556 2084; x_wconf 86' lang='lat' dir='ltr'>Apostolus,</span> <span class='ocrx_word' id='word_1_354' title='bbox 2609 2018 2676 2068; x_wconf 90' lang='lat' dir='ltr'>ut</span> <span class='ocrx_word' id='word_1_355' title='bbox 2717 2014 3040 2085; x_wconf 88' lang='lat' dir='ltr'>prophetici</span> <span class='ocrx_word' id='word_1_356' title='bbox 3090 2016 3283 2073; x_wconf 89' lang='lat' dir='ltr'>cordis</span> <span class='ocrx_word' id='word_1_357' title='bbox 3333 2017 3593 2074; x_wconf 90' lang='lat' dir='ltr'>dolorem</span> 
     </span>
    </p>
   </div>
   <div class='ocr_carea' id='block_1_51' title="bbox 1936 2101 3197 2172">
    <p class='ocr_par' dir='ltr' id='par_1_51' title="bbox 1936 2101 3197 2172">
     <span class='ocr_line' id='line_1_51' title="bbox 1936 2101 3197 2172; baseline 0.001 -15"><span class='ocrx_word' id='word_1_358' title='bbox 1936 2102 2290 2169; x_wconf 88' lang='lat' dir='ltr'>ostenderet,</span> <span class='ocrx_word' id='word_1_359' title='bbox 2326 2101 2611 2172; x_wconf 66' lang='lat' dir='ltr'>praemisit</span> <span class='ocrx_word' id='word_1_360' title='bbox 2642 2118 2655 2157; x_wconf 90' lang='lat'>:</span> <span class='ocrx_word' id='word_1_361' title='bbox 2688 2104 2866 2158; x_wconf 83' lang='lat' dir='ltr'>Isaias</span> <span class='ocrx_word' id='word_1_362' title='bbox 2894 2104 3197 2160; x_wconf 87' lang='lat' dir='ltr'>clamabat.</span> 
     </span>
    </p>
   </div>
   <div class='ocr_carea' id='block_1_52' title="bbox 2009 2188 3590 2265">
    <p class='ocr_par' dir='ltr' id='par_1_52' title="bbox 2009 2188 3590 2265">
     <span class='ocr_line' id='line_1_52' title="bbox 2009 2188 3590 2265; baseline 0.004 -21"><span class='ocrx_word' id='word_1_363' title='bbox 2009 2190 2117 2244; x_wconf 90' lang='lat' dir='ltr'>Per</span> <span class='ocrx_word' id='word_1_364' title='bbox 2145 2205 2385 2244; x_wconf 90' lang='lat' dir='ltr'>arenam</span> <span class='ocrx_word' id='word_1_365' title='bbox 2414 2206 2551 2261; x_wconf 90' lang='lat' dir='ltr'>ergo</span> <span class='ocrx_word' id='word_1_366' title='bbox 2581 2188 2891 2261; x_wconf 87' lang='lat' dir='ltr'>increduli,</span> <span class='ocrx_word' id='word_1_367' title='bbox 2916 2208 3017 2263; x_wconf 89' lang='lat' dir='ltr'>per</span> <span class='ocrx_word' id='word_1_368' title='bbox 3045 2192 3330 2265; x_wconf 89' lang='lat' dir='ltr'>reliquias</span> <span class='ocrx_word' id='word_1_369' title='bbox 3351 2196 3590 2251; x_wconf 80' lang='lat' dir='ltr'>creden-</span> 
     </span>
    </p>
   </div>
   <div class='ocr_carea' id='block_1_53' title="bbox 1935 2277 3595 2355">
    <p class='ocr_par' dir='ltr' id='par_1_53' title="bbox 1935 2277 3595 2355">
     <span class='ocr_line' id='line_1_53' title="bbox 1935 2277 3595 2355; baseline 0.004 -22"><span class='ocrx_word' id='word_1_370' title='bbox 1935 2282 2026 2333; x_wconf 91' lang='lat' dir='ltr'>tes</span> <span class='ocrx_word' id='word_1_371' title='bbox 2058 2278 2462 2348; x_wconf 81' lang='lat' dir='ltr'>designantur.</span> <span class='ocrx_word' id='word_1_372' title='bbox 2492 2277 2818 2349; x_wconf 90' lang='lat' dir='ltr'>Utrumque</span> <span class='ocrx_word' id='word_1_373' title='bbox 2855 2280 3013 2334; x_wconf 89' lang='lat' dir='ltr'>enim</span> <span class='ocrx_word' id='word_1_374' title='bbox 3059 2281 3303 2337; x_wconf 64' lang='lat' dir='ltr'>Abrahae</span> <span class='ocrx_word' id='word_1_375' title='bbox 3344 2285 3595 2355; x_wconf 87' lang='lat' dir='ltr'>promis-</span> 
     </span>
    </p>
   </div>
   <div class='ocr_carea' id='block_1_54' title="bbox 1937 2366 3595 2443">
    <p class='ocr_par' dir='ltr' id='par_1_54' title="bbox 1937 2366 3595 2443">
     <span class='ocr_line' id='line_1_54' title="bbox 1937 2366 3595 2443; baseline 0.005 -22"><span class='ocrx_word' id='word_1_376' title='bbox 1937 2384 2069 2422; x_wconf 90' lang='lat' dir='ltr'>sum</span> <span class='ocrx_word' id='word_1_377' title='bbox 2101 2371 2209 2437; x_wconf 91' lang='lat' dir='ltr'>est,</span> <span class='ocrx_word' id='word_1_378' title='bbox 2244 2366 2470 2422; x_wconf 88' lang='lat' dir='ltr'>dicente</span> <span class='ocrx_word' id='word_1_379' title='bbox 2504 2366 2750 2423; x_wconf 90' lang='lat' dir='ltr'>Domino</span> <span class='ocrx_word' id='word_1_380' title='bbox 2777 2386 2789 2424; x_wconf 86' lang='lat'>:</span> <span class='ocrx_word' id='word_1_381' title='bbox 2815 2369 3192 2441; x_wconf 79' lang='lat' dir='ltr'>Multiplicans</span> <span class='ocrx_word' id='word_1_382' title='bbox 3208 2371 3595 2443; x_wconf 81' lang='lat' dir='ltr'>multiplicabo</span> 
     </span>
    </p>
   </div>
   <div class='ocr_carea' id='block_1_55' title="bbox 1933 2455 3596 2533">
    <p class='ocr_par' dir='ltr' id='par_1_55' title="bbox 1933 2455 3596 2533">
     <span class='ocr_line' id='line_1_55' title="bbox 1933 2455 3596 2533; baseline 0.004 -22"><span class='ocrx_word' id='word_1_383' title='bbox 1933 2472 2115 2511; x_wconf 84' lang='lat' dir='ltr'>semen</span> <span class='ocrx_word' id='word_1_384' title='bbox 2144 2459 2296 2510; x_wconf 87' lang='lat' dir='ltr'>tuam</span> <span class='ocrx_word' id='word_1_385' title='bbox 2324 2457 2468 2512; x_wconf 86' lang='lat' dir='ltr'>sicut</span> <span class='ocrx_word' id='word_1_386' title='bbox 2496 2455 2689 2511; x_wconf 82' lang='lat' dir='ltr'>stellas</span> <span class='ocrx_word' id='word_1_387' title='bbox 2726 2458 2870 2523; x_wconf 74' lang='lat' dir='ltr'>cazli,</span> <span class='ocrx_word' id='word_1_388' title='bbox 2921 2461 2971 2512; x_wconf 85' lang='lat' dir='ltr'>et</span> <span class='ocrx_word' id='word_1_389' title='bbox 3006 2460 3145 2514; x_wconf 84' lang='lat' dir='ltr'>sicut</span> <span class='ocrx_word' id='word_1_390' title='bbox 3194 2477 3429 2515; x_wconf 85' lang='lat' dir='ltr'>arenam</span> <span class='ocrx_word' id='word_1_391' title='bbox 3476 2479 3596 2533; x_wconf 69' lang='lat' dir='ltr'>qua:</span> 
     </span>
    </p>
   </div>
   <div class='ocr_carea' id='block_1_56' title="bbox 1932 2545 3596 2618">
    <p class='ocr_par' dir='ltr' id='par_1_56' title="bbox 1932 2545 3596 2618">
     <span class='ocr_line' id='line_1_56' title="bbox 1932 2545 3596 2618; baseline 0.004 -18"><span class='ocrx_word' id='word_1_392' title='bbox 1932 2553 2013 2601; x_wconf 87' lang='lat' dir='ltr'>est</span> <span class='ocrx_word' id='word_1_393' title='bbox 2042 2547 2101 2600; x_wconf 87' lang='lat' dir='ltr'>in</span> <span class='ocrx_word' id='word_1_394' title='bbox 2136 2546 2320 2600; x_wconf 84' lang='lat' dir='ltr'>littore</span> <span class='ocrx_word' id='word_1_395' title='bbox 2356 2547 2530 2599; x_wconf 87' lang='lat' dir='ltr'>maris</span> <span class='ocrx_word' id='word_1_396' title='bbox 2580 2545 2736 2617; x_wconf 85' lang='lat' dir='ltr'>(Gen.</span> <span class='ocrx_word' id='word_1_397' title='bbox 2781 2563 2933 2615; x_wconf 77' lang='lat' dir='ltr'>xxvr,</span> <span class='ocrx_word' id='word_1_398' title='bbox 2989 2548 3063 2618; x_wconf 81' lang='grc'>4).</span> <span class='ocrx_word' id='word_1_399' title='bbox 3110 2547 3218 2611; x_wconf 89' lang='lat' dir='ltr'>Qui</span> <span class='ocrx_word' id='word_1_400' title='bbox 3267 2550 3423 2606; x_wconf 90' lang='lat' dir='ltr'>enim</span> <span class='ocrx_word' id='word_1_401' title='bbox 3474 2551 3596 2606; x_wconf 88' lang='lat' dir='ltr'>illic</span> 
     </span>
    </p>
   </div>
   <div class='ocr_carea' id='block_1_57' title="bbox 1935 2633 3303 2706">
    <p class='ocr_par' dir='ltr' id='par_1_57' title="bbox 1935 2633 3303 2706">
     <span class='ocr_line' id='line_1_57' title="bbox 1935 2633 3303 2706; baseline 0.002 -17"><span class='ocrx_word' id='word_1_402' title='bbox 1935 2652 2038 2706; x_wconf 88' lang='lat' dir='ltr'>per</span> <span class='ocrx_word' id='word_1_403' title='bbox 2068 2633 2292 2701; x_wconf 91' lang='lat' dir='ltr'>stellas,</span> <span class='ocrx_word' id='word_1_404' title='bbox 2325 2634 2420 2688; x_wconf 91' lang='lat' dir='ltr'>hic</span> <span class='ocrx_word' id='word_1_405' title='bbox 2453 2652 2555 2705; x_wconf 91' lang='lat' dir='ltr'>per</span> <span class='ocrx_word' id='word_1_406' title='bbox 2584 2634 2863 2706; x_wconf 87' lang='lat' dir='ltr'>reliquias</span> <span class='ocrx_word' id='word_1_407' title='bbox 2894 2636 3303 2693; x_wconf 89' lang='lat' dir='ltr'>ostenduntur.</span> 
     </span>
    </p>
   </div>
   <div class='ocr_carea' id='block_1_58' title="bbox 2008 2722 3589 2800">
    <p class='ocr_par' dir='ltr' id='par_1_58' title="bbox 2008 2722 3589 2800">
     <span class='ocr_line' id='line_1_58' title="bbox 2008 2722 3589 2800; baseline 0.004 -22"><span class='ocrx_word' id='word_1_408' title='bbox 2008 2725 2118 2779; x_wconf 89' lang='lat' dir='ltr'>Sed</span> <span class='ocrx_word' id='word_1_409' title='bbox 2149 2724 2444 2795; x_wconf 91' lang='lat' dir='ltr'>quomodo</span> <span class='ocrx_word' id='word_1_410' title='bbox 2477 2722 2734 2795; x_wconf 75' lang='lat' dir='ltr'>reliquize</span> <span class='ocrx_word' id='word_1_411' title='bbox 2756 2723 2925 2778; x_wconf 81' lang='lat' dir='ltr'>salvae</span> <span class='ocrx_word' id='word_1_412' title='bbox 2952 2724 3114 2780; x_wconf 71' lang='lat' dir='ltr'>facta:</span> <span class='ocrx_word' id='word_1_413' title='bbox 3137 2728 3589 2800; x_wconf 61' lang='lat' dir='ltr'>sunt,‘aperitur,</span> 
     </span>
    </p>
   </div>
   <div class='ocr_carea' id='block_1_59' title="bbox 1934 2812 3594 2873">
    <p class='ocr_par' dir='ltr' id='par_1_59' title="bbox 1934 2812 3594 2873">
     <span class='ocr_line' id='line_1_59' title="bbox 1934 2812 3594 2873; baseline 0.003 -5"><span class='ocrx_word' id='word_1_414' title='bbox 1934 2830 2068 2868; x_wconf 88' lang='lat' dir='ltr'>cum</span> <span class='ocrx_word' id='word_1_415' title='bbox 2102 2829 2167 2867; x_wconf 89' lang='lat' dir='ltr'>su</span> <span class='ocrx_word' id='word_1_416' title='bbox 2179 2812 2403 2868; x_wconf 90' lang='lat' dir='ltr'>bditur:</span> <span class='ocrx_word' id='word_1_417' title='bbox 2429 2814 2653 2868; x_wconf 79' lang='lat' dir='ltr'>Verbum</span> <span class='ocrx_word' id='word_1_418' title='bbox 2682 2816 2832 2868; x_wconf 83' lang='lat' dir='ltr'>enim</span> <span class='ocrx_word' id='word_1_419' title='bbox 2862 2830 3252 2869; x_wconf 85' lang='lat' dir='ltr'>eonsummans</span> <span class='ocrx_word' id='word_1_420' title='bbox 3273 2824 3322 2870; x_wconf 88' lang='lat' dir='ltr'>et</span> <span class='ocrx_word' id='word_1_421' title='bbox 3344 2817 3594 2873; x_wconf 86' lang='lat' dir='ltr'>brevians</span> 
     </span>
    </p>
   </div>
   <div class='ocr_carea' id='block_1_60' title="bbox 1938 2901 3584 2973">
    <p class='ocr_par' dir='ltr' id='par_1_60' title="bbox 1938 2901 3584 2973">
     <span class='ocr_line' id='line_1_60' title="bbox 1938 2901 3584 2973; baseline 0.002 -16"><span class='ocrx_word' id='word_1_422' title='bbox 1938 2904 1997 2957; x_wconf 90' lang='lat' dir='ltr'>in</span> <span class='ocrx_word' id='word_1_423' title='bbox 2030 2904 2287 2972; x_wconf 68' lang='lat' dir='ltr'>aequitate</span> <span class='ocrx_word' id='word_1_424' title='bbox 2318 2901 2835 2973; x_wconf 88' lang='lat' dir='ltr'>(subintelligitur:</span> <span class='ocrx_word' id='word_1_425' title='bbox 2885 2902 3076 2959; x_wconf 89' lang='lat' dir='ltr'>salvas</span> <span class='ocrx_word' id='word_1_426' title='bbox 3108 2904 3279 2959; x_wconf 84' lang='lat' dir='ltr'>faciet</span> <span class='ocrx_word' id='word_1_427' title='bbox 3306 2906 3584 2961; x_wconf 83' lang='lat' dir='ltr'>Dominus</span> 
     </span>
    </p>
   </div>
   <div class='ocr_carea' id='block_1_61' title="bbox 1934 2990 3594 3065">
    <p class='ocr_par' dir='ltr' id='par_1_61' title="bbox 1934 2990 3594 3065">
     <span class='ocr_line' id='line_1_61' title="bbox 1934 2990 3594 3065; baseline 0.004 -20"><span class='ocrx_word' id='word_1_428' title='bbox 1934 2990 2521 3062; x_wconf 82' lang='lat' dir='ltr'>reliquias).Verbum</span> <span class='ocrx_word' id='word_1_429' title='bbox 2548 2992 2810 3046; x_wconf 73' lang='lat' dir='ltr'>Dominus</span> <span class='ocrx_word' id='word_1_430' title='bbox 2830 2995 3454 3065; x_wconf 77' lang='lat' dir='ltr'>consummmavit,quia</span> <span class='ocrx_word' id='word_1_431' title='bbox 3475 3013 3594 3051; x_wconf 88' lang='lat' dir='ltr'>om-</span> 
     </span>
    </p>
   </div>
   <div class='ocr_carea' id='block_1_62' title="bbox 1935 3080 3587 3153">
    <p class='ocr_par' dir='ltr' id='par_1_62' title="bbox 1935 3080 3587 3153">
     <span class='ocr_line' id='line_1_62' title="bbox 1935 3080 3587 3153; baseline 0.005 -19"><span class='ocrx_word' id='word_1_432' title='bbox 1935 3081 2034 3134; x_wconf 87' lang='lat' dir='ltr'>nia</span> <span class='ocrx_word' id='word_1_433' title='bbox 2069 3080 2208 3151; x_wconf 85' lang='lat' dir='ltr'>legis</span> <span class='ocrx_word' id='word_1_434' title='bbox 2242 3083 2526 3150; x_wconf 70' lang='lat' dir='ltr'>prazcepta</span> <span class='ocrx_word' id='word_1_435' title='bbox 2558 3080 2816 3150; x_wconf 84' lang='lat' dir='ltr'>perfecit.</span> <span class='ocrx_word' id='word_1_436' title='bbox 2844 3080 3004 3135; x_wconf 92' lang='lat' dir='ltr'>Unde</span> <span class='ocrx_word' id='word_1_437' title='bbox 3035 3080 3190 3136; x_wconf 91' lang='lat' dir='ltr'>idem</span> <span class='ocrx_word' id='word_1_438' title='bbox 3226 3083 3538 3153; x_wconf 85' lang='lat' dir='ltr'>Apostolus</span> <span class='ocrx_word' id='word_1_439' title='bbox 3574 3104 3587 3142; x_wconf 91' lang='lat'>:</span> 
     </span>
    </p>
   </div>
   <div class='ocr_carea' id='block_1_63' title="bbox 1932 3168 3588 3238">
    <p class='ocr_par' dir='ltr' id='par_1_63' title="bbox 1932 3168 3588 3238">
     <span class='ocr_line' id='line_1_63' title="bbox 1932 3168 3588 3238; baseline 0.004 -16"><span class='ocrx_word' id='word_1_440' title='bbox 1932 3169 2090 3223; x_wconf 84' lang='lat' dir='ltr'>Finis</span> <span class='ocrx_word' id='word_1_441' title='bbox 2123 3169 2255 3238; x_wconf 84' lang='lat' dir='ltr'>legis</span> <span class='ocrx_word' id='word_1_442' title='bbox 2285 3172 2368 3222; x_wconf 86' lang='lat' dir='ltr'>est</span> <span class='ocrx_word' id='word_1_443' title='bbox 2399 3168 2643 3222; x_wconf 81' lang='lat' dir='ltr'>Christus</span> <span class='ocrx_word' id='word_1_444' title='bbox 2696 3169 2871 3238; x_wconf 82' lang='lat' dir='ltr'>(Rom.</span> <span class='ocrx_word' id='word_1_445' title='bbox 2923 3185 2978 3234; x_wconf 87' lang='lat' dir='ltr'>x,</span> <span class='ocrx_word' id='word_1_446' title='bbox 3030 3169 3103 3225; x_wconf 72' lang='lat'>4).</span> <span class='ocrx_word' id='word_1_447' title='bbox 3155 3169 3409 3227; x_wconf 87' lang='lat' dir='ltr'>Verbum</span> <span class='ocrx_word' id='word_1_448' title='bbox 3461 3173 3588 3229; x_wconf 87' lang='lat' dir='ltr'>bre-</span> 
     </span>
    </p>
   </div>
   <div class='ocr_carea' id='block_1_64' title="bbox 1932 3254 3592 3334">
    <p class='ocr_par' dir='ltr' id='par_1_64' title="bbox 1932 3254 3592 3334">
     <span class='ocr_line' id='line_1_64' title="bbox 1932 3254 3592 3334; baseline 0.004 -23"><span class='ocrx_word' id='word_1_449' title='bbox 1932 3256 2109 3312; x_wconf 89' lang='lat' dir='ltr'>viavit</span> <span class='ocrx_word' id='word_1_450' title='bbox 2141 3257 2198 3311; x_wconf 92' lang='lat' dir='ltr'>in</span> <span class='ocrx_word' id='word_1_451' title='bbox 2230 3256 2519 3327; x_wconf 70' lang='lat' dir='ltr'>requitate,</span> <span class='ocrx_word' id='word_1_452' title='bbox 2555 3254 2693 3327; x_wconf 88' lang='lat' dir='ltr'>quia</span> <span class='ocrx_word' id='word_1_453' title='bbox 2722 3273 2848 3328; x_wconf 70' lang='lat' dir='ltr'>quae</span> <span class='ocrx_word' id='word_1_454' title='bbox 2899 3256 3071 3330; x_wconf 91' lang='lat' dir='ltr'>longe</span> <span class='ocrx_word' id='word_1_455' title='bbox 3117 3257 3348 3330; x_wconf 89' lang='lat' dir='ltr'>lateque</span> <span class='ocrx_word' id='word_1_456' title='bbox 3376 3260 3433 3315; x_wconf 91' lang='lat' dir='ltr'>in</span> <span class='ocrx_word' id='word_1_457' title='bbox 3465 3260 3592 3334; x_wconf 89' lang='lat' dir='ltr'>lege</span> 
     </span>
    </p>
   </div>
   <div class='ocr_carea' id='block_1_65' title="bbox 167 3332 3591 3422">
    <p class='ocr_par' dir='ltr' id='par_1_65' title="bbox 167 3332 3591 3422">
     <span class='ocr_line' id='line_1_65' title="bbox 167 3332 3591 3422; baseline 0 -17"><span class='ocrx_word' id='word_1_458' title='bbox 167 3366 262 3422; x_wconf 88' lang='lat' dir='ltr'>per</span> <span class='ocrx_word' id='word_1_459' title='bbox 291 3332 445 3407; x_wconf 86' lang='lat' dir='ltr'>duos</span> <span class='ocrx_word' id='word_1_460' title='bbox 481 3351 631 3405; x_wconf 78' lang='lat' dir='ltr'>filios</span> <span class='ocrx_word' id='word_1_461' title='bbox 664 3350 1087 3414; x_wconf 72' lang='lat' dir='ltr'>Rebeccce,non</span> <span class='ocrx_word' id='word_1_462' title='bbox 1116 3348 1428 3403; x_wconf 85' lang='lat' dir='ltr'>Judaicum</span> <span class='ocrx_word' id='word_1_463' title='bbox 1461 3353 1517 3403; x_wconf 90' lang='lat' dir='ltr'>et</span> <span class='ocrx_word' id='word_1_464' title='bbox 1547 3347 1824 3417; x_wconf 85' lang='lat' dir='ltr'>gentilem</span> <span class='ocrx_word' id='word_1_465' title='bbox 1857 3332 1900 3397; x_wconf 86' lang='lat' dir='ltr'>C</span> <span class='ocrx_word' id='word_1_466' title='bbox 1938 3346 2152 3400; x_wconf 83' lang='lat' dir='ltr'>ditl‘usa</span> <span class='ocrx_word' id='word_1_467' title='bbox 2183 3350 2343 3411; x_wconf 92' lang='lat' dir='ltr'>sunt,</span> <span class='ocrx_word' id='word_1_468' title='bbox 2364 3344 2643 3401; x_wconf 90' lang='lat' dir='ltr'>Dominus</span> <span class='ocrx_word' id='word_1_469' title='bbox 2671 3346 2875 3416; x_wconf 87' lang='lat' dir='ltr'>paucis</span> <span class='ocrx_word' id='word_1_470' title='bbox 2907 3347 3096 3402; x_wconf 80' lang='lat' dir='ltr'>verbis</span> <span class='ocrx_word' id='word_1_471' title='bbox 3126 3332 3591 3421; x_wconf 79' lang='lat' dir='ltr'>comprehendit,</span> 
     </span>
    </p>
   </div>
   <div class='ocr_carea' id='block_1_66' title="bbox 165 3435 1826 3513">
    <p class='ocr_par' dir='ltr' id='par_1_66' title="bbox 165 3435 1826 3513">
     <span class='ocr_line' id='line_1_66' title="bbox 165 3435 1826 3513; baseline -0.002 -18"><span class='ocrx_word' id='word_1_472' title='bbox 165 3441 475 3513; x_wconf 88' lang='lat' dir='ltr'>populum,</span> <span class='ocrx_word' id='word_1_473' title='bbox 509 3439 611 3493; x_wconf 91' lang='lat' dir='ltr'>sed</span> <span class='ocrx_word' id='word_1_474' title='bbox 642 3438 975 3492; x_wconf 89' lang='lat' dir='ltr'>credentem</span> <span class='ocrx_word' id='word_1_475' title='bbox 1006 3440 1062 3491; x_wconf 93' lang='lat' dir='ltr'>et</span> <span class='ocrx_word' id='word_1_476' title='bbox 1093 3435 1459 3491; x_wconf 88' lang='lat' dir='ltr'>incredulum</span> <span class='ocrx_word' id='word_1_477' title='bbox 1501 3435 1826 3506; x_wconf 85' lang='lat' dir='ltr'>intelligere</span> 
     </span>
    </p>
   </div>
   <div class='ocr_carea' id='block_1_67' title="bbox 163 3525 1829 3599">
    <p class='ocr_par' dir='ltr' id='par_1_67' title="bbox 163 3525 1829 3599">
     <span class='ocr_line' id='line_1_67' title="bbox 163 3525 1829 3599; baseline -0.003 -17"><span class='ocrx_word' id='word_1_478' title='bbox 163 3529 384 3596; x_wconf 86' lang='lat' dir='ltr'>voluit;</span> <span class='ocrx_word' id='word_1_479' title='bbox 418 3542 528 3599; x_wconf 87' lang='lat' dir='ltr'>per</span> <span class='ocrx_word' id='word_1_480' title='bbox 558 3526 880 3581; x_wconf 80' lang='lat' dir='ltr'>Rebeccam</span> <span class='ocrx_word' id='word_1_481' title='bbox 929 3541 1184 3596; x_wconf 88' lang='lat' dir='ltr'>namque</span> <span class='ocrx_word' id='word_1_482' title='bbox 1234 3529 1438 3581; x_wconf 90' lang='lat' dir='ltr'>sancta</span> <span class='ocrx_word' id='word_1_483' title='bbox 1485 3525 1829 3596; x_wconf 86' lang='lat' dir='ltr'>designatur</span> 
     </span>
    </p>
   </div>
   <div class='ocr_carea' id='block_1_68' title="bbox 166 3613 1827 3686">
    <p class='ocr_par' dir='ltr' id='par_1_68' title="bbox 166 3613 1827 3686">
     <span class='ocr_line' id='line_1_68' title="bbox 166 3613 1827 3686; baseline -0.003 -13"><span class='ocrx_word' id='word_1_484' title='bbox 166 3616 618 3679; x_wconf 81' lang='lat' dir='ltr'>Ecclesia.0uod</span> <span class='ocrx_word' id='word_1_485' title='bbox 652 3618 847 3669; x_wconf 91' lang='lat' dir='ltr'>autem</span> <span class='ocrx_word' id='word_1_486' title='bbox 873 3616 943 3670; x_wconf 91' lang='lat' dir='ltr'>de</span> <span class='ocrx_word' id='word_1_487' title='bbox 965 3632 1033 3671; x_wconf 90' lang='lat' dir='ltr'>ea</span> <span class='ocrx_word' id='word_1_488' title='bbox 1054 3613 1433 3686; x_wconf 89' lang='lat' dir='ltr'>lcgitur,quia</span> <span class='ocrx_word' id='word_1_489' title='bbox 1455 3613 1600 3669; x_wconf 87' lang='lat' dir='ltr'>abiit</span> <span class='ocrx_word' id='word_1_490' title='bbox 1621 3630 1827 3669; x_wconf 90' lang='lat' dir='ltr'>consu-</span> 
     </span>
    </p>
   </div>
   <div class='ocr_carea' id='block_1_69' title="bbox 166 3701 1826 3776">
    <p class='ocr_par' dir='ltr' id='par_1_69' title="bbox 166 3701 1826 3776">
     <span class='ocr_line' id='line_1_69' title="bbox 166 3701 1826 3776; baseline -0.002 -16"><span class='ocrx_word' id='word_1_491' title='bbox 166 3705 276 3763; x_wconf 85' lang='lat' dir='ltr'>lere</span> <span class='ocrx_word' id='word_1_492' title='bbox 295 3705 763 3771; x_wconf 88' lang='lat' dir='ltr'>Dominum,non</span> <span class='ocrx_word' id='word_1_493' title='bbox 787 3704 1234 3776; x_wconf 86' lang='lat' dir='ltr'>intelligendum</span> <span class='ocrx_word' id='word_1_494' title='bbox 1251 3710 1338 3758; x_wconf 92' lang='lat' dir='ltr'>est</span> <span class='ocrx_word' id='word_1_495' title='bbox 1352 3704 1505 3775; x_wconf 86' lang='lat' dir='ltr'>quod</span> <span class='ocrx_word' id='word_1_496' title='bbox 1525 3701 1826 3758; x_wconf 84' lang='lat' dir='ltr'>uxortanti</span> 
     </span>
    </p>
   </div>
   <div class='ocr_carea' id='block_1_70' title="bbox 167 3792 1825 3866">
    <p class='ocr_par' dir='ltr' id='par_1_70' title="bbox 167 3792 1825 3866">
     <span class='ocr_line' id='line_1_70' title="bbox 167 3792 1825 3866; baseline -0.003 -15"><span class='ocrx_word' id='word_1_497' title='bbox 167 3794 514 3866; x_wconf 75' lang='lat' dir='ltr'>patriarchae</span> <span class='ocrx_word' id='word_1_498' title='bbox 536 3793 720 3848; x_wconf 89' lang='lat' dir='ltr'>Deum</span> <span class='ocrx_word' id='word_1_499' title='bbox 746 3792 989 3848; x_wconf 89' lang='lat' dir='ltr'>localem</span> <span class='ocrx_word' id='word_1_500' title='bbox 1014 3792 1411 3858; x_wconf 88' lang='lat' dir='ltr'>erediderit,et</span> <span class='ocrx_word' id='word_1_501' title='bbox 1432 3809 1567 3846; x_wconf 84' lang='lat' dir='ltr'>eum</span> <span class='ocrx_word' id='word_1_502' title='bbox 1592 3792 1825 3847; x_wconf 91' lang='lat' dir='ltr'>incessu</span> 
     </span>
    </p>
   </div>
   <div class='ocr_carea' id='block_1_71' title="bbox 170 3881 1823 3954">
    <p class='ocr_par' dir='ltr' id='par_1_71' title="bbox 170 3881 1823 3954">
     <span class='ocr_line' id='line_1_71' title="bbox 170 3881 1823 3954; baseline -0.003 -14"><span class='ocrx_word' id='word_1_503' title='bbox 170 3885 379 3954; x_wconf 89' lang='lat' dir='ltr'>pedum</span> <span class='ocrx_word' id='word_1_504' title='bbox 412 3882 627 3939; x_wconf 87' lang='lat' dir='ltr'>abierit</span> <span class='ocrx_word' id='word_1_505' title='bbox 657 3882 996 3949; x_wconf 89' lang='lat' dir='ltr'>consulere;</span> <span class='ocrx_word' id='word_1_506' title='bbox 1022 3882 1123 3937; x_wconf 91' lang='lat' dir='ltr'>sed</span> <span class='ocrx_word' id='word_1_507' title='bbox 1158 3881 1473 3947; x_wconf 90' lang='lat' dir='ltr'>abiit,dicit</span> <span class='ocrx_word' id='word_1_508' title='bbox 1502 3881 1823 3953; x_wconf 88' lang='lat' dir='ltr'>Scriptura,</span> 
     </span>
    </p>
   </div>
   <div class='ocr_carea' id='block_1_72' title="bbox 170 3969 1825 4042">
    <p class='ocr_par' dir='ltr' id='par_1_72' title="bbox 170 3969 1825 4042">
     <span class='ocr_line' id='line_1_72' title="bbox 170 3969 1825 4042; baseline -0.001 -16"><span class='ocrx_word' id='word_1_509' title='bbox 170 3970 272 4029; x_wconf 89' lang='lat' dir='ltr'>hoc</span> <span class='ocrx_word' id='word_1_510' title='bbox 285 3972 464 4039; x_wconf 87' lang='lat' dir='ltr'>est,in</span> <span class='ocrx_word' id='word_1_511' title='bbox 479 3971 798 4026; x_wconf 88' lang='lat' dir='ltr'>virtutibus</span> <span class='ocrx_word' id='word_1_512' title='bbox 811 3970 1071 4042; x_wconf 82' lang='lat' dir='ltr'>profecit.</span> <span class='ocrx_word' id='word_1_513' title='bbox 1083 3969 1379 4026; x_wconf 84' lang='lat' dir='ltr'>Moraliter</span> <span class='ocrx_word' id='word_1_514' title='bbox 1394 3986 1494 4042; x_wconf 90' lang='lat' dir='ltr'>per</span> <span class='ocrx_word' id='word_1_515' title='bbox 1505 3970 1825 4025; x_wconf 81' lang='lat' dir='ltr'>Rebeccam</span> 
     </span>
    </p>
   </div>
   <div class='ocr_carea' id='block_1_73' title="bbox 175 4059 1823 4133">
    <p class='ocr_par' dir='ltr' id='par_1_73' title="bbox 175 4059 1823 4133">
     <span class='ocr_line' id='line_1_73' title="bbox 175 4059 1823 4133; baseline -0.001 -18"><span class='ocrx_word' id='word_1_516' title='bbox 175 4060 357 4117; x_wconf 80' lang='lat' dir='ltr'>fidelis</span> <span class='ocrx_word' id='word_1_517' title='bbox 380 4077 628 4133; x_wconf 69' lang='lat' dir='ltr'>quaeque</span> <span class='ocrx_word' id='word_1_518' title='bbox 641 4060 841 4115; x_wconf 87' lang='lat' dir='ltr'>anima</span> <span class='ocrx_word' id='word_1_519' title='bbox 855 4060 1331 4132; x_wconf 86' lang='lat' dir='ltr'>designatur;per</span> <span class='ocrx_word' id='word_1_520' title='bbox 1348 4060 1495 4115; x_wconf 91' lang='lat' dir='ltr'>duos</span> <span class='ocrx_word' id='word_1_521' title='bbox 1511 4061 1637 4129; x_wconf 89' lang='lat' dir='ltr'>ejus</span> <span class='ocrx_word' id='word_1_522' title='bbox 1654 4059 1823 4129; x_wconf 82' lang='lat' dir='ltr'>ﬁlios,</span> 
     </span>
    </p>
   </div>
   <div class='ocr_carea' id='block_1_74' title="bbox 176 4147 1825 4220">
    <p class='ocr_par' dir='ltr' id='par_1_74' title="bbox 176 4147 1825 4220">
     <span class='ocr_line' id='line_1_74' title="bbox 176 4147 1825 4220; baseline -0.002 -14"><span class='ocrx_word' id='word_1_523' title='bbox 176 4152 458 4207; x_wconf 78' lang='lat' dir='ltr'>exercitus</span> <span class='ocrx_word' id='word_1_524' title='bbox 482 4150 762 4205; x_wconf 89' lang='lat' dir='ltr'>vitiorum</span> <span class='ocrx_word' id='word_1_525' title='bbox 794 4154 967 4220; x_wconf 89' lang='lat' dir='ltr'>atque</span> <span class='ocrx_word' id='word_1_526' title='bbox 996 4150 1304 4204; x_wconf 89' lang='lat' dir='ltr'>virtutum.</span> <span class='ocrx_word' id='word_1_527' title='bbox 1334 4150 1491 4206; x_wconf 90' lang='lat' dir='ltr'>Unde</span> <span class='ocrx_word' id='word_1_528' title='bbox 1520 4154 1651 4219; x_wconf 87' lang='lat' dir='ltr'>apte</span> <span class='ocrx_word' id='word_1_529' title='bbox 1684 4147 1825 4203; x_wconf 89' lang='lat' dir='ltr'>diei-</span> 
     </span>
    </p>
   </div>
   <div class='ocr_carea' id='block_1_75' title="bbox 174 4237 1829 4311">
    <p class='ocr_par' dir='ltr' id='par_1_75' title="bbox 174 4237 1829 4311">
     <span class='ocr_line' id='line_1_75' title="bbox 174 4237 1829 4311; baseline 0 -18"><span class='ocrx_word' id='word_1_530' title='bbox 174 4243 264 4295; x_wconf 88' lang='lat' dir='ltr'>tur</span> <span class='ocrx_word' id='word_1_531' title='bbox 294 4256 307 4295; x_wconf 86' lang='lat'>:</span> <span class='ocrx_word' id='word_1_532' title='bbox 340 4240 515 4311; x_wconf 76' lang='lat' dir='ltr'>Major</span> <span class='ocrx_word' id='word_1_533' title='bbox 544 4240 742 4294; x_wconf 86' lang='lat' dir='ltr'>seruiet</span> <span class='ocrx_word' id='word_1_534' title='bbox 768 4240 1001 4309; x_wconf 86' lang='lat' dir='ltr'>minori,</span> <span class='ocrx_word' id='word_1_535' title='bbox 1030 4239 1309 4310; x_wconf 79' lang='lat' dir='ltr'>quoniam</span> <span class='ocrx_word' id='word_1_536' title='bbox 1357 4237 1464 4293; x_wconf 89' lang='lat' dir='ltr'>etsi</span> <span class='ocrx_word' id='word_1_537' title='bbox 1518 4239 1705 4309; x_wconf 85' lang='lat' dir='ltr'>major</span> <span class='ocrx_word' id='word_1_538' title='bbox 1752 4237 1829 4293; x_wconf 85' lang='lat' dir='ltr'>sit</span> 
     </span>
    </p>
   </div>
   <div class='ocr_carea' id='block_1_76' title="bbox 175 4327 1829 4400">
    <p class='ocr_par' dir='ltr' id='par_1_76' title="bbox 175 4327 1829 4400">
     <span class='ocr_line' id='line_1_76' title="bbox 175 4327 1829 4400; baseline 0 -18"><span class='ocrx_word' id='word_1_539' title='bbox 175 4327 443 4384; x_wconf 88' lang='lat' dir='ltr'>vitiorum</span> <span class='ocrx_word' id='word_1_540' title='bbox 476 4327 949 4399; x_wconf 82' lang='lat' dir='ltr'>exercitus,saepe</span> <span class='ocrx_word' id='word_1_541' title='bbox 980 4332 1172 4383; x_wconf 81' lang='lat' dir='ltr'>tamen</span> <span class='ocrx_word' id='word_1_542' title='bbox 1207 4327 1375 4382; x_wconf 90' lang='lat' dir='ltr'>illum</span> <span class='ocrx_word' id='word_1_543' title='bbox 1408 4332 1647 4400; x_wconf 89' lang='lat' dir='ltr'>superat</span> <span class='ocrx_word' id='word_1_544' title='bbox 1671 4344 1829 4382; x_wconf 78' lang='lat' dir='ltr'>exer-</span> 
     </span>
    </p>
   </div>
   <div class='ocr_carea' id='block_1_77' title="bbox 178 4416 1822 4488">
    <p class='ocr_par' dir='ltr' id='par_1_77' title="bbox 178 4416 1822 4488">
     <span class='ocr_line' id='line_1_77' title="bbox 178 4416 1822 4488; baseline 0.001 -18"><span class='ocrx_word' id='word_1_545' title='bbox 178 4416 325 4473; x_wconf 89' lang='lat' dir='ltr'>citus</span> <span class='ocrx_word' id='word_1_546' title='bbox 352 4418 665 4474; x_wconf 85' lang='lat' dir='ltr'>virtutum.</span> <span class='ocrx_word' id='word_1_547' title='bbox 692 4419 848 4474; x_wconf 86' lang='lat' dir='ltr'>Sicut</span> <span class='ocrx_word' id='word_1_548' title='bbox 877 4419 937 4471; x_wconf 90' lang='lat' dir='ltr'>in</span> <span class='ocrx_word' id='word_1_549' title='bbox 962 4416 1092 4472; x_wconf 85' lang='lat' dir='ltr'>Osee</span> <span class='ocrx_word' id='word_1_550' title='bbox 1122 4417 1256 4471; x_wconf 85' lang='lat' dir='ltr'>dicit</span> <span class='ocrx_word' id='word_1_551' title='bbox 1285 4434 1305 4471; x_wconf 87' lang='lat'>:</span> <span class='ocrx_word' id='word_1_552' title='bbox 1341 4418 1547 4473; x_wconf 83' lang='lat' dir='ltr'>Vocabo</span> <span class='ocrx_word' id='word_1_553' title='bbox 1578 4434 1685 4471; x_wconf 83' lang='lat' dir='ltr'>non</span> <span class='ocrx_word' id='word_1_554' title='bbox 1708 4418 1822 4488; x_wconf 81' lang='lat' dir='ltr'>ple-</span> 
     </span>
    </p>
   </div>
   <div class='ocr_carea' id='block_1_78' title="bbox 180 4505 1825 4578">
    <p class='ocr_par' dir='ltr' id='par_1_78' title="bbox 180 4505 1825 4578">
     <span class='ocr_line' id='line_1_78' title="bbox 180 4505 1825 4578; baseline 0 -19"><span class='ocrx_word' id='word_1_555' title='bbox 180 4505 288 4561; x_wconf 87' lang='lat' dir='ltr'>bem</span> <span class='ocrx_word' id='word_1_556' title='bbox 314 4524 523 4572; x_wconf 75' lang='lat' dir='ltr'>nicum,</span> <span class='ocrx_word' id='word_1_557' title='bbox 554 4508 766 4578; x_wconf 84' lang='lat' dir='ltr'>plebem</span> <span class='ocrx_word' id='word_1_558' title='bbox 800 4523 1000 4571; x_wconf 89' lang='lat' dir='ltr'>meam,</span> <span class='ocrx_word' id='word_1_559' title='bbox 1027 4514 1079 4561; x_wconf 91' lang='lat' dir='ltr'>et</span> <span class='ocrx_word' id='word_1_560' title='bbox 1106 4524 1213 4561; x_wconf 85' lang='lat' dir='ltr'>non</span> <span class='ocrx_word' id='word_1_561' title='bbox 1242 4505 1516 4576; x_wconf 80' lang='lat' dir='ltr'>dilectam,</span> <span class='ocrx_word' id='word_1_562' title='bbox 1550 4506 1825 4572; x_wconf 85' lang='lat' dir='ltr'>dilectam,</span> 
     </span>
    </p>
   </div>
   <div class='ocr_carea' id='block_1_79' title="bbox 174 4595 1827 4661">
    <p class='ocr_par' dir='ltr' id='par_1_79' title="bbox 174 4595 1827 4661">
     <span class='ocr_line' id='line_1_79' title="bbox 174 4595 1827 4661; baseline 0.001 -12"><span class='ocrx_word' id='word_1_563' title='bbox 174 4607 221 4650; x_wconf 87' lang='lat' dir='ltr'>et</span> <span class='ocrx_word' id='word_1_564' title='bbox 248 4614 355 4651; x_wconf 82' lang='lat' dir='ltr'>non</span> <span class='ocrx_word' id='word_1_565' title='bbox 383 4596 825 4653; x_wconf 86' lang='lat' dir='ltr'>misericordiam</span> <span class='ocrx_word' id='word_1_566' title='bbox 849 4599 1211 4661; x_wconf 84' lang='lat' dir='ltr'>consecutam,</span> <span class='ocrx_word' id='word_1_567' title='bbox 1244 4595 1680 4649; x_wconf 80' lang='lat' dir='ltr'>misericordiam</span> <span class='ocrx_word' id='word_1_568' title='bbox 1699 4612 1827 4650; x_wconf 86' lang='lat' dir='ltr'>con-</span> 
     </span>
    </p>
   </div>
   <div class='ocr_carea' id='block_1_80' title="bbox 1935 3434 3591 3504">
    <p class='ocr_par' dir='ltr' id='par_1_80' title="bbox 1935 3434 3591 3504">
     <span class='ocr_line' id='line_1_80' title="bbox 1935 3434 3591 3504; baseline 0.005 -17"><span class='ocrx_word' id='word_1_569' title='bbox 1935 3434 2136 3489; x_wconf 90' lang='lat' dir='ltr'>dicens</span> <span class='ocrx_word' id='word_1_570' title='bbox 2172 3451 2183 3489; x_wconf 95' lang='lat'>:</span> <span class='ocrx_word' id='word_1_571' title='bbox 2216 3435 2414 3503; x_wconf 75' lang='lat' dir='ltr'>Iugum</span> <span class='ocrx_word' id='word_1_572' title='bbox 2444 3434 2593 3487; x_wconf 90' lang='lat' dir='ltr'>enim</span> <span class='ocrx_word' id='word_1_573' title='bbox 2624 3450 2803 3489; x_wconf 87' lang='lat' dir='ltr'>meum</span> <span class='ocrx_word' id='word_1_574' title='bbox 2832 3451 2996 3491; x_wconf 82' lang='lat' dir='ltr'>suave</span> <span class='ocrx_word' id='word_1_575' title='bbox 3022 3444 3120 3504; x_wconf 89' lang='lat' dir='ltr'>est,</span> <span class='ocrx_word' id='word_1_576' title='bbox 3153 3446 3204 3492; x_wconf 87' lang='lat' dir='ltr'>et</span> <span class='ocrx_word' id='word_1_577' title='bbox 3233 3454 3370 3494; x_wconf 90' lang='lat' dir='ltr'>onus</span> <span class='ocrx_word' id='word_1_578' title='bbox 3408 3456 3591 3495; x_wconf 86' lang='lat' dir='ltr'>meum</span> 
     </span>
    </p>
   </div>
   <div class='ocr_carea' id='block_1_81' title="bbox 1937 3521 2784 3593">
    <p class='ocr_par' dir='ltr' id='par_1_81' title="bbox 1937 3521 2784 3593">
     <span class='ocr_line' id='line_1_81' title="bbox 1937 3521 2784 3593; baseline -0.001 -16"><span class='ocrx_word' id='word_1_579' title='bbox 1937 3523 2048 3577; x_wconf 81' lang='lat' dir='ltr'>leve</span> <span class='ocrx_word' id='word_1_580' title='bbox 2080 3531 2157 3577; x_wconf 85' lang='lat' dir='ltr'>est</span> <span class='ocrx_word' id='word_1_581' title='bbox 2187 3521 2402 3592; x_wconf 84' lang='lat' dir='ltr'>(Matth.</span> <span class='ocrx_word' id='word_1_582' title='bbox 2439 3540 2518 3588; x_wconf 79' lang='lat' dir='ltr'>x1,</span> <span class='ocrx_word' id='word_1_583' title='bbox 2549 3523 2639 3589; x_wconf 78' lang='grc'>29,</span> <span class='ocrx_word' id='word_1_584' title='bbox 2672 3524 2784 3593; x_wconf 88' lang='grc'>30).</span> 
     </span>
    </p>
   </div>
   <div class='ocr_carea' id='block_1_82' title="bbox 2011 3611 3594 3687">
    <p class='ocr_par' dir='ltr' id='par_1_82' title="bbox 2011 3611 3594 3687">
     <span class='ocr_line' id='line_1_82' title="bbox 2011 3611 3594 3687; baseline 0.003 -22"><span class='ocrx_word' id='word_1_585' title='bbox 2011 3611 2151 3678; x_wconf 84' lang='lat' dir='ltr'>Quia</span> <span class='ocrx_word' id='word_1_586' title='bbox 2212 3613 2435 3665; x_wconf 81' lang='lat' dir='ltr'>verbum</span> <span class='ocrx_word' id='word_1_587' title='bbox 2493 3612 2800 3667; x_wconf 84' lang='lat' dir='ltr'>breviatum</span> <span class='ocrx_word' id='word_1_588' title='bbox 2859 3614 3027 3683; x_wconf 80' lang='lat' dir='ltr'>faciet</span> <span class='ocrx_word' id='word_1_589' title='bbox 3096 3614 3369 3670; x_wconf 83' lang='lat' dir='ltr'>Dominus</span> <span class='ocrx_word' id='word_1_590' title='bbox 3427 3631 3594 3687; x_wconf 86' lang='lat' dir='ltr'>super</span> 
     </span>
    </p>
   </div>
   <div class='ocr_carea' id='block_1_83' title="bbox 1938 3700 3593 3775">
    <p class='ocr_par' dir='ltr' id='par_1_83' title="bbox 1938 3700 3593 3775">
     <span class='ocr_line' id='line_1_83' title="bbox 1938 3700 3593 3775; baseline 0.004 -22"><span class='ocrx_word' id='word_1_591' title='bbox 1938 3703 2170 3754; x_wconf 80' lang='lat' dir='ltr'>terram.</span> <span class='ocrx_word' id='word_1_592' title='bbox 2208 3700 2312 3753; x_wconf 83' lang='lat' dir='ltr'>Per</span> <span class='ocrx_word' id='word_1_593' title='bbox 2342 3700 2583 3754; x_wconf 82' lang='lat' dir='ltr'>verbum</span> <span class='ocrx_word' id='word_1_594' title='bbox 2612 3701 2935 3756; x_wconf 87' lang='lat' dir='ltr'>breviatum</span> <span class='ocrx_word' id='word_1_595' title='bbox 2981 3702 3276 3775; x_wconf 84' lang='lat' dir='ltr'>Evangelii</span> <span class='ocrx_word' id='word_1_596' title='bbox 3326 3703 3593 3760; x_wconf 90' lang='lat' dir='ltr'>doctrina</span> 
     </span>
    </p>
   </div>
   <div class='ocr_carea' id='block_1_84' title="bbox 1937 3788 3591 3863">
    <p class='ocr_par' dir='ltr' id='par_1_84' title="bbox 1937 3788 3591 3863">
     <span class='ocr_line' id='line_1_84' title="bbox 1937 3788 3591 3863; baseline 0.004 -20"><span class='ocrx_word' id='word_1_597' title='bbox 1937 3789 2245 3860; x_wconf 86' lang='lat' dir='ltr'>aptissime</span> <span class='ocrx_word' id='word_1_598' title='bbox 2279 3788 2642 3859; x_wconf 84' lang='lat' dir='ltr'>intelligitur,</span> <span class='ocrx_word' id='word_1_599' title='bbox 2676 3792 2955 3861; x_wconf 86' lang='lat' dir='ltr'>quoniam</span> <span class='ocrx_word' id='word_1_600' title='bbox 2998 3808 3125 3862; x_wconf 79' lang='lat' dir='ltr'>quae</span> <span class='ocrx_word' id='word_1_601' title='bbox 3178 3809 3278 3863; x_wconf 91' lang='lat' dir='ltr'>per</span> <span class='ocrx_word' id='word_1_602' title='bbox 3324 3793 3591 3850; x_wconf 86' lang='lat' dir='ltr'>innume-</span> 
     </span>
    </p>
   </div>
   <div class='ocr_carea' id='block_1_85' title="bbox 1936 3878 3589 3954">
    <p class='ocr_par' dir='ltr' id='par_1_85' title="bbox 1936 3878 3589 3954">
     <span class='ocr_line' id='line_1_85' title="bbox 1936 3878 3589 3954; baseline 0.004 -21"><span class='ocrx_word' id='word_1_603' title='bbox 1936 3878 2153 3933; x_wconf 83' lang='lat' dir='ltr'>rabiles</span> <span class='ocrx_word' id='word_1_604' title='bbox 2185 3878 2618 3933; x_wconf 79' lang='lat' dir='ltr'>observationes</span> <span class='ocrx_word' id='word_1_605' title='bbox 2645 3879 2858 3951; x_wconf 90' lang='lat' dir='ltr'>populo</span> <span class='ocrx_word' id='word_1_606' title='bbox 2882 3880 2981 3935; x_wconf 92' lang='lat' dir='ltr'>Dei</span> <span class='ocrx_word' id='word_1_607' title='bbox 3006 3886 3294 3954; x_wconf 75' lang='lat' dir='ltr'>praecepta</span> <span class='ocrx_word' id='word_1_608' title='bbox 3315 3887 3589 3951; x_wconf 85' lang='lat' dir='ltr'>sunt,Do-</span> 
     </span>
    </p>
   </div>
   <div class='ocr_carea' id='block_1_86' title="bbox 1938 3966 3590 4042">
    <p class='ocr_par' dir='ltr' id='par_1_86' title="bbox 1938 3966 3590 4042">
     <span class='ocr_line' id='line_1_86' title="bbox 1938 3966 3590 4042; baseline 0.004 -21"><span class='ocrx_word' id='word_1_609' title='bbox 1938 3967 2136 4022; x_wconf 90' lang='lat' dir='ltr'>minus</span> <span class='ocrx_word' id='word_1_610' title='bbox 2178 3966 2236 4021; x_wconf 91' lang='lat' dir='ltr'>in</span> <span class='ocrx_word' id='word_1_611' title='bbox 2272 3967 2503 4021; x_wconf 86' lang='lat' dir='ltr'>duobus</span> <span class='ocrx_word' id='word_1_612' title='bbox 2533 3968 2834 4039; x_wconf 74' lang='lat' dir='ltr'>przeceptis</span> <span class='ocrx_word' id='word_1_613' title='bbox 2867 3969 3155 4025; x_wconf 89' lang='lat' dir='ltr'>contineri</span> <span class='ocrx_word' id='word_1_614' title='bbox 3189 3972 3466 4042; x_wconf 85' lang='lat' dir='ltr'>ostendit,</span> <span class='ocrx_word' id='word_1_615' title='bbox 3499 3973 3590 4028; x_wconf 88' lang='lat' dir='ltr'>di-</span> 
     </span>
    </p>
   </div>
   <div class='ocr_carea' id='block_1_87' title="bbox 1936 4056 3589 4129">
    <p class='ocr_par' dir='ltr' id='par_1_87' title="bbox 1936 4056 3589 4129">
     <span class='ocr_line' id='line_1_87' title="bbox 1936 4056 3589 4129; baseline 0.004 -19"><span class='ocrx_word' id='word_1_616' title='bbox 1936 4072 2075 4110; x_wconf 89' lang='lat' dir='ltr'>cens</span> <span class='ocrx_word' id='word_1_617' title='bbox 2099 4072 2111 4109; x_wconf 87' lang='lat'>:</span> <span class='ocrx_word' id='word_1_618' title='bbox 2139 4056 2342 4125; x_wconf 83' lang='lat' dir='ltr'>Diliges</span> <span class='ocrx_word' id='word_1_619' title='bbox 2379 4057 2676 4112; x_wconf 82' lang='lat' dir='ltr'>Dominum</span> <span class='ocrx_word' id='word_1_620' title='bbox 2710 4062 2878 4112; x_wconf 84' lang='lat' dir='ltr'>Deum</span> <span class='ocrx_word' id='word_1_621' title='bbox 2902 4062 3055 4113; x_wconf 84' lang='lat' dir='ltr'>tuum</span> <span class='ocrx_word' id='word_1_622' title='bbox 3078 4075 3148 4115; x_wconf 74' lang='lat' dir='ltr'>ea:</span> <span class='ocrx_word' id='word_1_623' title='bbox 3167 4063 3275 4115; x_wconf 86' lang='lat' dir='ltr'>loto</span> <span class='ocrx_word' id='word_1_624' title='bbox 3298 4060 3459 4116; x_wconf 76' lang='lat' dir='ltr'>corde</span> <span class='ocrx_word' id='word_1_625' title='bbox 3479 4066 3589 4129; x_wconf 87' lang='lat' dir='ltr'>luo,</span> 
     </span>
    </p>
   </div>
   <div class='ocr_carea' id='block_1_88' title="bbox 1935 4147 3590 4222">
    <p class='ocr_par' dir='ltr' id='par_1_88' title="bbox 1935 4147 3590 4222">
     <span class='ocr_line' id='line_1_88' title="bbox 1935 4147 3590 4222; baseline 0.002 -20"><span class='ocrx_word' id='word_1_626' title='bbox 1935 4154 1985 4202; x_wconf 89' lang='lat' dir='ltr'>et</span> <span class='ocrx_word' id='word_1_627' title='bbox 2021 4147 2077 4199; x_wconf 85' lang='lat' dir='ltr'>in</span> <span class='ocrx_word' id='word_1_628' title='bbox 2109 4148 2260 4199; x_wconf 84' lang='lat' dir='ltr'>omni</span> <span class='ocrx_word' id='word_1_629' title='bbox 2282 4154 2457 4200; x_wconf 80' lang='lat' dir='ltr'>mente</span> <span class='ocrx_word' id='word_1_630' title='bbox 2476 4149 2651 4211; x_wconf 66' lang='lat' dir='ltr'>tumet</span> <span class='ocrx_word' id='word_1_631' title='bbox 2671 4164 2740 4201; x_wconf 76' lang='lat' dir='ltr'>ea:</span> <span class='ocrx_word' id='word_1_632' title='bbox 2760 4148 3011 4202; x_wconf 84' lang='lat' dir='ltr'>omnibus</span> <span class='ocrx_word' id='word_1_633' title='bbox 3033 4149 3240 4203; x_wconf 83' lang='lat' dir='ltr'>viribus</span> <span class='ocrx_word' id='word_1_634' title='bbox 3262 4152 3373 4204; x_wconf 86' lang='lat' dir='ltr'>tuis</span> <span class='ocrx_word' id='word_1_635' title='bbox 3393 4154 3445 4205; x_wconf 86' lang='lat' dir='ltr'>et</span> <span class='ocrx_word' id='word_1_636' title='bbox 3465 4166 3590 4222; x_wconf 85' lang='lat' dir='ltr'>pro-</span> 
     </span>
    </p>
   </div>
   <div class='ocr_carea' id='block_1_89' title="bbox 1932 4236 3593 4310">
    <p class='ocr_par' dir='ltr' id='par_1_89' title="bbox 1932 4236 3593 4310">
     <span class='ocr_line' id='line_1_89' title="bbox 1932 4236 3593 4310; baseline 0.004 -21"><span class='ocrx_word' id='word_1_637' title='bbox 1932 4236 2153 4289; x_wconf 73' lang='lat' dir='ltr'>.Timum</span> <span class='ocrx_word' id='word_1_638' title='bbox 2182 4238 2338 4289; x_wconf 84' lang='lat' dir='ltr'>tuum</span> <span class='ocrx_word' id='word_1_639' title='bbox 2367 4238 2507 4289; x_wconf 72' lang='lat' dir='ltr'>sicut</span> <span class='ocrx_word' id='word_1_640' title='bbox 2538 4244 2587 4290; x_wconf 86' lang='lat' dir='ltr'>te</span> <span class='ocrx_word' id='word_1_641' title='bbox 2620 4238 2798 4307; x_wconf 81' lang='lat' dir='ltr'>ipsum</span> <span class='ocrx_word' id='word_1_642' title='bbox 2830 4237 3039 4306; x_wconf 74' lang='lat' dir='ltr'>(Matth.</span> <span class='ocrx_word' id='word_1_643' title='bbox 3083 4256 3220 4306; x_wconf 78' lang='lat' dir='ltr'>XXII,</span> <span class='ocrx_word' id='word_1_644' title='bbox 3266 4239 3377 4310; x_wconf 82' lang='lat'>37).</span> <span class='ocrx_word' id='word_1_645' title='bbox 3430 4239 3593 4295; x_wconf 87' lang='lat' dir='ltr'>Unde</span> 
     </span>
    </p>
   </div>
   <div class='ocr_carea' id='block_1_90' title="bbox 1935 4325 3593 4382">
    <p class='ocr_par' dir='ltr' id='par_1_90' title="bbox 1935 4325 3593 4382">
     <span class='ocr_line' id='line_1_90' title="bbox 1935 4325 3593 4382; baseline 0.001 -2"><span class='ocrx_word' id='word_1_646' title='bbox 1935 4328 1992 4380; x_wconf 91' lang='lat' dir='ltr'>et</span> <span class='ocrx_word' id='word_1_647' title='bbox 2023 4325 2298 4379; x_wconf 86' lang='lat' dir='ltr'>continuo</span> <span class='ocrx_word' id='word_1_648' title='bbox 2323 4325 2524 4380; x_wconf 89' lang='lat' dir='ltr'>subdit</span> <span class='ocrx_word' id='word_1_649' title='bbox 2558 4343 2570 4380; x_wconf 91' lang='lat'>:</span> <span class='ocrx_word' id='word_1_650' title='bbox 2604 4326 2666 4379; x_wconf 92' lang='lat' dir='ltr'>In</span> <span class='ocrx_word' id='word_1_651' title='bbox 2698 4326 2786 4380; x_wconf 77' lang='lat' dir='ltr'>liis</span> <span class='ocrx_word' id='word_1_652' title='bbox 2816 4326 3025 4382; x_wconf 83' lang='lat' dir='ltr'>duobus</span> <span class='ocrx_word' id='word_1_653' title='bbox 3055 4326 3333 4382; x_wconf 84' lang='lat' dir='ltr'>mandatis</span> <span class='ocrx_word' id='word_1_654' title='bbox 3361 4331 3474 4382; x_wconf 85' lang='lat' dir='ltr'>tota</span> <span class='ocrx_word' id='word_1_655' title='bbox 3503 4328 3593 4382; x_wconf 79' lang='lat' dir='ltr'>lea:</span> 
     </span>
    </p>
   </div>
   <div class='ocr_carea' id='block_1_91' title="bbox 1933 4414 3591 4485">
    <p class='ocr_par' dir='ltr' id='par_1_91' title="bbox 1933 4414 3591 4485">
     <span class='ocr_line' id='line_1_91' title="bbox 1933 4414 3591 4485; baseline 0.002 -17"><span class='ocrx_word' id='word_1_656' title='bbox 1933 4414 2147 4485; x_wconf 76' lang='lat' dir='ltr'>pendet,</span> <span class='ocrx_word' id='word_1_657' title='bbox 2182 4418 2233 4468; x_wconf 85' lang='lat' dir='ltr'>et</span> <span class='ocrx_word' id='word_1_658' title='bbox 2260 4415 2548 4484; x_wconf 72' lang='lat' dir='ltr'>propheta?</span> <span class='ocrx_word' id='word_1_659' title='bbox 2578 4414 2785 4483; x_wconf 76' lang='lat' dir='ltr'>(Matth.</span> <span class='ocrx_word' id='word_1_660' title='bbox 2820 4415 3079 4485; x_wconf 67' lang='lat' dir='ltr'>xxn,40).</span> <span class='ocrx_word' id='word_1_661' title='bbox 3112 4415 3240 4469; x_wconf 93' lang='lat' dir='ltr'>Sive</span> <span class='ocrx_word' id='word_1_662' title='bbox 3261 4416 3591 4471; x_wconf 88' lang='lat' dir='ltr'>breviatum</span> 
     </span>
    </p>
   </div>
   <div class='ocr_carea' id='block_1_92' title="bbox 1938 4501 3593 4575">
    <p class='ocr_par' dir='ltr' id='par_1_92' title="bbox 1938 4501 3593 4575">
     <span class='ocr_line' id='line_1_92' title="bbox 1938 4501 3593 4575; baseline 0.002 -20"><span class='ocrx_word' id='word_1_663' title='bbox 1938 4502 2180 4557; x_wconf 88' lang='lat' dir='ltr'>verbum</span> <span class='ocrx_word' id='word_1_664' title='bbox 2211 4501 2355 4555; x_wconf 92' lang='lat' dir='ltr'>dicit</span> <span class='ocrx_word' id='word_1_665' title='bbox 2386 4501 2691 4555; x_wconf 66' lang='lat' dir='ltr'>dominicae</span> <span class='ocrx_word' id='word_1_666' title='bbox 2712 4502 2844 4555; x_wconf 80' lang='lat' dir='ltr'>fidei</span> <span class='ocrx_word' id='word_1_667' title='bbox 2870 4502 3289 4573; x_wconf 85' lang='lat' dir='ltr'>symbolum,in</span> <span class='ocrx_word' id='word_1_668' title='bbox 3318 4521 3433 4575; x_wconf 86' lang='lat' dir='ltr'>quo</span> <span class='ocrx_word' id='word_1_669' title='bbox 3455 4520 3593 4559; x_wconf 85' lang='lat' dir='ltr'>con-</span> 
     </span>
    </p>
   </div>
   <div class='ocr_carea' id='block_1_93' title="bbox 1939 4588 3598 4663">
    <p class='ocr_par' dir='ltr' id='par_1_93' title="bbox 1939 4588 3598 4663">
     <span class='ocr_line' id='line_1_93' title="bbox 1939 4588 3598 4663; baseline 0.002 -18"><span class='ocrx_word' id='word_1_670' title='bbox 1939 4590 2089 4645; x_wconf 85' lang='lat' dir='ltr'>stitit</span> <span class='ocrx_word' id='word_1_671' title='bbox 2152 4589 2335 4643; x_wconf 88' lang='lat' dir='ltr'>totius</span> <span class='ocrx_word' id='word_1_672' title='bbox 2392 4588 2658 4643; x_wconf 69' lang='lat' dir='ltr'>Ecclosim</span> <span class='ocrx_word' id='word_1_673' title='bbox 2720 4590 2881 4645; x_wconf 90' lang='lat' dir='ltr'>salus</span> <span class='ocrx_word' id='word_1_674' title='bbox 2931 4595 3105 4663; x_wconf 85' lang='lat' dir='ltr'>atque</span> <span class='ocrx_word' id='word_1_675' title='bbox 3154 4592 3450 4663; x_wconf 79' lang='lat' dir='ltr'>perfectio.</span> <span class='ocrx_word' id='word_1_676' title='bbox 3494 4594 3598 4649; x_wconf 87' lang='lat' dir='ltr'>Est</span> 
     </span>
    </p>
   </div>
   <div class='ocr_carea' id='block_1_94' title="bbox 176 4677 3599 4764">
    <p class='ocr_par' dir='ltr' id='par_1_94' title="bbox 176 4677 3599 4764">
     <span class='ocr_line' id='line_1_94' title="bbox 176 4677 3599 4764; baseline 0.001 -27"><span class='ocrx_word' id='word_1_677' title='bbox 176 4692 407 4741; x_wconf 84' lang='lat' dir='ltr'>secutam</span> <span class='ocrx_word' id='word_1_678' title='bbox 447 4688 607 4756; x_wconf 86' lang='lat' dir='ltr'>(Osee</span> <span class='ocrx_word' id='word_1_679' title='bbox 638 4703 696 4756; x_wconf 82' lang='grc' dir='ltr'>ιι,</span> <span class='ocrx_word' id='word_1_680' title='bbox 728 4686 829 4753; x_wconf 77' lang='grc'>24;</span> <span class='ocrx_word' id='word_1_681' title='bbox 860 4686 887 4741; x_wconf 91' lang='lat' dir='ltr'>l</span> <span class='ocrx_word' id='word_1_682' title='bbox 913 4686 1061 4739; x_wconf 84' lang='lat' dir='ltr'>Pelr.</span> <span class='ocrx_word' id='word_1_683' title='bbox 1117 4702 1177 4751; x_wconf 86' lang='lat' dir='ltr'>II,</span> <span class='ocrx_word' id='word_1_684' title='bbox 1229 4684 1337 4754; x_wconf 79' lang='grc'>10).</span> <span class='ocrx_word' id='word_1_685' title='bbox 1394 4683 1511 4739; x_wconf 90' lang='lat' dir='ltr'>Hoc</span> <span class='ocrx_word' id='word_1_686' title='bbox 1560 4683 1827 4740; x_wconf 89' lang='lat' dir='ltr'>testimo-</span> <span class='ocrx_word' id='word_1_687' title='bbox 1859 4701 1906 4764; x_wconf 66' lang='grc' dir='ltr'><strong>Β</strong></span> <span class='ocrx_word' id='word_1_688' title='bbox 1938 4679 2094 4734; x_wconf 89' lang='lat' dir='ltr'>enim</span> <span class='ocrx_word' id='word_1_689' title='bbox 2130 4677 2299 4749; x_wconf 86' lang='lat' dir='ltr'>quasi</span> <span class='ocrx_word' id='word_1_690' title='bbox 2336 4677 2573 4749; x_wconf 88' lang='lat' dir='ltr'>signum</span> <span class='ocrx_word' id='word_1_691' title='bbox 2606 4678 2909 4747; x_wconf 86' lang='lat' dir='ltr'>Ecclesiae;</span> <span class='ocrx_word' id='word_1_692' title='bbox 2945 4697 3079 4736; x_wconf 89' lang='lat' dir='ltr'>nam</span> <span class='ocrx_word' id='word_1_693' title='bbox 3113 4682 3267 4737; x_wconf 88' lang='lat' dir='ltr'>sicut</span> <span class='ocrx_word' id='word_1_694' title='bbox 3307 4682 3599 4739; x_wconf 87' lang='lat' dir='ltr'>exercitus</span> 
     </span>
    </p>
   </div>
   <div class='ocr_carea' id='block_1_95' title="bbox 179 4772 1824 4846">
    <p class='ocr_par' dir='ltr' id='par_1_95' title="bbox 179 4772 1824 4846">
     <span class='ocr_line' id='line_1_95' title="bbox 179 4772 1824 4846; baseline -0.001 -18"><span class='ocrx_word' id='word_1_695' title='bbox 179 4774 334 4831; x_wconf 89' lang='lat' dir='ltr'>nium</span> <span class='ocrx_word' id='word_1_696' title='bbox 363 4775 555 4832; x_wconf 85' lang='lat' dir='ltr'>sancti</span> <span class='ocrx_word' id='word_1_697' title='bbox 586 4774 835 4846; x_wconf 89' lang='lat' dir='ltr'>apostoli</span> <span class='ocrx_word' id='word_1_698' title='bbox 868 4774 939 4829; x_wconf 92' lang='lat' dir='ltr'>de</span> <span class='ocrx_word' id='word_1_699' title='bbox 967 4775 1266 4829; x_wconf 89' lang='lat' dir='ltr'>vocatione</span> <span class='ocrx_word' id='word_1_700' title='bbox 1292 4773 1554 4844; x_wconf 89' lang='lat' dir='ltr'>gentium</span> <span class='ocrx_word' id='word_1_701' title='bbox 1600 4772 1824 4828; x_wconf 83' lang='lat' dir='ltr'>intelle-</span> 
     </span>
    </p>
   </div>
   <div class='ocr_carea' id='block_1_96' title="bbox 176 4861 1823 4935">
    <p class='ocr_par' dir='ltr' id='par_1_96' title="bbox 176 4861 1823 4935">
     <span class='ocr_line' id='line_1_96' title="bbox 176 4861 1823 4935; baseline -0.001 -20"><span class='ocrx_word' id='word_1_702' title='bbox 176 4869 393 4920; x_wconf 78' lang='lat' dir='ltr'>xerunt.</span> <span class='ocrx_word' id='word_1_703' title='bbox 426 4863 676 4921; x_wconf 88' lang='lat' dir='ltr'>Gentilis</span> <span class='ocrx_word' id='word_1_704' title='bbox 709 4864 867 4918; x_wconf 89' lang='lat' dir='ltr'>enim</span> <span class='ocrx_word' id='word_1_705' title='bbox 899 4862 1152 4935; x_wconf 90' lang='lat' dir='ltr'>populus</span> <span class='ocrx_word' id='word_1_706' title='bbox 1181 4880 1295 4916; x_wconf 91' lang='lat' dir='ltr'>non</span> <span class='ocrx_word' id='word_1_707' title='bbox 1328 4868 1452 4916; x_wconf 85' lang='lat' dir='ltr'>erat</span> <span class='ocrx_word' id='word_1_708' title='bbox 1493 4861 1658 4933; x_wconf 91' lang='lat' dir='ltr'>plebs</span> <span class='ocrx_word' id='word_1_709' title='bbox 1704 4861 1823 4927; x_wconf 85' lang='lat' dir='ltr'>Dei,</span> 
     </span>
    </p>
   </div>
   <div class='ocr_carea' id='block_1_97' title="bbox 179 4950 1826 5023">
    <p class='ocr_par' dir='ltr' id='par_1_97' title="bbox 179 4950 1826 5023">
     <span class='ocr_line' id='line_1_97' title="bbox 179 4950 1826 5023; baseline -0.001 -18"><span class='ocrx_word' id='word_1_710' title='bbox 179 4952 443 5021; x_wconf 88' lang='lat' dir='ltr'>quoniam</span> <span class='ocrx_word' id='word_1_711' title='bbox 476 4951 654 5008; x_wconf 92' lang='lat' dir='ltr'>idolis</span> <span class='ocrx_word' id='word_1_712' title='bbox 686 4952 1005 5019; x_wconf 88' lang='lat' dir='ltr'>serviebat;</span> <span class='ocrx_word' id='word_1_713' title='bbox 1045 4952 1145 5007; x_wconf 84' lang='lat' dir='ltr'>sed</span> <span class='ocrx_word' id='word_1_714' title='bbox 1182 4952 1368 5006; x_wconf 87' lang='lat' dir='ltr'>factus</span> <span class='ocrx_word' id='word_1_715' title='bbox 1400 4956 1488 5006; x_wconf 87' lang='lat' dir='ltr'>est</span> <span class='ocrx_word' id='word_1_716' title='bbox 1516 4950 1678 5023; x_wconf 89' lang='lat' dir='ltr'>plebs</span> <span class='ocrx_word' id='word_1_717' title='bbox 1732 4950 1826 5005; x_wconf 88' lang='lat' dir='ltr'>Dei</span> 
     </span>
    </p>
   </div>
   <div class='ocr_carea' id='block_1_98' title="bbox 180 5039 1832 5112">
    <p class='ocr_par' dir='ltr' id='par_1_98' title="bbox 180 5039 1832 5112">
     <span class='ocr_line' id='line_1_98' title="bbox 180 5039 1832 5112; baseline 0 -18"><span class='ocrx_word' id='word_1_718' title='bbox 180 5039 400 5108; x_wconf 86' lang='lat' dir='ltr'>dilecta,</span> <span class='ocrx_word' id='word_1_719' title='bbox 443 5047 500 5098; x_wconf 91' lang='lat' dir='ltr'>et</span> <span class='ocrx_word' id='word_1_720' title='bbox 553 5041 1018 5097; x_wconf 87' lang='lat' dir='ltr'>misericordiam</span> <span class='ocrx_word' id='word_1_721' title='bbox 1050 5045 1384 5108; x_wconf 86' lang='lat' dir='ltr'>consecuta,</span> <span class='ocrx_word' id='word_1_722' title='bbox 1419 5040 1696 5112; x_wconf 89' lang='lat' dir='ltr'>quoniam</span> <span class='ocrx_word' id='word_1_723' title='bbox 1730 5056 1832 5111; x_wconf 87' lang='lat' dir='ltr'>per</span> 
     </span>
    </p>
   </div>
   <div class='ocr_carea' id='block_1_99' title="bbox 181 5127 1832 5201">
    <p class='ocr_par' dir='ltr' id='par_1_99' title="bbox 181 5127 1832 5201">
     <span class='ocr_line' id='line_1_99' title="bbox 181 5127 1832 5201; baseline 0 -19"><span class='ocrx_word' id='word_1_724' title='bbox 181 5127 383 5187; x_wconf 88' lang='lat' dir='ltr'>Christi</span> <span class='ocrx_word' id='word_1_725' title='bbox 416 5132 594 5187; x_wconf 80' lang='lat' dir='ltr'>ﬁdem</span> <span class='ocrx_word' id='word_1_726' title='bbox 618 5130 935 5201; x_wconf 81' lang='lat' dir='ltr'>justiﬁcari</span> <span class='ocrx_word' id='word_1_727' title='bbox 968 5129 1203 5194; x_wconf 87' lang='lat' dir='ltr'>meruit,</span> <span class='ocrx_word' id='word_1_728' title='bbox 1244 5133 1302 5184; x_wconf 90' lang='lat' dir='ltr'>et</span> <span class='ocrx_word' id='word_1_729' title='bbox 1354 5133 1578 5184; x_wconf 87' lang='lat' dir='ltr'>tantam</span> <span class='ocrx_word' id='word_1_730' title='bbox 1608 5128 1832 5199; x_wconf 85' lang='lat' dir='ltr'>accepit</span> 
     </span>
    </p>
   </div>
   <div class='ocr_carea' id='block_1_100' title="bbox 183 5219 1828 5291">
    <p class='ocr_par' dir='ltr' id='par_1_100' title="bbox 183 5219 1828 5291">
     <span class='ocr_line' id='line_1_100' title="bbox 183 5219 1828 5291; baseline 0 -18"><span class='ocrx_word' id='word_1_731' title='bbox 183 5223 616 5289; x_wconf 86' lang='lat' dir='ltr'>potestatem,ut</span> <span class='ocrx_word' id='word_1_732' title='bbox 645 5220 803 5275; x_wconf 76' lang='lat' dir='ltr'>Illius</span> <span class='ocrx_word' id='word_1_733' title='bbox 828 5221 926 5274; x_wconf 89' lang='lat' dir='ltr'>Dei</span> <span class='ocrx_word' id='word_1_734' title='bbox 952 5220 1133 5285; x_wconf 78' lang='lat' dir='ltr'>fieret,</span> <span class='ocrx_word' id='word_1_735' title='bbox 1160 5220 1332 5291; x_wconf 79' lang='lat' dir='ltr'>juxta</span> <span class='ocrx_word' id='word_1_736' title='bbox 1362 5219 1607 5275; x_wconf 86' lang='lat' dir='ltr'>Joannis</span> <span class='ocrx_word' id='word_1_737' title='bbox 1628 5234 1828 5273; x_wconf 84' lang='lat' dir='ltr'>vocem</span> 
     </span>
    </p>
   </div>
   <div class='ocr_carea' id='block_1_101' title="bbox 185 5306 1829 5383">
    <p class='ocr_par' dir='ltr' id='par_1_101' title="bbox 185 5306 1829 5383">
     <span class='ocr_line' id='line_1_101' title="bbox 185 5306 1829 5383; baseline 0.001 -23"><span class='ocrx_word' id='word_1_738' title='bbox 185 5306 456 5365; x_wconf 86' lang='lat' dir='ltr'>dicentis:</span> <span class='ocrx_word' id='word_1_739' title='bbox 494 5313 765 5383; x_wconf 79' lang='lat' dir='ltr'>Quotquot</span> <span class='ocrx_word' id='word_1_740' title='bbox 795 5314 979 5365; x_wconf 86' lang='lat' dir='ltr'>autem</span> <span class='ocrx_word' id='word_1_741' title='bbox 1029 5311 1352 5379; x_wconf 83' lang='lat' dir='ltr'>receperunt</span> <span class='ocrx_word' id='word_1_742' title='bbox 1390 5325 1517 5363; x_wconf 88' lang='lat' dir='ltr'>eum</span> <span class='ocrx_word' id='word_1_743' title='bbox 1565 5309 1745 5379; x_wconf 75' lang='lat' dir='ltr'>(Joan.</span> <span class='ocrx_word' id='word_1_744' title='bbox 1789 5324 1829 5377; x_wconf 83' lang='grc' dir='ltr'>ι,</span> 
     </span>
    </p>
   </div>
   <div class='ocr_carea' id='block_1_102' title="bbox 187 5394 1829 5468">
    <p class='ocr_par' dir='ltr' id='par_1_102' title="bbox 187 5394 1829 5468">
     <span class='ocr_line' id='line_1_102' title="bbox 187 5394 1829 5468; baseline -0.002 -15"><span class='ocrx_word' id='word_1_745' title='bbox 187 5394 284 5467; x_wconf 84' lang='grc'>12),</span> <span class='ocrx_word' id='word_1_746' title='bbox 314 5403 419 5457; x_wconf 89' lang='lat' dir='ltr'>etc.</span> <span class='ocrx_word' id='word_1_747' title='bbox 454 5400 624 5454; x_wconf 84' lang='lat' dir='ltr'>Unde</span> <span class='ocrx_word' id='word_1_748' title='bbox 646 5405 701 5454; x_wconf 91' lang='lat' dir='ltr'>et</span> <span class='ocrx_word' id='word_1_749' title='bbox 732 5416 868 5453; x_wconf 82' lang='lat' dir='ltr'>mox</span> <span class='ocrx_word' id='word_1_750' title='bbox 900 5398 1178 5453; x_wconf 88' lang='lat' dir='ltr'>subditur</span> <span class='ocrx_word' id='word_1_751' title='bbox 1207 5415 1241 5452; x_wconf 88' lang='lat' dir='ltr'>a</span> <span class='ocrx_word' id='word_1_752' title='bbox 1270 5397 1583 5468; x_wconf 88' lang='lat' dir='ltr'>propheta:</span> <span class='ocrx_word' id='word_1_753' title='bbox 1608 5398 1829 5462; x_wconf 69' lang='lat' dir='ltr'>literit,</span> 
     </span>
    </p>
   </div>
   <div class='ocr_carea' id='block_1_103' title="bbox 186 5484 1835 5557">
    <p class='ocr_par' dir='ltr' id='par_1_103' title="bbox 186 5484 1835 5557">
     <span class='ocr_line' id='line_1_103' title="bbox 186 5484 1835 5557; baseline 0.001 -20"><span class='ocrx_word' id='word_1_754' title='bbox 186 5485 239 5538; x_wconf 87' lang='lat' dir='ltr'>in</span> <span class='ocrx_word' id='word_1_755' title='bbox 266 5488 371 5544; x_wconf 88' lang='lat' dir='ltr'>loco</span> <span class='ocrx_word' id='word_1_756' title='bbox 400 5490 497 5544; x_wconf 89' lang='lat' dir='ltr'>ubi</span> <span class='ocrx_word' id='word_1_757' title='bbox 524 5489 736 5544; x_wconf 82' lang='lat' dir='ltr'>dictum</span> <span class='ocrx_word' id='word_1_758' title='bbox 765 5492 840 5543; x_wconf 79' lang='lat' dir='ltr'>est</span> <span class='ocrx_word' id='word_1_759' title='bbox 875 5490 953 5543; x_wconf 84' lang='lat' dir='ltr'>eis</span> <span class='ocrx_word' id='word_1_760' title='bbox 993 5505 1012 5541; x_wconf 83' lang='lat'>.°</span> <span class='ocrx_word' id='word_1_761' title='bbox 1055 5487 1171 5541; x_wconf 87' lang='lat' dir='ltr'>Non</span> <span class='ocrx_word' id='word_1_762' title='bbox 1215 5486 1367 5557; x_wconf 86' lang='lat' dir='ltr'>plebs</span> <span class='ocrx_word' id='word_1_763' title='bbox 1414 5502 1536 5539; x_wconf 89' lang='lat' dir='ltr'>mea</span> <span class='ocrx_word' id='word_1_764' title='bbox 1590 5501 1703 5553; x_wconf 78' lang='lat' dir='ltr'>vos,</span> <span class='ocrx_word' id='word_1_765' title='bbox 1756 5484 1835 5539; x_wconf 88' lang='lat' dir='ltr'>ibi</span> 
     </span>
    </p>
   </div>
   <div class='ocr_carea' id='block_1_104' title="bbox 184 5573 1832 5649">
    <p class='ocr_par' dir='ltr' id='par_1_104' title="bbox 184 5573 1832 5649">
     <span class='ocr_line' id='line_1_104' title="bbox 184 5573 1832 5649; baseline 0.002 -22"><span class='ocrx_word' id='word_1_766' title='bbox 184 5577 501 5634; x_wconf 83' lang='lat' dir='ltr'>vocabuntur</span> <span class='ocrx_word' id='word_1_767' title='bbox 529 5579 643 5649; x_wconf 78' lang='lat' dir='ltr'>filii</span> <span class='ocrx_word' id='word_1_768' title='bbox 674 5580 780 5635; x_wconf 88' lang='lat' dir='ltr'>Dei</span> <span class='ocrx_word' id='word_1_769' title='bbox 811 5579 921 5633; x_wconf 74' lang='lat' dir='ltr'>vivi</span> <span class='ocrx_word' id='word_1_770' title='bbox 950 5578 1092 5647; x_wconf 83' lang='lat' dir='ltr'>(Ose.</span> <span class='ocrx_word' id='word_1_771' title='bbox 1127 5592 1167 5643; x_wconf 79' lang='grc' dir='ltr'>ι,</span> <span class='ocrx_word' id='word_1_772' title='bbox 1202 5574 1311 5644; x_wconf 71' lang='grc'>40).</span> <span class='ocrx_word' id='word_1_773' title='bbox 1346 5574 1409 5629; x_wconf 87' lang='grc' dir='ltr'>1η</span> <span class='ocrx_word' id='word_1_774' title='bbox 1442 5574 1554 5631; x_wconf 85' lang='lat' dir='ltr'>loco</span> <span class='ocrx_word' id='word_1_775' title='bbox 1585 5573 1725 5631; x_wconf 90' lang='lat' dir='ltr'>dicit</span> <span class='ocrx_word' id='word_1_776' title='bbox 1772 5574 1832 5630; x_wconf 92' lang='lat' dir='ltr'>in</span> 
     </span>
    </p>
   </div>
   <div class='ocr_carea' id='block_1_105' title="bbox 254 5755 875 5831">
    <p class='ocr_par' dir='ltr' id='par_1_105' title="bbox 254 5755 875 5831">
     <span class='ocr_line' id='line_1_105' title="bbox 254 5755 875 5831; baseline 0.002 -18"><span class='ocrx_word' id='word_1_777' title='bbox 254 5755 393 5829; x_wconf 83' lang='lat'>(353)</span> <span class='ocrx_word' id='word_1_778' title='bbox 421 5756 593 5831; x_wconf 87' lang='lat' dir='ltr'>Vulg.</span> <span class='ocrx_word' id='word_1_779' title='bbox 632 5758 875 5817; x_wconf 82' lang='lat' dir='ltr'>Clamat.</span> 
     </span>
    </p>
   </div>
   <div class='ocr_carea' id='block_1_106' title="bbox 1938 4766 3598 4843">
    <p class='ocr_par' dir='ltr' id='par_1_106' title="bbox 1938 4766 3598 4843">
     <span class='ocr_line' id='line_1_106' title="bbox 1938 4766 3598 4843; baseline 0.002 -20"><span class='ocrx_word' id='word_1_780' title='bbox 1938 4767 2134 4839; x_wconf 89' lang='lat' dir='ltr'>aliquo</span> <span class='ocrx_word' id='word_1_781' title='bbox 2167 4767 2335 4838; x_wconf 89' lang='lat' dir='ltr'>signo</span> <span class='ocrx_word' id='word_1_782' title='bbox 2368 4768 2438 4821; x_wconf 86' lang='lat' dir='ltr'>ab</span> <span class='ocrx_word' id='word_1_783' title='bbox 2472 4766 2718 4823; x_wconf 88' lang='lat' dir='ltr'>invicem</span> <span class='ocrx_word' id='word_1_784' title='bbox 2751 4769 3275 4841; x_wconf 88' lang='lat' dir='ltr'>discernuntur,ita</span> <span class='ocrx_word' id='word_1_785' title='bbox 3297 4771 3405 4827; x_wconf 93' lang='lat' dir='ltr'>hoc</span> <span class='ocrx_word' id='word_1_786' title='bbox 3426 4770 3598 4843; x_wconf 89' lang='lat' dir='ltr'>signo</span> 
     </span>
    </p>
   </div>
   <div class='ocr_carea' id='block_1_107' title="bbox 1937 4856 3597 4924">
    <p class='ocr_par' dir='ltr' id='par_1_107' title="bbox 1937 4856 3597 4924">
     <span class='ocr_line' id='line_1_107' title="bbox 1937 4856 3597 4924; baseline 0.003 -15"><span class='ocrx_word' id='word_1_787' title='bbox 1937 4858 2355 4911; x_wconf 84' lang='lat' dir='ltr'>discernuntur</span> <span class='ocrx_word' id='word_1_788' title='bbox 2386 4856 2586 4911; x_wconf 81' lang='lat' dir='ltr'>ﬁdeles</span> <span class='ocrx_word' id='word_1_789' title='bbox 2620 4858 2690 4912; x_wconf 89' lang='lat' dir='ltr'>ab</span> <span class='ocrx_word' id='word_1_790' title='bbox 2728 4858 3087 4914; x_wconf 80' lang='lat' dir='ltr'>infidelibus.</span> <span class='ocrx_word' id='word_1_791' title='bbox 3121 4859 3324 4924; x_wconf 81' lang='lat' dir='ltr'>Aliter,</span> <span class='ocrx_word' id='word_1_792' title='bbox 3355 4859 3597 4915; x_wconf 88' lang='lat' dir='ltr'>verbum</span> 
     </span>
    </p>
   </div>
   <div class='ocr_carea' id='block_1_108' title="bbox 1940 4946 3602 5026">
    <p class='ocr_par' dir='ltr' id='par_1_108' title="bbox 1940 4946 3602 5026">
     <span class='ocr_line' id='line_1_108' title="bbox 1940 4946 3602 5026; baseline 0.001 -26"><span class='ocrx_word' id='word_1_793' title='bbox 1940 4946 2265 5026; x_wconf 79' lang='lat' dir='ltr'>breviatum</span> <span class='ocrx_word' id='word_1_794' title='bbox 2292 4946 2430 5001; x_wconf 89' lang='lat' dir='ltr'>dicit</span> <span class='ocrx_word' id='word_1_795' title='bbox 2460 4947 2815 5002; x_wconf 87' lang='lat' dir='ltr'>dominicam</span> <span class='ocrx_word' id='word_1_796' title='bbox 2849 4949 3381 5018; x_wconf 86' lang='lat' dir='ltr'>orationem,quam</span> <span class='ocrx_word' id='word_1_797' title='bbox 3405 4947 3602 5002; x_wconf 88' lang='lat' dir='ltr'>Domi-</span> 
     </span>
    </p>
   </div>
   <div class='ocr_carea' id='block_1_109' title="bbox 1943 5034 3599 5107">
    <p class='ocr_par' dir='ltr' id='par_1_109' title="bbox 1943 5034 3599 5107">
     <span class='ocr_line' id='line_1_109' title="bbox 1943 5034 3599 5107; baseline 0.001 -17"><span class='ocrx_word' id='word_1_798' title='bbox 1943 5053 2055 5091; x_wconf 90' lang='lat' dir='ltr'>nus</span> <span class='ocrx_word' id='word_1_799' title='bbox 2088 5037 2214 5090; x_wconf 90' lang='lat' dir='ltr'>ideo</span> <span class='ocrx_word' id='word_1_800' title='bbox 2248 5040 2366 5090; x_wconf 87' lang='lat' dir='ltr'>tam</span> <span class='ocrx_word' id='word_1_801' title='bbox 2396 5036 2627 5091; x_wconf 81' lang='lat' dir='ltr'>brevem</span> <span class='ocrx_word' id='word_1_802' title='bbox 2662 5036 3029 5107; x_wconf 84' lang='lat' dir='ltr'>docuit,quia</span> <span class='ocrx_word' id='word_1_803' title='bbox 3061 5034 3221 5089; x_wconf 90' lang='lat' dir='ltr'>novit</span> <span class='ocrx_word' id='word_1_804' title='bbox 3253 5035 3407 5091; x_wconf 90' lang='lat' dir='ltr'>Deus</span> <span class='ocrx_word' id='word_1_805' title='bbox 3448 5052 3599 5107; x_wconf 88' lang='lat' dir='ltr'>quo-</span> 
     </span>
    </p>
   </div>
   <div class='ocr_carea' id='block_1_110' title="bbox 1942 5113 3602 5193">
    <p class='ocr_par' dir='ltr' id='par_1_110' title="bbox 1942 5113 3602 5193">
     <span class='ocr_line' id='line_1_110' title="bbox 1942 5113 3602 5193; baseline 0.001 -14"><span class='ocrx_word' id='word_1_806' title='bbox 1942 5126 2101 5179; x_wconf 87' lang='lat' dir='ltr'>niam</span> <span class='ocrx_word' id='word_1_807' title='bbox 2135 5125 2394 5180; x_wconf 84' lang='lat' dir='ltr'>humana</span> <span class='ocrx_word' id='word_1_808' title='bbox 2427 5125 2715 5193; x_wconf 78' lang='lat' dir='ltr'>fragilitas</span> <span class='ocrx_word' id='word_1_809' title='bbox 2764 5124 2861 5178; x_wconf 90' lang='lat' dir='ltr'>diu</span> <span class='ocrx_word' id='word_1_810' title='bbox 2916 5125 2973 5179; x_wconf 91' lang='lat' dir='ltr'>in</span> <span class='ocrx_word' id='word_1_811' title='bbox 3029 5124 3232 5179; x_wconf 87' lang='lat' dir='ltr'>eadem</span> <span class='ocrx_word' id='word_1_812' title='bbox 3279 5113 3602 5181; x_wconf 78' lang='lat' dir='ltr'>intentione</span> 
     </span>
    </p>
   </div>
   <div class='ocr_carea' id='block_1_111' title="bbox 1943 5212 3602 5285">
    <p class='ocr_par' dir='ltr' id='par_1_111' title="bbox 1943 5212 3602 5285">
     <span class='ocr_line' id='line_1_111' title="bbox 1943 5212 3602 5285; baseline -0.001 -16"><span class='ocrx_word' id='word_1_813' title='bbox 1943 5231 2179 5269; x_wconf 86' lang='lat' dir='ltr'>manere</span> <span class='ocrx_word' id='word_1_814' title='bbox 2214 5231 2326 5269; x_wconf 90' lang='lat' dir='ltr'>non</span> <span class='ocrx_word' id='word_1_815' title='bbox 2363 5219 2574 5285; x_wconf 84' lang='lat' dir='ltr'>potest,</span> <span class='ocrx_word' id='word_1_816' title='bbox 2609 5217 2903 5284; x_wconf 89' lang='lat' dir='ltr'>quatenus</span> <span class='ocrx_word' id='word_1_817' title='bbox 2938 5214 3350 5285; x_wconf 86' lang='lat' dir='ltr'>unusquisque</span> <span class='ocrx_word' id='word_1_818' title='bbox 3389 5212 3602 5268; x_wconf 88' lang='lat' dir='ltr'>oratio-</span> 
     </span>
    </p>
   </div>
   <div class='ocr_carea' id='block_1_112' title="bbox 1944 5302 3606 5374">
    <p class='ocr_par' dir='ltr' id='par_1_112' title="bbox 1944 5302 3606 5374">
     <span class='ocr_line' id='line_1_112' title="bbox 1944 5302 3606 5374; baseline -0.002 -16"><span class='ocrx_word' id='word_1_819' title='bbox 1944 5304 2035 5359; x_wconf 89' lang='lat' dir='ltr'>nis</span> <span class='ocrx_word' id='word_1_820' title='bbox 2068 5310 2329 5374; x_wconf 88' lang='lat' dir='ltr'>tempore</span> <span class='ocrx_word' id='word_1_821' title='bbox 2362 5302 2597 5372; x_wconf 84' lang='lat' dir='ltr'>colligat</span> <span class='ocrx_word' id='word_1_822' title='bbox 2621 5305 2873 5355; x_wconf 89' lang='lat' dir='ltr'>mentem</span> <span class='ocrx_word' id='word_1_823' title='bbox 2909 5308 3180 5370; x_wconf 89' lang='lat' dir='ltr'>suam,ct</span> <span class='ocrx_word' id='word_1_824' title='bbox 3211 5302 3461 5373; x_wconf 77' lang='lat' dir='ltr'>repulsis</span> <span class='ocrx_word' id='word_1_825' title='bbox 3481 5317 3606 5357; x_wconf 91' lang='lat' dir='ltr'>om-</span> 
     </span>
    </p>
   </div>
   <div class='ocr_carea' id='block_1_113' title="bbox 1944 5390 3602 5461">
    <p class='ocr_par' dir='ltr' id='par_1_113' title="bbox 1944 5390 3602 5461">
     <span class='ocr_line' id='line_1_113' title="bbox 1944 5390 3602 5461; baseline -0.003 -13"><span class='ocrx_word' id='word_1_826' title='bbox 1944 5393 2109 5449; x_wconf 87' lang='lat' dir='ltr'>nium</span> <span class='ocrx_word' id='word_1_827' title='bbox 2148 5397 2511 5445; x_wconf 88' lang='lat' dir='ltr'>terrenorum</span> <span class='ocrx_word' id='word_1_828' title='bbox 2546 5390 2914 5461; x_wconf 88' lang='lat' dir='ltr'>negotiorum</span> <span class='ocrx_word' id='word_1_829' title='bbox 2948 5392 3127 5458; x_wconf 86' lang='lat' dir='ltr'>curis,</span> <span class='ocrx_word' id='word_1_830' title='bbox 3163 5391 3216 5446; x_wconf 90' lang='lat' dir='ltr'>id</span> <span class='ocrx_word' id='word_1_831' title='bbox 3262 5391 3455 5446; x_wconf 90' lang='lat' dir='ltr'>solum</span> <span class='ocrx_word' id='word_1_832' title='bbox 3506 5406 3602 5444; x_wconf 89' lang='lat' dir='ltr'>co-</span> 
     </span>
    </p>
   </div>
   <div class='ocr_carea' id='block_1_114' title="bbox 1944 5480 2453 5555">
    <p class='ocr_par' dir='ltr' id='par_1_114' title="bbox 1944 5480 2453 5555">
     <span class='ocr_line' id='line_1_114' title="bbox 1944 5480 2453 5555; baseline -0.012 -18"><span class='ocrx_word' id='word_1_833' title='bbox 1944 5484 2091 5555; x_wconf 84' lang='lat' dir='ltr'>gitet</span> <span class='ocrx_word' id='word_1_834' title='bbox 2120 5480 2273 5551; x_wconf 90' lang='lat' dir='ltr'>quod</span> <span class='ocrx_word' id='word_1_835' title='bbox 2308 5482 2453 5533; x_wconf 83' lang='lat' dir='ltr'>orat.</span> 
     </span>
    </p>
   </div>
   <div class='ocr_carea' id='block_1_115' title="bbox 2016 5565 3598 5645">
    <p class='ocr_par' dir='ltr' id='par_1_115' title="bbox 2016 5565 3598 5645">
     <span class='ocr_line' id='line_1_115' title="bbox 2016 5565 3598 5645; baseline -0.001 -20"><span class='ocrx_word' id='word_1_836' title='bbox 2016 5567 2376 5641; x_wconf 80' lang='lat' dir='ltr'>Igitur,quia</span> <span class='ocrx_word' id='word_1_837' title='bbox 2404 5565 2741 5623; x_wconf 89' lang='lat' dir='ltr'>ostenderat</span> <span class='ocrx_word' id='word_1_838' title='bbox 2768 5568 3063 5645; x_wconf 65' lang='lat' dir='ltr'>prophetae</span> <span class='ocrx_word' id='word_1_839' title='bbox 3099 5568 3432 5627; x_wconf 87' lang='lat' dir='ltr'>testimonio</span> <span class='ocrx_word' id='word_1_840' title='bbox 3455 5581 3598 5642; x_wconf 84' lang='lat' dir='ltr'>pau-</span> 
     </span>
    </p>
   </div>
  </div>
