3942 6400
373 419 491 478 227

1396 413 1737 475 ATTONIS
1781 408 2364 474 VERCELLENSIS
2410 407 2760 470 EPlSCOPI

3667 406 3791 470 228

378 566 477 605 cos
507 565 575 604 ex
600 544 819 603 Judazis
845 546 1266 615 credituros,ut
1286 544 1502 601 arctius
1523 544 1631 600 hoc
1656 543 2024 616 approbaret,
2055 544 2111 609 Α
2138 541 2314 597 homo
2344 541 2497 596 inter
2526 539 2794 595 homines
2826 539 3119 611 apparuit,
3151 538 3321 612 quasi
3365 537 3517 611 lapis
3558 538 3791 610 jacuit;

372 638 638 709 ejusdem
672 636 969 707 prophetae
1002 634 1403 691 testimonium
1436 632 1718 702 subdidit,
1772 632 1972 687 dicens
2004 647 2017 685 :

371 728 438 782 Et
466 729 608 781 sicut
633 725 896 797 prmdixit
914 725 1094 781 Isaias
1126 743 1142 778 :
1178 723 1294 778 Nisi
1322 724 1590 779 Dominus
1617 720 1861 777 Sabaoth
1891 720 2022 777 reli-

371 817 572 888 quisset
595 816 753 871 nobis
777 831 984 879 semen,
1042 814 1178 869 sicut
1220 812 1450 867 Sodoma
1496 811 1636 881 facti
1680 826 1933 876 essemus,
1974 817 2027 865 et

368 906 510 960 sicut
541 901 838 958 Gomorrha
863 903 1077 959 similes
1106 902 1401 971 fuissemus
1431 899 1565 970 (lsa;
1598 916 1639 967 ι,
1670 899 1745 970 9).

441 996 675 1066 Stibaoth
701 1011 937 1064 Hebraea
955 1007 1176 1079 lingua,
1202 1006 1405 1061 Latine
1426 1005 1642 1060 dicitur
1664 1006 2020 1074 omnipotens,

367 1098 458 1155 vel
488 1100 846 1154 exercituum.
875 1098 944 1151 Et
971 1100 1061 1151 est
1088 1111 1299 1150 sensus
1324 1110 1336 1147 :
1366 1094 1478 1149 nisi
1514 1093 1798 1147 Dominus
1819 1091 2021 1147 Omni-

368 1192 595 1261 potens,
628 1191 730 1242 aut
757 1182 1478 1255 exercituum,reliquisset
1494 1181 1663 1237 nobis
1685 1180 2021 1247 semen,hoc

368 1282 592 1341 est,sua
621 1276 809 1348 gratia
838 1291 954 1330 non
987 1289 1205 1345 paucos
1227 1271 1692 1337 salvasset,sicut
1710 1269 2020 1324 Sodomitas

369 1369 429 1422 et
472 1364 861 1421 Gomorrhitte
904 1363 988 1417 ita
1036 1366 1094 1416 et
1142 1377 1250 1415 nos
1297 1376 1501 1414 omnes
1558 1357 1903 1429 periremus.
1954 1357 2022 1410 Et

369 1458 508 1509 nota
528 1453 671 1524 quia
698 1450 940 1523 pulchre
961 1449 1105 1505 dicit
1124 1447 1443 1516 semen,hoc
1474 1445 1631 1502 enim
1663 1444 2020 1501 seminatum

370 1547 461 1599 est
487 1542 547 1596 in
580 1544 701 1597 toto
730 1539 869 1596 orbe
897 1542 1207 1594 terrarum.

442 1648 673 1703 Poterat
719 1646 790 1702 ad
841 1645 962 1700 haec
1011 1644 1256 1699 fortasse
1314 1639 1529 1713 aliquis
1589 1640 1779 1694 dicere
1833 1654 1847 1694 :
1898 1638 2022 1702 Qua

361 1736 602 1810 justitia
634 1735 731 1791 Dei
762 1735 982 1789 factum
1011 1736 1102 1788 est
1132 1736 1197 1787 ut
1226 1729 1397 1802 pauci
1419 1746 1487 1785 ex
1505 1729 1724 1784 Judazis
1746 1733 1803 1782 et
1824 1727 2021 1799 plures

369 1826 727 1898 eligerentur
747 1839 815 1878 ex
840 1822 1138 1894 gentibus,
1170 1834 1305 1875 cum
1330 1817 1415 1873 illi
1436 1818 1535 1873 Dei
1560 1815 1889 1888 cognitione
1910 1815 2018 1871 ha-

368 1914 623 1980 buerint,
644 1912 950 1984 legemque
979 1926 1014 1965 a
1042 1909 1158 1964 Deo
1187 1906 1535 1979 acceperint,
1567 1905 1665 1960 isti
1696 1921 1829 1960 vero
1861 1920 2017 1960 sem-
2047 1930 2095 1995 Β

367 2020 473 2077 per
492 2003 650 2058 idola
670 1999 994 2056 coluerint?
1020 1998 1105 2053 0b
1128 1997 1235 2052 hoc
1258 2012 1321 2051 se
1340 1994 1656 2067 Apostolus
1678 1995 2014 2065 interrogat.

366 2092 674 2148 inferens:
728 2088 877 2160 (354)
928 2087 1081 2156 Quid
1123 2101 1248 2156 ergo
1296 2083 1580 2139 dicemus?
1633 2082 1770 2151 Quia
1816 2085 2014 2153 gentes,

365 2194 493 2252 qua?
522 2194 632 2233 non
660 2176 1013 2233 sectabantur
1031 2174 1340 2245 justitiam,
1370 2171 2019 2244 apprehenderuntjusti—

363 2270 523 2334 tiam,
546 2267 828 2337 justitiam
862 2268 1047 2320 autem
1092 2277 1218 2334 qum
1262 2278 1335 2317 ea:
1375 2260 1480 2330 ﬁde
1526 2268 1618 2314 cst.
1664 2261 1841 2314 Israel
1894 2275 2017 2314 vero

363 2359 577 2412 sectans
611 2354 787 2423 legem
803 2354 1062 2424 justitiae,
1094 2353 1156 2406 in
1201 2351 1373 2421 legem
1405 2349 1635 2420 justitiae
1668 2364 1782 2405 non
1826 2364 2015 2419 perve-

364 2446 484 2501 nit:
543 2460 610 2499 ac
658 2442 707 2497 si
765 2442 983 2496 diceret
1025 2438 1349 2510 :Nunquid
1398 2437 1708 2508 iniquitate
1754 2436 1856 2491 Dei
1906 2436 2017 2491 hoc

367 2531 589 2591 factum
638 2530 765 2585 est?
810 2529 997 2585 Absit.
1047 2527 1196 2593 Quid
1245 2542 1382 2598 ergo
1431 2525 1732 2580 dicemus?
1768 2525 1890 2580 Nisi
1925 2528 2017 2579 :0

368 2621 565 2689 homo,
600 2626 659 2674 tu
691 2619 825 2691 quis
856 2635 939 2688 es,
981 2616 1082 2689 qui
1113 2615 1469 2686 respondeas
1498 2614 1653 2668 Deo?
1683 2613 2018 2668 Clamemus

368 2709 552 2781 igitur
579 2724 716 2764 cum
747 2706 1086 2763 Psalmista:
1103 2705 1337 2762 Justitia
1358 2704 1577 2759 Domini
1597 2704 1824 2773 abyssus
1844 2703 2016 2757 multa

369 2798 541 2869 (Psal.
588 2813 757 2861 xxvv,
799 2796 877 2866 7).
918 2796 1101 2849 Item:
1137 2794 1312 2861 Quam
1353 2791 1620 2846 terribilis
1668 2793 1729 2845 in
1774 2792 2019 2845 consiliis

366 2902 534 2958 super
559 2886 704 2955 ﬁlios
734 2885 1016 2940 hominum
1050 2883 1222 2953 (Psal.
1260 2898 1383 2949 va,
1413 2880 1489 2949 5).
1525 2878 1827 2934 Terribilis
1860 2880 2018 2934 enim

368 2980 458 3033 est
487 2974 546 3030 in
563 2973 822 3030 consiliis
850 2990 1028 3045 super
1058 2971 1207 3026 filios
1238 2968 1849 3039 hominum,quoniam
1878 2967 2019 3038 quid

369 3064 431 3119 in
462 3064 560 3119 Dei
594 3062 839 3118 consilio
869 3062 941 3117 de
967 3077 1030 3117 se
1060 3060 1413 3131 dispositum
1445 3058 1523 3112 sit
1554 3055 1750 3111 nullus
1801 3057 2022 3112 sufﬁcit

367 3150 713 3225 intelligere.

439 3258 656 3314 Gentes
676 3257 1007 3361 igitur,quze
1030 3271 1145 3311 non
1166 3252 2020 3324 sectabanturjustitiam,quo-
2050 3294 2092 3361 C

368 3347 530 3403 niam
560 3345 717 3402 idola
747 3344 1033 3411 colebant,
1076 3348 1312 3417 propter
1362 3343 1515 3415 quod
1556 3342 1866 3413 justificari
1902 3359 2016 3397 non

368 3437 766 3503 merebantur,
820 3434 1332 3506 apprehenderunt
1363 3431 1686 3503 justitiam,
1738 3431 2015 3503 quoniam

367 3526 509 3581 dum
541 3542 655 3581 non
688 3526 812 3580 suis
844 3523 1067 3579 meritis
1097 3527 1197 3577 aut
1219 3522 1442 3576 viribus
1492 3538 1555 3576 se
1601 3518 1814 3575 salvari
1846 3536 2018 3591 posse

367 3617 788 3687 cognoverunt,
821 3630 924 3684 per
953 3612 1128 3667 ﬁdem
1177 3610 1391 3666 Christi
1436 3610 1770 3679 justificatae
1815 3614 1954 3663 sunt
1999 3626 2012 3664 :

364 3702 613 3773 ideoque
650 3700 793 3756 dicit
833 3698 1145 3771 Apostolus
1195 3715 1208 3752 :
1258 3697 1538 3753 Justitiam
1585 3704 1767 3751 autem
1795 3711 1921 3766 quae
1948 3712 2018 3751 ex

365 3788 471 3859 ﬁde
492 3793 592 3845 est.

436 3895 611 3952 Israel
641 3911 774 3951 vero
805 3896 1034 3949 sectans
1064 3892 1250 3965 legem
1286 3891 1554 3962 justitite,
1587 3892 1646 3948 id
1694 3895 1783 3947 est
1826 3891 2012 3964 legem

363 3984 591 4040 Veteris
622 3982 1070 4051 Testamenti,in
1104 3999 1220 4053 qua
1249 3986 1602 4052 praeceptum
1626 3968 1711 4035 est
1731 3982 2012 4053 quemad-

364 4074 607 4129 modum
640 4071 896 4144 populus
915 4071 1017 4127 Dei
1048 4070 1378 4126 hostiarum
1402 4069 1795 4125 oblationibus
1819 4069 2015 4141 purifi-

364 4165 619 4226 caretur,
649 4160 792 4215 dum
824 4160 953 4230 ejus
982 4158 1259 4232 Operibus
1288 4174 1349 4214 se
1380 4157 1587 4214 salvari
1621 4173 1792 4230 posse
1823 4157 2013 4213 credi-

363 4249 476 4318 dit,
508 4250 567 4304 in
600 4248 789 4321 legem
812 4247 1059 4320 justitite
1089 4264 1204 4302 non
1234 4246 1841 4319 pervenit.Sciendum
1876 4244 2015 4317 quia

362 4356 467 4411 per
511 4338 701 4411 legem
744 4338 990 4409 justitise
1043 4336 1291 4410 gratiam
1341 4333 1636 4406 Evangelii
1690 4334 1852 4402 dicit,
1912 4349 2015 4406 per

363 4444 542 4500 quam
573 4427 749 4483 homo
775 4426 1156 4498 justificatur.

432 4535 503 4589 Et
552 4533 690 4605 quia
742 4538 969 4605 poterat
1016 4532 1231 4605 aliquis
1278 4532 1636 4604 interrogare
1679 4548 1858 4603 quare
1906 4531 2012 4587 hoc

361 4624 583 4678 factum
610 4621 708 4691 sit,
740 4620 957 4677 idcirco
986 4622 1113 4693 ipse
1142 4622 1483 4693 interrogat,
1514 4621 1714 4677 dicens
1747 4639 1759 4675 :
1788 4622 1970 4689 Quare
1991 4624 2016 4674 ?
2043 4659 2090 4724 Β

361 4712 432 4767 Et
464 4710 971 4782 respondet:Quia
997 4726 1105 4765 non
1137 4727 1206 4765 ea:
1228 4709 1351 4780 ﬁde,
1382 4711 1484 4765 sed
1513 4726 1582 4765 ex
1600 4709 2012 4783 cperibus(355)

364 4799 500 4869 legis
542 4798 1050 4871 (subintelligitur,
1074 4815 1136 4853 se
1156 4798 1365 4853 salvari
1390 4815 1561 4870 posse
1592 4799 2010 4871 crediderunt).

359 4888 506 4944 Nam
540 4887 679 4959 quia
709 4888 833 4943 suis
865 4887 1091 4944 meritis
1120 4886 1305 4959 legem
1340 4904 1400 4943 se
1438 4888 1753 4958 accepisse,
1786 4893 1839 4943 et
1886 4889 2012 4944 suis

356 4977 582 5033 viribus
657 4977 903 5049 implere
981 4993 1174 5048 posse,
1241 4976 1488 5047 ejusque
1554 4977 1829 5047 operibus
1895 4976 2009 5032 sal-

357 5066 480 5120 vari
542 5066 936 5137 crediderunt,
998 5066 1212 5121 idcirco
1254 5064 1567 5135 justificari
1618 5082 1731 5119 non
1782 5082 2010 5121 merue-

363 5156 521 5207 runt.

438 5240 786 5312 Olfenderunt
840 5243 987 5296 enim
1038 5243 1104 5296 in
1155 5240 1393 5313 lapidem
1447 5241 1787 5312 offensionis.
1841 5242 2014 5313 Lapis

364 5328 707 5384 offensionis
738 5334 827 5385 est
856 5331 1143 5398 Christus,
1176 5330 1275 5401 qui
1327 5329 1477 5401 lapis
1524 5330 1739 5385 dicitur
1782 5335 2016 5402 propter

362 5415 636 5471 humana:
657 5415 991 5487 fragilitatis
1008 5416 1579 5473 humilitatem.Dum
1593 5418 1749 5473 enim
1773 5417 2015 5475 humilis

432 5556 582 5629 (354)
614 5555 677 5629 lu
703 5560 908 5629 autog.
944 5571 1129 5629 marg.
1162 5558 1259 5613 hic
1290 5576 1338 5613 c.
1372 5559 1530 5616 XXX.

431 5626 583 5776 (355)
617 5625 783 5709 Vulg.
814 5625 919 5683 sed
947 5625 1108 5699 quasi
1136 5646 1209 5684 ea:
1232 5632 1504 5700 operibus.

431 5698 560 5776 (356
620 5698 786 5757 Isaiae
826 5714 950 5772 VIII,
1002 5700 1089 5768 14,
1143 5703 1200 5755 et
1244 5716 1441 5771 xxvm,
1493 5706 1504 5757 1

431 5698 583 5781 (356)
620 5698 786 5757 Isaiae
826 5698 967 5772 vni,
1002 5700 1089 5768 14,
1143 5703 1200 5755 et
1244 5698 1441 5771 axvui,
1493 5704 1582 5775 16,
1631 5701 1804 5775 Vulg.
1850 5720 2015 5776 pono.

2132 631 2231 686 sed
2256 629 2523 684 Christus
2544 633 2773 684 tantum
2793 627 2942 700 lapis
2964 633 3052 683 est
3069 627 3586 700 videntibus,lapis
3607 629 3794 684 offen-

2132 718 2316 774 sionis
2340 718 2591 784 θεοίεῄά
2615 721 2703 773 est
2720 715 3205 786 incredulis,nam
3230 716 3364 772 caeci
3387 718 3695 773 offendunt
3717 719 3793 774 ad

2132 807 2410 878 lapidem.
2437 806 2610 878 Lapis
2632 805 2742 861 iste
2764 805 2926 877 prius
2951 806 3357 878 parvus,juxta
3379 805 3632 862 Danielis
3653 824 3791 878 pro-

2133 896 2413 967 phetiam,
2446 895 2646 965 crevit,
2681 898 2735 949 et
2768 895 2952 949 factus
3002 899 3091 949 est
3138 911 3309 950 mons
3343 911 3617 967 magnus,
3650 913 3795 968 quo-

2132 985 2290 1040 niam
2339 984 2606 1039 Christus
2657 984 2846 1039 factus
2894 982 3136 1038 humilis
3184 983 3361 1039 homo
3410 985 3649 1057 agnitus
3698 991 3792 1043 est

2131 1072 2306 1138 Deus,
2325 1077 2383 1128 et
2410 1075 2690 1128 adoratur
2716 1090 2749 1128 a
2774 1072 2998 1129 cunctis
3027 1072 3497 1145 gentibus.Hunc
3526 1072 3789 1147 lapidem

2132 1161 2500 1217 offenderunt
2515 1161 3011 1232 Judaei,quoniam
3030 1178 3244 1233 purum
3260 1162 3561 1218 hominem
3576 1169 3792 1235 putan-

2131 1254 2241 1316 tes,
2272 1249 2331 1305 in
2364 1266 2498 1305 eum
2530 1250 2764 1305 credere
2797 1248 3131 1306 uoluerunt.
3162 1251 3319 1307 Sicut
3344 1254 3615 1323 scriptum
3652 1257 3736 1309 est
3770 1272 3791 1308 :

2128 1341 2262 1394 Ecce
2301 1354 2505 1409 ponam
2555 1338 2702 1408 (256)
2752 1340 2811 1393 in
2858 1338 2989 1392 Sion
3040 1340 3291 1409 lapidem
3336 1341 3675 1411 offensionis,
3737 1350 3795 1397 et

2126 1432 2344 1499 petram
2366 1428 2637 1482 scandali.
2667 1426 2795 1481 Haec
2827 1428 3000 1481 verba
3030 1426 3129 1481 Dei
3160 1427 3349 1483 Patris
3380 1433 3519 1483 sunt
3548 1430 3622 1484 ad
3656 1447 3789 1502 pro-

2128 1516 2388 1588 phetam.
2423 1515 2560 1571 Sion
2594 1532 2763 1570 mons
2794 1519 2885 1570 est
2912 1515 3260 1573 Jerusalem.
3293 1517 3613 1573 Dominum
3650 1535 3790 1592 ergo

2128 1604 2189 1659 in
2220 1604 2357 1660 Sion
2388 1603 2645 1675 lapidem
2677 1603 3013 1659 offensionis
3045 1605 3549 1676 posuit,quoniam
3573 1606 3790 1664 Filium

2129 1710 2301 1750 suum
2336 1710 2404 1749 ex
2432 1694 2652 1748 Judaeis
2684 1710 2917 1749 carnem
2946 1710 3178 1750 sumere
3209 1694 3360 1751 fecit.
3393 1694 3564 1751 Petra
3585 1700 3789 1752 autem

2128 1782 2391 1838 Christus
2418 1781 2896 1853 dicitur,propter
2929 1782 3060 1839 fidei
3091 1783 3606 1857 soliditatem.lpse
3626 1786 3787 1841 enim

2128 1875 2217 1925 est
2246 1869 2379 1925 ﬁdei
2410 1870 2884 1940 fundamentum,
2917 1870 3038 1925 sive
3068 1870 3207 1942 quia
3236 1872 3693 1945 inexpugnabile
3732 1878 3789 1929 et

2126 1958 2424 2031 singulare
2455 1958 2792 2029 praesidium
2819 1963 2908 2013 est
2929 1959 3205 2015 omnibus
3223 1961 3293 2015 ad
3314 1977 3377 2017 se
3398 1961 3795 2034 confugientii

2125 2049 2258 2104 bus.
2292 2048 2401 2103 Sed
2434 2052 2598 2119 petra
2628 2047 2887 2102 scandali
2918 2047 3107 2103 factus
3139 2054 3228 2104 est
3255 2050 3785 2122 Judaeis,quoniam

2126 2141 2426 2193 mortuum
2458 2135 2752 2191 hominem
2784 2135 3069 2203 videntes,
3102 2136 3480 2194 scandalizati
3530 2144 3694 2207 sunt,
3727 2145 3785 2197 et

2125 2226 2183 2279 in
2215 2242 2349 2281 eum
2381 2226 2613 2280 credere
2643 2226 3050 2296 despexerunt.
3086 2225 3248 2281 Unde
3280 2227 3433 2282 idem
3464 2228 3783 2300 Apostolus

2126 2315 2264 2369 alibi
2302 2331 2314 2369 :
2348 2319 2455 2371 Nos
2482 2313 2848 2385 praedicamus
2876 2316 3157 2371 Christum
3185 2317 3536 2386 cruciﬁxum,
3567 2318 3784 2375 Iudicis

2125 2405 2350 2475 quidem
2376 2403 2728 2469 scandalum,
2760 2404 3014 2472 gentibus
3042 2412 3224 2459 autem
3252 2406 3546 2461 stultitiam
3569 2408 3620 2476 (1
3649 2409 3780 2465 Cor.

2127 2509 2166 2561 1,
2196 2492 2307 2557 23).

2201 2610 2264 2663 Et
2292 2608 2470 2663 omnis
2499 2608 2597 2679 qui
2623 2607 2922 2662 crediderit
2968 2609 3028 2662 in
3073 2624 3202 2663 eum
3242 2626 3353 2665 non
3394 2611 3779 2682 confundetur.

2127 2695 2455 2752 Credulitas
2486 2694 2586 2749 illa
2615 2696 2955 2768 accipienda
2983 2701 3073 2751 est
3102 2696 3211 2752 hoc
3240 2697 3386 2766 loco,
3435 2716 3561 2771 quis
3587 2702 3783 2774 operi-

2127 2785 2239 2840 bus
2271 2783 2656 2855 adimpletur;
2690 2783 2954 2839 confusio
2981 2801 3113 2840 vero
3144 2802 3324 2856 quam
3358 2787 3467 2843 soli
3499 2789 3639 2844 mali
3675 2790 3780 2846 ha-

2128 2874 2350 2929 bebunt
2379 2872 2439 2926 in
2470 2872 2563 2926 die
2586 2871 2969 2941 judicii,cum
3001 2889 3203 2929 eorum
3234 2881 3473 2947 peccata
3501 2878 3783 2936 omnibus

2130 2961 2444 3017 manifesta
2473 2960 2842 3015 erunt.Unde
2872 2960 3009 3016 alibi
3040 2961 3195 3017 idem
3227 2964 3783 3035 ApostoluszNolite

2128 3059 2259 3106 ante
2304 3054 2516 3121 tempus
2565 3050 2839 3120 judicare,
2893 3052 3245 3123 quoadusque
3273 3055 3455 3109 veniat
3497 3055 3783 3129 Dominus,

2129 3146 2181 3196 et
2208 3141 2485 3194 illuminet
2513 3139 2829 3193 abscondita
2857 3140 3207 3195 tenebrarum
3238 3142 3285 3213 (I
3304 3142 3429 3199 Cor.
3456 3160 3528 3211 Iv,
3550 3145 3628 3215 5),
3668 3150 3783 3201 etc.

2130 3229 2197 3283 Et
2228 3228 2508 3284 Dominus
2540 3228 2599 3281 in
2633 3226 2940 3298 Evangelio
2973 3245 2986 3283 :
3030 3229 3182 3284 Nihil
3228 3233 3307 3284 est
3353 3240 3598 3302 opertum
3641 3234 3787 3305 quod

2129 3334 2239 3372 non
2265 3317 2534 3372 reveletur
2562 3316 2771 3384 (Matth.
2804 3333 2860 3384 x,
2892 3317 3002 3387 26).
3038 3317 3382 3389 Quicunque
3435 3320 3616 3393 igitur
3654 3338 3787 3378 cre-

2127 3406 2358 3471 diderit,
2393 3410 2449 3459 et
2490 3405 2663 3459 fidem
2697 3421 2865 3460 suam
2897 3405 3173 3476 operibus
3204 3406 3629 3480 adimpleverit,
3662 3428 3783 3467 non

2127 3495 2521 3551 confundetur
2551 3493 2688 3564 quia
2718 3492 2778 3547 in
2811 3494 3086 3565 peccatis,
3119 3495 3276 3550 unde
3307 3496 3359 3551 ei
3392 3498 3657 3555 confusio
3681 3499 3782 3570 sit,

2126 3600 2241 3639 non
2297 3582 2642 3647 invenietur,
2696 3598 2822 3652 quas
2874 3581 3014 3637 solis
3063 3583 3173 3638 erit
3220 3586 3505 3655 reprobis,
3563 3587 3785 3660 quibus

2126 3672 2352 3726 dicetur
2381 3688 2400 3725 :
2430 3672 2526 3738 Ite,
2570 3670 2867 3740 maledicti,
2915 3672 2975 3725 in
3023 3672 3205 3741 ignem
3250 3677 3522 3730 wternum
3566 3676 3781 3746 (Matth.

2122 3778 2254 3827 xxv,
2288 3759 2400 3831 41),
2434 3763 2543 3814 etc.

2195 3884 2343 3952 Quia
2373 3882 2620 3956 gentiles
2648 3882 2925 3939 laudibus
2955 3883 3231 3955 przetulit,
3264 3886 3411 3958 (357)
3443 3887 3646 3945 dicens
3677 3904 3781 3947 eos

2123 3972 2580 4046 apprehendisse
2606 3972 2925 4043 justitiam,
2956 3972 3193 4029 Judmos
3219 3991 3351 4030 vero
3383 3975 3700 4033 offendisse
3721 3978 3785 4034 in

2123 4063 2377 4134 lapidem
2410 4060 2772 4127 offensionis,
2804 4077 2875 4116 ne
2906 4062 2980 4116 ob
3010 4061 3119 4116 hoc
3149 4062 3396 4134 gentiles
3427 4064 3781 4122 extolleren-

2122 4155 2239 4219 tur,
2267 4151 2481 4220 adjecit
2511 4150 2659 4221 (358)
2713 4166 2725 4204 :
2778 4150 2933 4219 (CAP.
2984 4150 3050 4217 X)
3100 4152 3316 4207 Fratres
3364 4153 3614 4209 voluntas
3660 4157 3787 4226 qui-

2122 4240 2243 4295 dem
2270 4239 2445 4293 cordis
2477 4240 2605 4307 mei,
2637 4247 2687 4294 et
2720 4239 3016 4294 obsecratio
3047 4239 3117 4294 ad
3147 4241 3317 4295 Deum
3345 4241 3407 4311 ﬁt
3435 4258 3534 4313 pro
3562 4243 3679 4297 illis
3720 4245 3787 4299 in

2120 4328 2373 4383 salutem.
2421 4330 2498 4382 Ac
2548 4326 2597 4381 si
2648 4327 2908 4383 diceret:
2956 4328 3337 4399 Nequaquam
3383 4335 3621 4402 propter
3666 4330 3783 4388 hoc

2122 4414 2504 4485 extollamini,
2540 4415 2818 4486 quoniam
2853 4433 2969 4471 non
2999 4417 3206 4472 vestris
3237 4418 3484 4485 meritis,
3518 4420 3619 4474 sed
3653 4422 3786 4478 sola

2123 4506 2311 4577 gratia
2362 4504 2458 4560 Dei
2507 4503 2650 4559 salvi
2694 4505 2829 4559 facti
2880 4506 3053 4573 estis;
3087 4509 3146 4561 et
3177 4506 3446 4577 quamvis
3491 4508 3683 4565 Judaei
3719 4510 3784 4566 in

2122 4595 2417 4650 Christum
2449 4593 2816 4661 offenderint,
2849 4597 3044 4648 tamen
3077 4594 3345 4651 voluntas
3395 4596 3588 4652 cordis
3638 4599 3786 4667 mei,

2123 4687 2181 4739 et
2236 4681 2560 4738 obsecratio
2611 4683 2683 4736 ad
2738 4683 2919 4737 Deum
2969 4699 3073 4754 pro
3124 4682 3243 4739 illis
3291 4685 3375 4754 fit,
3428 4689 3494 4739 ut
3540 4702 3788 4743 conver-

2124 4775 2344 4842 tantur,
2376 4776 2434 4827 et
2476 4772 2737 4841 credant,
2788 4770 2956 4826 aliter
3006 4772 3163 4827 enim
3212 4772 3422 4829 salvari
3474 4790 3591 4829 non
3642 4791 3787 4848 pos-

2125 4866 2282 4916 sunt.

2194 4975 2387 5031 Oratio
2418 4991 2554 5047 ergo
2580 4974 2926 5047 Apostoli,et
2958 4976 3100 5032 fides
3122 4977 3506 5043 credentium,
3538 4978 3640 5050 qui
3674 4996 3783 5052 pro

2121 5065 2340 5121 Judtcis
2362 5064 2647 5119 incedulis
2671 5065 2935 5130 orabant,
2970 5066 3076 5121 etsi
3110 5067 3357 5138 gratiam
3392 5067 3492 5121 Dei
3527 5084 3780 5138 praeces-

2122 5155 2285 5222 serit,
2320 5153 2609 5223 numquid
2633 5154 2775 5209 fides
2798 5170 2998 5209 eorum
3034 5157 3134 5227 qui
3166 5158 3430 5212 nondum
3462 5157 3786 5214 credebant

2122 5242 2372 5315 gratiam
2403 5242 2504 5297 Dei
2528 5243 2854 5314 praecessit?
2882 5244 3433 5311 Minime.Quoniam
3463 5246 3785 5316 Apostolus

2124 5349 2227 5404 pro
2260 5331 2377 5386 illis
2408 5331 2613 5387 orabat
2644 5333 2745 5403 qui
2777 5334 3039 5388 nondum
3067 5335 3400 5402 credebant,
3427 5338 3493 5390 ut
3521 5334 3607 5391 eis
3634 5335 3784 5392 fides

2124 5422 2363 5477 daretur
2393 5438 2426 5475 a
2454 5420 2588 5476 Deo.
2622 5425 2837 5476 Parum
2870 5421 3089 5495 quippe
3121 5424 3366 5495 putabat
3393 5423 3548 5494 quod
3579 5423 3667 5481 eis
3691 5425 3782 5480 in-

2196 5565 2342 5637 (357)
2372 5563 2477 5637 llic
2506 5562 2713 5636 incipit
2734 5562 3069 5637 Vulgscap.
3100 5566 3165 5621 X.

2197 5635 2343 5709 (358)
2376 5636 2437 5690 In
2469 5635 2666 5707 autog.
2695 5651 2881 5709 marg.
2915 5635 3256 5711 hic'legitur
3281 5652 3407 5709 cap.
3440 5636 3633 5697 XXXI.
