3942 6414
154 413 254 476 229

722 409 1135 476 EXPOSITIO
1180 413 1259 474 IN
1304 412 1731 476 EPISTULAS
1776 412 2039 489 PAULI.
2074 445 2149 459 —-
2180 414 2259 475 IN
2302 411 2556 476 EPIST.
2600 415 2706 476 AD
2753 415 2942 478 ROM.

3425 417 3545 482 230

154 547 349 603 stanter
375 541 755 615 Evangelium
788 544 1279 617 pradicabatmisi
1310 564 1414 620 pro
1436 564 1640 604 eorum
1666 548 1781 603 fide
1808 548 1862 612 Α
1962 548 2184 603 Volens
2215 551 2412 603 autem
2435 547 2751 619 Apostolus
2772 550 3232 622 ostendere,quaa
3248 555 3402 608 esset
3425 551 3546 609 haec

152 634 305 692 etiam
328 636 507 687 Deum
540 636 789 705 rogaret.

216 723 421 778 Fratres
450 724 650 777 autem
682 722 824 778 dicit
869 722 1136 795 gentiles,
1187 724 1465 795 quoniam
1498 724 1783 780 credendo

157 811 273 868 facti
301 814 433 866 sunt
464 809 573 865 ﬁlii
600 810 726 880 Dei,
777 828 844 867 ac
884 829 986 884 per
1020 813 1131 869 hoc
1175 815 1384 870 fratres
1430 819 1599 870 erant
1632 822 1782 885 Apo-

159 899 292 956 stoli.

216 986 597 1059 Igiturvolens
622 989 928 1045 ostendere
941 989 1220 1062 quoniam
1241 991 1427 1046 Judaei
1449 991 1788 1063 ignoranter

156 1077 472 1149 peccabant,
524 1077 667 1131 dum
701 1094 995 1149 praecones
1044 1080 1242 1152 gratiae
1274 1086 1783 1152 persequerentur,

153 1164 374 1234 adjecit:
414 1165 822 1221 Testimonium
844 1168 995 1222 enim
1016 1168 1278 1238 perhibeo
1299 1170 1414 1224 illis
1437 1170 1594 1241 quod
1614 1185 1785 1225 aemu-

157 1252 409 1309 lationem
438 1254 540 1309 Dei
570 1256 797 1325 habent,
829 1258 929 1312 sed
955 1273 1071 1314 non
1096 1260 1409 1314 secundum
1437 1259 1736 1314 scientiam
1766 1278 1787 1325 ;

152 1343 258 1397 acsi
279 1343 495 1399 diceret
527 1359 541 1398 :
575 1344 738 1415 Novi,
772 1348 829 1400 et
857 1346 1018 1414 scio;
1052 1348 1205 1418 apud
1238 1346 1371 1403 illos
1402 1348 1535 1403 talis
1565 1352 1622 1403 et
1659 1348 1787 1416 ipse

152 1430 244 1499 fui,
273 1446 398 1486 cum
432 1434 833 1504 persequebar
860 1433 1178 1503 Ecclesiam
1209 1436 1332 1491 Dei.
1366 1439 1556 1507 Hujus
1588 1441 1788 1492 autem

149 1519 249 1575 loci
278 1535 518 1577 sensum
551 1521 840 1578 Dominus
897 1525 1225 1580 secundum
1254 1525 1501 1581 Joannis
1530 1525 1787 1597 Evange-

38 1656 45 1669 ,
149 1605 280 1663 lium
305 1608 770 1681 exponit,dicens
791 1626 803 1665 :
826 1613 981 1667 Venit
1005 1611 1243 1680 hora,ut
1272 1615 1459 1669 omnis
1483 1613 1582 1686 qui
1612 1614 1791 1669 inter-

145 1696 254 1766 ﬁcit
270 1713 361 1753 vos
377 1698 705 1755 arbitretur
721 1716 782 1757 se
798 1703 1129 1774 obsequium
1155 1711 1440 1771 praestare
1460 1704 1600 1771 Deo;
1624 1702 1786 1757 item:

146 1789 256 1843 Hoc
280 1787 529 1861 faciunt,
563 1790 711 1861 quia
736 1806 851 1847 non
879 1800 1161 1847 noverunt
1188 1793 1444 1862 Patrem,
1491 1808 1674 1864 neque
1700 1807 1791 1847 me

147 1874 317 1947 (Joau.
346 1893 462 1944 xvr,
493 1877 572 1949 2).

208 1965 312 2020 Sed
344 1967 730 2037 quaerendum
755 1968 826 2023 de
847 1985 965 2040 qua
985 1969 1232 2026 scientia
1262 1970 1355 2025 hic
1376 1969 1534 2026 dicat
1551 1972 1794 2042 Aposto-

144 2051 251 2110 lus.
311 2055 590 2128 Nunquid
649 2056 720 2111 de
775 2056 879 2112 illa
934 2075 1063 2130 quae
1119 2059 1246 2115 sine
1306 2060 1589 2115 charitate
1625 2060 1795 2114 inflat

141 2145 190 2212 (I
216 2145 339 2199 Cor.
372 2161 499 2213 VIII,
534 2145 588 2216 1)
617 2144 646 2200 ?
675 2145 821 2201 Non.
857 2147 976 2202 Imo
1035 2149 1108 2202 de
1155 2148 1256 2203 illa
1312 2164 1440 2219 quas
1490 2148 1795 2204 charitatis

143 2247 329 2289 comes
357 2238 412 2289 et
444 2233 730 2305 magistra
757 2233 1113 2293 humilitatis
1161 2240 1269 2293 est.
1323 2237 1467 2293 Vere
1514 2253 1793 2308 namque,

140 2324 193 2375 et
218 2324 341 2376 tota
369 2321 621 2377 scientia
650 2321 875 2378 homini
906 2329 997 2379 est
1027 2325 1215 2393 scire;
1252 2325 1389 2397 quia
1431 2325 1579 2381 nihil
1612 2343 1715 2398 per
1736 2341 1798 2381 se

141 2412 346 2479 potest,
379 2414 439 2465 et
469 2410 612 2481 quia
639 2410 929 2483 quidquid
960 2417 1070 2479 est,
1124 2428 1190 2468 ex
1222 2414 1339 2469 Deo
1382 2418 1440 2469 et
1480 2431 1582 2486 per
1612 2415 1797 2471 Deum

136 2501 241 2553 est.
276 2502 442 2554 Hanc
473 2500 777 2555 scientiam
809 2501 997 2557 Judaei
1030 2518 1145 2558 non
1175 2502 1493 2574 habebant,
1518 2503 1797 2574 quoniam

137 2584 197 2641 in
227 2585 358 2659 lege
382 2586 820 2661 gloriabantur;
876 2589 1007 2647 ideo
1039 2592 1544 2664 persequebantur
1581 2609 1800 2664 praeco-

140 2692 243 2731 nes
275 2676 505 2748 gratim.

202 2765 273 2819 Et
303 2769 594 2838 tanquam
625 2767 844 2824 diceret
877 2768 1094 2841 aliquis
1127 2788 1139 2825 :
1178 2770 1451 2837 Ostende,
1502 2770 1801 2843 Apostole,

138 2870 263 2925 quae
294 2854 376 2911 sit
407 2856 534 2913 hinc
566 2856 834 2924 scientia,
866 2874 1043 2929 quam
1075 2862 1359 2931 tanquam
1392 2859 1597 2915 utilem
1643 2877 1801 2916 com-

138 2944 405 3010 mendas.
442 2951 504 3001 et
531 2960 711 3017 quam
740 2945 801 3001 in
828 2945 1048 3003 Judaeis
1080 2947 1241 3004 doles
1272 2965 1389 3004 non
1420 2964 1548 3004 esse
1578 2965 1590 3003 :
1626 2949 1802 3005 idcir-

139 3047 222 3100 co,
246 3035 623 3106 exponeudo,
649 3035 955 3105 subjunxit
979 3053 992 3091 :
1018 3040 1345 3106 Ignorantes
1375 3038 1527 3093 enim
1556 3039 1661 3094 Dei
1677 3040 1804 3108 jus-

1882 636 2121 706 justitia
2151 636 2272 704 Dei,
2306 636 2532 692 addidit
2567 654 2579 691 :
2612 639 2766 693 Finis
2795 641 2945 694 enim
2978 638 3119 708 legis
3166 641 3418 698 Christus
3445 646 3547 710 est,

1890 724 1960 778 ad
2000 725 2277 795 justitiam
2342 726 2500 781 omni
2539 726 2797 782 credenti.
2842 729 3002 784 Finis
3062 728 3206 802 legis
3257 730 3550 799 Christus,

1897 828 2012 868 non
2040 813 2529 885 consumptionis,
2563 815 2665 870 sed
2688 818 3236 887 consummationis,
3268 821 3549 891 quoniam

1894 918 2010 956 non
2042 899 2227 973 legem
2281 903 2595 970 consumit,
2647 905 2748 960 sed
2790 906 3034 977 perﬁcit,
3082 909 3252 977 juxta
3302 909 3550 981 quodin

1895 988 2204 1060 Evangelio
2245 988 2553 1060 loquitur:
2589 992 2707 1046 Non
2762 995 2890 1047 veni
2944 995 3155 1049 solvere
3213 996 3405 1067 legem,
3453 996 3554 1051 sed

1894 1077 2123 1147 implere
2155 1078 2324 1148 (360).
3353 1082 3357 1086 ’

1966 1164 2126 1220 Finis
2157 1171 2247 1221 est
2275 1165 2564 1222 Christus.
2599 1168 2706 1231 Qui
2741 1169 2799 1223 in
2829 1169 2957 1240 ipso
2987 1171 3550 1245 credimus,quando

1895 1254 2112 1308 bonam
2171 1254 2326 1309 viam
2374 1254 2603 1327 ingredi
2636 1257 2976 1329 incipimus,
3032 1265 3090 1316 et
3130 1260 3328 1333 ipsum
3360 1262 3554 1318 solum

1895 1341 2247 1411 videbimus,
2280 1359 2413 1397 cum
2436 1345 2508 1398 ad
2542 1342 2708 1399 illum
2740 1348 3166 1417 perveniemus.
3202 1350 3362 1406 Finis
3393 1350 3557 1406 Chri-

1894 1434 2026 1486 stus
2056 1430 2291 1501 dicitur,
2321 1431 2600 1503 quoniam
2633 1433 2701 1487 ad
2737 1433 2905 1489 illum
2929 1436 3239 1493 referimus
3269 1439 3557 1510 quidquid

1897 1518 2131 1592 agimus
2157 1544 2172 1587 ;
2205 1524 2262 1575 et
2290 1536 2425 1575 cum
2457 1521 2528 1576 ad
2564 1521 2762 1593 ipsum
2792 1524 3379 1594 perveniemus,nihil
3403 1526 3561 1583 ultra

1897 1608 2054 1679 quod
2103 1624 2459 1679 quaramus,
2486 1609 2858 1667 habebimus.

1970 1695 2131 1751 Finis
2179 1696 2377 1769 itaque
2416 1702 2633 1764 noster,
2666 1700 2943 1771 perfectio
2974 1704 3177 1758 nostra
3205 1719 3337 1760 esse
3366 1704 3559 1761 debet.

1897 1784 2179 1840 Perfectio
2232 1790 2429 1842 autem
2481 1792 2684 1843 nostra
2713 1788 2987 1845 Christus
3043 1795 3154 1859 est,
3190 1793 3470 1862 quoniam
3501 1794 3561 1848 in

1898 1873 2027 1945 ipso
2058 1873 2401 1945 perﬁcimur
2452 1875 2625 1947 (361),
2685 1879 2856 1947 cujus
2907 1878 3118 1950 capitis
3151 1882 3416 1937 membra
3462 1899 3564 1937 su-

1906 1979 2061 2018 mus.
2095 1963 2266 2018 Recte
2295 1964 2477 2035 igitur
2519 1965 2658 2022 linis
2695 1965 2966 2023 Christus
3015 1967 3250 2039 dicitur,
3283 1972 3562 2042 quoniam

1905 2068 2077 2107 nemo
2109 2052 2237 2107 sine
2268 2052 2394 2124 ipso
2426 2054 2653 2125 perlicit
2681 2053 2892 2127 legem.
3322 2068 3328 2081 ‘

1979 2140 2140 2195 Finis
2167 2146 2363 2196 autem
2405 2141 2552 2214 legis
2583 2142 2852 2199 Christus
2883 2148 2973 2201 est
3001 2147 3162 2202 omni
3201 2148 3459 2204 credenti
3490 2148 3564 2204 ad

1898 2229 2234 2300 justitiam;
2282 2231 2563 2299 quoniam
2616 2231 2953 2304 quicunque
2982 2250 3087 2306 per
3126 2236 3301 2292 ﬁnem
3350 2236 3567 2294 Christi

1900 2317 2285 2388 justiﬁcatur,
2319 2318 2377 2373 in
2407 2317 2536 2390 ipso
2565 2321 2884 2391 perficitur.

1983 2405 2187 2477 Igitur,
2246 2411 2311 2461 ut
2340 2407 2610 2478 aperiret,
2670 2425 2845 2480 quam
2878 2411 3089 2467 dixerit
3134 2412 3433 2483 justitiam
3461 2415 3567 2470 Ju-

1910 2495 2190 2565 dazorum,
2224 2496 2528 2566 subjunxit
2558 2512 2571 2550 :
2605 2497 2807 2568 Moyses
2833 2500 2985 2554 enim
3031 2502 3271 2572 scripsit,
3302 2504 3569 2574 quoniam

1899 2583 2184 2654 justitiam
2263 2600 2383 2655 quae
2437 2601 2511 2639 ea:
2561 2584 2677 2655 lege
2731 2594 2826 2654 est,
2886 2589 2983 2659 qui
3006 2590 3197 2660 fecerit
3240 2590 3398 2647 homo
3428 2594 3570 2648 vivet

1913 2674 1975 2726 in
2002 2673 2083 2727 eis
2114 2674 2283 2744 (362).
2344 2672 2452 2728 Ubi
2503 2674 2850 2741 notandum,
2883 2676 3025 2746 quia
3072 2693 3188 2733 non
3248 2679 3331 2735 ait
3360 2681 3419 2735 in
3476 2696 3565 2748 ea,

1913 2762 2016 2816 sed
2049 2763 2109 2815 in
2140 2764 2241 2826 eis,
2274 2761 2331 2816 id
2380 2766 2470 2816 est
2497 2761 2643 2834 legis
2702 2764 3031 2837 praeceptis,
3092 2767 3211 2823 sive
3267 2769 3566 2840 operibus.

1915 2850 2042 2921 lege
2072 2856 2180 2905 est.
2228 2867 2333 2923 pro
2380 2851 2658 2922 operibus
2690 2851 2838 2925 legis
2888 2854 3104 2925 posuit.
3138 2856 3270 2924 Qui,
3318 2874 3456 2931 ergo
3486 2859 3567 2915 fe-

1915 2940 2080 2995 Undc
2109 2944 2373 3012 apparet,
2425 2940 2702 3012 quoniam
2734 2942 2960 3014 Moyses
2983 2944 3303 3015 justitiam,
3337 2964 3464 3018 quae
3500 2964 3569 3004 ex

1916 3029 2043 3101 lege
2102 3035 2193 3085 est
2224 3046 2326 3100 pro
2371 3022 2649 3100 operibus
2702 3030 2850 3102 legis
2882 3032 3098 3102 posuit.
3132 3032 3241 3095 Qui
3292 3050 3430 3107 ergo
3488 3036 3569 3092 fe-

135 3121 356 3189 titiam,
391 3133 453 3179 et
480 3139 648 3179 suam
667 3130 988 3195 qumrentes
1015 3132 1267 3180 statuere
1284 3126 1540 3195 justitize
1566 3127 1668 3180 Dei
1694 3143 1809 3183 non
1918 3121 2080 3187 cerit,
2116 3135 2245 3190 quae
2304 3133 2372 3172 ex
2431 3118 2555 3189 lege
2609 3122 2717 3184 est,
2770 3119 3088 3190 justitiam,
3147 3122 3204 3176 id
3253 3128 3342 3178 est
3396 3140 3573 3197 opera

131 3219 264 3266 sunt
288 3211 565 3282 subjecti.

1918 3208 2086 3280 legis,
2125 3206 2276 3261 vivet
2303 3206 2360 3259 in
2390 3204 2495 3273 eis,
2520 3206 2799 3277 quoniam
2830 3208 3138 3279 praemium
3170 3210 3415 3283 accipiet
3442 3213 3575 3271 vitm

197 3300 451 3357 Justitia
484 3299 588 3357 Dei
609 3304 846 3366 est,non
880 3316 997 3371 qua
1026 3299 1172 3371 ipse,
1197 3301 1298 3355 sed
1331 3317 1449 3372 qua
1479 3300 1654 3357 homo
1675 3302 1806 3372 jus-
1838 3282 1881 3349 C
1919 3296 2245 3369 praesentis.
2305 3295 2498 3350 Timet
2555 3294 2711 3350 enim
2770 3312 2862 3363 ne,
2921 3296 2972 3353 si
3027 3298 3177 3370 (363)
3223 3282 3401 3372 opera
3428 3301 3575 3375 legis

134 3386 420 3461 tiﬁcatur,
457 3395 521 3445 et
549 3405 677 3460 quas
706 3387 931 3442 homini
958 3404 994 3442 a
1035 3388 1151 3443 Deo
1182 3389 1375 3443 datur.

189 3478 452 3535 Justitia
483 3492 622 3547 ergo
657 3474 754 3530 Dei
786 3480 874 3530 est
904 3475 1193 3547 Christus,
1228 3477 1348 3532 sive
1382 3476 1529 3533 fides
1565 3478 1806 3542 Christi,

125 3581 218 3637 per
243 3582 445 3639 quam
475 3564 849 3634 justiﬁcatur
876 3564 978 3636 qui
1006 3565 1192 3620 credit
1221 3565 1280 3621 in
1314 3582 1476 3633 eum,
1499 3567 1602 3639 qui
1629 3568 1807 3639 justi-

122 3653 249 3711 ﬁcat
277 3655 582 3727 impium.
614 3657 776 3708 Hanc
799 3653 1096 3724 justitiam
1132 3655 1228 3709 Dei
1264 3655 1636 3728 ignorabant,
1666 3673 1808 3729 quo-

124 3743 273 3800 niam
308 3742 530 3817 aegroti
563 3743 858 3798 medicum
902 3760 1016 3798 non
1064 3745 1424 3815 quaerebant,
1476 3750 1533 3800 et
1562 3746 1634 3800 de
1662 3745 1809 3817 legis

123 3834 403 3904 operibus
438 3831 787 3905 gloriantes,
847 3838 1181 3903 peccatores
1239 3850 1301 3890 se
1332 3833 1597 3890 confiteri
1642 3835 1805 3890 dedi-

125 3923 492 3992 gnabantur.
523 3921 853 3977 Gloriantes
876 3926 1069 3977 autem
1105 3922 1163 3977 in
1193 3921 1340 3994 legis
1371 3924 1807 3994 oporibus,gra-

125 4009 260 4065 tiam
283 4011 388 4067 Dei
426 4026 465 4065 a
498 4025 565 4064 se
595 4008 974 4080 repellebant.

192 4099 219 4154 J
232 4100 521 4155 ustitiam
549 4097 786 4153 illorum
805 4098 1075 4169 dicit,qui
1101 4115 1169 4154 ea
1190 4116 1251 4155 se
1266 4101 1291 4170 j
1307 4100 1589 4156 ustiﬁcari
1612 4117 1810 4173 posse-

127 4190 396 4259 putabat,
431 4188 805 4243 aestimantes
861 4204 923 4243 se
971 4187 1159 4260 legem
1214 4189 1340 4245 suis
1383 4190 1609 4246 meritis
1651 4207 1809 4248 acce-

128 4277 371 4347 pisse,et
401 4278 545 4333 suis
577 4276 803 4331 viribus
832 4275 1076 4348 implere
1099 4294 1291 4349 posse.
1325 4282 1485 4334 Hanc
1518 4280 1808 4351 justitiam

127 4370 388 4423 statuere
416 4366 741 4434 volebant;
775 4366 832 4420 id
864 4366 1178 4437 est,gratice
1201 4367 1294 4423 Dei
1322 4368 1610 4440 praeferre,
1646 4372 1807 4426 ideo-

126 4468 226 4523 que
244 4456 506 4525 justitise
538 4456 642 4510 Dei
668 4472 784 4510 non
802 4462 934 4510 sunt
961 4455 1215 4525 subjecti.

195 4544 345 4601 Hinc
368 4545 523 4601 alibi
558 4544 718 4599 idem
742 4543 1061 4616 Apostolus
1093 4544 1238 4598 dicit
1270 4560 1281 4599 :
1321 4545 1478 4612 Quod
1507 4548 1556 4601 si
1584 4562 1661 4602 ea:
1692 4550 1813 4619 lege

1916 3382 2032 3441 non
2082 3384 2277 3451 faciat,
2337 3383 2734 3455 crucifigatur,
2792 3390 2895 3440 aut
2953 3385 3268 3459 lapidetur,
3320 3390 3409 3445 vel
3466 3392 3572 3447 ali-

1918 3473 2059 3544 quid
2090 3472 2435 3544 hujusmodi
2493 3472 2768 3544 patiatur.
2824 3474 2978 3529 Vivit
3009 3476 3229 3547 itaque,
3265 3478 3406 3549 quia
3434 3495 3575 3551 prai-

1920 3563 2106 3618 mium
2166 3560 2395 3633 accipit,
2440 3577 2513 3617 ne
2571 3562 2832 3633 corporis
2890 3568 3076 3619 morte
3108 3564 3410 3636 puniatur.
3457 3571 3573 3624 Im-

1918 3649 2172 3723 pletores
2193 3655 2388 3705 autem
2414 3650 2760 3722 gratiasmon
2786 3652 3092 3724 praesentis
3112 3653 3240 3709 vita:
3266 3655 3574 3727 praemium

1919 3738 2235 3810 accipiunt,
2278 3738 2378 3793 sed
2438 3745 2685 3807 aeternae,
2735 3741 2911 3809 juxta
2968 3740 3114 3798 illud
3151 3759 3163 3799 :
3199 3745 3336 3800 Cum
3364 3744 3578 3803 dederit

1917 3828 2128 3884 dilectis
2156 3829 2274 3883 suis
2301 3844 2576 3896 somnum,
2606 3845 2729 3885 ecce
2752 3830 3053 3887 haereditas
3111 3835 3343 3890 Domini
3401 3835 3573 3907 (Psal.

1917 3932 2107 3986 cxxvr,
2138 3918 2194 3986 3)
2251 3932 2266 3973 :
2323 3920 2466 3972 Cum
2498 3917 2655 3973 enim
2713 3935 2988 3975 somnum
3047 3922 3253 3979 mortis
3282 3922 3450 3979 electi
3483 3939 3578 3980 ca-

1918 4006 2110 4079 piunt,
2157 4011 2298 4061 tunc
2329 4007 2402 4061 ad
2460 4007 2859 4065 haereditatem
2919 4014 3146 4066 aeternas
3204 4012 3336 4067 vitae
3376 4028 3577 4084 perve-

1920 4096 2110 4151 niunt.
3288 4174 3291 4177 _

1992 4184 2105 4240 Sed
2173 4189 2398 4257 poterat
2445 4185 2661 4257 aliquis
2707 4187 2898 4243 dicere
2947 4205 2959 4244 :
3017 4189 3077 4244 Si
3128 4189 3357 4263 Moyses
3387 4190 3575 4248 dicit:

1917 4276 2226 4344 Justitiam,
2286 4291 2404 4345 qum
2462 4292 2532 4331 ex
2589 4277 2701 4347 lege
2756 4286 2851 4345 est,
2919 4280 3018 4349 qui
3070 4280 3265 4349 fecerit
3345 4281 3503 4336 homo
3561 4295 3576 4336 :

1920 4366 2061 4419 vivet
2090 4366 2152 4418 in
2182 4380 2249 4418 ea
2279 4365 2472 4435 (36ft):
2525 4366 2674 4435 (365)
2730 4382 2860 4437 quae
2914 4382 2983 4421 ex
3040 4367 3154 4421 fide
3185 4370 3275 4422 est
3323 4367 3579 4438 justitia,

1922 4453 2062 4525 quid
2086 4452 2228 4525 dicit
2252 4453 2280 4506 ‘I
2304 4453 2523 4509 Idcirco
2546 4455 2853 4523 subjunxit
2869 4454 3218 4526 Apostolus:
3246 4456 3375 4524 Quae
3394 4461 3583 4513 autem

1924 4559 1993 4597 ea:
2047 4541 2153 4611 ﬁde
2209 4545 2287 4595 est
2332 4542 2558 4611 justitia
2610 4542 2689 4595 sic
2740 4542 2924 4597 dicit:
2951 4547 3034 4600 Ne
3059 4544 3277 4601 dixeris
3330 4547 3389 4600 in
3423 4546 3584 4603 corde

128 4642 204 4688 est
215 4637 511 4706 justitia,
549 4648 693 4703 ergo
723 4633 980 4689 Christus
1037 4635 1216 4703 gratis
1258 4644 1524 4690 mortuus
1551 4639 1633 4691 est
1664 4637 1819 4710 (Gal.
1848 4644 1897 4710 D
1928 4639 2020 4686 tuo
2049 4630 2173 4700 quis
2203 4629 2444 4685 ascendit
2474 4631 2534 4685 in
2562 4631 2756 4685 caelum
2802 4632 2950 4704 (366)
2977 4632 3005 4687 ‘l
3052 4633 3112 4688 Id
3167 4638 3245 4690 est
3304 4634 3584 4692 Christum

130 4737 191 4787 ιι,
211 4729 353 4791 χιιι).
408 4724 472 4780 Si
505 4726 712 4778 autem
744 4722 1013 4778 Christus
1044 4738 1160 4779 non
1194 4722 1375 4795 gratis
1406 4730 1674 4782 mortuus
1704 4731 1812 4795 est,

133 4812 276 4883 (359)
308 4813 373 4869 in
406 4813 517 4869 illo
552 4810 683 4868 solo
713 4810 935 4883 impius
958 4811 1342 4883 justiticatur.

201 4975 349 5045 (359)
380 4974 546 5030 Nota
579 4972 1040 5045 pulcherrimam
1073 4972 1446 5028 sententiam.

200 5043 352 5118 (360)
388 5043 617 5101 Matth.
652 5061 706 5111 γ,
743 5045 853 5118 17.,
888 5043 1059 5115 Vulg.
1092 5045 1192 5118 sed
1230 5045 1563 5118 adimplere.

201 5115 357 5188 (361)
384 5121 619 5189 Autog.
650 5117 994 5190 per/icimus,
1029 5115 1122 5190 vel
1173 5115 1352 5171 etiam
1387 5115 1562 5172 recte
1606 5116 1817 5190 legeris

134 5191 487 5259 perﬁcimus,
529 5187 584 5245 si
618 5190 795 5255 legem
826 5187 1252 5257 subintelligas.

203 5262 354 5331 (562)
420 5263 609 5319 Levit.
666 5276 822 5325 xvm,
879 5261 972 5325 5;

144 5477 323 5532 tentia
377 5483 437 5533 et
495 5474 814 5532 occasione
868 5474 949 5528 ita
999 5473 1209 5528 habeat
1270 5489 1282 5526 :

1057 5260 1264 5315 L'zech.
1322 5275 1414 5327 xx,
1480 5260 1585 5334 11.,
1647 5259 1818 5332 Vulg.

140 5329 257 5387 loco
317 5329 380 5390 in
439 5336 528 5390 eis
595 5332 780 5386 habet
834 5334 891 5385 in
924 5347 1007 5398 ea,
1041 5345 1198 5403 cumq
1235 5337 1431 5385 tamen
1482 5329 1639 5386 idem
1671 5329 1822 5403 Apo-

142 5403 321 5459 stolus
349 5405 427 5461 ad
463 5403 666 5461 Calat.
728 5419 777 5457 c.
824 5419 908 5473 ιιι,
959 5419 1009 5457 ν.
1049 5402 1132 5471 12,
1185 5401 1245 5455 in
1276 5403 1480 5457 eadem
1542 5403 1660 5457 fere
1692 5401 1822 5458 sen-

1350 5473 1457 5527 Lex
1503 5478 1688 5529 autem
1716 5492 1826 5530 non

144 5556 215 5601 est
245 5565 316 5603 ex
344 5549 478 5618 ﬁde,
514 5547 619 5603 sed
648 5548 747 5618 qui
802 5546 998 5615 fecerit
1053 5561 1117 5618 ea
1175 5546 1311 5599 vivet
1340 5546 1398 5597 in
1432 5545 1554 5600 illis
1574 5562 1594 5605 ;
1626 5545 1682 5600 id
1716 5553 1825 5616 est,

1924 4720 2206 4785 deducere,
2228 4723 2337 4773 etc.
2362 4718 2697 4776 Praecedens
2727 4721 3133 4779 testimonium
3162 4723 3479 4796 Apostolus
3510 4727 3583 4781 de

1923 4808 2175 4864 Levitico
2224 4808 2507 4879 sumpsit;
2540 4808 2649 4865 hoc
2674 4817 2871 4867 autem
2911 4811 3388 4883 Deuteronomio,
3422 4812 3581 4884 quod

1927 4967 2133 5023 chielis
2165 4968 2340 5044 paulo
2372 4970 2644 5044 superius
2678 4972 2838 5027 citati
2869 4975 3085 5044 textus,
3120 4986 3151 5027 e
3183 4972 3403 5044 quibus
3431 4971 3586 5028 hanc

1930 5044 2285 5115 sententiam
2319 5040 2552 5098 haurire
2582 5043 2811 5097 videtur
2842 5040 3176 5115 Apostolus,
3200 5040 3425 5099 habent
3442 5045 3587 5099 vivet

1931 5114 1990 5187 in
2019 5115 2119 5187 eis,
2152 5112 2209 5187 id
2242 5117 2351 5180 est,
2383 5115 2795 5187 pra'ceptis,_de
2830 5112 3071 5187 quibus
3098 5115 3270 5186 paulo
3310 5117 3585 5187 superius

1929 5183 1990 5238 in
2023 5184 2218 5239 citatis
2241 5183 2496 5241 textibus
2533 5183 2746 5240 mentio
2770 5183 3035 5241 habetur.
3048 5183 3263 5242 Revera
3280 5183 3586 5245 aliaetiam

1936 5255 2294 5327 exemplaria
2324 5256 2502 5326 hujus
2534 5256 2803 5328 Epistole
2836 5257 3055 5313 habent
3085 5261 3144 5313 in
3173 5261 3271 5314 eis.

2006 5328 2153 5402 (363)
2189 5330 2482 5402 innutog.
2517 5327 2642 5382 loco
2672 5346 2741 5383 ne
2769 5330 2821 5382 si
2851 5330 3067 5402 legitur
3094 5332 3227 5385 nisi.

2007 5401 2155 5466 (364)
2189 5398 2272 5470 ibi
2306 5400 2711 5470 habetautog.
2740 5401 2796 5453 in
2819 5417 2904 5456 ea.

2008 5472 2158 5540 (365)
2191 5469 2673 5544 SAubintelligade
2702 5488 2768 5526 ea
2794 5487 2922 5544 qua:
2950 5471 3075 5543 ﬁde,
3109 5479 3208 5528 etc.

2009 5544 2157 5613 (366)
2205 5541 2374 5617 Deut.
2398 5540 2531 5611 xxx,
2584 5543 2667 5599 12.
2702 5540 2990 5601 Punctum
3022 5540 3496 5617 interrogationis
3525 5541 3587 5604 in

144 5610 418 5691 aperibus,
454 5610 598 5692 quae
633 5610 1296 5692 s‘uperiusunominata
1322 5620 1484 5692 sunt,
1519 5621 1577 5673 et
1608 5610 1828 5692 adquei
1938 5610 2145 5686 autog.
2170 5610 2400 5669 nullibi.

147 5686 410 5751 refertur
458 5686 801 5767 pronomen
858 5689 996 5745 illis.
1060 5686 1299 5746 Levitici
1349 5690 1546 5746 autem
1605 5694 1663 5748 et
1692 5686 1825 5748 Eze-
