3942 6400
413 401 524 462 231

1433 398 1768 460 ATTONIS
1813 393 2400 458 VERCELLENSIS
2447 394 2796 456 EPISCOPI

3703 396 3824 457 232

415 533 834 605 interpretatur
857 530 1256 604 recapitulatio
1283 530 1428 603 legis
1449 531 1616 602 (367).
1651 529 1812 585 Unde
1837 532 1894 583 et
1925 531 2057 600 apte
2088 531 2142 596 Α
2173 528 2300 581 bum
2329 527 2467 595 ﬁdei
2497 527 2657 593 dicit,
2706 525 2846 596 quia
2878 542 2978 596 per
3005 527 3135 596 ejus
3179 526 3355 582 ﬁdem
3384 525 3608 599 impius
3631 527 3822 598 justi-

421 622 673 694 gratiam
705 619 999 692 Evangelii
1028 620 1316 692 designat.

487 710 874 774 Quaerendum
897 713 987 764 est
1007 713 1206 763 autem
1230 724 1344 779 qua
1371 705 1695 762 intentione
1711 705 1935 777 Moyses
1955 705 2062 760 hoc

413 800 583 866 dixit,
636 796 726 854 vel
775 814 894 869 qua
940 796 1255 868 Apostolus
1297 796 1355 850 in
1408 793 1811 850 testimonium
1857 810 2061 865 sump-

413 886 574 942 serit.
609 885 836 958 Moyses
868 885 977 940 hoc
1011 885 1174 953 dixit,
1207 885 1413 938 docere
1442 881 1642 938 volens
1675 881 1827 937 filios
1863 881 2060 953 Israel,

414 975 556 1048 quia
606 991 722 1029 non
774 975 860 1029 eis
911 989 1147 1028 necesse
1195 979 1340 1037 erat,
1392 976 1574 1037 extra,
1625 971 1684 1025 id
1715 971 2059 1035 estacmlo,

411 1063 498 1120 vel
531 1064 764 1134 abysso,
797 1061 1058 1116 divinum
1088 1066 1277 1132 petere
1306 1059 1903 1131 praeceptum,quippe
1924 1075 2059 1113 cum

413 1153 600 1224 legem
637 1149 864 1206 Domini
897 1167 1012 1222 pra:
1045 1149 1234 1206 oculis
1265 1148 1566 1212 haberent,
1599 1147 1919 1202 dummodo
1948 1146 2062 1202 vel-

411 1241 535 1298 lent
564 1240 826 1312 implere.

483 1331 576 1384 Ait
603 1345 740 1398 ergo
793 1345 806 1383 :
850 1330 930 1382 Ne
977 1327 1210 1396 dixeris,
1261 1330 1396 1390 etc.,
1437 1341 1503 1379 ac
1547 1325 1596 1379 si
1650 1325 1913 1379 diceret:
1947 1325 2056 1392 Tu,

414 1419 751 1490 quicunque
782 1432 866 1480 es,
899 1413 1180 1480 Israelita,
1223 1429 1296 1468 ne
1344 1413 1557 1468 dixeris
1604 1412 1664 1466 in
1707 1413 1876 1468 corde
1908 1418 2008 1467 tuo
2042 1431 2055 1468 :

415 1505 557 1572 Quis
589 1503 850 1560 ascendit
865 1503 937 1568 _in
970 1501 1202 1566 ccelum,
1237 1507 1302 1556 ut
1329 1501 1463 1556 inde
1495 1501 1663 1556 nobis
1689 1501 1891 1556 afferat
1921 1500 2059 1555 divi-

416 1610 560 1650 num
602 1599 976 1664 praeceptum,
1033 1594 1094 1644 ut
1143 1589 1477 1654 audiamus,
1528 1597 1584 1642 et
1635 1589 2056 1660 intelligamus,

413 1688 470 1738 et
498 1681 849 1752 impleamus
875 1679 904 1734 ‘I
937 1686 1053 1735 Aut
1080 1680 1202 1748 quis
1248 1677 1523 1733 descendit
1581 1679 1641 1732 in
1686 1678 1959 1748 abyssum,
1995 1681 2060 1732 ut

413 1771 582 1826 nobis
614 1771 824 1825 referat
851 1768 991 1839 quid
1048 1768 1109 1822 in
1165 1766 1394 1822 inferno
1427 1771 1686 1837 agatum,
1717 1771 1774 1820 et
1803 1765 2060 1821 sciamus

414 1857 556 1960 quid
579 1875 684 1914 nos
709 1873 878 1929 agere
898 1855 1202 1928 oporteat?
1225 1854 1512 1960 Quonia‘m
1537 1854 1852 1960 prte'oculis
1878 1854 2058 1909 habes
2091 1895 2138 1960 B

414 1947 512 2004 Dei
545 1952 869 2020 praecepta;
903 1950 1026 2000 esto
1059 1948 1287 2000 tantum
1318 1942 1610 2014 impletor.
1652 1943 1812 1998 Unde
1843 1947 1900 1998 et
1929 1959 2062 1998 mox

413 2035 688 2093 subditur
721 2051 736 2090 :
763 2037 944 2106 Prope
971 2040 1047 2090 est
1076 2033 1297 2088 verbum
1328 2035 1389 2087 in
1416 2048 1512 2088 ore
1569 2040 1660 2088 tuo
1716 2035 1768 2086 et
1816 2033 1874 2086 in
1905 2033 2062 2087 corde

411 2128 528 2181 tuo.

490 2211 719 2268 Verbum
751 2212 1104 2282 praeceptum
1131 2208 1229 2262 Dei
1260 2211 1426 2262 vocat
1451 2224 1464 2273 ;
1485 2223 1550 2261 ac
1582 2206 1628 2262 si
1660 2206 1874 2261 diceret
1897 2223 1910 2262 :
1931 2206 2062 2261 Pro-

413 2317 485 2373 pe
541 2305 631 2356 est
657 2300 899 2354 verbum
951 2299 1005 2352 in
1037 2313 1134 2353 ore
1165 2302 1288 2362 tuo,
1340 2296 1480 2367 quia
1509 2295 1675 2366 legis,
1711 2301 1766 2349 et
1797 2295 1854 2349 in
1887 2295 2060 2350 corde

411 2395 538 2457 tuo,
565 2388 705 2460 quia
729 2386 1051 2442 meditaris.

483 2476 798 2549 Apostolus
821 2481 1016 2529 autem
1035 2474 1142 2528 hoc
1160 2472 1560 2528 testimonium
1579 2471 2058 2543 sumpsit,volens

409 2565 717 2623 ostendere
764 2563 1061 2618 Christum
1112 2579 1311 2616 verum
1367 2565 1568 2624 Deum,
1607 2567 1664 2616 et
1715 2577 1915 2615 verum
1949 2560 2058 2615 ho-

411 2654 650 2720 minem,
683 2656 739 2706 et
768 2668 883 2706 non
915 2649 1156 2705 localem
1185 2667 1198 2713 ;
1234 2665 1338 2704 nec
1377 2650 1436 2703 in
1468 2648 1610 2705 czelo
1651 2653 1900 2713 tantum,
1955 2648 2055 2703 sed

411 2743 628 2814 ubique
676 2756 811 2796 eum
864 2755 1107 2811 regnare
1137 2755 1270 2792 cum
1311 2742 1524 2804 Patre;
1561 2755 1673 2792 non
1714 2743 1905 2791 tanien
1939 2754 2058 2791 cor-

409 2847 549 2903 pore
580 2830 881 2895 diﬂ‘usum,
917 2828 1016 2882 sed
1049 2832 1334 2899 potestate
1365 2826 1696 2894 dilatatum,
1730 2831 1794 2880 ut
1824 2826 1898 2880 sit
1919 2842 2056 2880 sen-

415 2937 524 2975 sus
557 2937 570 2973 :
605 2918 752 2989 (368)
785 2919 892 2984 Tu,
926 2916 1263 2987 quicunque
1318 2932 1400 2982 cs,
1449 2914 1658 2980 fidelis,
1716 2931 1785 2968 ne
1840 2915 2056 2968 dixeris

406 3008 463 3062 in
489 3007 660 3062 corde
691 3012 790 3062 tuo
823 3022 836 3060 :
871 3005 1011 3070 Quis
1041 3005 1318 3059 ascendet
1346 3003 1406 3058 in
1445 3003 1653 3058 coelum
1681 3004 1707 3057 ‘2
1758 3003 1950 3068 idest,
1984 3019 2056 3057 ne

411 3097 615 3152 credas
637 3094 936 3152 Christum
958 3092 1150 3149 solum
1177 3099 1353 3148 Deum
1387 3097 1598 3155 essc,et
1619 3109 1732 3146 non
1759 3091 2053 3146 hominem

408 3186 650 3254 factum,
687 3189 744 3240 et
773 3199 909 3238 eum
953 3186 1184 3238 tantum
1216 3183 1274 3237 in
1305 3182 1447 3236 coelo
1477 3181 1762 3248 habitare,
1798 3186 1854 3235 et
1881 3181 2052 3251 abys-

2174 617 2403 670 ticatur.

2246 705 2491 772 Rursus,
2525 708 2592 758 ut
2621 703 2871 774 aperiret
2906 719 3036 774 quae
3083 708 3239 758 esset
3285 705 3414 774 ejus
3462 705 3823 776 praedicatio,

2174 793 2441 862 adjunxit
2475 811 2486 848 :
2523 794 2663 860 Quia
2689 795 2739 847 si
2786 792 3099 861 conﬁtearis
3149 795 3208 848 in
3263 809 3356 848 ore
3402 801 3492 849 tuo
3522 796 3824 851 Dominum

2169 883 2373 947 Iesum,
2424 886 2476 936 et
2521 883 2579 936 in
2628 881 2788 936 corde
2831 885 2923 936 tuo
2970 881 3289 949 credideris,
3319 884 3460 953 quia
3487 885 3627 939 Deus
3655 885 3824 942 illam

2169 972 2458 1024 suscitavit
2485 987 2520 1024 a
2547 973 2804 1033 mortuis.
2836 971 3022 1024 salvus
3053 972 3181 1025 eris.

2240 1057 2511 1112 Praevidit
2556 1058 2892 1128 Apostolus,
2943 1059 3220 1129 quoniam
3272 1059 3454 1115 futuri
3500 1069 3670 1118 erant
3715 1064 3820 1135 qui

2170 1146 2466 1201 Christum
2517 1163 2614 1202 ore
2662 1150 3095 1212 confiterentur,
3131 1148 3231 1203 sed
3279 1149 3512 1204 credere
3542 1150 3772 1206 nollent
3805 1171 3818 1221 ;

2169 1235 2330 1299 item,
2382 1234 2482 1306 qui
2530 1251 2662 1290 eum
2698 1238 2869 1290 corde
2899 1237 3223 1302 crederent,
3273 1238 3375 1292 sed
3424 1244 3665 1310 propter
3693 1245 3820 1296 tor-

2170 1329 2387 1393 menta,
2420 1329 2476 1378 et
2507 1324 2795 1395 supplicia
2841 1325 3102 1379 conﬁteri
3143 1331 3516 1394 vererentur;
3568 1329 3821 1400 ideoque

2170 1417 2486 1482 utrumque
2517 1412 2694 1467 simul
2729 1413 3008 1483 posuit,id
3039 1415 3588 1484 est,credulitatem,
3623 1419 3820 1476 cordis

2169 1506 2228 1555 et
2247 1501 2366 1555 oris
2382 1501 3036 1570 confessionem,volens
3059 1504 3364 1559 ostendere
3383 1504 3521 1576 quia
3541 1511 3818 1564 neutrum

2169 1590 2296 1644 sine
2328 1594 2508 1644 altero
2541 1591 2758 1645 sufficit
2789 1592 2859 1646 ad
2886 1591 3319 1660 perfectionem.
3351 1593 3498 1650 Hinc
3528 1594 3818 1653 Dominus

2168 1678 2226 1732 in
2261 1677 2566 1747 Evangelio
2597 1679 2740 1733 dicit
2789 1695 2801 1732 :
2853 1681 2915 1734 Si
2961 1681 3084 1750 quis
3112 1683 3389 1751 confessus
3414 1684 3590 1752 fuerit
3613 1701 3704 1739 me
3729 1701 3818 1741 co-

2169 1782 2290 1820 ram
2320 1765 2657 1831 hominibus,
2689 1767 2987 1835 conﬁtebor
3016 1771 3066 1822 et
3114 1784 3206 1839 ego
3254 1784 3378 1823 eum
3429 1785 3614 1825 coram
3650 1777 3820 1829 Patre

2167 1870 2308 1920 meo,
2354 1855 2449 1923 qui
2477 1858 2555 1907 est
2586 1857 2644 1908 in
2693 1856 2839 1908 cu'lis
2889 1856 3098 1924 (Matth.
3131 1874 3188 1924 x,
3239 1859 3350 1926 32).
3384 1859 3454 1913 Et
3486 1865 3646 1926 nota,
3678 1862 3818 1932 quia

2172 1959 2288 1997 non
2317 1943 2400 1996 ait
2428 1958 2442 1998 :
2479 1943 2971 2012 Credideris,quia
3001 1949 3175 2000 natus
3206 1951 3316 2014 est,
3339 1963 3551 2017 passus
3585 1954 3644 2004 et
3661 1965 3817 2005 mor-

2169 2035 2328 2100 tuus,
2361 2031 2459 2085 sed
2493 2033 2624 2101 quia
2653 2033 2790 2087 Deus
2819 2033 2980 2086 illum
3007 2035 3292 2089 suscitavit
3319 2051 3354 2090 a
3382 2039 3631 2092 mortuis.

2246 2119 2388 2176 Nam
2421 2125 2473 2174 et
2495 2119 2705 2190 pagani
2738 2119 2906 2175 illum
2925 2126 3224 2177 mortuum
3256 2124 3524 2186 credunt.
3553 2131 3615 2181 et
3647 2128 3816 2185 nobis

2171 2207 2279 2262 hoc
2306 2224 2410 2278 pro
2442 2207 2685 2262 crimine
2711 2208 2998 2277 objiciunt
3031 2227 3043 2266 :
3077 2227 3194 2265 non
3216 2227 3350 2282 ergo
3373 2218 3573 2269 nostra
3604 2214 3736 2272 laus
3756 2217 3813 2272 in

2169 2296 2203 2350 1.
2229 2313 2277 2350 η)
2308 2301 2416 2364 est,
2451 2295 2500 2350 si
2549 2313 2680 2350 eum
2735 2302 2962 2353 tantum
3012 2305 3309 2354 mortuum
3351 2301 3672 2369 credimus,
3701 2305 3813 2360 nisi

2168 2385 2562 2447 credamus,et
2592 2386 3062 2451 resurrexisse,et
3091 2405 3196 2442 nos
3229 2388 3299 2442 ad
3322 2390 3451 2460 ejus
3480 2391 3812 2464 exemplum

2169 2478 2601 2528 resurrecturus
2633 2489 2780 2528 esse.

2239 2561 2539 2614 Mortuum
2572 2566 2853 2626 autem,et
2887 2579 2990 2617 nos
3022 2563 3626 2637 crcdimus,quoniam
3649 2568 3816 2626 aliter

2167 2666 2300 2704 eum
2333 2649 2720 2703 resurrexisse
2752 2651 2984 2706 credere
3017 2669 3129 2706 non
3155 2652 3438 2708 valemus.

2242 2737 2525 2792 Utautem
2559 2737 2778 2792 arctius
2802 2741 3258 2809 commendaret,
3293 2743 3454 2813 quia,
3487 2759 3595 2799 nec
3628 2745 3813 2802 cordis

2167 2825 2480 2880 credulitas
2511 2826 2638 2880 sine
2667 2827 2783 2880 oris
2816 2829 3197 2899 confessione,
3233 2845 3337 2885 nec
3368 2831 3488 2886 haec
3535 2832 3663 2889 sine
3691 2834 3812 2902 illa,

2167 2915 2238 2968 ad
2272 2913 2520 2968 salutem
2554 2914 2696 2968 satis
2726 2920 2834 2985 est,
2867 2917 3096 2971 addidit
3127 2935 3138 2972 :
3175 2918 3345 2974 Corde
3396 2924 3545 2974 enim
3571 2923 3814 2978 creditur

2165 3004 2234 3057 ad
2268 3005 2570 3072 justitiam,
2626 3020 2717 3059 ore
2764 3008 2945 3060 autem
2995 3009 3265 3075 confessio
3321 3009 3384 3077 ﬁt
3439 3011 3502 3065 in
3555 3013 3810 3068 salutem.

2164 3093 2385 3156 Quibus
2415 3093 2606 3146 verbis
2639 3094 2913 3160 ostendit,
2948 3095 3225 3165 quoniam
3259 3097 3358 3168 qui
3386 3098 3684 3154 Christum
3727 3119 3814 3157 ve-

2164 3197 2294 3234 rum
2327 3180 2530 3244 Deum,
2585 3185 2640 3234 et
2669 3197 2866 3235 verum
2909 3181 3207 3238 hominem
3239 3185 3411 3241 corde
3441 3188 3812 3258 creditjueti-

409 3290 544 3330 sum
577 3275 706 3342 ejus
739 3271 1046 3342 praesentia
1077 3287 1299 3326 vacare.
1333 3271 1497 3325 Unde
1529 3275 1583 3325 et
1613 3269 2048 3340 exponendo,de
2079 3255 2122 3321 C
2164 3267 2322 3322 ticari
2355 3274 2629 3337 meretur,
2661 3269 3068 3340 quia,suorum
3102 3279 3473 3342 peccatorum
3507 3255 3809 3332 remissio-

407 3379 514 3417 suo
547 3360 772 3417 addidit
801 3377 815 3415 :
849 3361 960 3416 Hoc
986 3370 1061 3414 est
1091 3360 1364 3414 Christum
1392 3359 1654 3414 deducere
1686 3375 1698 3414 :
1732 3375 1867 3412 nam
1901 3357 2048 3412 libro

405 3449 838 3508 Deuleronomii
871 3465 984 3503 non
1019 3448 1284 3504 habetur.

473 3539 750 3611 Sequitur
781 3554 794 3592 :
831 3539 935 3592 Aut
963 3540 1083 3610 quis
1112 3537 1389 3592 descendet
1419 3539 1478 3591 in
1509 3538 1764 3606 abyssum
1794 3540 1817 3588 .9
1847 3536 1907 3590 Id
1939 3541 2047 3605 est,

409 3645 481 3684 ne
541 3629 743 3683 credas
800 3644 1013 3698 purum
1055 3626 1354 3681 hominem
1386 3626 1564 3679 fuisse
1594 3640 1855 3695 passum,
1891 3642 2048 3679 mor-

405 3721 701 3786 tuumque
731 3715 803 3768 ad
837 3713 1067 3768 Inferna
1115 3711 1504 3779 descendisse,
1557 3713 1599 3766 it
1646 3712 1723 3765 ibi
1769 3729 1903 3766 eum
1959 3713 2053 3766 de-

405 3803 604 3869 tineri,
651 3801 980 3872 ccelumque
1028 3801 1156 3871 ejus
1189 3800 1500 3872 prmsentia
1552 3817 1772 3856 vacare.
1807 3800 1967 3856 Unde
1997 3805 2055 3855 et

404 3892 746 3964 exponendo
799 3889 1108 3961 subjunxit
1165 3905 1178 3944 :
1229 3889 1287 3944 Id
1315 3892 1392 3944 est
1423 3889 1705 3946 Christum
1737 3906 1770 3942 a
1827 3891 2054 3943 mortuis

405 3996 672 4036 revocare.
711 3983 840 4051 Ipse
871 3979 1008 4038 enin
1039 3993 1210 4032 verus
1245 3983 1415 4043 Deus,
1466 3982 1523 4032 et
1578 3978 1753 4032 homo
1785 3981 1892 4042 est,
1926 3977 2054 4032 ubi-

408 4085 522 4141 que
551 4073 730 4124 totus.
764 4066 971 4138 Igitur,
1003 4065 1173 4136 quasi
1203 4066 1395 4120 dicere
1423 4065 1598 4120 vellet
1653 4065 1868 4136 aliquis
1921 4082 1935 4121 :
1994 4065 2054 4120 Si

414 4155 513 4212 lex
541 4155 675 4211 ﬁdei
705 4154 897 4210 dicere
925 4153 1211 4226 prohibet,
1244 4153 1378 4224 quis
1408 4157 1683 4209 ascendet
1735 4155 1792 4208 in
1824 4154 2054 4218 oculum,

408 4251 518 4301 etc.
545 4245 572 4300 ‘I
601 4244 753 4308 Quid
785 4259 920 4315 ergo
971 4242 1308 4311 dicendum,
1352 4242 1656 4314 subjungit
1721 4242 2053 4312 Apostolus,

416 4334 616 4389 volens
641 4333 970 4398 ostendere,
1004 4332 1298 4404 quomodo
1331 4330 1550 4402 ubique
1590 4329 1665 4385 sit
1697 4335 1851 4384 totus
1883 4330 1909 4382 ‘t
1965 4330 2058 4384 sed

403 4422 532 4495 quid
582 4422 720 4478 dicit
775 4421 1280 4492 Sriptura?Prope
1335 4427 1413 4474 est
1466 4419 1689 4473 verbum
1719 4421 1777 4472 in
1821 4434 1912 4473 ore
1967 4427 2057 4474 tuo

402 4515 454 4566 et
484 4513 544 4566 in
573 4510 736 4566 corde
766 4515 860 4564 tuo
889 4511 1050 4581 (Deut
1121 4525 1252 4573 xxx,
1289 4509 1376 4577 14)
1404 4525 1416 4575 ;
1451 4499 1738 4577 ιιιιιίμιιιιιι
1790 4507 2008 4562 diceret
2041 4523 2054 4562 :

2161 3374 2291 3412 nem
2325 3357 2721 3427 consequitur.
2773 3359 2881 3412 Sed
2934 3359 3003 3412 ad
3055 3361 3370 3430 perfectam
3403 3363 3653 3420 salutem
3688 3383 3801 3421 non

2159 3445 2395 3510 sullicit,
2431 3447 2542 3500 nisi
2573 3452 2630 3500 et
2660 3464 2756 3501 ore
2782 3449 3127 3503 conﬁteatur
3159 3465 3171 3504 :
3206 3452 3485 3521 quoniam
3518 3452 3804 3510 Dominus

2161 3535 2218 3589 in
2251 3534 2560 3605 Evangelio
2591 3535 2733 3589 dicit
2785 3552 2797 3589 :
2850 3537 2956 3603 Qui
2986 3554 3070 3592 me
3099 3543 3378 3608 negaverit
3407 3557 3599 3596 coram
3625 3546 3811 3598 homi-

2158 3626 2322 3677 nibus
2370 3625 2574 3694 negabo
2624 3629 2672 3679 et
2720 3641 2822 3696 ego
2853 3642 2977 3680 eum
3008 3643 3194 3682 coram
3225 3629 3389 3684 Putre
3435 3647 3549 3686 meo
3597 3633 3812 3700 (Matth.

2159 3730 2216 3779 Χ,
2244 3713 2355 3779 33).

2232 3802 2522 3872 Scriptura
2553 3803 2699 3856 enim
2729 3802 2862 3857 dicit
2917 3821 2930 3857 :
2995 3805 3202 3869 Omnis,
3237 3809 3332 3876 qui
3360 3808 3530 3862 credit
3573 3811 3635 3864 in
3667 3826 3819 3875 eum,

2163 3906 2273 3944 non
2328 3891 2697 3958 confundetur
2742 3893 2869 3958 (Isa.
2929 3910 3126 3948 xxvm.
3182 3896 3292 3962 id).
3343 3897 3476 3960 Qua}
3527 3899 3823 3954 sententia

2170 3977 2344 4047 paulo
2381 3980 2653 4050 superius
2684 3985 2771 4034 est
2800 3982 3081 4052 exposita.
3116 3986 3250 4047 Qua:
3283 4001 3355 4038 ne
3405 3986 3552 4040 forte
3577 3987 3650 4041 de
3681 3987 3821 4042 solis

2163 4067 2383 4121 Judzeis
2413 4068 2568 4122 dicta
2600 4067 2914 4134 videretur,
2962 4076 3267 4140 propterea
3298 4073 3572 4128 subditur
3629 4091 3643 4129 :
3703 4077 3820 4130 Non

2164 4157 2313 4210 cnim
2345 4156 2630 4211 distinctio
2657 4159 2841 4213 Jutltei
2895 4163 2947 4214 et
2973 4162 3174 4215 Grteci.
3209 4161 3390 4230 Cujus
3436 4161 3544 4216 loci
3575 4181 3819 4220 sensum

2167 4244 2538 4314 coapostolus
2571 4247 2697 4314 ejus
2733 4247 2938 4302 Petrus
2968 4251 3224 4318 exponit,
3270 4249 3471 4305 dicens
3500 4267 3514 4305 :
3549 4253 3821 4318 Quoniam

2169 4334 2230 4386 in
2259 4335 2412 4387 omni
2449 4337 2628 4402 gente.
2663 4352 2754 4404 (μη
2781 4339 2936 4392 timet
2963 4341 3138 4392 Deum
3162 4346 3214 4393 et
3234 4347 3496 4408 operatur
3514 4339 3820 4410 justitiam,

2167 4431 2414 4491 acceptus
2443 4431 2520 4476 est
2555 4424 2643 4477 illi
2669 4424 2816 4493 (Act.
2849 4443 2904 4491 x,
2937 4426 3050 4496 3(3).

2238 4514 2425 4568 Quare
2456 4516 2649 4566 autem
2683 4512 2984 4568 distinctio
3015 4531 3132 4569 non
3163 4513 3241 4569 sit
3268 4515 3456 4571 Judaei
3513 4523 3570 4572 et
3619 4518 3824 4587 Graeci,

405 4598 554 4686 Quia
585 4598 850 4686 Christus
878 4597 1135 4652 Verbum
1165 4597 1262 4686 Dei
1293 4597 1483 4652 Patris
1507 4597 1722 4666 ubique
1746 4600 1901 4686 totus
1931 4601 2054 4686 est;
2091 4620 2135 4686 D
2170 4600 2442 4670 superius
2464 4600 2777 4670 Apostolus
2800 4602 3222 4668 ostendit,cum
3246 4605 3546 4674 pramissa
3567 4605 3677 4662 hac
3696 4624 3828 4663 sen-

407 4685 624 4740 idcirco
657 4689 714 4739 et
744 4685 803 4738 in
835 4701 932 4738 ore
985 4690 1106 4753 tuo,
1139 4689 1196 4738 et
1225 4685 1285 4739 in
1339 4686 1510 4740 corde
1541 4689 1640 4740 tuo
1684 4701 1697 4738 :
1745 4685 1869 4756 ipse
1897 4684 2055 4740 enim

414 4779 471 4828 et
502 4773 648 4828 bene
704 4771 1021 4844 cogitandi,
1055 4777 1111 4826 et
1142 4773 1286 4826 bene
1342 4773 1614 4842 loquendi
1649 4775 1898 4846 gratiam
1953 4773 2056 4828 tri-

406 4863 554 4918 buit.
587 4861 856 4916 Christus
891 4877 1146 4930 namque
1177 4877 1294 4914 non
1326 4860 1516 4915 solum
1549 4861 1804 4916 Verbum
1838 4867 1925 4917 est
1956 4861 2056 4916 Dei

406 4951 614 5021 Patris,
664 4951 766 5006 sed
814 4951 991 5005 etiam
1031 4947 1310 5014 charitas,
1359 4953 1417 5003 et
1456 4949 1686 5014 veritas,
1721 4955 1775 5004 et
1826 4951 2056 5022 sapien-

403 5037 506 5093 tia.
573 5039 756 5108 Igitur
786 5039 940 5095 sicut
984 5038 1106 5093 hazc
1153 5037 1371 5103 omnia,
1424 5036 1505 5092 ita
1535 5042 1590 5091 et
1620 5037 1906 5106 Christus,
1942 5056 2056 5094 non

403 5125 554 5191 loco,
587 5127 686 5181 sed
720 5127 944 5182 meritis
977 5127 1311 5182 continetur
1350 5127 1520 5196 (369).

479 5213 548 5267 Ut
579 5219 773 5268 autem
806 5216 1138 5270 ostenderet
1185 5217 1256 5270 de
1287 5232 1402 5287 quo
1434 5213 1642 5270 dixerit
1689 5217 1884 5277 verbo,
1917 5217 2056 5270 sub-

397 5300 545 5370 jecit
578 5317 593 5369 ;
625 5301 732 5357 Hoc
759 5304 835 5356 est
866 5303 1090 5357 verbum
1118 5304 1268 5374 ﬁdei,
1300 5305 1446 5375 quod
1490 5303 1887 5375 praedicamus.
1927 5307 2056 5360 Ver-

482 5515 632 5640 (367)
660 5514 841 5572 Levit.
879 5531 1038 5582 xvm,
1069 5517 1149 5586 5.,
1181 5519 1226 5572 A
1257 5518 1449 5574 Graeco
1495 5517 1745 5591 δευτερος
1776 5521 2057 5589 secunda,

485 5605 584 5640 μσς
638 5603 730 5640 ex.

414 5603 730 5736 VOES§83efKn
781 5659 976 5729 autog.
1039 5672 1223 5729 marg.
1269 5657 1362 5715 hic
1419 5660 1632 5733 legitur
1685 5678 1811 5734 cap.
1844 5661 2055 5718 XXXII.

2166 4687 2406 4742 tentiola
2450 4688 2648 4743 intulit
2683 4705 2695 4745 :
2731 4691 2922 4745 Omnes
2971 4693 3118 4746 enim
3143 4699 3531 4762 peccaverunt,
3586 4705 3641 4751 et
3670 4702 3828 4767 egent

2167 4778 2346 4843 gloria
2421 4778 2520 4831 Dei
2588 4779 2780 4848 (Item.
2859 4796 2963 4845 ιιι,
3020 4781 3146 4851 23).
3206 4781 3368 4837 Unde
3427 4782 3523 4837 hic
3583 4801 3825 4856 quoque

2167 4865 2580 4935 subiungitur:
2613 4867 2751 4920 Nam
2781 4867 2926 4922 idem
2958 4870 3227 4923 Dominus
3254 4873 3524 4940 omnium,
3553 4873 3826 4930 Christus

2167 4953 2516 5025 scilicet,qui
2539 4956 2802 5010 omnium
2830 4958 3470 5030 dominatur,quoniam
3497 4978 3600 5032 per
3625 4962 3824 5034 ipsum

2166 5042 2322 5096 facta
2349 5050 2486 5098 sunt
2517 5045 2904 5101 omnia.Dives
2931 5049 2988 5101 in
3021 5064 3205 5102 omnes
3235 5051 3336 5120 qui
3355 5051 3617 5106 invocant
3637 5054 3823 5119 illum,

2167 5132 2446 5201 quoniam
2479 5135 2753 5190 omnibus
2786 5153 2846 5190 sc
2879 5136 3287 5192 invocantibus
3319 5155 3435 5193 suae
3478 5141 3688 5210 gratiae
3720 5142 3822 5196 do-

2167 5236 2306 5273 num
2338 5219 2604 5290 largitur.
2638 5223 2784 5277 Nam
2811 5226 2917 5278 etsi
2953 5243 2985 5278 a
3009 5226 3198 5296 primo
3232 5226 3490 5293 homine,
3527 5246 3725 5302 usque
3753 5231 3823 5286 ad

2166 5325 2300 5364 eum
2333 5308 2433 5380 qui
2467 5309 2714 5365 ultimus
2745 5314 3084 5369 nasciturus
3115 5319 3224 5378 est,
3259 5332 3464 5370 omnes
3493 5319 3823 5386 crederent,

2168 5523 2407 5664 δυξέἑρ]
2421 5523 2717 5580 Potestate
2748 5526 3113 5593 scilicet,non
3139 5527 3632 5596 humanitate,uti
3654 5533 3826 5604 paulo

2351 5612 2364 5647 ι
2415 5612 2462 5649 s.

2351 5612 2462 5649 lUS.
