3942 6414
91 410 187 473 233
672 408 1086 471 EXPOSITIO
1131 410 1209 469 IN
1256 408 1686 470 EPISTOLAS
1734 410 1991 472 PAULI.
2020 443 2094 457 —-
2124 415 2201 473 IN
2248 414 2499 477 EPIST.
2546 418 2652 478 AD
2698 420 2888 484 ROM.
3373 430 3491 489 234

91 540 337 631 omnibus
380 539 627 631 haberet
676 542 833 614 quod
885 542 1169 598 tribueret
1201 561 1213 597 :
1251 559 1386 597 nam
1437 559 1555 614 quo
1604 559 1730 597 am-
1760 544 1813 609 Α
1845 543 1936 598 Sic
1965 549 2022 599 et
2051 546 2160 601 hoc
2191 546 2316 603 loco
2341 566 2354 603 :
2381 549 2646 619 praevidit
2673 552 2831 607 enim
2853 557 3093 611 sanctus
3116 556 3296 614 Isaias
3326 558 3493 631 spiri-

91 629 222 701 plius
249 627 452 684 tribuit
479 633 642 685 tanto
670 631 860 702 magis
899 632 1187 687 abundat.
1840 632 2056 687 talibus
2079 636 2263 691 oculis
2285 638 3050 712 praedicatoresingentibus
3067 627 3489 714 discurrentes,

149 716 576 809 Volensautem
610 720 953 791 prophetico
985 720 1328 775 testimonio
1352 721 1502 791 (Joel.
1538 738 1600 786 ιι,
1624 721 1726 788 32;
1839 727 1896 776 et
1926 723 2273 781 admirando
2306 726 2575 783 dicebat:
2600 729 2775 797 Quam
2804 734 3035 804 speciosi
3060 734 3220 805 pedes
3247 751 3491 809 evange-

90 811 190 864 Act.
246 824 301 874 ιι,
351 806 444 875 21)
496 810 882 879 comprobare
935 810 1088 881 quod
1146 810 1389 879 dixerat,
1441 810 1669 865 addidit
1712 826 1724 867 :
1841 811 2136 867 iisunlium
2164 821 2394 884 pacem!
2427 818 2606 873 Pedes
2629 822 2825 875 autem
2858 838 2976 877 non
3008 824 3357 894 corporales,
3390 806 3493 882 sed

94 898 255 954 Omnis
298 898 453 952 enim
503 899 815 970 quicunque
858 899 1197 955 invocaverit
1245 915 1443 954 nomen
1491 900 1727 968 Domini,
1840 900 2132 971 spiritales
2164 901 2487 976 intelligere
2511 906 2795 962 debemus
2826 926 2839 964 :
2873 908 3049 966 habet
3065 911 3223 966 enim
3253 912 3496 969 interior

90 988 249 1043 salvus
274 988 400 1042 erit.
427 986 654 1058 Omnis,
688 987 851 1053 dicit,
883 988 940 1042 id
971 994 1082 1055 est,
1108 993 1225 1043 tam
1256 988 1517 1053 Judzeus,
1552 1005 1729 1060 quam
1842 989 2019 1055 homo
2049 1007 2189 1046 suos
2222 993 2421 1063 pedes,
2454 995 2609 1050 sicut
2657 1001 2713 1052 et
2744 1014 2919 1053 nares
2947 1003 3003 1054 et
3054 999 3277 1058 oculos.
3310 1002 3494 1059 Pedes

92 1074 317 1148 gentilis.
354 1075 648 1132 Invocatio
698 1080 919 1143 autem,
955 1094 1069 1132 non
1122 1076 1221 1133 illa
1250 1077 1593 1149 accipienda
1621 1081 1731 1145 est,
1841 1094 1977 1151 ergo
2004 1080 2174 1150 justi,
2198 1086 2340 1136 sunt
2368 1084 2661 1154 spiritales
2679 1086 2940 1157 all'eotus,
2964 1092 3021 1144 et
3040 1093 3245 1145 sancta
3265 1091 3494 1147 deside-

90 1182 198 1237 qua
226 1164 416 1220 verbis
446 1169 701 1235 tantum,
738 1169 797 1220 et
829 1182 944 1220 non
999 1164 1276 1237 operibus
1304 1170 1554 1235 tenetur,
1583 1183 1731 1237 quo-
1844 1167 1950 1234 ria,
1984 1168 2201 1238 quibus
2252 1173 2661 1241 praedicatores
2691 1175 2956 1246 gentium
2986 1176 3239 1234 salutem
3267 1179 3496 1236 deside-

90 1254 229 1309 niam
261 1255 543 1309 Dominus
587 1255 647 1309 in
680 1254 990 1327 Evangelio
1037 1254 1179 1310 dicit
1214 1273 1225 1310 :
1262 1255 1379 1309 Non
1408 1257 1606 1321 omnis,
1639 1256 1735 1327 qui
1844 1257 2069 1311 rabant.
2105 1258 2215 1313 Sed
2247 1259 2305 1313 hi
2340 1261 2534 1330 pedes,
2568 1280 2740 1333 quem
2773 1264 2927 1321 viam
2957 1265 3497 1325 ambulant?lllam

88 1343 202 1398 dicit
228 1342 389 1411 mihi,
416 1343 665 1414 Domine,
690 1344 945 1411 Domine,
963 1343 1197 1398 intrabit
1228 1345 1286 1397 in
1318 1360 1546 1415 regnum
1568 1345 1736 1399 cwlo-
1844 1344 2086 1413 scilicet,
2119 1362 2245 1416 quae
2291 1348 2362 1401 de
2410 1365 2473 1403 se
2502 1348 2644 1404 dicit
2676 1368 2689 1404 :
2724 1352 2833 1419 Ego
2878 1370 3004 1408 sum
3049 1371 3163 1425 via,
3194 1357 3417 1428 veritas,
3447 1363 3502 1412 et

86 1449 216 1501 rum,
244 1431 333 1487 sed
366 1433 467 1502 qui
494 1433 630 1503 [acii
646 1432 992 1487 voluntatem
1008 1433 1197 1487 Patris
1225 1434 1358 1499 mei,
1383 1432 1478 1504 qui
1507 1434 1567 1487 in
1588 1433 1735 1487 caelis
1844 1434 1957 1488 vita
1986 1434 2172 1505 (Joan.
2205 1452 2319 1503 xxv,
2353 1437 2429 1507 6).
2462 1437 2670 1493 Pacem
2714 1438 2879 1495 illam
2909 1441 3073 1509 dicit,
3100 1443 3172 1498 de
3203 1458 3321 1515 qua
3349 1444 3500 1500 scri-

84 1531 167 1592 est,
191 1523 301 1594 ipse
327 1521 567 1577 intrabit
597 1522 657 1576 in
684 1528 934 1592 'regnum
965 1521 1224 1577 certorum
1252 1521 1457 1605 (Matth.
1489 1539 1587 1589 vn,
1619 1522 1734 1590 21).
1846 1526 2012 1593 ptum
2047 1528 2137 1577 est
2168 1540 2181 1578 :
2218 1523 2464 1580 Christus
2492 1532 2574 1581 est
2602 1543 2717 1597 pax
2744 1536 2949 1596 nostra,
2972 1531 3070 1601 qui
3096 1533 3229 1601 fecit
3257 1537 3505 1604 utraque

86 1610 273 1667 Omnis
300 1626 443 1683 ergo
470 1610 809 1682 quicunque
841 1609 1199 1665 inrocaverit
1226 1610 1418 1667 verbis
1448 1610 1648 1676 simul,
1682 1614 1739 1666 et
1847 1627 2023 1665 unum
2055 1612 2272 1684 (Ephes.
2305 1630 2366 1683 ιι,
2404 1614 2514 1687 14).
2936 1682 2941 1687 Α

86 1699 345 1772 operibus
378 1714 597 1755 nomen
630 1698 885 1770 Domini,
918 1699 1116 1756 salvus
1147 1699 1277 1755 erit.
1920 1699 2129 1771 Igitur,
2161 1704 2226 1755 ut
2255 1703 2589 1759 ostenderet
2619 1705 2761 1776 quid
2809 1707 2888 1762 sit
2933 1707 3337 1781 Evangelium,
3370 1708 3506 1765 sub-

149 1788 339 1845 Genus
372 1789 591 1861 quippe
617 1787 948 1844 humanum
972 1787 1281 1861 originalis
1311 1788 1531 1861 peccati
1568 1804 1737 1861 mag-
1843 1787 2043 1859 junxit
2075 1806 2088 1845 :
2140 1790 2655 1860 Euangelizantium
2709 1794 2866 1849 bona.
2917 1795 3297 1869 Evangelium
3356 1796 3506 1870 (372)

88 1893 154 1932 na
182 1876 419 1933 miseria
449 1875 848 1950 premebatur,
881 1881 939 1933 et
987 1876 1185 1932 divina
1213 1876 1622 1933 misericordia
1650 1876 1739 1931 in-
1770 1914 1821 1980 Β
1851 1876 2067 1948 quippe
2113 1876 2318 1933 Latino
2369 1895 2638 1935 sermone
2690 1882 2891 1937 bonum
2936 1885 3202 1939 nuntium
3228 1884 3458 1941 dicitur
3489 1902 3503 1941 :

88 1965 329 2038 digebat,
360 1981 428 2021 ac
462 1982 564 2037 per
593 1965 701 2021 hoc
731 1965 1018 2038 propheta
1046 1971 1283 2038 tempus
1314 1966 1511 2038 gratiae
1543 1965 1743 2038 praevi-
1771 1965 1820 1980 "
1850 1982 1989 2021 nam
2020 1967 2174 2021 bona
2204 1967 2471 2036 nuntiat;
2502 1968 2679 2025 vitam
2705 1970 2927 2026 scilicet
2955 1976 3089 2044 post
3110 1976 3383 2045 mortem,
3415 1989 3506 2031 re-

91 2054 245 2123 dens,
277 2053 511 2110 dicebat
545 2072 557 2109 :
594 2054 779 2110 Omnis
829 2056 1139 2128 quicunque
1182 2057 1513 2111 invocaverat
1542 2070 1739 2110 nomen
1852 2052 2049 2125 quiem
2082 2060 2213 2127 post
2241 2055 2527 2127 laborem,
2561 2059 2809 2130 patriam
2840 2065 2974 2132 post
2997 2061 3290 2118 exsilium.

86 2144 319 2214 Domini,
353 2144 539 2199 salvus
568 2146 678 2198 erit
709 2144 862 2215 (Joel.
894 2161 957 2211 ιι,
990 2144 1103 2211 3'3).
1922 2142 2165 2210 Verum,
2199 2146 2337 2215 quia
2385 2163 2501 2202 non
2551 2147 2816 2204 omnium
2866 2153 2957 2204 est
2998 2150 3166 2215 ﬁdes,
3207 2157 3510 2222 propterea

152 2231 469 2305 Apostolus
500 2236 699 2287 autem
730 2232 839 2288 hoc
872 2231 1284 2288 testimonium
1317 2233 1389 2288 ad
1435 2250 1742 2288 commen-
1855 2231 2133 2286 subditur
2166 2249 2178 2287 :
2212 2233 2316 2287 Sed
2344 2250 2455 2290 non
2481 2250 2667 2291 omnes
2696 2236 2959 2293 obedzunt
2986 2239 3306 2311 Evangelia.
3339 2239 3511 2295 Vide-

84 2321 378 2377 dationem
430 2321 629 2394 gratia:
661 2320 767 2377 Dei
814 2321 1032 2394 posuit,
1064 2320 1267 2377 volens
1299 2323 1604 2378 ostendere
1635 2322 1743 2377 hoc
1854 2319 2011 2385 licet,
2046 2319 2185 2391 quia
2216 2338 2333 2377 non
2389 2339 2593 2379 omnes
2626 2325 2891 2380 credunt.
2928 2326 3107 2383 Isaias
3158 2328 3307 2384 enim
3334 2327 3515 2384 dicit:

84 2426 193 2464 non
222 2408 420 2465 solum
453 2410 525 2465 de
563 2397 801 2477 Iudaeis,
838 2411 939 2465 sed
991 2409 1166 2465 etiam
1198 2410 1267 2465 de
1298 2410 1571 2482 gentibus
1623 2410 1742 2465 dic-
1854 2409 2103 2476 Domine,
2136 2412 2262 2481 quis
2310 2411 2541 2467 credidit
2585 2413 2809 2469 auditui
2837 2415 3065 2472 nostro?
3105 2417 3259 2489 (Isai.
3292 2432 3412 2488 LIII,
3446 2417 3471 2471 1
3500 2433 3516 2486 ;

83 2502 229 2554 tum.
264 2498 510 2571 PrOpter
541 2497 725 2570 igitur
768 2498 954 2554 oratio
989 2498 1296 2554 Dominica
1342 2499 1497 2554 facta
1537 2502 1647 2567 est,
1681 2504 1747 2554 ut
1854 2502 2021 2554 Joan.
2052 2515 2157 2565 χιι,
2190 2498 2304 2569 38.)

86 2585 365 2642 homines
395 2585 738 2655 invocando,
774 2592 830 2643 et
861 2588 1083 2643 orando
1118 2586 1438 2642 salvantur.
1931 2586 2060 2653 Quis
2092 2586 2409 2658 aliquando
2439 2605 2545 2660 pro
2576 2589 2924 2646 difﬁcultate
2951 2592 3212 2663 ponitur,
3236 2595 3303 2647 ut
3331 2591 3515 2666 illud]:

147 2674 304 2729 Illud
339 2678 533 2731 autem
560 2676 886 2747 sciendum,
908 2675 1237 2748 quiamulti
1268 2679 1455 2741 erant,
1475 2676 1575 2748 qui
1597 2676 1747 2732 dice-
1860 2676 1994 2743 Quis
2024 2677 2084 2729 in
2114 2677 2352 2732 nubibus
2381 2677 2696 2747 aequabitur
2724 2680 2957 2735 Domino
2977 2680 3005 2734 ‘?
3030 2680 3211 2752 (Psal,
3245 2696 3517 2750 Lxxxvm,

85 2764 224 2819 bant
253 2764 641 2837 Evangelium
690 2764 832 2820 solis
860 2765 1083 2821 Judazis
1127 2782 1255 2821 esse
1285 2765 1745 2837 prcedicandum,
1858 2766 1938 2836 7.)
1972 2764 2113 2819 Item
2148 2780 2161 2818 :
2193 2766 2327 2833 Quis
2370 2768 2579 2822 similis
2624 2768 2732 2823 Deo
2777 2769 2927 2823 inter
2964 2769 3108 2839 ﬁlios
3150 2768 3293 2824 Dei?
3322 2768 3521 2841 (Exodi

81 2868 331 2923 quorum
355 2869 615 2909 errorem
639 2859 703 2908 ut
719 2854 1048 2909 destrueret
1067 2852 1381 2925 Apostolus
1407 2854 1745 2923 subjunxit:
1858 2870 1948 2919 xv,
1995 2853 2108 2925 11.)
2139 2854 2515 2924 (subauditur
2542 2855 2722 2925 enim,
2757 2856 3003 2929 nullus.)
3035 2856 3362 2929 Aliquando
3384 2874 3519 2913 vero

81 2941 362 3010 Quomodo
397 2958 528 3012 ergo
558 2944 909 3013 invocabant,
942 2944 999 2997 in
1033 2959 1190 3014 quem
1216 2959 1326 2997 non
1355 2943 1750 2998 crediderunt?
1859 2959 1964 3014 pro
1997 2942 2258 3008 raritate,
2308 2948 2373 2999 ut
2427 2945 2537 3000 hoc
2583 2944 2746 3011 loco;
2798 2945 2960 3013 item,
2995 2947 3127 3015 Quis
3173 2946 3429 3004 ascendet
3459 2948 3519 3002 in

80 3030 220 3101 (370)
253 3032 490 3096 Quibus
519 3032 714 3087 verbis
735 3032 1034 3087 evidenter
1064 3032 1319 3086 ostendit
1340 3031 1750 3104 praedicatores
1860 3035 2100 3085 montem
2132 3032 2406 3086 Domini?
2433 3033 2605 3101 (Psal.
2638 3049 2801 3098 xxm,
2828 3033 2910 3104 3.)
2942 3036 3052 3087 etc.

82 3119 254 3173 etiam
273 3121 349 3175 ad
372 3124 579 3191 gentes
597 3120 849 3175 directos
874 3137 887 3185 ;
914 3119 1080 3174 aliter
1103 3120 1259 3173 enim
1284 3135 1399 3173 non
1424 3120 1747 3185 crederent,
1932 3118 2283 3173 Prazviderat
2312 3135 2525 3190 nempe
2574 3123 2814 3175 sanctus
2859 3121 3147 3192 propheta
3194 3136 3414 3193 paucos
3443 3122 3516 3177 ad

79 3210 131 3261 et
158 3207 501 3264 invocando
551 3225 666 3263 non
719 3206 1088 3261 salvarentur
1118 3206 1286 3277 (371).
1344 3207 1589 3277 Propter
1639 3206 1750 3261 hoc
1797 3276 1827 3281 _
1865 3205 2339 3278 praedicationem
2364 3205 2762 3276 apostolorum
2793 3208 3157 3276 credituros;
3190 3207 3438 3281 ideoque
3459 3207 3520 3265 in

78 3294 271 3368 itaque
304 3297 539 3353 factum
563 3301 654 3351 est
678 3295 1113 3366 symbolum,ut
1132 3276 1752 3364 homines,credendo,
1785 3276 1828 3342 (ἶ
1865 3276 2003 3350 voce
2032 3294 2298 3367 ipsorum
2350 3294 2579 3349 dicebat
2610 3313 2623 3351 :
2654 3297 2907 3364 Domine,
2942 3298 3065 3368 quis
3102 3276 3519 3354 credidit-audi-

78 3388 127 3439 et
154 3385 500 3442 invoeando
550 3384 940 3439 salvarentur.
972 3389 1037 3437 In
1086 3382 1178 3436 his
1203 3382 1361 3436 enim
1395 3383 1625 3437 duobus
1658 3382 1761 3438 illa
1866 3386 1956 3439 tui
1983 3388 2172 3438 nostro
2202 3383 2229 3436 ‘?
2260 3386 2349 3450 (ac
2380 3382 2428 3437 si
2463 3383 2699 3450 diceret,
2734 3388 3056 3455 perrarus.)

81 3474 182 3530 tria
210 3474 634 3537 continentur,
661 3472 828 3543 ﬁdes,
863 3474 1095 3542 spes,et
1126 3469 1384 3524 charitas
1417 3487 1429 3524 :
1464 3470 1609 3525 ﬁdes
1633 3487 1756 3526 cre-
1938 3472 2031 3537 Et,
2066 3472 2206 3542 quia
2236 3470 2497 3525 dixerat:
2532 3471 2765 3527 Auditui
2791 3473 3045 3544 credidit,
3060 3478 3365 3546 propterea
3387 3473 3525 3530 sub-

86 3562 177 3631 dit,
210 3579 389 3635 spes,
428 3565 487 3616 et
535 3559 794 3615 charitas
847 3564 1016 3615 orant
1046 3574 1274 3625 verum,
1306 3559 1444 3630 quia
1488 3558 1598 3613 illae
1632 3559 1760 3614 sine
1862 3560 2068 3631 jungit
2101 3577 2113 3615 :
2149 3562 2288 3628 Ergo
2317 3559 2449 3630 ﬁdes
2501 3576 2574 3615 ea:
2624 3562 2836 3616 auditu.
2870 3560 3080 3618 Nullus
3127 3563 3286 3618 enim
3317 3562 3522 3627 credit,

88 3652 193 3707 ﬁde
226 3667 372 3708 esse
406 3666 527 3705 non
557 3652 827 3720 possunt,
857 3652 914 3703 et
943 3648 1065 3702 haec
1095 3664 1230 3703 cum
1264 3646 1379 3702 illis
1413 3652 1559 3703 orat.
1873 3648 1985 3703 nisi
2018 3648 2238 3703 audiat.
2274 3649 2477 3719 Igitur,
2511 3649 2649 3720 quia
2678 3650 2917 3706 auditus
2948 3667 3066 3706 non
3097 3654 3186 3708 est
3214 3667 3285 3707 ex
3314 3650 3522 3721 nihilo,

152 3741 225 3798 Ut
252 3745 469 3798 autem
500 3738 725 3794 arctius
749 3738 1020 3809 probaret
1050 3736 1227 3793 etiam
1251 3738 1321 3793 ad
1344 3742 1549 3809 gentes
1576 3736 1757 3792 desti-
1870 3739 1970 3792 sed
2002 3737 2253 3807 alicujus
2282 3737 2364 3792 rei
2390 3742 2481 3793 est
2512 3755 2715 3807 sonus,
2735 3743 3042 3810 propterea
3070 3739 3345 3796 subditur
3377 3755 3390 3795 :
3417 3738 3527 3794 Au-

90 3835 253 3886 natos
287 3827 625 3902 apostolos,
658 3832 974 3899 postquam
1005 3826 1207 3887 intulit
1235 3842 1248 3879 :
1287 3826 1558 3894 Quomodo
1573 3831 1757 3881 autem
1868 3828 2026 3883 ditus
2055 3831 2263 3891 autem,
2290 3843 2392 3897 per
2420 3827 2643 3881 verbum
2686 3828 2787 3883 Dei
2815 3828 2985 3901 (373),
3015 3828 3073 3884 id
3106 3833 3215 3898 est,
3249 3844 3353 3901 per
3380 3827 3523 3885 doc-

86 3919 305 3975 credent
333 3920 417 3986 ei,
452 3932 615 3988 quem
656 3932 769 3971 non
799 3914 1145 3971 audierunt?
1185 3915 1409 3986 Adjecit
1440 3933 1453 3971 :
1489 3914 1760 3983 Quomodo
1868 3916 2087 3971 trinam
2117 3919 2172 3969 et
2204 3914 2676 3987 praedicationem
2707 3916 2832 3972 Dei.

87 4017 266 4064 autem
298 4006 543 4064 audient
570 4006 689 4061 sine
721 4005 1062 4077 praedicante
1082 4005 1109 4059 ?
1160 4004 1431 4073 Quomodo
1458 4020 1587 4060 vero
1616 4019 1759 4075 praz-
1940 4003 2169 4060 Diceret
2200 4004 2344 4059 forte
2375 4004 2445 4059 ad
2482 4004 2606 4060 haec
2655 4004 2871 4076 aliquis
2902 4021 2917 4061 :
2952 4006 3060 4069 Qui
3109 4022 3225 4061 non
3253 4005 3523 4074 credunt,

83 4098 364 4166 dicabant,
399 4097 525 4152 nisi
553 4097 854 4151 mittantur
878 4095 906 4151 ?
952 4094 1012 4150 Si
1043 4094 1202 4150 enim
1237 4094 1307 4149 ad
1360 4098 1558 4165 gentes
1590 4094 1761 4150 missi
1871 4093 2011 4165 quia
2050 4109 2164 4147 non
2194 4091 2529 4161 audierunt,
2562 4098 2869 4165 propterea
2898 4110 3015 4150 non
3046 4095 3316 4151 credunt.
3347 4096 3433 4150 Ob
3463 4094 3523 4151 id

88 4203 198 4244 non
227 4191 443 4245 essent
471 4185 907 4258 praedicatores,
930 4201 1046 4239 non
1080 4183 1163 4239 eis
1196 4183 1618 4255 praedicarent;
1643 4182 1760 4238 illis
1871 4182 2181 4253 subjungit
2208 4181 2556 4253 Apostolus:
2579 4182 2684 4237 Sed
2710 4181 2833 4239 dico
2864 4201 2883 4239 :
2912 4184 3172 4255 Nunquid
3201 4199 3309 4240 non
3339 4183 3529 4241 audie-

88 4292 196 4332 non
229 4274 727 4350 praedicantibus,
762 4278 966 4347 gentes
1018 4290 1131 4328 non
1164 4273 1475 4340 audirent;
1508 4289 1623 4328 non
1655 4290 1761 4328 au-
1871 4272 2055 4327 runt?
2084 4273 2148 4326 Et
2178 4270 2396 4341 quidem
2427 4274 2487 4326 in
2517 4287 2737 4327 omnem
2766 4280 2979 4328 terram
3020 4275 3193 4329 exivit
3227 4289 3393 4330 sonus
3435 4289 3528 4330 eo-

92 4364 340 4434 dientes,
375 4380 763 4436 nequaquam
806 4363 1128 4429 crederent,
1164 4379 1278 4416 non
1325 4362 1627 4419 credentes
1659 4378 1762 4417 au-
1874 4378 2019 4431 rum,
2050 4367 2101 4415 et
2128 4362 2186 4414 in
2217 4360 2354 4428 fines
2383 4359 2531 4415 orbis
2558 4367 2723 4416 terra
2752 4362 2920 4416 verba
2945 4376 3133 4416 eorum
3164 4362 3334 4431 (Psat.
3367 4376 3526 4430 xvm,

90 4457 226 4523 tem,
256 4454 610 4510 nullatenus
635 4453 992 4521 invocarent,
1024 4456 1081 4505 et
1111 4450 1496 4506 salvarentur.
1517 4450 1640 4506 Non
1674 4466 1763 4505 er-
1872 4452 1950 4517 5).
1981 4452 2061 4505 Ac
2092 4448 2141 4504 si
2190 4452 2387 4519 aperte
2436 4448 2726 4503 diceretur
2758 4465 2771 4504 :
2806 4447 2864 4502 Si
2915 4448 2977 4502 in
3026 4464 3260 4504 omnem
3308 4452 3528 4505 terram

94 4559 160 4615 go
192 4544 495 4614 gentium,
528 4543 627 4597 sed
678 4542 807 4613 ejus
840 4546 996 4596 esset
1026 4539 1218 4611 culpa,
1252 4538 1352 4610 qui
1403 4556 1518 4594 non
1585 4538 1765 4594 desti-
1875 4538 2049 4594 exivit
2078 4552 2260 4592 sonus
2291 4550 2515 4601 eorum,
2539 4538 2597 4591 et
2624 4535 3058 4591 verbaillorum
3081 4536 3350 4609 usquein
3382 4538 3532 4594 ﬁnes

99 4634 320 4689 naverit
350 4631 794 4706 praedicatores.
1800 4647 1850 4709 ι)
1878 4626 2038 4683 orbis
2070 4625 2445 4689 devenerunt,
2478 4623 2582 4692 illi,
2608 4623 2708 4695 qui
2741 4624 2801 4680 in
2833 4626 3027 4681 medio
3057 4625 3533 4700 fuerunt,utique

163 4722 299 4790 Sed,
353 4721 569 4777 volens
621 4719 929 4776 ostendere
979 4719 1118 4791 quia
1162 4722 1217 4773 et
1265 4717 1466 4773 directi
1521 4719 1680 4785 sunt,
1717 4720 1773 4772 et
1882 4715 2217 4771 audierunt.

101 4818 299 4881 gentes
331 4809 639 4867 credendo
693 4810 1126 4875 invocaverunt,
1158 4812 1216 4863 et
1247 4809 1416 4862 salvae
1443 4807 1602 4861 factm
1634 4809 1775 4860 sunt
1956 4806 2025 4860 Et
2054 4807 2193 4858 nota
2222 4802 2367 4873 quia
2399 4803 2551 4859 sicut
2580 4802 2696 4872 hic,
2729 4808 2786 4860 et
2814 4803 2873 4859 in
2901 4804 3288 4876 sequentibus
3316 4805 3537 4860 inveni-

100 4900 321 4958 addidit
353 4899 780 4957 testimonium
816 4898 974 4954 Isaia)
1007 4896 1256 4953 dicentis
1291 4913 1304 4951 :
1337 4900 1516 4966 Quam
1546 4897 1777 4967 speciosi
1886 4911 2039 4960 mus,
2064 4892 2356 4964 prophetae
2377 4892 2568 4950 verbis
2596 4893 2872 4965 praeteriti
2893 4892 3175 4965 temporis
3203 4897 3452 4948 utuntur
3473 4893 3534 4948 in

100 4991 258 5059 pedes
290 4989 812 5061 evangelimntium
838 5004 1021 5060 pacem
1048 4992 1066 5041 !
1114 4988 1243 5059 (Isa.
1280 5004 1376 5054 LII,
1407 4988 1480 5053 7;
1536 4985 1771 5040 Nahum.
1884 4984 2060 5038 rebus
2092 4982 2324 5047 futuris,
2358 4984 2636 5053 quoniam
2660 4985 2839 5037 ﬁxum
2860 4981 3230 5037 immutabile
3250 4997 3379 5037 esse
3400 4997 3540 5054 pra:-

103 5094 137 5148 ι¹
170 5080 284 5153 15.)
1885 5072 2180 5139 videbant,
2213 5072 2366 5142 quod
2400 5072 2661 5127 futurum
2697 5088 2823 5126 esse
2855 5069 3267 5142 praedicabant.

175 5174 355 5238 Quam
383 5165 689 5243 particula
713 5165 1063 5240 plerumque
1096 5182 1199 5237 pro
1250 5164 1642 5220 admiratione
1674 5180 1775 5235 po-
1960 5162 2164 5233 Igitur,
2200 5178 2270 5215 ne
2303 5162 2437 5232 quis
2469 5161 2686 5216 diceret
2739 5164 2977 5233 propter
3006 5159 3113 5215 hoc
3158 5160 3392 5215 Judaaos
3422 5175 3538 5215 non

108 5258 284 5327 nitur,
319 5263 387 5315 ut
419 5262 518 5315 est
545 5254 711 5311 illud.
749 5256 925 5325 Quam
953 5255 1221 5309 amabilia
1253 5258 1385 5309 sunt
1414 5250 1779 5307 tabernacula
1889 5250 2225 5317 credidisse,
2261 5250 2562 5321 quoniam,
2597 5249 2734 5305 licet
2761 5248 3075 5315 audierint,
3109 5265 3223 5304 non
3258 5264 3540 5322 cognove-

119 5351 228 5417 tua,
275 5350 575 5405 Domine!
626 5346 800 5417 (Psal.
850 5362 1080 5411 Lxxxm,
1130 5345 1212 5412 ‘2.)
1265 5343 1409 5398 Item
1446 5344 1539 5399 :0
1585 5341 1778 5407 Israel,
1891 5346 2048 5405 runt,
2074 5344 2380 5411 propterea
2402 5339 2709 5409 subjungit
2728 5337 3329 5409 Apostolus:Seddico
3350 5356 3369 5392 :
3389 5336 3541 5393 Nun-

117 5453 272 5507 quam
302 5453 524 5509 magna
573 5434 873 5490 estdomus
920 5434 1182 5489 Domini!
1230 5430 1489 5503 (Daruch.
1552 5447 1635 5499 ιιι,
1665 5429 1782 5500 24.)
1891 5430 2021 5501 quid
2049 5429 2219 5484 Israel
2249 5444 2355 5482 non
2406 5427 2699 5498 cognovit?
2727 5427 2939 5484 Volens
2986 5431 3183 5483 autem
3214 5427 3541 5496 ostendere,

184 5563 332 5633 (370)
365 5561 480 5617 Hic
514 5559 572 5614 in
609 5574 794 5631 marg.
830 5561 1025 5629 autog.
1052 5556 1267 5634 legitur
1297 5572 1423 5634 cap.
1456 5552 1709 5634 XXXIII.
1771 5627 1781 5634 _
2143 5552 2203 5634 In
2236 5556 2432 5634 autog.
2465 5553 2982 5634 eiyangeligantium:
3053 5621 3086 5634 η

205 5622 331 5707 371)
365 5638 432 5689 In
471 5637 674 5707 autog.
720 5622 1237 5707 sanarentvunfsod
1272 5622 1641 5707 solverentur
1672 5625 1784 5707 legi
1901 5700 1910 5707 Α
1967 5622 2112 5695 (3’73)
2145 5622 2316 5707 Vulg.
2352 5625 2557 5707 Chriin
2636 5626 2737 5707 sed
2789 5623 2915 5680 aliae
2958 5622 3238 5679 lectiones
3268 5636 3402 5677 cum
3434 5636 3545 5676 an-

119 5696 575 5765 deberecertum
596 5696 698 5759 ﬁet
716 5720 784 5759 ex
801 5702 1049 5775 his,quaa
1072 5700 1410 5758 immediate
1431 5696 1782 5773 sequuntur.
1894 5700 2014 5770 tog.
2048 5698 2246 5753 nostro
2278 5696 2674 5754 consentiunt.

446 5835 718 5892 ΡΑτιιοι..
765 5829 1086 5893 CXXXIV.

3190 5816 3228 5895 8
