3942 6404
346 401 463 461 235

1371 401 1708 463 ATTONIS
1752 403 2335 468 VERCELLENSIS
2381 407 2731 472 EPISCOPI

3636 421 3761 482 236

348 532 489 603 quia
517 535 573 588 et
593 532 923 603 audierunt,
944 537 1001 590 et
1019 539 1445 606 cognoverunt;
1475 506 1577 589 sed
1599 541 1832 608 prOpter
1852 554 1989 609 gen-
2024 541 2072 606 Α
2101 556 2203 611 per
2228 543 2629 616 semetipsum,
2654 545 2861 601 deinde
2884 563 2986 619 per
3006 549 3335 619 apostolos:
3367 550 3469 607 sed
3490 550 3577 608 illi
3602 569 3763 609 nun-

346 617 541 674 tilium
600 619 982 692 invidentiam
1032 624 1264 678 credere
1321 623 1656 695 noluerunt,
1717 627 1988 683 addidit:

341 708 573 762 Primus
614 712 830 780 Moyses
877 711 1011 766 dicit
1039 729 1058 766 :
1090 713 1202 782 Ego
1231 712 1299 766 ad
1327 714 1739 770 aemulationem
1783 732 1870 771 vos
1898 717 1991 771 ad-

2100 645 2278 699 quam
2327 633 2722 689 crediderunt.
2776 635 2941 691 Unde
2990 638 3267 694 continuo
3319 641 3644 697 subditur:
3678 642 3765 698 Ad

2096 719 2360 788 populum
2390 738 2497 775 non
2514 724 2839 779 credentem.
2872 726 2939 780 Et
2962 726 3102 798 quia
3125 744 3242 783 non
3276 727 3469 785 solum
3492 746 3611 786 non
3638 747 3763 787 cre-

342 794 539 850 ducam
595 798 658 851 in
702 815 814 855 non
857 805 1116 870 gentem;
1146 803 1207 855 in
1252 810 1469 869 gentem
1518 804 1897 874 insipientem,
1929 807 1989 860 in
2099 806 2392 876 diderunt,
2446 812 2547 865 sed
2597 813 2773 868 etiam
2842 832 3135 886 praecones
3202 818 3402 889 gratiae
3462 821 3762 891 persecuti

341 883 486 939 iram
514 900 605 941 vos
634 889 851 944 mittam
878 892 1059 958 (Deut.
1095 908 1268 959 xxxn,
1300 893 1364 945 21
1398 916 1412 959 ;
1452 897 1607 948 Rom.
1642 911 1697 960 x,
1733 896 1841 964 19).

2099 901 2257 964 sunt,
2293 915 2425 953 mox
2472 901 2707 955 additur
2738 919 2751 957 :
2785 904 2850 957 Et
2897 905 3363 962 contradicentem
3393 907 3555 965 mihi.
3589 910 3760 982 Mag-

411 992 720 1049 JEmulatio
749 995 1059 1066 aliquando
1076 1014 1181 1068 pro
1208 998 1534 1054 imitatione
1553 1001 1806 1070 ponitur,
1837 1001 1935 1055 εἱσι

2127 1001 2241 1039 ium
2274 988 2489 1059 quippe
2520 990 2763 1061 malum,
2801 997 2887 1046 est
2938 1011 3054 1048 non
3086 997 3340 1067 credere,
3392 998 3492 1052 sed
3527 998 3757 1054 incom-

341 1084 432 1134 est
460 1098 474 1137 :
508 1083 873 1139 /Emulamini
899 1086 1233 1141 charismata
1261 1089 1495 1142 meliora
1524 1089 1571 1159 (Ι
1602 1089 1720 1144 Cor.
1746 1106 1846 1159 xu,
1870 1090 1983 1157 31).

338 1167 669 1240 Aliquando
700 1188 802 1245 pro
822 1173 941 1229 zelo
973 1174 1297 1241 invidize,ut
1328 1175 1435 1231 hoc
1466 1176 1728 1247 loco,non
1747 1182 1983 1247 gentem,

338 1258 622 1330 populum
642 1267 809 1317 vocat
829 1263 1129 1333 gentilem,
1159 1266 1260 1335 qui
1282 1267 1559 1321 recedens
1591 1284 1623 1321 a
1656 1271 1768 1321 Deo
1799 1265 1986 1321 colen-

336 1346 431 1416 do,
465 1364 680 1406 nomen
710 1351 900 1422 gentis
928 1353 1152 1420 amisit,
1182 1357 1238 1408 et
1266 1354 1555 1425 insipiens
1585 1356 1772 1410 factus
1803 1360 1910 1410 est.

407 1453 636 1525 Moyses
652 1470 789 1528 ergo
809 1458 1131 1528 przevidens
1148 1459 1396 1529 gentiles
1409 1461 1480 1516 ad
1495 1461 1668 1516 ﬁdem
1686 1466 1981 1531 venturos;

333 1541 568 1598 Judaaos
599 1548 795 1601 autem
825 1545 1149 1602 invidentes
1172 1548 1233 1602 in
1264 1548 1608 1605 inﬁdelitate
1635 1567 1980 1621 permansu-

334 1648 453 1703 ros,
486 1633 568 1687 ait
590 1633 649 1688 in
689 1649 827 1690 voce
876 1636 1105 1691 Domini
1140 1653 1153 1690 :
1186 1641 1296 1707 Ego
1332 1638 1406 1692 ad
1450 1641 1864 1695 mmulationem
1896 1657 1984 1697 vos

335 1720 623 1789 adducam,
656 1723 869 1778 ethEt
898 1727 987 1779 est
1033 1741 1243 1780 sensus
1278 1744 1291 1781 :
1326 1728 1469 1781 Cum
1499 1727 1762 1783 videritis
1792 1746 1980 1800 popu-

333 1808 461 1864 lum
489 1808 679 1878 illum,
702 1810 803 1882 qui
829 1813 1103 1868 recedens
1119 1830 1153 1868 a
1183 1818 1317 1880 Deo,
1335 1814 1624 1886 idolisque
1641 1815 1974 1885 immolans,

2095 1073 2433 1142 parabiliter
2463 1079 2985 1150 majus,preecones
3004 1083 3203 1154 gratia;
3235 1087 3760 1160 persequi,quibus

2096 1162 2431 1234 quicunque
2464 1168 2764 1236 resistunt,
2799 1170 2909 1241 ipsi
2941 1171 3189 1228 Domino
3222 1176 3654 1233 contradicunt.

2166 1278 2323 1345 (CAP.
2357 1282 2473 1352 XI).
2507 1283 2640 1351 Sed,
2671 1300 2743 1339 ne
2768 1284 2915 1341 forte
2943 1287 3189 1359 gentiles
3220 1289 3661 1362 extollerentur,
3694 1298 3757 1351 et

2093 1368 2593 1425 crederenttotum
2608 1370 2777 1427 illum
2791 1374 3073 1445 populum
3096 1377 3342 1434 crimine
3354 1378 3751 1455 inﬁdelitatis,

2092 1459 2151 1509 et
2199 1458 2677 1516 contradictionis
2731 1462 3100 1537 damnatum,
3136 1465 3351 1537 adjecit
3377 1470 3700 1541 Apostolus
3734 1490 3750 1529 :

2094 1544 2221 1598 Dico
2250 1560 2374 1616 ergo
2404 1565 2421 1600 :
2454 1550 2705 1619 nunquid
2725 1550 2944 1622 repulit
2971 1554 3111 1609 Deus
3136 1557 3403 1627 populum
3429 1574 3595 1615 suum
3613 1563 3641 1614 .9
3668 1564 3755 1617 Ac

2092 1630 2141 1685 si
2172 1638 2371 1703 aperte
2392 1635 2548 1691 dicat
2580 1654 2593 1692 :
2630 1637 2809 1694 nolite
2829 1645 3033 1711 gentes
3064 1642 3286 1716 extolli,
3314 1662 3503 1718 neque
3524 1651 3751 1720 putetis

2090 1736 2325 1775 omnem
2356 1722 2517 1778 illam
2552 1724 2779 1791 plebem
2810 1728 3129 1801 repulsam,
3157 1732 3463 1806 quoniam,
3492 1736 3604 1793 etsi
3626 1755 3750 1796 non

2090 1825 2313 1881 omnes,
2339 1812 2508 1867 multi
2540 1818 2733 1870 tamen
2766 1831 2834 1871 ex
2862 1817 2946 1873 eis
2977 1820 3368 1878 crediderunt.
3393 1823 3463 1881 Et
3492 1824 3603 1883 hoc
3634 1831 3750 1898 est,

334 1898 524 1954 factus
554 1904 643 1954 est
671 1898 1059 1971 insipiensmt
1091 1919 1301 1957 nomen
1319 1904 1511 1975 gentis
1528 1906 1790 1960 amiserit
1812 1907 1979 1979 (37.4),
2011 1908 2060 1973 Β
2092 1900 2245 1968 quod
2261 1900 2557 1956 aitzAbsit.
2575 1902 2737 1959 Unde
2750 1904 2946 1961 volens
2960 1906 3068 1963 hoc
3093 1910 3310 1967 arctius
3333 1916 3743 1987 comprobare,

333 1987 393 2041 in
425 2003 518 2042 me
550 1989 802 2060 credere,
836 1988 1193 2061 irascamini,
1226 1997 1282 2046 et
1314 1992 1760 2063 indignabimini
1786 1997 1975 2066 (375);

329 2077 388 2128 et
420 2074 638 2131 invidia
661 2076 991 2145 tabescetis,
1027 2096 1091 2133 ac
1124 2096 1226 2150 per
1255 2080 1364 2135 hoc
1396 2081 1454 2135 in
1486 2083 1829 2138 infidelitate
1861 2101 1978 2139 ma-

327 2162 560 2219 nebitis.
588 2163 798 2220 Aliter:
830 2166 1090 2238 Populus
1110 2169 1372 2239 gentium
1392 2170 1557 2240 prius
1577 2172 1830 2243 populus
1852 2178 1976 2227 erat

326 2250 451 2316 Dei,
484 2251 584 2307 sed
634 2254 909 2309 recedens
939 2271 973 2309 a
1001 2256 1138 2323 Deo,
1174 2261 1230 2311 et
1278 2258 1644 2315 daemonibus
1694 2262 1972 2329 serviens,

325 2339 611 2396 miserum
640 2358 852 2397 nomen
880 2344 1072 2414 gentis
1098 2347 1318 2417 accepit
1350 2364 1364 2401 :
1399 2365 1513 2402 non
1548 2354 1779 2419 gentem
1813 2366 1971 2420 ergo,

327 2426 614 2499 populum
649 2431 924 2501 gentilem
954 2432 1113 2501 dicit,
1147 2449 1213 2489 eo
1246 2436 1401 2505 quod
1433 2437 1587 2492 idola
1629 2439 1971 2507 deserendo,

325 2519 383 2570 et
411 2517 699 2574 credendo
727 2518 787 2573 in
821 2518 1140 2586 Christum,
1166 2521 1354 2577 factus
1386 2522 1461 2577 sit
1490 2524 1743 2595 populus
1774 2526 1896 2597 Dei,
1917 2532 1976 2582 et

323 2603 606 2662 miserum
640 2623 851 2662 nomen
880 2609 1069 2680 gentis
1100 2611 1383 2666 amiserit.

393 2711 674 2769 Praeterea
729 2713 932 2770 volens
980 2716 1286 2771 ostendere
1340 2718 1587 2789 gentiles
1633 2722 1820 2792 gratia
1875 2724 1970 2779 Dei

322 2804 666 2871 praeventos,
718 2805 783 2857 ut
837 2802 1157 2873 crederent,
1209 2807 1515 2876 subjuuxit
1560 2810 1969 2868 testimonium

320 2888 482 2945 Isaia!
512 2889 761 2946 dicentis
780 2890 839 2945 in
869 2908 1116 2963 persona
1136 2893 1401 2966 Domini):
1425 2897 1687 2953 Inventus
1715 2916 1836 2954 sum
1858 2917 1972 2957 non

320 2978 693 3047 quaerentibus
718 2995 822 3049 me,
847 2982 1034 3052 palam
1086 2986 1321 3053 apparui
1348 2984 1453 3051 his,
1486 2988 1582 3057 qui
1626 3003 1714 3042 me
1739 3005 1851 3045 non
1881 2992 1969 3045 in-

319 3068 692 3137 terrogabant.
726 3068 907 3124 Isaias
938 3070 1094 3125 enim
1125 3088 1329 3128 omnes
1360 3074 1575 3141 minas,
1612 3080 1669 3131 et
1698 3093 1969 3148 persecu-

316 3152 506 3210 tiones
534 3156 871 3212 Judaeorum
898 3163 1299 3230 contemnens,
1328 3166 1383 3215 et
1407 3163 1723 3233 pretiosius
1746 3165 1969 3223 habens

2089 1988 2473 2060 semetipsum
2506 1993 2839 2063 exemplum
2869 1996 3083 2066 posuit,
3117 1997 3316 2056 dicens
3349 2019 3363 2057 :
3398 2003 3540 2058 Nam
3563 2008 3615 2059 et
3645 2022 3746 2076 ego

2086 2079 2339 2131 Israelita
2367 2096 2490 2133 sum
2521 2096 2590 2133 ex
2617 2084 2826 2138 semine
2855 2085 3110 2155 Abrahae,
3146 2089 3294 2144 tribu
3322 2092 3643 2164 Benjamin.
3678 2096 3748 2151 Et

2086 2170 2175 2219 est
2206 2183 2415 2221 sensus
2447 2184 2459 2221 :
2497 2170 2559 2222 In
2591 2169 2697 2224 hoc
2725 2175 3160 2244 comprobatur,
3183 2179 3462 2248 quoniam
3498 2200 3617 2239 non
3650 2200 3743 2241 re-

2087 2254 2237 2324 pulit
2268 2256 2552 2313 Dominus
2574 2260 2857 2331 populum
2880 2280 3055 2318 suum
3079 2265 3260 2338 (378);
3286 2270 3425 2339 quia
3453 2276 3511 2327 et
3543 2289 3652 2345 ego
3674 2290 3747 2330 ex

2086 2343 2213 2414 ipsa
2243 2345 2408 2415 plebe
2440 2364 2572 2401 sum
2606 2348 2805 2404 doctor
2823 2352 3088 2422 gentium
3119 2355 3181 2409 in
3203 2356 3337 2425 ﬁde,
3369 2363 3429 2414 et
3445 2343 3689 2418 veritate
3723 2382 3739 2421 :

2086 2432 2184 2485 ubi
2209 2433 2683 2491 subaudiendum
2707 2444 2794 2493 est
2823 2457 2835 2494 :
2860 2440 2974 2495 Nec
3006 2458 3110 2514 ego
3144 2444 3438 2514 solus,sed
3462 2454 3519 2505 et
3543 2453 3742 2509 ceteri

2086 2520 2365 2591 ministri,
2398 2528 2455 2577 et
2486 2526 2803 2595 coapostoli
2853 2530 2967 2584 mei
3000 2547 3068 2585 ex
3098 2532 3197 2589 illo
3246 2535 3484 2608 populo,
3514 2538 3739 2613 Joseph

2075 2608 2298 2678 justus,
2348 2615 2406 2665 et
2454 2611 2638 2667 Maria
2680 2613 2863 2685 virgo,
2911 2633 3038 2686 quae
3069 2622 3295 2691 peperit
3324 2608 3742 2695 Christum,_ex

2084 2694 2184 2751 illo
2211 2698 2472 2753 Joannes
2505 2700 2733 2754 Domini
2763 2718 3109 2774 prwcursor,
3134 2712 3190 2762 et
3210 2717 3482 2780 parentes
3501 2694 3635 2787 ejus
3656 2719 3743 2774 Si-

2082 2801 2275 2852 meon,
2309 2791 2366 2840 et
2398 2788 2584 2858 Anna,
2617 2787 2765 2844 alter
2794 2790 3034 2864 Joseph,
3081 2799 3137 2849 et
3166 2796 3491 2860 Nathanacl
3520 2803 3645 2874 ille,
3675 2808 3739 2864 in

2081 2890 2196 2944 quo
2227 2873 2396 2929 dolus
2427 2892 2544 2931 non
2574 2882 2697 2932 erat
2726 2880 2915 2950 (Joan.
2951 2899 2991 2949 ι,
3023 2883 3135 2956 47),
3170 2887 3345 2944 turba
3374 2891 3572 2963 etiam,
3604 2873 3738 2966 quae

2080 2963 2460 3033 praecedebat,
2493 2968 2550 3019 et
2578 2968 2936 3038 sequebatur
2964 2972 3090 3041 ejus
3119 2974 3452 3045 iumentum
3489 3000 3502 3038 :
3535 2998 3605 3039 ex
3625 2963 3739 3043 illo

2079 3050 2464 3108 nihilominus
2495 3054 2732 3112 fuerunt
2759 3058 2873 3113 tria
2904 3059 3109 3133 millia,
3140 3069 3197 3119 et
3226 3067 3490 3141 quinque
3519 3074 3735 3146 millia,

2079 3155 2205 3210 quae
2237 3145 2369 3213 post
2397 3142 2525 3213 ejus
2555 3147 3040 3206 resurrectionem
3072 3153 3464 3216 crediderunt.

317 3242 698 3315 Evangelium
730 3244 943 3300 Christi
964 3263 1143 3318 quam
1170 3266 1250 3316 se,
1275 3251 1552 3306 audacter
1580 3251 1664 3307 eis
1694 3255 1970 3324 przedice-
2001 3268 2044 3335 α
2153 3255 2226 3310 Ut
2250 3261 2448 3312 autem
2475 3260 2800 3317 evidentius
2822 3265 3170 3335 probaretur
3198 3274 3354 3342 quod
3377 3274 3738 3347 dixerat,ad-

318 3330 421 3386 bat
451 3336 652 3403 gentes
681 3332 783 3388 Dei
833 3335 1021 3405 gratia
1068 3338 1524 3407 praeveniendas,
1556 3345 1620 3396 ut
1666 3344 1971 3402 crederent
2011 3330 2043 3335 ﬁ
2081 3344 2232 3399 didit
2265 3364 2278 3401 :
2310 3346 2427 3401 Non
2456 3351 2660 3420 repulit
2689 3330 2839 3408 Deus
2859 3355 3074 3424 plebem
3099 3330 3277 3429 suam,
3299 3330 3738 3438 quampr:£s_ci-

317 3418 569 3493 ideoque
598 3422 881 3493 praemisit
907 3425 1220 3496 Apostolus
1248 3444 1260 3481 :
1296 3428 1491 3495 Isaias,
1516 3431 1702 3501 audet,
1733 3437 1785 3488 et
1814 3434 1965 3490 dicit.

389 3526 500 3582 Sed
531 3528 687 3599 quod
719 3529 801 3584 ait
831 3545 845 3583 :
877 3532 1130 3587 Inventus
1179 3550 1319 3601 sum,
1354 3552 1468 3590 non
1515 3537 1966 3609 intelligendum

316 3621 424 3684 est,
457 3617 614 3686 quod
646 3633 781 3673 eum
812 3619 975 3689 prius
1024 3625 1229 3691 gentes
1274 3622 1605 3679 invenerint
1647 3642 1660 3681 :
1695 3628 1795 3681 sed
1829 3630 1967 3699 quia

315 3702 595 3773 quaesitae,
626 3707 683 3757 et
708 3703 949 3759 inventa:
976 3710 1135 3772 sunt,
1169 3707 1296 3761 ideo
1328 3725 1602 3780 quaerere,
1621 3714 1678 3766 et
1706 3711 1965 3771 invenire

2079 3436 2178 3489 vit.
2213 3434 2318 3489 Ubi
2362 3438 2684 3493 notandum
2728 3441 2868 3511 quia
2920 3460 3034 3500 non
3084 3446 3167 3502 ait
3217 3453 3447 3507 tantum
3472 3434 3738 3529 plebem,-

2077 3523 2177 3577 sed
2231 3524 2458 3579 addidit
2502 3541 2681 3581 suam.
2716 3529 2786 3582 Et
2832 3534 2922 3585 est
2968 3548 3178 3591 sensus
3213 3552 3227 3592 :
3257 3523 3516 3615 Plebem,
3548 3523 3734 3618 quam

2077 3627 2138 3665 se
2163 3628 2332 3666 suam
2362 3613 2649 3670 facturum
2682 3619 2987 3691 praescivit,
3023 3639 3139 3678 non
3170 3628 3409 3697 repulit.

2146 3718 2257 3772 Sed
2283 3721 2663 3790 quaerendum
2686 3728 2981 3796 est,quare
3001 3730 3519 3805 dixerit,pr.:escivit
3537 3758 3559 3799 :
3590 3760 3731 3802 cum

316 3794 679 3845 meruerunt.
710 3791 877 3865 Nam,
907 3795 1200 3863 quomodo
1225 3795 1496 3853 inventus
1513 3798 1608 3870 sit,
1626 3799 1753 3871 ipse
1775 3804 1962 3858 mani-
2026 3872 2029 3875 γ
2071 3807 2436 3877 ρνεεεοὶθηῐίθ,
2465 3813 2587 3865 tam
2614 3812 2674 3866 in
2709 3813 3065 3887 bono,quam
3085 3820 3144 3875 in
3177 3791 3330 3880 malo
3354 3827 3491 3898 poni
3514 3832 3730 3892 soleat,

320 3879 490 3898 ,μω
554 3895 670 3898 _____
911 3897 916 3898 ,
962 3883 997 3898 η
1044 3882 1056 3898 .
1688 3891 1697 3898 .
2073 3894 2101 3898 ,.
2163 3896 2174 3898 μ
2273 3897 2279 3898 ,

317 3879 515 3944 festat,
546 3895 680 3934 cum
714 3860 875 3934 [dicit
906 3860 1150 3937 {Palam
1194 3886 1435 3955 apparui
1464 3860 1697 3959 his,
1737 3908 1822 3946 me
1850 3908 1961 3948 non

305 3969 729 4039 interrogabant
760 3968 927 4039 (376).
961 3969 1160 4026 Palam
1194 3990 1447 4046 namque
1478 3976 1590 4043 his,
1625 3979 1724 4049 qui
1758 3998 1818 4036 se
1840 4000 1955 4040 non

301 4056 764 4128 interrogabant,
787 4059 1060 4128 apparuit
1085 4084 1099 4127 ;
1132 4061 1291 4131 quia,
1310 4080 1417 4118 sua
1437 4067 1625 4134 gratia
1654 4067 1785 4125 illos
1806 4088 1952 4142 prae-

2069 3894 2179 3949 Sed
2202 3897 2527 3966 sciendum,
2553 3900 2691 3971 quia
2712 3904 3071 3973 prmscientia
3091 3894 3408 3981 aliquando
3437 3932 3542 3987 pro
3572 3936 3727 3992 prae-

2068 3985 2454 4041 destinatione
2499 3989 2756 4059 ponitur.
2791 3992 2884 4049 Sic
2914 4010 3052 4068 ergo
3102 3996 3210 4053 hoc
3242 3998 3389 4068 loco,
3415 3985 3723 4083 praefuit,

2063 4073 2276 4145 inquit,
2306 4074 2364 4129 id
2394 4080 2485 4131 est
2514 4079 2966 4148 praedestinavit.
2998 4084 3145 4142 Hinc
3166 4073 3439 4162 superius
3468 4073 3723 4169 Aposto;

298 4145 562 4212 veniens,
597 4145 786 4200 multa
815 4146 1003 4217 signa,
1036 4152 1093 4203 et
1122 4150 1389 4222 prodigia
1427 4157 1699 4224 ostendit,
1735 4160 1952 4229 quibus
2063 4160 2155 4217 lus
2186 4162 2267 4217 ait
2300 4182 2313 4218 :
2350 4165 2490 4232 Quos
2514 4145 2885 4239 praesciuit,et
2908 4145 3722 4257 praedestinabitilau’c

292 4234 598 4289 crederent
629 4234 800 4305 (577).

360 4340 494 4410 Sed,
530 4356 603 4396 ne
651 4341 871 4396 diceret
921 4333 1135 4415 aliquis
1186 4344 1420 4403 Judmos
1469 4354 1778 4422 prepterea
1828 4372 1944 4411 non

282 4427 634 4495 credidisse,
668 4429 808 4501 quia
859 4429 1048 4503 signa,
1085 4436 1143 4487 et
1194 4434 1480 4492 miracula
1511 4455 1626 4494 non
1671 4441 1940 4511 viderint,

277 4516 581 4571 subdidit:
606 4517 697 4572 Ad
713 4519 880 4573 Israel
897 4527 1084 4575 autem
1107 4521 1242 4577 dicit
1258 4522 1673 4599 (subintellige,
1691 4531 1893 4605 Isaias)
1922 4552 1936 4592 ;

277 4603 403 4658 Tota
452 4604 545 4659 die
598 4607 840 4676 expendi
884 4624 1085 4664 manus
1116 4627 1287 4683 meas,
1320 4618 1429 4668 etc.
1480 4616 1631 4685 (Isai.
1686 4636 1811 4687 va,
1861 4603 1940 4694 2.)

275 4689 386 4746 Ubi
416 4693 767 4761 notandum,
803 4696 941 4766 quia
969 4714 1083 4752 non
1116 4700 1216 4767 ait,
1243 4718 1461 4770 mense,
1493 4704 1581 4761 vel
1612 4724 1784 4779 anno,
1810 4689 1935 4781 sed,

2060 4252 2510 4322 praescientiam,
2568 4256 2689 4313 sive
2738 4261 3309 4330 praedestinationem
3358 4252 3499 4329 alibi
3549 4282 3722 4336 vocat

2056 4339 2398 4397 electionem
2433 4344 2633 4402 dicens
2670 4363 2683 4401 :
2713 4347 2867 4405 Sicut
2912 4352 3073 4424 elegit
3110 4372 3211 4413 nos
3258 4360 3319 4414 in
3345 4362 3462 4433 ipso
3494 4365 3716 4438 (Ephes.

2053 4446 2092 4497 I,
2124 4430 2197 4500 4).

2124 4536 2383 4634 Denique
2428 4540 2627 4597 volens
2678 4547 2987 4604 ostendere
3034 4553 3223 4623 gratia
3270 4554 3374 4612 Dei
3427 4559 3714 4634 reliquias

1969 4632 2018 4696 D
2049 4623 2322 4720 salva-itas,
2374 4630 2645 4720 adiunxit
2678 4649 2690 4687 :
2724 4634 2806 4687 An
2855 4639 3077 4694 nescitis
3124 4643 3184 4695 in
3219 4644 3345 4699 Elia
3394 4649 3529 4720 quid
3554 4623 3715 4710 ‘dicit

2047 4711 2379 4783 Scriptura?
2407 4717 2585 4780 Quasi
2631 4720 2852 4778 diceret
2886 4743 2899 4779 :
2934 4725 3108 4784 Scitis
3163 4711 3710 4809 utique,-quoniam

276 4781 397 4835 tota
427 4780 552 4889 die;
572 4782 627 4837 id
663 4788 770 4848 est,
804 4785 963 4839 omni
995 4791 1276 4859 tempore.
1308 4793 1498 4849 Manus
1527 4801 1747 4865 autem,
1770 4780 1936 4856 vocat
2044 4780 2287 4873 legistis.
2307 4806 2439 4873 Aut,
2466 4809 2634 4878 quasi
2656 4810 2871 4868 diceret
2893 4780 3107 4888 aliquis

278 4884 474 4938 opera.
510 4870 680 4926 Omni
704 4877 967 4944 tempore
1000 4892 1212 4933 manus
1246 4897 1383 4934 suas
1408 4885 1661 4938 extendit
1690 4886 1931 4955 Judaeis,

2040 4890 2178 4960 Jecit

2231 4908 2244 4947 :
2301 4894 2570 4960 Quomodo
2636 4898 2784 4969 (380)
2858 4905 3177 4977 interpellat
3229 4912 3368 4969 Deus
3441 4917 3709 4978 adversus

2041 4958 2052 4960 τ
2320 4958 2330 4960 -
2640 4958 2650 4969 κ
2765 4958 2777 4968 .
3229 4958 3367 4969 ww
3441 4958 3706 4978 ηκυμισιω

276 4972 393 5011 non
425 4958 615 5015 solum
652 4961 1041 5031 praedicando,
1075 4967 1175 5020 sed
1231 4968 1405 5023 etiam
1439 4971 1626 5026 multa
1656 4973 1843 5046 signa,
1876 4983 1933 5033 et
2039 4977 2211 5033 Israel
2239 4984 2263 5032 .9
2300 4983 2548 5052 Domine,
2597 4989 2886 5059 prophetas
2938 4958 3055 5051 tuos
3107 5000 3445 5072 occiderunt,
3497 5008 3708 5068 altaria

276 5045 536 5072 τις-ΑᾹξρ-ζ..
594 5050 853 5072 1⁸.-2--.]-
887 5067 898 5072 -
933 5053 1074 5072 ..ηξαξ
1103 5070 1113 5072 μ
1386 5061 1393 5072 ι
1439 5056 1450 5068 ι
1560 5058 1572 5072 1
1738 5064 1751 5072 ς
1796 5064 1807 5072 .
1841 5066 1850 5072 .
2048 5070 2055 5072 .
2255 5070 2259 5072 _
2331 5071 2337 5072 ,

2539 5045 2546 5052 ’
2597 5045 2609 5057 Ι
2695 5045 2707 5059 Ι
2867 5045 2874 5046 ί
2940 5045 2948 5047 “
2964 5045 3051 5051 ⁷“*”⁷
3109 5045 3301 5056 *νν’“νν⁷
3326 5045 3426 5058 κιιν
3497 5045 3634 5064 [tvm]

272 5045 543 5116 prodigia
594 5050 859 5105 faciendo
886 5067 898 5104 :
933 5053 1121 5122 primo
1154 5072 1255 5125 per
1304 5056 1687 5128 patriarchas,
1720 5064 1931 5120 dehinc
2038 5070 2133 5121 tua
2162 5070 2526 5141 suﬂoderunt,
2561 5081 2612 5128 et
2644 5094 2738 5147 ego
2768 5082 2987 5137 relictus
3012 5102 3133 5141 sum
3162 5090 3329 5159 solus,
3361 5101 3413 5148 et
3432 5046 3707 5166 ’quazrum

821 5139 1024 5166 ’,Λευ-ΔΑ
1051 5145 1445 5166 “-_...___L-l_
1467 5164 1484 5166 ᾼ
1521 5164 1535 5166 Α
1568 5149 1582 5166 ⁴Ι
1611 5164 1622 5166 -
1678 5154 1686 5166 ι
2124 5158 2133 5166 ι
2543 5164 2578 5166 ξ

2230 5131 2258 5139 η
2513 5131 2524 5141 1
2675 5131 2722 5147 αν
2770 5131 2983 5137 qv--."
3012 5131 3132 5141 μνη..
3162 5131 3307 5146 υννκν
3361 5131 3411 5148 νυ
3478 5131 3588 5153 won!
3606 5131 3703 5157 ιιηι

268 5146 375 5201 per
393 5131 1027 5205 legislatorem,deinde
1050 5158 1152 5213 per
1168 5145 1585 5216 prophetas,ad
1602 5154 1926 5209 extremum
2036 5158 2281 5212 animam
2308 5176 2505 5216 meam.
2540 5164 2630 5232 Et,
2663 5168 2831 5237 quasi
2863 5169 2923 5226 in
2956 5172 3197 5233 alterius
3229 5131 3501 5251 person;
3522 5184 3703 5245 inter-

338 5308 486 5383 (237(1)
519 5311 812 5383 lnautog.
845 5318 1055 5371 amisit.

513 5380 912 5481 {In-dignemini.
1041 5464 1057 5481 ι
1198 5461 1213 5481 1
1300 5465 1329 5481 Η
1606 5468 1825 5481 wmm
2030 5380 2385 5481 autogisit‘a‘

513 5450 615 5506 Hic
642 5450 706 5507 ῙΠ
741 5471 925 5525 marg-
960 5464 1158 5540 ﬂutpg.
1198 5461 1415 5546 legitur
1442 5483 1568 5537 cap.
1605 5468 1844 5553 XXXIV:
2031 5450 2581 5565 “'("ii’si)"i{o?1£f€ifi,
2604 5487 2692 5543 29.
2725 5488 3065 5561 Videantur,
3086 5500 3421 5573 attenteque
3442 5521 3694 5579 perpen-

332 5562 349 5588 κ
509 5525 803 5591 δυηέἃίυν
848 5543 979 5581 cum
1014 5530 1106 5586 his
1153 5550 1279 5591 (tua:
1337 5538 1614 5591 dicuntur
1645 5559 1919 5591 sunermn
2028 5545 2247 5591 dantur
2278 5568 2403 5591 nnm
2454 5573 2508 5591 ιη
2542 5556 2697 5591 imm.
2748 5566 2966 5591 ima...“
3026 5566 3231 5591 -1:-__--
3290 5572 3341 5591 1,,
3379 5575 3389 5585 ι
3492 5577 3502 5587 .
3581 5580 3615 5591 ..

332 5538 478 5591 (δη)
509 5538 803 5595 Jungatur
848 5543 979 5581 cum
1014 5538 1106 5611 his
1153 5550 1279 5603 qua:
1337 5538 1614 5594 dicuntur
1644 5544 1919 5614 superius
2028 5538 2247 5603 dantur
2278 5568 2403 5622 quae
2454 5555 2511 5609 in

358 5607 425 5641 ea
475 5594 651 5641 verba
682 5610 696 5641 2
729 5611 842 5641 nm).
882 5600 1115 5641 wlnlnnhg
1168 5621 1265 5641 non
1312 5622 1506 5641 μην-νο..
1523 5614 1589 5641 η’.
1637 5614 1721 5641 ,ηιξ
1752 5618 1889 5641 ,λη-ιη.
2028 5616 2094 5641 ..ιι
2132 5625 2353 5641 --ηιμη
2511 5632 2519 5641 .
2679 5631 2693 5641 .
2788 5637 2796 5641 .
2851 5639 2857 5641 Α

256 5590 328 5696 id
358 5607 425 5696 ea
459 5590 696 5696 larga}
721 5611 842 5696 (non
882 5600 1136 5667 volentis,
1168 5590 1265 5659 nec
1312 5614 1589 5667 currentis
1632 5590 1916 5672 scd‘mise-
2026 5616 2098 5672 ab
2119 5590 3087 5696 931ctgyéfnéé’ti‘ouéicin3331:3353

254 5663 429 5722 remis
458 5665 538 5720 est
570 5665 683 5735 Dei,
720 5681 844 5740 cap.
877 5685 932 5724 Χ.
1122 5663 1130 5667 ’
1449 5663 1457 5665 ⁷
1753 5663 1883 5672 mm

2103 5335 2475 5433 (‘3':8)~Yerba
2504 5347 3018 5433 quoniain...suuiiz,
3051 5352 3109 5408 in
3159 5371 3347 5430 marg.
3383 5364 3696 5433 superiora
