3942 6410
136 453 244 515 237

730 452 1149 517 EXPOSITIO
1191 454 1271 516 IN
1316 454 1750 519 EPISTOLAS
1795 455 2161 519 PAULL—
2189 459 2268 520 IN
2315 459 2562 522 EPIST.
2609 461 2713 522 AD
2758 465 2950 527 ROM.

3434 472 3555 536 238

138 587 296 658 rogat
325 600 388 640 se
417 584 641 657 ipsum,
666 585 1071 660 subjungens:
1106 588 1210 643 Sed
1239 587 1373 659 quid
1399 588 1536 645 dicit
1564 590 1655 645 illi
1682 605 1790 645 res-
1815 590 1872 656 Α
1897 598 2105 661 gratia,
2128 593 2253 663 jam
2298 608 2408 649 non
2453 609 2524 649 ea:
2564 595 2844 665 operibus,
2878 612 2994 668 quo
3026 598 3182 655 dicto
3211 603 3415 658 contra
3446 603 3551 658 Ju-

135 690 353 747 ponsum
380 673 637 730 divinum
658 676 685 731 ?
716 677 933 749 Reliqui
974 679 1118 732 mihi
1163 682 1369 750 septem
1399 679 1582 734 millia
1613 680 1786 751 (381),

140 766 228 836 qui
252 781 360 819 non
394 768 766 821 curvaverant
788 781 973 834 genua
1000 775 1130 823 ante
1156 769 1317 824 Baal.

203 853 315 909 Hoc
347 852 688 926 exemplum
719 854 1031 911 manifeste
1061 861 1221 927 patet
1268 857 1328 912 in
1379 857 1527 913 libro
1558 857 1786 929 Regum

138 942 232 1015 (ΠΙ
255 945 379 1011 Reg.
410 959 573 1011 xvm,
615 943 731 1014 40).
782 943 1025 1015 Legitur
1052 944 1232 1013 enim,
1272 947 1430 1018 quia,
1465 962 1599 1001 cum
1629 945 1785 1001 occi-

140 1031 309 1087 disset
360 1030 603 1103 propria
642 1048 825 1087 manu
856 1032 1013 1088 Elias
1044 1034 1333 1106 propheta
1363 1034 1786 1109 quadragintos

137 1119 440 1192 prophetos
472 1120 636 1189 Baal,
668 1122 823 1177 facta
851 1128 942 1177 est
982 1123 1295 1179 vehemens
1327 1124 1653 1195 persecutio
1685 1124 1785 1179 ad-

134 1225 323 1265 versus
352 1209 674 1281 prophetas
709 1210 961 1277 Domini,
984 1211 1128 1267 adeo
1161 1216 1226 1267 ut
1251 1212 1409 1268 Elias
1438 1211 1692 1284 fugiens,
1725 1212 1785 1267 in

131 1297 278 1370 jugis
308 1297 629 1366 montium,
662 1302 721 1354 et
749 1299 1012 1356 cavernis
1058 1305 1356 1372 petrarum
1386 1300 1661 1367 latitaret,
1695 1317 1784 1356 se-

138 1401 242 1457 que
272 1386 465 1443 solum
518 1404 587 1443 ex
632 1388 814 1444 servis
852 1388 1083 1444 Domini
1115 1390 1378 1445 crederet
1405 1389 1784 1446 remansisse.

139 1475 237 1532 Ubi
266 1476 457 1532 factus
489 1481 579 1533 est
610 1492 802 1533 sermo
834 1477 1065 1532 Domini
1096 1478 1167 1533 ad
1200 1494 1334 1534 eum
1366 1479 1604 1535 dicens:
1640 1479 1788 1550 Quid

136 1565 217 1620 hic
242 1568 380 1637 agis,
415 1566 543 1621 Elia
563 1564 594 1620 Ρ
627 1566 739 1621 Cui
769 1564 870 1622 ille
896 1567 1178 1638 respondit
1206 1585 1226 1621 :
1262 1568 1389 1623 Zelo
1417 1569 1636 1624 zelatus
1662 1585 1788 1623 sum

132 1670 231 1726 pro
256 1655 492 1711 Domino
520 1655 627 1711 Deo
655 1656 855 1723 Israel,
889 1657 1156 1726 quoniam
1201 1656 1312 1727 ﬁlii
1351 1658 1522 1712 Israel
1550 1657 1785 1730 prophe-

131 1749 220 1800 tas
274 1752 389 1800 tuos
446 1742 790 1812 occiderunt,
838 1752 889 1800 et
944 1746 1147 1800 alteria
1203 1752 1297 1801 tua
1349 1745 1708 1818 suﬂ‘oderunt,
1739 1755 1791 1803 et

132 1834 352 1889 relictus
381 1849 507 1889 sum
546 1848 641 1905 ego
682 1833 849 1905 solus,
880 1837 933 1889 et
979 1837 1241 1905 quaerunt
1286 1836 1535 1890 animum
1579 1852 1784 1891 meam.

135 1923 239 1979 Cui
264 1923 533 1979 Dominus
564 1939 583 1976 :
630 1922 854 1993 Reliqui
882 1922 1025 1994 (382)
1074 1924 1222 1979 mihi
1258 1931 1460 1995 septem
1486 1925 1674 1980 millia
1700 1926 1789 1980 vi-

131 2026 334 2079 rorum,
366 2010 466 2083 qui
488 2026 602 2067 non
629 2015 1001 2067 curvaverant
1030 2027 1217 2085 genua
1244 2015 1373 2068 ante
1402 2013 1544 2068 Baal
1576 2031 1595 2067 :
1637 2029 1703 2069 ac
1737 2013 1787 2069 si

132 2100 374 2156 diceret:
406 2104 494 2155 Ne
525 2104 696 2171 putes
728 2104 784 2155 te
811 2100 1007 2156 solum
1031 2116 1161 2156 esse
1190 2117 1425 2156 servum
1449 2100 1708 2169 ﬁdelem,
1730 2106 1787 2157 et

131 2187 271 2243 bene
298 2188 693 2249 laborantem.
726 2190 1004 2259 quoniam
1041 2192 1182 2244 sunt
1221 2189 1367 2245 mihi
1416 2194 1473 2245 et
1520 2188 1640 2256 alii,
1679 2205 1786 2246 nec

128 2277 341 2348 pauci:
389 2277 476 2333 ibi
532 2277 711 2347 enim,
743 2277 842 2332 ubi
898 2283 957 2333 te
1004 2277 1198 2334 solum
1246 2282 1442 2350 putas,
1474 2277 1556 2334 ibi
1599 2278 1786 2335 habeo

127 2370 345 2437 septem
395 2364 606 2436 millia,
638 2383 765 2438 quae
814 2380 930 2421 non
985 2370 1374 2422 curvaverant
1420 2383 1612 2439 genua
1652 2370 1787 2423 ante

127 2453 281 2511 Baal.
315 2454 424 2511 Ubi
457 2455 806 2523 notandum,
841 2454 982 2526 quia
1021 2471 1139 2510 non
1189 2454 1270 2510 ait
1302 2472 1316 2510 :
1370 2453 1594 2511 Relicta
1624 2459 1782 2523 sunt,

126 2546 225 2598 aut
252 2541 620 2614 reliquerunt
649 2559 713 2599 se
743 2541 915 2611 mihi,
937 2543 1067 2625 sed,
1091 2559 1198 2615 ego
1229 2543 1455 2615 reliqui.
1479 2544 1784 2616 Tanquam

127 2634 322 2703 aperte
345 2632 598 2687 diceret:
631 2632 750 2705 Ego
768 2648 874 2688 eos
895 2631 1110 2688 salvavi
1138 2650 1151 2700 ;
1176 2648 1282 2704 ego
1315 2632 1605 2689 custodivi
1631 2650 1645 2701 ;
1678 2649 1786 2706 ego

126 2719 229 2776 feci
262 2724 333 2776 ut'
358 2737 477 2776 non
508 2724 817 2777 curvarent
846 2738 1037 2791 genua
1067 2725 1202 2776 ante
1224 2721 1358 2777 Baal
1386 2739 1399 2789 ;
1433 2721 1683 2794 ideoque
1712 2737 1786 2778 ne

128 2808 390 2881 glorieris
444 2815 502 2866 te
545 2808 738 2866 solum
781 2826 910 2866 esse
961 2810 1020 2865 in
1054 2809 1310 2878 servitio,
1343 2810 1484 2883 quia
1513 2810 1699 2866 habeo
1729 2814 1787 2866 et

128 2897 265 2954 alios
294 2915 608 2955 conservos
638 2903 793 2966 tuos,
827 2915 1082 2972 quorum
1114 2904 1341 2955 mentes
1383 2898 1577 2955 inveni
1609 2899 1780 2971 (383),

126 3004 234 3044 non
256 2988 328 3044 de
360 3005 447 3056 se,
473 3005 589 3044 non
614 2989 685 3044 de
708 2987 869 3058 Baal,
894 2989 995 3043 sed
1025 2989 1097 3043 de
1128 3005 1221 3043 me
1242 2993 1691 3061 praesumentes.
1717 2988 1785 3043 Et

125 3081 203 3146 tu,
235 3077 335 3149 qui
368 3077 520 3133 dicis
557 3094 570 3133 :
605 3076 868 3132 Relictus
901 3093 1036 3132 sum
1070 3076 1253 3144 solus,
1285 3076 1399 3132 nisi
1432 3076 1624 3149 gratia
1654 3093 1786 3132 mea

121 3164 325 3237 plenus
355 3182 542 3237 esses,
583 3165 684 3221 ubi
716 3181 878 3222 esses
900 3164 928 3218 ?
957 3166 1030 3219 Et
1060 3168 1124 3220 tu
1157 3164 1395 3236 quidem
1427 3181 1619 3235 genua
1649 3168 1785 3221 ante

122 3254 249 3310 Baal
280 3255 573 3311 ﬂecteres.
608 3258 719 3310 Per
760 3254 1161 3309 curvationem
1194 3268 1478 3324 genuum,
1514 3252 1781 3324 quaedam

1897 680 2050 735 dmos
2097 682 2268 753 (386),
2302 683 2405 754 qui
2460 682 2607 756 legis
2664 685 2941 757 operibus
2998 704 3061 745 se
3111 689 3322 746 salvari
3378 707 3552 763 posse

1896 769 2231 825 credebant.

1968 875 2165 932 Gratia
2204 881 2403 934 autem
2446 879 2602 935 dicta
2647 885 2755 951 est,
2788 897 2854 938 eo
2904 884 3061 955 quod
3108 884 3292 957 gratis
3339 886 3548 955 detur;

1894 963 2144 1036 ideoque
2171 966 2478 1040 subjungit
2503 987 2515 1024 :
2547 969 2805 1042 Alioquin
2826 974 3018 1042 gratia
3039 973 3166 1044 jam
3190 990 3301 1031 non
3322 985 3403 1031 est
3425 992 3552 1045 gra-

1896 1054 1995 1108 tia.
2028 1055 2092 1109 Id
2125 1059 2215 1109 est
2251 1072 2264 1110 :
2310 1057 2367 1110 Si
2399 1055 2521 1113 ulla
2552 1058 2759 1113 merita
2786 1067 3230 1133 praecesserunt,
3262 1079 3380 1119 non
3411 1080 3548 1137 ergo

1896 1143 2087 1213 gratia
2107 1143 2205 1200 Dei
2229 1143 2437 1201 salvati
2460 1146 2621 1215 estis,
2650 1148 2930 1219 quoniam
2958 1165 3199 1220 merces,
3222 1168 3339 1208 non
3364 1151 3549 1225 gratis

1898 1232 1999 1286 sed
2033 1233 2358 1289 secundum
2391 1235 2669 1291 meritum
2701 1235 3082 1309 impenditur.

1969 1337 2173 1409 Igitur,
2224 1340 2393 1411 quasi
2443 1345 2729 1412 quaereret
2774 1342 3010 1415 aliquis,
3062 1362 3167 1401 cur
3213 1346 3391 1418 Deus,
3432 1364 3551 1404 non

1898 1442 2124 1495 omnes,
2158 1427 2260 1482 sed
2309 1425 2592 1500 reliquias
2636 1433 2868 1486 tantum
2913 1431 3104 1487 salvas
3135 1434 3336 1489 fecerit
3362 1436 3554 1507 gratia

1899 1530 2029 1581 sua,
2065 1514 2447 1586 quaestionem
2479 1516 2593 1571 sibi
2630 1518 2907 1588 opposuit
2933 1520 3273 1591 Apostolus,
3305 1526 3363 1577 et
3391 1538 3551 1593 qum-

1898 1603 2078 1657 rendo
2109 1603 2361 1673 subjecit
2392 1619 2405 1659 :
2448 1604 2581 1676 quid
2609 1621 2734 1676 ergo
2755 1606 2782 1660 ?
2811 1606 3209 1675 (subauditur,
3241 1609 3555 1682 dicemus.)

1898 1689 2054 1744 Nihil
2102 1690 2327 1762 utique,
2363 1692 2478 1748 nisi
2527 1693 2687 1765 quia,
2721 1694 2862 1765 quod
2906 1696 3187 1766 quarebat
3212 1699 3407 1766 Israel,
3438 1713 3554 1755 non

1896 1785 1979 1834 est
2028 1781 2363 1834 consecutus.
2396 1781 2575 1837 Israel
2626 1782 2767 1838 dicit
2805 1783 3089 1855 populum
3122 1784 3292 1842 illum
3321 1787 3554 1843 Judaao-

1898 1883 2054 1935 rum,
2079 1867 2181 1938 qui
2209 1868 2336 1923 suis
2362 1868 2590 1924 meritis
2621 1868 2809 1942 legem
2841 1872 3157 1944 accepisse,
3180 1878 3240 1929 et
3266 1890 3396 1931 eam
3427 1874 3554 1931 suis

1815 1959 1865 2025 B
1895 1955 2120 2012 viribus
2150 1956 2414 2028 implere,
2447 1959 2695 2030 ejusque
2733 1959 3008 2031 cperibus
3030 1962 3347 2032 justiﬁcari
3378 1978 3552 2034 posse

1898 2045 2189 2114 credebat,
2213 2045 2463 2118 ideoque
2497 2046 2772 2115 salutem,
2797 2066 2975 2121 quam
3007 2052 3323 2123 quaerebat,
3347 2068 3551 2108 conse-

1899 2132 1999 2204 qui
2028 2149 2144 2187 non
2179 2133 2520 2204 promeruit.
2556 2134 2850 2206 Spiritalis
2897 2152 3031 2192 vero
3079 2137 3258 2193 Israel
3308 2138 3380 2193 de
3428 2137 3554 2194 sola

1896 2221 2087 2293 gratia
2116 2220 2213 2276 Dei
2242 2238 2630 2292 przesumens,
2664 2222 2916 2278 salutem
2947 2229 3301 2281 consecutus
3331 2230 3439 2282 est.

1969 2327 2135 2382 Unde
2166 2343 2298 2382 mox
2329 2327 2599 2398 sequitur
2632 2345 2646 2383 :
2682 2328 2885 2385 Electio
2914 2338 3100 2386 autem
3127 2336 3422 2388 consecuta
3449 2335 3550 2388 est.

1895 2415 2252 2472 Electionem
2278 2431 2553 2487 namque,
2577 2415 2857 2488 reliquias
2884 2421 3052 2473 vocat
3081 2434 3184 2489 per
3203 2418 3549 2476 electionem

1896 2504 2170 2561 salvatas.
2208 2505 2286 2559 De
2314 2503 2535 2560 carnali
2565 2508 2761 2561 autem
2795 2506 2971 2561 Israel
3001 2507 3312 2564 subditur:
3344 2509 3551 2565 Galeri

1898 2609 2019 2650 vero
2047 2593 2313 2650 excwcati
2342 2593 2487 2664 (387)
2529 2598 2678 2662 sunt,
2710 2595 2852 2650 sicut
2894 2598 3161 2666 scriptum
3210 2604 3288 2652 est
3315 2613 3335 2651 :
3387 2596 3551 2653 Dedit

1895 2684 2010 2739 illis
2043 2684 2181 2738 Deus
2209 2684 2482 2753 spiritum
2504 2686 2938 2755 compunctionis
2957 2684 3103 2754 388).
3136 2684 3549 2757 Compunctio,

1893 2778 2016 2828 tam
2038 2772 2098 2826 in
2122 2772 2279 2827 bona
2301 2771 2784 2840 sanctiﬁcatione,
2809 2788 2988 2844 quam
3015 2775 3076 2828 in
3098 2773 3254 2830 mala
3274 2774 3543 2846 ponitur:

1893 2864 2371 2932 compunguntur
2389 2861 2547 2916 enim
2578 2860 2851 2917 homines
2881 2862 2955 2917 ad
2986 2863 3230 2929 bonum,
3253 2879 3389 2919 cum
3411 2863 3544 2935 Spi-

1894 2950 2010 3006 ritu
2032 2949 2135 3004 Dei
2159 2948 2495 3022 compuncti
2518 2949 2740 3022 aliquid
2765 2950 2987 3006 bonum
3014 2954 3365 3022 operantur;
3388 2967 3544 3007 com-

1891 3042 2242 3110 punguntur
2289 3042 2346 3093 et
2393 3038 2465 3092 ad
2518 3037 2763 3107 malum,
2812 3053 2949 3092 cum
2992 3038 3210 3094 diaboli
3259 3038 3546 3095 instinctu

1896 3126 2135 3197 aliquod
2181 3125 2402 3181 malum
2453 3129 2761 3196 peragunt.

1967 3232 2103 3300 Sed,
2139 3231 2187 3286 si
2221 3230 2376 3285 Deus
2407 3229 2525 3286 illis
2559 3231 2836 3303 spiritum
2868 3231 3338 3304 compunctionis
3367 3234 3549 3304 dedit,

123 3345 328 3401 mentis
358 3343 651 3414 subjectio
677 3342 1131 3413 designatur,de
1158 3318 1274 3411 qua
1295 3338 1435 3395 alibi
1457 3318 1612 3396 idem
1636 3343 1783 3413 Apo-
1814 3320 1857 3388 C
1897 3324 1962 3377 ut
1992 3336 2108 3414 r399
2140 3319 2462 3414 crederent.
2487 3335 2614 3414 cum
2644 3318 2879 3414 ίιῐοιῖυξω
2898 3320 3084 3414 fulva
3113 3321 3402 3414 fuitsuia
3431 3340 3549 3414 1309

123 3433 298 3490 stolus
326 3451 340 3490 :
378 3437 450 3488 In
480 3433 706 3486 nomine
725 3431 853 3485 Jesu
882 3444 1041 3484 omne
1067 3443 1211 3499 genu
1238 3429 1496 3498 ﬂectatur
1522 3428 1787 3500 (Philipp.

125 3538 179 3587 ιι,
203 3524 292 3592 10)
323 3539 337 3577 :
374 3519 483 3575 ubi
513 3534 616 3591 per
646 3533 907 3590 genuum
932 3516 1239 3573 ﬂexionem
1271 3514 1604 3573 humiliatio
1625 3532 1788 3573 men-

125 3611 191 3668 tis
219 3609 585 3679 ostenditur,
621 3624 738 3679 qua
778 3623 985 3662 omnes
1035 3610 1315 3661 creaturae
1356 3612 1469 3661 Deo
1523 3606 1789 3661 subdun-

126 3703 213 3755 tur
241 3698 420 3772 (384).
476 3696 565 3752 Illi
615 3712 754 3768 ergo
798 3700 932 3751 ante
974 3694 1111 3751 Baal
1158 3711 1352 3768 genua
1389 3698 1653 3766 curvant,
1688 3695 1790 3766 qui

130 3789 381 3861 quadam
416 3786 636 3843 mentis
669 3784 1054 3856 subjectione,
1088 3784 1148 3839 id
1189 3789 1280 3840 est
1318 3800 1630 3856 consensu,
1664 3783 1787 3840 dia-

130 3877 253 3935 bolo
284 3894 348 3935 se
387 3876 676 3933 subdunt.

195 3966 352 4039 Baal,
386 3966 518 4039 ipse
568 3968 661 4021 est
707 3968 765 4020 et
815 3963 972 4035 Beel,
1012 3963 1168 4019 idem
1217 3966 1275 4018 et
1319 3962 1698 4035 Beelpbegor,
1732 3966 1791 4019 et

132 4055 340 4112 Belbrit
367 4073 383 4124 ;
440 4054 544 4110 sed
576 4052 714 4109 Baal
745 4052 939 4109 dictus
971 4056 1080 4121 est,
1115 4052 1255 4124 quia
1283 4051 1344 4106 in
1377 4050 1603 4107 excelso
1636 4052 1788 4107 cole-

132 4146 330 4213 batur;
365 4142 736 4215 Beelphegor
764 4158 922 4210 vero,
956 4141 1097 4214 quia
1136 4141 1196 4195 in
1239 4144 1437 4196 monte
1469 4140 1714 4212 Pbegor.

199 4233 312 4290 Cur
342 4237 546 4290 autem
574 4231 896 4304 sumpserit
925 4230 1036 4286 hoc
1055 4229 1481 4298 testimonium,
1507 4230 1786 4302 aperitur,

134 4336 258 4377 cum
289 4322 572 4379 subditur
605 4338 618 4376 :
671 4320 761 4375 Sic
790 4335 917 4389 ergo
956 4321 1006 4374 et
1050 4321 1111 4374 in
1149 4317 1245 4374 hoc
1274 4327 1511 4389 tempore
1540 4318 1792 4390 reliquiae

137 4411 423 4467 secundum
450 4408 779 4467 electionem
806 4409 1004 4478 gratiae
1031 4407 1198 4463 salvw
1226 4409 1399 4479 facta
1435 4411 1583 4462 sunt.
1616 4408 1696 4462 Ac
1739 4406 1790 4463 si

138 4497 342 4557 diceret
371 4517 385 4558 :
431 4499 599 4556 Idem
630 4497 918 4554 Dominus
948 4495 1221 4551 Christus
1250 4499 1341 4551 est
1368 4496 1563 4563 modo,
1598 4495 1700 4566 qui
1732 4498 1790 4551 et

140 4588 290 4653 tunc,
322 4594 381 4646 et
428 4604 556 4661 qua
603 4586 792 4659 gratia
832 4585 966 4641 illos
1011 4583 1276 4653 salvavit,
1309 4584 1513 4639 eadem
1546 4582 1792 4639 salvavit

1898 3408 2272 3464 crediderunt
2290 3406 2318 3461 ‘t
2350 3406 2472 3461 Imo
2503 3408 2652 3476 ejus,
2678 3407 2778 3479 qui
2806 3407 2986 3475 dedit,
3012 3424 3140 3464 esse
3167 3410 3413 3465 videtur.
3437 3411 3552 3467 Sed

1899 3496 2075 3552 absit.
2102 3496 2251 3549 Nam
2282 3494 2437 3565 quod
2461 3494 2626 3564 justo
2658 3499 2810 3549 Deus
2832 3495 3056 3565 judicio
3088 3496 3213 3551 ﬁeri
3243 3497 3550 3571 permittit,

1901 3588 2181 3640 consueto
2234 3598 2397 3638 more
2444 3582 2899 3654 Scripturarum,
2932 3582 3059 3654 ipse
3096 3584 3287 3640 facere
3315 3584 3552 3643 dicitur.

1898 3673 2066 3729 Dedit
2096 3687 2232 3745 ergo
2266 3688 2280 3726 :
2332 3671 2472 3742 quia
2502 3671 2627 3726 dari
2658 3671 2948 3744 permisit,
2980 3672 3178 3743 oculos,
3211 3677 3271 3729 ut
3314 3689 3424 3730 non
3468 3674 3553 3730 vi-

1898 3762 2085 3826 deant,
2130 3768 2182 3816 et
2227 3776 2405 3827 aures,
2453 3763 2514 3815 ut
2560 3776 2671 3816 non
2718 3760 2969 3816 audiant.
3004 3760 3216 3817 Oculos
3255 3761 3366 3819 hoc
3403 3762 3551 3829 loco,

1896 3849 1986 3907 vel
2040 3865 2212 3905 aures
2262 3865 2379 3904 non
2429 3847 2761 3919 corporales
2808 3850 3092 3905 debemus
3131 3850 3415 3923 accipere,
3450 3851 3553 3908 sed

1899 3937 2217 4010 spiritales,
2240 3936 2456 3992 mentis
2480 3936 2721 3994 scilicet.
2746 3938 2915 3993 Dedit
2943 3953 3079 4009 ergo
3101 3942 3255 3994 Deus
3275 3937 3393 3995 illis
3418 3955 3554 3995 ocu-

1896 4028 2007 4098 los,
2031 4031 2098 4082 ut
2125 4042 2242 4082 non
2263 4026 2520 4093 videant,
2545 4026 2603 4080 id
2635 4030 2727 4082 est
2748 4042 2865 4082 non
2886 4025 3219 4100 intelligant
3239 4025 3550 4099 spiritalia.

1902 4116 2069 4172 Dedit
2088 4132 2281 4186 aures,
2308 4118 2375 4170 ut
2394 4129 2508 4169 non
2531 4114 2794 4185 audiant,
2816 4114 2875 4169 id
2898 4118 2988 4170 est
3008 4114 3222 4171 divinis
3243 4116 3552 4189 praeceptis

1898 4222 2016 4262 non
2041 4205 2340 4261 obediant.
2365 4204 2437 4259 Et
2466 4207 2626 4274 nota,
2650 4204 2791 4275 quia
2811 4220 2926 4259 non
2958 4203 3060 4271 ait,
3085 4220 3274 4276 usque
3303 4203 3362 4259 in
3384 4208 3552 4261 aeter-

1899 4310 2066 4360 num,
2090 4293 2213 4362 sed,
2237 4308 2410 4365 usque
2440 4293 2501 4348 in
2523 4291 2850 4349 hodiernum
2867 4292 3037 4359 diem,
3059 4308 3133 4347 ne
3154 4307 3317 4364 spem
3340 4290 3553 4348 salutis

1898 4398 2103 4440 eorum
2150 4382 2407 4438 adimere
2459 4380 2775 4437 videretur.
2831 4379 3101 4436 Firmiter
3153 4379 3310 4434 enim
3368 4379 3555 4435 credit

1900 4471 2174 4535 Ecclesia,
2209 4470 2349 4540 quia
2396 4467 2658 4539 reliquiae
2702 4465 2873 4522 salvae
2904 4466 3065 4530 fient,
3089 4466 3258 4536 juxta
3287 4465 3552 4521 testimo-

1900 4558 2066 4613 nium
2098 4556 2255 4628 quod
2288 4554 2561 4626 superius
2597 4553 2795 4624 posuit
2822 4551 3134 4624 Apostolus
3166 4552 3326 4609 Isaia
3355 4552 3553 4609 dicen-

143 4641 408 4749 reliquas
436 4641 471 4661 ³
488 4641 554 4643 η
603 4641 659 4659 Τ
764 4641 788 4643 V7
1262 4641 1275 4653 ’
1826 4688 1872 4753 D
1903 4647 2018 4701 tis:
2053 4645 2116 4700 Si
2143 4644 2313 4715 fuerit
2342 4657 2607 4753 numerus
2626 4641 2873 4753 filiorum
2891 4642 3070 4699 Israel
3100 4646 3365 4714 tanquam
3384 4658 3558 4700 arena

416 4720 429 4733 ⁹
1984 4735 2090 4753 ΠΛ)-
2148 4733 2406 4753 Α-Δι-οΔ-ΔΔΔοΜ
2440 4746 2492 4753 __
2522 4747 2597 4753 ‘_M
2676 4735 2757 4753 ___‘
2820 4733 2922 4753 "__‘.
2970 4747 3007 4753 __
3056 4733 3148 4753 nn‘

206 4730 563 4835 Etim—deest,
594 4766 748 4837 quod
799 4763 942 4820 dicit
971 4762 1119 4835 (385)
1153 4778 1167 4817 :
1222 4760 1535 4818 Secundum
1579 4761 1797 4816 clectio-
1826 4730 1871 4753 υ
1911 4735 2112 4801 mari"
2147 4733 2407 4802 reliquiae
2433 4730 2757 4801 salmﬁmt
2786 4731 2939 4803 (Ῐδαίο
2970 4747 3026 4801 Χ»
3056 4733 3169 4799 22)-

144 4868 262 4911 nem
290 4860 516 4926 gratiae,
539 4855 597 4911 id
612 4836 712 4911 est
730 4850 1331 4927 praedestinationcm.
1359 4848 1796 4906 Prredestinatio
1978 4838 2257 4911 Sequitur
2290 4855 2303 4893 ε
2353 4838 2419 4892 Et
2450 4836 2621 4892 David
2657 4837 2793 4893 dicit
2822 4856 2844 4892 .·
2884 4838 3007 4893 Fiat
3035 4852 3225 4927 mensa
3251 4852 3441 4927 eorum
3466 4852 3555 4892 co-

147 4924 412 5016 namque,
434 4950 496 5003 et
518 4924 750 5011 electio,
770 4943 959 5016 gratia
982 4941 1077 4997 Dei
1100 4944 1207 4996 est.
1233 4940 1433 4995 Gratia
1461 4943 1682 5006 autem,
1711 4940 1801 4994 est
1908 4946 2029 5023 rem
2054 4930 2197 5023 ipsis
2228 4928 2288 4982 in
2319 4927 2593 5023 laqueum,
2625 4930 2677 4982 et
2723 4927 3125 5023 inceptionem
3155 4924 3327 5023 (Psal.
3362 4940 3556 5023 vam,

148 5010 335 5104 ipsum
358 5010 608 5103 donum,
633 5010 751 5105 quo
771 5010 1023 5105 quisque
1045 5030 1433 5101 justiﬁcatur,
1457 5026 1637 5083 nullis
1660 5043 1802 5098 praa-
1906 5019 2020 5089 23).
2054 5016 2171 5072 Hoc
2219 5014 2523 5105 propheta,
2559 5032 2674 5071 non
2724 5013 2983 5105 optantis
3028 5016 3180 5105 voto,
3214 5012 3316 5067 sed
3354 5010 3561 5105 (futura

150 5101 487 5183 dedentibus
519 5101 767 5181 ωέιιῖιίε,
790 5101 967 5179 ὐηάθ
998 5136 1135 5176 mox
1164 5118 1440 5175 subditur
1471 5134 1485 5174 ε
1530 5116 1594 5173 Si
1620 5119 1802 5172 autem
1910 5105 2286 5181 praedicentis
2313 5103 2547 5161 locutus
2578 5107 2687 5159 est.
2723 5103 2837 5160 Nec
2868 5102 2998 5159 ideo
3028 5101 3249 5158 factum
3279 5103 3389 5171 est,
3420 5101 3562 5173 quia

1914 5305 2266 5373 conferatur,
2300 5317 2426 5373 quas
2458 5298 2596 5373 alibi
2638 5300 2749 5373 hac
2797 5300 2869 5373 de
2917 5298 3160 5373 materia
3203 5298 3277 5355 ab
3326 5301 3564 5355 auctore

387 5371 1151 5465 ééhﬁi'ibéiniuiamqﬁet
1177 5371 1446 5465 υξτονιιηίο
1916 5371 2867 5465 noatre,seseaieﬂaesvjﬁtee
2896 5372 3383 5465 eiuraret:

232 5440 1117 5533 (fasiii‘i'l'ae‘iExifef’viﬂgi
1140 5440 1484 5533 relinquam.
1596 5524 1608 5533 _
1674 5522 1713 5533 __
1757 5523 1768 5533 θ
1969 5449 2138 5533 ⁹(386)
2171 5440 2305 5500 Pdst
2331 5444 2557 5501 Judwos
2588 5440 2876 5517 in'autog.
2910 5442 3125 5515 legitur
3164 5444 3282 5510 aut,
3315 5440 3564 5495 fortasse

403 5522 632 5606 Autog:
638 5522 815 5606 habet
844 5531 1042 5599 invidi,
1062 5522 1170 5585 sed
1197 5522 1412 5583 menda
1432 5540 1561 5580 meo
1583 5522 1809 5595 judicio
1917 5522 2021 5606 ait;

169 5582 247 5658 ita
273 5582 640 5662 em’endanﬁa
668 5605 795 5661 visa
824 5609 932 5660 est.
1029 5582 1042 5599 ⁷
1542 5582 1621 5667 ηἈ
1648 5664 1683 5667 ν,

1991 5589 2143 5667 es?)
2174 5588 2383 5667 ADFOS;
2415 5582 2685 5667 θίτσειδαιίο
2877 5658 2886 5667 .
3274 5651 3312 5667 ,.
3402 5649 3415 5667 .

233 5648 640 5747 ξ3ἒξῖῖἶιῖ
959 5673 1056 5729 hic
1086 5669 1303 5744 legitur
1332 5684 1456 5740 cap.
1490 5664 1705 5723 XXXV.
1764 5736 1776 5750 .
1994 5648 2143 5732 (388)
2174 5648 2499 5739 Notavduas
2529 5656 2704 5712 hasce
2734 5658 2958 5729 species
2981 5649 3470 5727 compunctionis,
3492 5648 3568 5712 ad

236 5744 376 5806 (385)
407 5693 895 5806 Notatuﬁianum
919 5743 1245 5806 capitulum
1268 5758 1281 5806 ;
1304 5743 1363 5799 et
1384 5739 1539 5806 quod
1562 5754 1697 5797 cum
1718 5736 1814 5799 his
1923 5731 2149 5793 malum
2181 5727 2422 5801 εθιιιοθῐ,
2455 5731 2510 5787 et
2548 5728 2620 5787 ad
2651 5728 2894 5787 bonum.

236 5727 376 5829 (385—)
406 5727 1245 5825 ii'oiiid‘éigidiﬁ’eipaumm
1268 5758 1281 5815 ;
1304 5743 1363 5799 et
1384 5727 1539 5815 quod
1562 5754 1697 5797 cum
1718 5736 1814 5799 his
1923 5727 2149 5793 rutilum
2181 5727 2422 5801 δθίίίοθῐν
2455 5731 2510 5787 et
2548 5728 2620 5787 ad
2651 5727 2894 5787 bonum-

221 5318 486 5446 (381)1111
517 5319 644 5388 Reg.
677 5335 793 5383 nx,
939 5314 1110 5387 Vulg.
1143 5318 1270 5396 tum
1301 5312 1418 5379 hic,
1450 5316 1578 5369 tum
1613 5312 1673 5367 in
1704 5310 1803 5367 cit.

158 5385 306 5445 fonte
387 5407 567 5446 suum
596 5395 730 5446 nost
756 5390 945 5446 millia
972 5388 1151 5443 habet
1177 5400 1446 5441 virorum.
