3942 6400
321 420 445 483 239
1348 408 1687 472 ATTONIS
1729 408 1951 472 VERE]

2149 406 2315 468 NSIS
2360 404 2718 468 EPISCOPI
3603 399 3742 498 sic

326 549 613 623 propheta
658 545 842 615 diiit;
876 544 1001 614 sed,
1032 542 1172 616 quia
1200 543 1460 598 futurum
1495 544 1619 596 erat
1667 544 1732 596 ut
1786 540 1970 607 ﬁeret,
2002 540 2059 607 Α
2086 541 2174 593 tes
2197 537 2441 610 gentiles
2462 535 2674 593 imitati
2693 539 2853 603 sunt,
2870 534 2971 591 sed
2992 533 3132 606 quia
3151 532 3742 623 exemplumaccepe—

328 638 458 694 ideo
487 637 596 693 hoc
626 634 911 709 propheta
940 632 1227 707 praedixit.

402 730 515 780 Cur
537 741 671 796 ergo
694 722 1062 780 maledicitur
1083 720 1330 777 mensa?
1350 718 1602 786 Scilicet,
1627 719 1767 789 quia
1789 717 1978 773 multa

329 813 489 869 mala
506 816 813 886 patrantur
834 811 905 866 ad
931 825 1215 865 mensam.
1235 808 1322 861 Ad
1347 823 1616 862 mensam
1637 808 1976 862 innocentes

326 904 631 969 vocantur,
663 905 729 955 ut
755 898 1157 970 decipiantur;
1194 897 1265 951 ad
1294 911 1562 950 mensam
1592 894 1844 950 Absalon
1876 912 1970 950 oc-

330 988 473 1045 cidit
491 993 722 1043 Amnon
744 1005 757 1055 ;
782 985 1178 1058 Holophernes
1197 983 1405 1038 Juditb
1429 984 1501 1038 ad
1524 1000 1788 1037 mensam
1809 999 1973 1038 voca-

328 1078 431 1145 vit,
456 1081 520 1132 ut
540 1076 829 1147 deciperet
852 1092 866 1142 ;
898 1075 970 1129 ad
997 1089 1262 1129 mensam
1286 1072 1549 1140 Herodis,
1575 1071 1822 1126 conviva:
1844 1072 1972 1142 ejus

330 1169 506 1238 caput
553 1165 854 1219 obtinuere
899 1162 1166 1217 Joannis.
1216 1160 1567 1233 Spiritaliter
1620 1164 1816 1215 autem
1871 1177 1975 1231 per

330 1270 595 1309 mensam
624 1253 921 1324 Scriptura
951 1255 1155 1306 sancta
1185 1250 1543 1321 designatur,
1576 1265 1701 1320 quae
1734 1248 1975 1318 spirita-

326 1340 483 1397 libus
512 1340 681 1409 cibis,
715 1346 772 1396 et
820 1340 1055 1412 potibus
1099 1344 1339 1394 onerata
1378 1342 1487 1408 est,
1521 1337 1735 1408 quibus
1767 1335 1975 1390 anima:

326 1428 690 1497 reficiuntur,
713 1433 771 1483 et
799 1429 949 1484 bene
978 1443 1185 1482 mensa
1211 1426 1333 1481 haec
1362 1425 1697 1480 Judaeorum
1729 1441 1856 1479 esse
1885 1424 1973 1478 di-

328 1517 796 1589 citur,quoniam
814 1516 938 1572 suis
959 1515 1184 1571 meritis
1207 1531 1335 1571 eam
1353 1513 1645 1586 accepisse
1667 1514 1972 1586 putabant.

328 1606 411 1662 De
438 1605 549 1662 hac
569 1622 774 1662 mensa
801 1604 862 1660 in
886 1604 1113 1676 psalmo
1135 1603 1393 1660 Ecclesia
1422 1602 1683 1674 loquitur
1707 1619 1719 1658 :
1754 1603 1977 1656 Parasti

328 1695 391 1749 in
418 1701 701 1765 conspectu
727 1709 844 1749 meo
866 1709 1134 1760 mensam,
1157 1691 1419 1748 adversus
1446 1707 1555 1758 eos,
1578 1692 1673 1763 qui
1700 1691 1977 1745 tribulant

326 1798 415 1838 me
442 1784 613 1855 (Psal.
644 1799 783 1853 XXII,
814 1783 904 1852 5);
932 1781 1157 1837 scilicet
1187 1782 1465 1836 adversus
1496 1779 1815 1835 haereticos.
1845 1779 1975 1833 Hmc

326 1870 530 1943 itaque
551 1887 756 1927 mensa
769 1870 982 1926 Iudaeis
1007 1870 1164 1925 facta
1183 1873 1274 1924 est
1291 1868 1353 1924 in
1370 1868 1669 1941 laqueum,
1685 1873 1740 1977 et
1760 1866 1977 1967 captio:
2003 1911 2051 1977 Β

326 1974 487 2027 nem,
520 1959 799 2031 quoniam
830 1958 1015 2015 solam
1044 1958 1301 2014 litteram
1333 1963 1641 2029 sequentes
1672 1955 1971 2026 illaqueati

328 2052 488 2116 sunt,
511 2052 568 2104 et
591 2048 813 2119 decepti
842 2046 1063 2103 carnali
1089 2046 1407 2116 intellectu,
1424 2050 1488 2101 ut
1513 2064 1627 2101 non
1652 2046 1972 2114 crederent,

327 2139 385 2192 et
403 2135 464 2191 in
489 2135 980 2208 laqueum,quem
1008 2135 1282 2207 gentibus
1308 2134 1739 2206 parabant,ipsi
1764 2133 1976 2189 incide-

327 2227 484 2280 runt.
508 2224 579 2279 Et
608 2224 755 2280 bene
780 2224 879 2291 ait,
901 2240 1087 2280 coram
1112 2226 1266 2295 ipsis,
1295 2222 1574 2295 quoniam
1600 2223 1972 2294 iniquitatem

325 2329 498 2369 suam
523 2312 746 2379 vident,
779 2316 837 2368 et
864 2312 1157 2373 declinare
1186 2312 1413 2368 nolunt.

398 2400 562 2463 Quod
588 2404 786 2457 autem
815 2401 1083 2472 sequitur
1113 2418 1128 2456 :
1171 2401 1236 2455 Et
1265 2403 1326 2455 in
1355 2400 1799 2465 retributionem,
1831 2402 1881 2454 et
1912 2401 1974 2454 in

325 2489 667 2558 scandalum,
686 2504 873 2544 unum
895 2491 983 2544 est
1002 2505 1068 2544 ac
1093 2489 1142 2543 si
1164 2489 1409 2544 diceret:
1437 2489 1500 2543 In
1525 2488 1973 2543 retributionem

325 2576 588 2634 scandali
621 2593 636 2632 :
682 2593 818 2633 nam
849 2576 988 2648 quia
1016 2577 1250 2632 credere
1282 2576 1617 2644 noluerunt,
1649 2576 1759 2631 hoc
1790 2576 1907 2631 illis
1940 2592 1976 2631 a

324 2668 439 2723 Deo
470 2666 824 2722 retributum
847 2670 956 2733 est,
984 2670 1051 2721 ut
1080 2681 1247 2721 sacra
1268 2665 1568 2737 Scriptura
1587 2670 1744 2720 esset
1773 2664 1890 2719 illis
1913 2665 1973 2719 in

324 2754 671 2811 scandalum
690 2771 705 2809 :
724 2754 1189 2826 quotiescunque
1209 2754 1365 2809 enim
1389 2753 1730 2825 spiritaliter
1749 2752 1971 2824 aliquid

322 2844 384 2900 in
405 2862 474 2901 ea
499 2844 869 2916 interpretari
892 2844 1113 2909 vident,
1136 2842 1625 2912 scandalizantur,
1644 2859 1711 2899 ac
1736 2858 1839 2914 per
1864 2842 1974 2897 hoc

327 2933 441 3005 ipsi
470 2932 582 2989 sibi
613 2936 754 2988 sunt
782 2931 1153 2988 scandalum.

399 3022 768 3078 Obscurentur
818 3022 969 3076 oculi
1013 3036 1206 3077 eorum
1252 3036 1322 3075 ne
1366 3020 1605 3087 videant,
1656 3023 1709 3075 et
1753 3019 1975 3074 dorsum

325 3113 573 3183 ipsorum
621 3125 833 3182 semper
877 3112 1128 3165 incurva.
1162 3110 1279 3165 Hoc
1317 3109 1515 3178 etiam,
1550 3125 1665 3165 non
1696 3109 1970 3180 optando.

328 3200 430 3259 sed
461 3198 861 3270 prophetando
885 3198 1199 3256 Psalmista
1226 3198 1408 3254 dixit:
1441 3198 1747 3255 Obscurati
1778 3198 1974 3269 itaque

2086 632 2225 682 runt
2244 628 2316 681 ab
2348 627 2467 683 eis:
2503 626 2658 697 quod
2690 625 2740 679 si
2772 641 2888 680 non
2915 624 3241 690 crederent,
3265 623 3420 679 sicut
3450 621 3535 678 illi
3558 621 3745 696 perie-

2083 720 2243 785 runt,
2275 721 2332 770 et
2363 716 2476 787 ipsi
2510 715 2785 786 perirent.

2157 806 2396 876 Propter
2424 805 2580 876 quod
2613 803 2922 858 subditur:
2958 801 3110 870 Quod
3138 802 3189 857 si
3209 802 3482 859 delictum
3509 802 3741 858 illorum

2084 893 2299 951 divitiae
2327 897 2456 948 sunt
2484 893 2697 961 mundi,
2728 897 2779 948 et
2820 893 3118 948 diminutio
3147 908 3333 948 eorum
3361 892 3578 949 divitiae
3603 908 3739 963 gen-

2087 985 2252 1048 tium,
2281 992 2480 1054 quanto
2510 984 2685 1052 magis
2712 981 2998 1053 plenitudo
3032 985 3260 1036 eorum?
3289 979 3580 1037 Delictum
3607 980 3740 1036 illo—

2084 1089 2219 1127 rum
2252 1072 2457 1126 mundi
2497 1072 2710 1126 divitias
2758 1076 2916 1141 sunt,
2950 1070 3229 1142 quoniam
3282 1070 3342 1125 in
3390 1069 3743 1126 inﬁdelitate

2086 1165 2517 1232 permanentes,
2549 1160 2759 1214 vastati
2805 1164 2943 1215 sunt
2995 1177 3030 1214 a
3080 1158 3384 1228 Romanis,
3417 1164 3475 1215 et
3526 1157 3743 1232 captivi

2085 1250 2243 1303 ducti
2270 1266 2370 1320 per
2386 1249 2649 1319 singulas
2670 1247 2839 1321 longe
2859 1248 3091 1320 lateque
3113 1247 3741 1319 provincias,ferentes

2085 1354 2283 1392 secum
2303 1337 2483 1393 libros
2504 1338 2742 1410 legis,et
2760 1337 3199 1409 prophetarum,
3214 1337 3433 1407 quibus
3452 1337 3739 1405 mundus,

2083 1425 2140 1479 id
2172 1430 2280 1495 est,
2306 1426 2511 1480 mundi
2542 1425 2899 1481 habitatores
2927 1426 3097 1481 ditati
3129 1431 3290 1483 sunt.
3321 1425 3548 1498 Ubique
3579 1425 3741 1485 enim

2085 1518 2289 1569 sancta
2317 1513 2578 1570 Ecclesia
2606 1514 2680 1569 ab
2711 1513 2829 1569 illis
2860 1514 3084 1586 accepit
3114 1514 3296 1571 libros
3325 1513 3494 1587 legis,
3517 1517 3575 1571 et
3602 1531 3743 1588 pro-

2083 1602 2415 1674 phetarum,
2440 1619 2542 1675 per
2570 1619 2718 1674 quos
2748 1603 3008 1659 ostendit
3037 1603 3376 1677 prophetiae
3404 1604 3476 1660 de
3505 1601 3741 1660 Christo

2085 1690 2419 1762 praemissas
2440 1692 2568 1762 jam
2599 1707 2760 1748 essse
2796 1691 3092 1765 impletas.

2159 1778 2474 1835 Diminutio
2514 1796 2747 1853 quoque
2794 1797 2997 1837 eorum
3050 1779 3263 1837 divitia:
3313 1783 3455 1838 sunt
3503 1780 3739 1855 mundi,

2083 1869 2383 1940 quoniam,
2418 1886 2555 1925 cum
2586 1870 2756 1942 pauci
2788 1886 2859 1926 ex
2897 1868 3117 1927 Judaais
3146 1870 3524 1939 crediderint,
3554 1876 3615 1927 et
3664 1870 3741 1928 ab

2084 1956 2419 2013 inﬁdelibus
2448 1958 2671 2030 expulsi
2703 1959 2839 2026 sint,
2865 1960 2937 2015 ad
2970 1959 3233 2031 ipsorum
3263 1959 3740 2033 praedicationem

2085 2050 2287 2117 gentes
2335 2046 2468 2111 ﬁde,
2511 2047 2851 2119 cunctisque
2880 2047 3195 2105 virtutibus
3226 2048 3421 2104 ditata:
3452 2052 3611 2104 sunt.
3635 2048 3743 2104 Est

2083 2149 2219 2205 ergo
2242 2150 2481 2191 sensus:
2504 2136 2563 2191 Si
2586 2136 2657 2191 ad
2681 2153 3003 2209 paucorum
3022 2136 3739 2193 credentiumJudmorum

2081 2222 2555 2294 praedicationem
2586 2229 2791 2296 gentes
2813 2225 3207 2294 crediderunt,
3232 2230 3290 2282 et
3317 2224 3550 2283 salvataa
3574 2229 3737 2297 sunt,

2083 2316 2301 2383 quanto
2334 2314 2523 2384 magis
2556 2312 2944 2385 salvarentur,
2967 2314 3019 2370 si
3049 2318 3154 2371 aut
3182 2331 3409 2385 omnes,
3432 2318 3537 2372 aut
3563 2313 3742 2372 multi

2081 2415 2150 2454 ex
2178 2399 2400 2456 Judreis
2428 2402 2778 2458 crederent?

2151 2490 2260 2544 Sed
2290 2494 2560 2560 poterant
2588 2490 2836 2562 gentiles
2885 2491 3078 2549 dicere
3109 2508 3123 2546 :
3176 2509 3311 2549 cum
3351 2492 3617 2566 gentium
3650 2491 3738 2551 sis

2081 2577 2415 2647 Apostolus,
2439 2580 2541 2650 qui
2569 2579 2641 2634 ad
2661 2583 2718 2634 te
2737 2580 2955 2635 Judasis
2972 2580 3350 2653 Evangelium
3372 2581 3692 2654 pradieare
3709 2580 3737 2636 ῗ

2082 2668 2397 2737 Propterea
2424 2667 2699 2722 subditur
2731 2685 2745 2722 :
2794 2668 2946 2723 Vobis
2975 2670 3123 2724 enim
3153 2670 3280 2725 dico
3308 2670 3559 2742 gentibus
3589 2669 3738 2742 (392)

2082 2752 2598 2826 (subintelligitur,
2614 2773 2740 2828 quae
2763 2755 2885 2812 hanc
2900 2756 3235 2829 loquimini)
3253 2759 3501 2830 quandiu
3517 2759 3741 2831 quidem

2079 2856 2175 2911 ego
2205 2858 2329 2897 sum
2351 2845 2598 2914 gentium
2617 2845 2922 2917 Apostolus,
2950 2847 3323 2903 ministerium
3350 2864 3536 2905 meum
3562 2853 3738 2906 hono-

2080 2929 2325 2999 rificabo.
2666 2982 2675 2995 ,

2154 3018 2545 3075 Ministerium
2586 3038 2781 3090 suum,
2814 3024 3244 3095 praedicationis
3274 3025 3537 3082 ofﬁcium
3568 3026 3738 3097 dicit,

2082 3108 2237 3178 quod
2262 3108 2591 3179 specialiter
2614 3112 2875 3183 suscepit
2902 3112 2961 3167 in
2984 3114 3279 3186 gentibus,
3299 3114 3473 3185 juxta
3492 3116 3650 3187 quod
3674 3114 3740 3173 in

2080 3194 2320 3252 Actibus
2346 3198 2748 3269 apostolorum
2772 3200 3024 3273 Spiritus
3046 3208 3284 3258 sanctus
3313 3202 3615 3275 loquitur:
3647 3204 3741 3261 Se-

326 3291 469 3345 sunt
512 3286 667 3343 oculi
714 3303 916 3343 eorum
969 3287 1126 3344 nube
1172 3287 1421 3343 carnalis
1460 3286 1876 3358 intelligentia,
1907 3289 1974 3341 ut
2002 3275 2047 3343 C
2083 3288 2303 3352 gregale
2346 3288 2489 3340 mihi
2534 3291 2871 3356 Barnabam,
2912 3293 2963 3345 et
3007 3292 3249 3347 Paulum
3275 3292 3425 3362 (393)
3472 3294 3537 3349 in
3574 3308 3738 3365 opus,

326 3374 614 3447 spiritalia
660 3392 777 3431 non
824 3375 1103 3441 viderent,
1137 3379 1194 3431 et
1234 3375 1573 3447 prOpbetias
1625 3376 1696 3430 de
1740 3374 1971 3431 Christo

325 3464 686 3538 praemissas,
707 3463 979 3536 impletas
1006 3480 1133 3520 esse
1160 3481 1278 3519 non
1305 3466 1605 3520 crederent
1625 3466 1794 3534 (389).
1828 3469 1969 3518 Dor-

325 3570 458 3615 snm
478 3570 612 3610 vero
635 3553 824 3609 Judaei
854 3553 915 3608 in
939 3554 1144 3609 faciem
1166 3553 1394 3610 Christo
1413 3554 1721 3621 dederunt,
1746 3552 1885 3624 quia
1908 3554 1969 3608 in

324 3658 461 3698 eum
490 3643 722 3698 credere
750 3641 1050 3713 dedignati
1083 3646 1240 3698 sunt.
1274 3642 1332 3696 Si
1373 3658 1510 3713 ergo
1559 3642 1780 3696 dictum
1831 3647 1921 3696 est
1951 3657 1965 3697 :

322 3730 556 3789 Dorsum
596 3732 838 3801 ipsorum
878 3745 1088 3800 semper
1132 3730 1385 3796 incurva,
1420 3746 1485 3784 ac
1532 3729 1583 3783 si
1631 3729 1968 3786 diceretur:

327 3817 403 3874 Ut
421 3834 726 3890 nunquam
748 3817 807 3873 in
830 3818 1062 3888 melius,
1088 3819 1187 3874 sed
1211 3832 1442 3889 semper
1462 3819 1520 3871 in
1544 3819 1711 3889 pejus
1733 3835 1969 3874 conver—

326 3910 549 3963 tantur.
569 3906 916 3963 Incurvatur
936 3906 1132 3977 itaque
1151 3908 1392 3962 dorsum
1415 3906 1670 3974 illorum,
1692 3923 1830 3978 quia
1853 3925 1969 3962 non

326 3993 606 4065 omlestia,
637 3995 738 4051 sed
784 3999 1017 4051 terrena
1061 4012 1294 4067 semper
1340 3995 1668 4066 acquirunt.
1719 4001 1968 4052 Dorsum

325 4083 544 4155 quippe
570 4084 895 4152 incurvare,
924 4088 1016 4139 est
1060 4100 1293 4155 semper
1337 4084 1613 4140 inferiora
1660 4084 1966 4155 respicere.

322 4170 540 4228 Volens
556 4171 737 4243 igitur
751 4173 1054 4227 ostendere
1071 4188 1271 4228 casum
1293 4172 1968 4230 inﬁdeliumJudaeorum

322 4275 698 4333 nequaquam
727 4275 952 4330 vacare,
982 4261 1199 4331 adjecit
1226 4260 1374 4331 (390)
1408 4279 1422 4316 :
1458 4264 1591 4317 Dico
1616 4278 1743 4330 ergo
1773 4280 1791 4316 :
1823 4264 1968 4318 Nun-

322 4348 454 4420 quid
471 4351 551 4405 sic
571 4348 935 4420 o/fenderunt,
956 4356 1018 4405 ut
1034 4350 1291 4405 caderent
1309 4353 1335 4401 .9
1364 4348 1471 4403 Ubi
1494 4351 1966 4407 subaudiendum

319 4440 429 4502 est,
457 4437 812 4493 solummodo.
843 4438 911 4492 Et
939 4442 1029 4493 est
1057 4454 1269 4511 sensus
1302 4456 1316 4493 :
1363 4438 1552 4493 Nolite
1582 4439 1832 4509 gentiles
1863 4441 1965 4495 ad-

315 4538 521 4581 versus
548 4525 782 4581 Judieos
813 4526 961 4596 (391)
1008 4527 1307 4595 quoniam,
1342 4527 1450 4581 etsi
1482 4529 1868 4596 offenderunt,
1902 4534 1967 4584 ut

318 4612 613 4680 caderent,
639 4628 813 4669 casus
845 4619 1039 4670 tamen
1068 4615 1304 4671 illorum
1334 4633 1451 4671 non
1480 4623 1646 4672 vacat
1672 4634 1685 4672 :
1720 4617 1835 4672 illis
1868 4635 1963 4673 ca-

318 4698 616 4770 dentibus,
636 4700 804 4755 vobis
828 4702 965 4756 data
985 4706 1074 4757 est
1096 4697 1329 4759 occasio
1343 4706 1705 4775 resurgendi.
1726 4706 1889 4762 Unde
1908 4712 1965 4762 et

317 4786 593 4847 subditur
619 4803 633 4842 :
667 4787 769 4843 Sed
796 4788 1023 4843 illorum
1052 4790 1249 4844 delicto
1277 4792 1426 4847 salus
1456 4795 1724 4863 gentibus,
1752 4800 1810 4849 ut
1839 4797 1962 4850 illos

314 4877 664 4932 aemulentur.
689 4876 910 4932 Delicto
939 4894 1192 4947 namque
1222 4879 1581 4935 inﬁdelitatis
1602 4882 1960 4953 Judacorum,

317 4963 480 5021 salus
511 4965 663 5021 facta
690 4970 781 5020 est
810 4966 1107 5037 gentibus,
1134 4966 1409 5036 quoniam
1442 4967 1675 5024 illorum
1707 4972 1961 5027 inﬁdeli-

315 5054 455 5118 tate,
481 5052 755 5125 gentibus
786 5055 1012 5111 occasio
1044 5054 1318 5110 credendi
1349 5054 1485 5110 data
1514 5061 1621 5126 est,
1645 5062 1702 5113 et
1727 5060 1958 5118 salvatas

315 5142 475 5194 sunt.

385 5225 548 5288 Quod
578 5231 772 5283 autem
804 5229 943 5283 dicit
974 5248 988 5285 :
1027 5239 1089 5286 ut
1117 5232 1242 5286 illos
1271 5235 1625 5302 semutentur,
1661 5251 1773 5289 non
1808 5236 1956 5291 acci-

312 5314 597 5387 piendum
620 5320 730 5383 est,
746 5317 903 5387 quod
922 5318 1153 5375 Iudaeos
1173 5320 1234 5376 in
1255 5320 1597 5378 inﬁdelitate
1615 5339 1958 5395 permanen-

308 5524 749 5661 aitg‘38893n‘zerba
795 5535 911 5583 et...
970 5539 1240 5599 crearent,
1290 5530 1350 5586 in
1407 5510 1672 5608 margine
1729 5535 1954 5593 latera“

379 5665 525 5751 (390)
555 5669 622 5724 In
666 5670 863 5742 autog.
895 5685 1081 5744 marg.
1112 5670 1326 5743 legitur
1354 5672 1448 5731 hic
1478 5692 1604 5751 cap.
1636 5678 1876 5738 XXXVI.

2079 3372 2220 3442 quod
2265 3375 2409 3441 elegi
2453 3392 2557 3432 eos.
2602 3378 2671 3432 Et
2720 3378 3007 3434 Dominus
3053 3380 3294 3435 Ananize
3331 3398 3345 3437 :
3403 3381 3563 3453 Vade,
3596 3385 3741 3455 quia

2076 3476 2173 3516 vas
2221 3463 2500 3519 electionis
2541 3468 2619 3520 est
2664 3468 2827 3538 mihi,
2862 3471 2921 3524 ut
2960 3473 3144 3541 portet
3191 3485 3390 3525 nomen
3433 3487 3622 3528 meum
3672 3474 3740 3528 in

2077 3551 2325 3620 gentibus
2365 3552 2499 3621 (Act.
2546 3571 2621 3620 1x,
2658 3555 2767 3626 15).

2150 3638 2450 3701 Quomodo
2472 3658 2608 3713 ergo
2632 3642 2738 3697 hoc
2761 3661 2936 3699 suum
2958 3645 3354 3702 ministerium
3375 3646 3735 3708 honoriﬁca-

2078 3726 2175 3781 bat
2195 3729 2221 3781 ‘I
2250 3729 2496 3794 Scilicet,
2524 3732 2662 3803 quia
2683 3750 2796 3788 non
2827 3733 3061 3790 illorum
3084 3740 3316 3792 tantum
3341 3753 3545 3794 curam
3564 3756 3735 3812 gere-

2078 3815 2197 3879 bat,
2222 3817 2281 3870 in
2317 3819 2531 3888 quibus
2556 3821 2883 3891 specialiter
2908 3823 3339 3894 praedicationis
3361 3827 3619 3884 officium
3645 3846 3741 3886 ae-

2079 3909 2330 3977 ceperat,
2356 3908 2457 3963 sed
2483 3914 2540 3964 et
2558 3910 2777 3968 Judaeis
2806 3911 3096 3968 instanter
3119 3914 3499 3987 Evangelium
3525 3918 3737 3990 pradi-

2078 3994 2268 4049 cabat.

2147 4083 2263 4139 Cur
2289 4090 2484 4142 autem
2516 4088 2625 4143 hoc
2648 4089 2862 4146 faceret
2890 4091 3016 4162 ipse
3038 4092 3402 4163 manifestat,
3429 4112 3563 4152 cum
3595 4097 3739 4153 sub-

2068 4174 2270 4245 jungit
2296 4191 2309 4228 :
2334 4176 2398 4230 Si
2418 4178 2683 4248 quomodo
2710 4179 2785 4234 ad
2803 4181 3186 4237 aemulandum
3201 4198 3487 4254 provocem
3504 4200 3737 4242 carnem

2079 4280 2278 4318 meam.
2314 4264 2558 4322 Carnem
2590 4283 2781 4337 suam,
2814 4269 2873 4324 id
2906 4274 3016 4339 est,
3046 4270 3276 4343 plebem
3304 4272 3637 4343 Judaicam,
3661 4290 3739 4331 ex

2076 4368 2192 4423 qua
2213 4354 2406 4410 carnis
2431 4356 2716 4427 originem
2737 4358 3015 4431 sumpsit,
3038 4360 3111 4416 ad
3130 4359 3528 4419 aemulandum
3559 4377 3646 4431 se,
3668 4363 3736 4421 id

2075 4445 2183 4504 est,
2217 4442 2569 4499 imitandum
2604 4461 2915 4517 provocem
2943 4447 3171 4504 volebat
3200 4466 3214 4504 :
3266 4454 3351 4517 ut,
3386 4449 3541 4506 sicut
3577 4450 3734 4524 ipse,

2074 4528 2150 4584 ita
2179 4536 2236 4584 et
2268 4530 2366 4586 illa
2397 4534 2675 4598 crederet,
2706 4540 2765 4590 et
2795 4535 3137 4592 salvaretur.
3171 4538 3243 4593 Et
3271 4537 3381 4594 hoc
3424 4544 3536 4610 est,
3569 4542 3734 4612 quod

2075 4618 2341 4686 sequitur
2371 4637 2385 4673 :
2446 4621 2507 4676 Ut
2548 4622 2734 4675 salvos
2760 4624 2969 4691 [asciam
2997 4625 3207 4696 aliquos
3237 4641 3307 4680 ex
3336 4627 3473 4683 illis.

2146 4706 2232 4771 Et,
2256 4712 2320 4762 ut
2354 4712 2546 4765 tamen
2572 4710 2843 4780 probaret
2864 4728 2979 4767 non
3005 4729 3210 4769 vacare
3237 4730 3440 4771 casum
3464 4714 3732 4784 illorum,

2071 4798 2332 4866 adjecit:
2390 4798 2454 4852 Si
2501 4801 2651 4853 enim
2702 4802 2927 4855 amissio
2973 4817 3186 4870 eorum,
3218 4805 3600 4862 reconciliatio
3649 4815 3739 4865 est

2069 4886 2282 4954 mundi,
2316 4902 2440 4957 qua:
2468 4891 2789 4959 assumptio,
2822 4890 2939 4944 nisi
2968 4893 3081 4946 vita
3117 4908 3187 4945 ac
3228 4894 3504 4947 mortuis?
3530 4894 3731 4949 Amis-

2071 4974 2294 5029 sionem
2315 4976 2649 5031 Judazorum
2680 4978 3069 5048 perditionem
3092 4985 3275 5047 vocat,
3300 4998 3426 5053 quas
3458 4981 3615 5037 facta
3636 4988 3733 5041 est

2068 5080 2172 5135 per
2194 5064 2616 5131 inﬁdelitatem,
2634 5083 2760 5137 qua:
2783 5068 3175 5123 reconciliatio
3203 5070 3408 5125 mundi
3437 5070 3568 5139 fuit,
3587 5089 3731 5144 quo-

2067 5151 2226 5205 niam
2249 5152 2363 5205 illis
2394 5152 2453 5206 in
2478 5153 2817 5209 inﬁdelitate
2840 5157 3341 5227 permanentibus,
3360 5160 3648 5226 mundus,
3667 5162 3728 5217 id

2067 5244 2177 5304 est,
2206 5239 2563 5297 habitatores
2588 5244 2813 5315 mundi,
2839 5246 2910 5298 ad
2938 5246 3408 5315 praedicationem
3433 5249 3729 5319 apostolo-

2066 5345 2219 5393 rum,
2252 5329 2354 5399 qui
2384 5330 2610 5402 expulsi
2654 5337 2812 5405 sunt,
2844 5335 3132 5390 credendo
3165 5335 3523 5392 reconciliati
3556 5344 3722 5408 sunt,

2156 5543 2280 5613 391)
2314 5543 2581 5600 Fortasse
2610 5547 2821 5613 extolli,
2852 5546 2943 5602 vel
2985 5550 3176 5604 irasci.

2156 5544 2280 5613 391)
2314 5544 2581 5600 Fortasse
2610 5547 2821 5613 extolli,
2852 5546 2943 5629 vel
2985 5550 3176 5604 irasci.

2312 5620 2841 5759 lvnulgutg‘gdhr‘nnirg.
2873 5619 2970 5677 hic
2999 5619 3249 5679 habetur
3274 5639 3401 5695 cap.
3434 5621 3717 5685 XXXVII.

3912 612 3927 651 ε

3913 702 3928 741 5

3916 778 3927 831 ἐ

3917 1224 3930 1278 3

3918 1318 3932 1367 τ

3917 1404 3932 1456 i

3917 1509 3932 1547 ε

3916 1600 3932 1637 1
