3942 6404
115 443 216 506 263

698 441 1119 505 EXPOSITIO
1161 441 1242 504 IN
1285 439 1716 503 EPISTOLAS
1761 437 2000 501 PAULI
2031 471 2109 484 —
2137 437 2217 501 IN
2265 436 2519 502 EPIST.
2563 437 2668 500 AD
2718 434 2916 500 ROM.

3407 435 3532 496 251

113 576 485 652 praevenierites
514 573 1003 646 (subintelligitur
1033 574 1191 630 enim
1235 574 1351 642 hic,
1398 573 1551 630 sicut
1579 577 1636 630 et
1663 573 1760 628 in-
1788 573 1845 640 Α
1871 587 2006 628 vero
2037 571 2288 644 speciale
2319 571 2712 643 commendat,
2764 569 2921 644 quod
2969 567 3280 642 precipuis
3309 567 3508 626 Christ

118 664 402 738 superiori,
421 666 648 734 estote).
673 667 865 719 Monet
887 681 1024 736 ergo
1049 681 1154 719 nos
1178 664 1486 735 Apostolus
1510 662 1756 718 invicem

118 754 410 829 praevenire
430 753 762 808 dilectionis
781 754 1094 821 honore,ut
1108 753 1484 810 fraternitatis
1501 752 1758 808 charitas

117 846 169 900 in
199 843 356 899 nobis
389 842 582 915 magis
613 846 1016 898 confirmetur.

178 934 277 988 Sed
311 931 452 1004 quid
485 931 598 986 sibi
630 931 775 999 vult,
829 932 984 1004 quod
1017 932 1331 987 subditur:
1373 931 1758 986 Sollicitudine

115 1039 210 1077 non
233 1023 398 1093 pigri,
431 1036 565 1075 cum
600 1021 877 1092 superius
901 1021 1146 1076 dixerit:
1177 1021 1284 1089 Qui
1298 1025 1521 1092 prazest,
1556 1023 1618 1075 in
1646 1021 1753 1076 sol-

118 1110 388 1167 licitudine
413 1111 612 1182 prazsit
637 1113 661 1162 .9
691 1109 936 1165 Videtur
967 1109 1127 1164 enim
1151 1110 1239 1164 bis
1262 1109 1319 1164 id
1342 1126 1472 1165 esse
1505 1109 1750 1164 dictum.

112 1201 516 1256 Verumtamen
557 1197 884 1268 sciendum,
938 1199 1078 1270 quia
1119 1198 1391 1270 superius
1439 1199 1754 1270 specialem

111 1289 364 1363 praecepit
390 1287 878 1354 sollicitudinem,
926 1305 1103 1360 quam
1159 1288 1268 1343 soli
1299 1288 1512 1342 debent
1542 1288 1756 1343 habere

112 1377 348 1451 praelati;
382 1377 483 1432 hic
513 1393 647 1432 vero
695 1376 1051 1449 generalem,
1104 1393 1281 1448 quam
1315 1393 1521 1432 omnes
1552 1376 1754 1433 fideles

112 1471 317 1539 oportet
346 1466 566 1522 habere
597 1466 837 1536 scilicet,
867 1470 932 1521 ut
981 1465 1219 1522 solliciti
1258 1465 1476 1521 diaboli
1509 1465 1754 1521 insidias

110 1556 274 1612 vitent
303 1555 474 1627 (415).
511 1554 724 1611 Fidelis
755 1555 915 1610 enim
947 1555 1202 1626 quisque
1238 1553 1456 1609 animal
1488 1554 1589 1609 Dei
1620 1558 1750 1610 est:

112 1641 311 1698 animal
341 1647 538 1699 autem
574 1641 672 1697 Dei
703 1641 1002 1698 oculatum
1033 1659 1163 1698 esse
1192 1643 1380 1709 decet,
1411 1646 1476 1697 ut
1509 1643 1755 1698 circum-

111 1747 324 1804 quaque
353 1730 697 1804 prospiciat,
727 1748 800 1787 ne
830 1729 1061 1786 diabolo
1083 1731 1367 1803 capiatur.
1402 1735 1565 1787 Hanc
1596 1731 1754 1787 solli-

110 1820 413 1877 citudinem
441 1821 651 1876 beatus
675 1820 880 1876 Petrus
905 1819 1206 1892 apostolus
1226 1821 1416 1888 docet,
1441 1819 1750 1892 inquiens:

106 1910 330 1966 Solliciti
359 1912 545 1976 estote,
577 1913 629 1966 et
657 1911 890 1981 vigilate
922 1909 1092 1981 (416),
1126 1913 1234 1964 etc.

165 2000 373 2071 Spiritu
399 2002 695 2071 ferventes,
745 1999 972 2055 Domino
1014 1999 1312 2054 servientes
1356 1998 1753 2071 (subauditur,

103 2089 312 2161 estote).
359 2088 584 2161 Spiritu
644 2088 928 2144 ferventes
986 2104 1114 2145 esse
1173 2092 1470 2158 monetur,
1529 2091 1594 2142 ut
1625 2087 1759 2159 igne

103 2176 392 2234 charitatis
423 2176 678 2245 accensi,
728 2193 797 2232 ea
837 2193 1009 2250 agere
1057 2177 1427 2244 studeamus,
1482 2192 1607 2247 quis
1640 2176 1757 2232 Deo

103 2265 378 2338 placeant,
410 2283 484 2323 ne
517 2267 660 2322 forte
692 2267 922 2322 dicatur
954 2267 1146 2334 nobis,
1193 2266 1348 2337 quod
1381 2265 1669 2321 Dominus
1701 2265 1759 2320 in

103 2355 444 2428 Apocalypsi
479 2355 762 2412 Laodiciss
814 2357 964 2427 (417)
993 2355 1264 2411 Ecclesiae
1315 2354 1523 2427 angelo
1579 2354 1756 2409 dicit:

107 2445 322 2501 Utinam
350 2461 494 2502 esses
541 2444 773 2513 calidus,
828 2447 924 2500 aut
971 2443 1247 2515 frigidus:
1304 2443 1396 2499 sed
1445 2445 1576 2515 quia
1623 2445 1762 2514 tepi-

105 2533 197 2589 dus
256 2551 333 2602 es,
368 2535 632 2606 incipiam
681 2542 730 2590 te
759 2549 1009 2590 evomere
1054 2550 1128 2589 eoc
1175 2548 1274 2588 ore
1301 2548 1420 2589 meo
1453 2533 1639 2605 (Apoc.
1673 2549 1763 2599 In,

115 2624 196 2688 15,
234 2623 342 2695 16).

176 2712 287 2768 Sed
317 2712 458 2784 quid
486 2711 595 2768 sibi
615 2711 758 2780 vult,
788 2713 942 2785 quod
968 2729 1074 2767 nos
1096 2711 1191 2767 hic
1213 2710 1544 2784 specialiter
1564 2711 1764 2766 admo-

113 2804 204 2856 net
234 2818 363 2857 esse
394 2803 504 2857 Deo
532 2804 822 2858 servientes
841 2805 866 2855 .9
897 2801 992 2857 Sic
1034 2801 1189 2857 enim
1231 2801 1409 2856 verba
1439 2817 1645 2856 sonare
1676 2800 1760 2854 vi-

111 2889 335 2960 dentur,
369 2891 539 2963 quasi
572 2891 670 2963 qui
711 2907 779 2947 ea
826 2891 981 2961 facit,
1033 2908 1160 2963 qua:
1211 2891 1483 2962 superius
1514 2891 1760 2959 dixerat,

112 2995 217 3034 non
251 2981 468 3036 serviat
497 2981 635 3037 Deo.
664 2983 936 3037 Attamen
964 2980 1270 3036 sciendum
1305 2979 1445 3052 quia
1490 2979 1628 3035 licet
1658 2981 1761 3051 qui

110 3069 492 3139 precedentia
536 3069 757 3125 faciunt
797 3069 914 3124 Deo
964 3069 1240 3132 serviant,
1293 3068 1403 3124 hoc
1432 3067 1764 3139 specialiter

107 3157 417 3228 Apostolus
436 3158 848 3215 commendare
871 3157 1075 3223 voluit,
1098 3157 1206 3212 hoc
1227 3157 1567 3222 admonere,
1591 3156 1761 3227 quid-

108 3247 236 3316 quid
256 3247 518 3320 agimus,
539 3252 776 3318 pr0pter
793 3245 1027 3301 nullum
1045 3250 1342 3299 terrenum
1361 3245 1761 3310 commodum,

106 3336 195 3390 sed
229 3343 479 3409 propter
507 3336 609 3391 Dei
660 3339 895 3390 tantum
943 3333 1284 3388 servitutem
1315 3333 1667 3401 faciendum,
1701 3333 1759 3388 id

107 3429 202 3491 est,
235 3430 301 3480 ut
330 3424 423 3481 illi
460 3423 690 3494 placere
725 3422 1047 3493 possimus.

167 3513 266 3586 Spe
324 3510 650 3584 gaudentes.
704 3509 792 3566 llli
841 3527 943 3582 spe
991 3509 1265 3580 gaudent,
1322 3509 1421 3582 qui
1479 3510 1762 3582 gaudium

108 3607 324 3659 aeternae
360 3599 751 3656 beatitudinis
796 3599 878 3654 ita
923 3598 1144 3654 habent
1181 3598 1239 3652 in
1290 3615 1414 3670 spe,
1442 3598 1610 3670 quasi
1634 3600 1762 3670 jam

109 3690 356 3748 habeant
379 3689 445 3744 in
471 3703 552 3744 re.
580 3689 792 3744 Etideo
814 3687 1102 3760 quidquid
1125 3688 1351 3744 adversi
1376 3688 1683 3760 patiuntur
1702 3689 1761 3743 in

109 3779 204 3836 hoc
234 3778 477 3846 saeculo,
523 3778 812 3850 patienter
849 3778 1063 3833 ferunt.
1102 3778 1170 3831 Et
1216 3777 1288 3832 ob
1317 3777 1425 3832 hoc
1457 3777 1763 3848 subjunxit

110 3869 418 3940 Apostolus
445 3886 460 3924 :
493 3869 554 3923 In
587 3868 956 3923 tribulatione
982 3869 1266 3938 patientis.
1300 3867 1444 3922 Hinc
1475 3867 1757 3925 Jacobus:

113 3956 269 4016 Omne
294 3957 572 4029 gaudium
611 3959 917 4023 exstimate,
951 3958 1152 4026 fratres
1194 3972 1319 4011 cum
1349 3959 1409 4011 in
1439 3959 1762 4013 tentationes

111 4052 280 4104 varias
301 4047 616 4104 incideritis
650 4046 789 4118 (Jac.
824 4063 863 4112 ι,
894 4047 972 4115 2).

173 4138 372 4209 Igitur,
402 4137 547 4209 quia
567 4135 688 4190 hinc
712 4151 882 4191 nemo
906 4134 1185 4205 consequi
1209 4138 1417 4207 potest,
1445 4134 1557 4191 nisi
1584 4135 1763 4191 conti-

111 4241 217 4282 nua
246 4227 534 4294 oratione,
569 4224 910 4296 subjunxit;
938 4225 1190 4280 Orationi
1219 4226 1489 4280 instantes
1518 4225 1762 4297 (subau-

113 4314 278 4385 ditur,
307 4318 541 4384 estote).
571 4315 641 4369 Et
662 4319 817 4369 nota.
843 4313 983 4384 quia
1004 4330 1119 4368 non
1142 4312 1223 4368 ait
1244 4318 1495 4384 tantum,
1529 4319 1762 4371 orantes

114 4407 270 4478 (418),
319 4405 696 4474 sed,orationi
740 4407 1026 4460 instantes.
1051 4403 1176 4457 Non
1231 4404 1388 4458 enim
1442 4404 1660 4458 sufficit
1689 4405 1760 4460 ad

115 4498 335 4568 tempus
357 4494 558 4552 solum
587 4510 773 4557 orare,
798 4491 910 4548 nisi
934 4496 990 4547 et
1013 4492 1288 4546 continue
1309 4508 1564 4548 oremus.
1600 4493 1762 4549 Unde

114 4583 167 4638 in
195 4585 503 4658 Evangelio
541 4582 825 4639 Dominus
855 4581 998 4636 dicit
1023 4597 1035 4636 :
1061 4579 1292 4635 Orantes
1322 4583 1474 4635 omni
1503 4589 1759 4652 tempore,

1867 661 2150 717 membris
2181 667 2268 718 est
2291 662 2711 718 exhibendum.

1936 769 2538 824 Animadvertandum
2587 784 2722 823 vero
2773 770 2882 835 est,
2935 783 3048 838 quo
3091 766 3269 822 verbo
3327 769 3530 821 utatur

1863 857 2216 930 Apostolus;
2251 857 2328 913 ait
2358 858 2516 913 enim
2541 874 2554 912 :
2589 856 3016 913 Necessitatibus
3037 858 3352 910 sanctorum
3380 870 3528 910 com-

1864 949 2233 1013 municantes,
2263 947 2320 1002 id
2345 952 2452 1014 est,
2486 947 2905 1019 participantes
2931 965 2945 1014 ;
2980 961 3045 1000 ac
3076 944 3126 1000 si
3148 949 3346 1015 aperte
3369 944 3526 999 dice-

1866 1042 1987 1092 ret:
2023 1037 2124 1104 Ea,
2157 1054 2285 1108 quae
2332 1041 2527 1092 vestra
2557 1041 2722 1103 sunt,
2773 1051 2891 1091 non
2933 1038 3216 1106 tanquam
3247 1036 3441 1089 vestra
3470 1036 3529 1089 et

1867 1127 2120 1198 pr0pria,
2150 1127 2252 1181 sed
2285 1131 2569 1196 tanquam
2622 1124 2814 1181 aliena
2855 1128 2914 1180 et
2943 1122 3282 1179 communia
3313 1122 3526 1177 Condi-

1864 1214 2010 1270 toris
2064 1215 2218 1277 dona
2266 1214 2549 1270 membris
2595 1213 2809 1270 Christi
2862 1210 3172 1284 praecipuis
3225 1209 3528 1283 impertire

1864 1304 2037 1374 (419).

1934 1393 2374 1464 Hospitalitatem
2410 1394 2706 1448 sectantes.
2755 1391 2904 1445 Nota
2933 1390 3074 1461 quia
3105 1406 3220 1444 non
3252 1388 3527 1460 praecepit

1863 1480 2183 1553 hospitales
2205 1481 2460 1547 esse,sed
2477 1478 2940 1552 hospitalitatem
2959 1477 3192 1534 sectari.
3207 1476 3526 1548 Hospitalis

1865 1571 2083 1642 quippe
2115 1575 2223 1638 est,
2258 1570 2358 1642 qui
2401 1569 2698 1626 venientes
2729 1569 2800 1624 ad
2852 1583 2916 1623 se
2944 1566 3208 1639 hospites
3237 1563 3526 1637 suscipit;

1863 1659 2325 1732 hospitalitatem
2345 1661 2622 1726 sectatur,
2639 1659 2739 1730 qui
2753 1656 2944 1727 villas,
2962 1659 3021 1712 et
3031 1655 3254 1728 plateas
3271 1652 3531 1712 civitatis

1864 1749 2090 1819 circuit,
2115 1767 2187 1805 ne
2208 1749 2355 1804 forte
2372 1747 2587 1820 aliquis
2604 1762 2933 1820 pauperum
2957 1746 3083 1802 sine
3097 1749 3248 1801 tecto
3266 1746 3526 1811 maneat,

1862 1838 1950 1894 vel
1980 1837 2162 1894 ullam
2193 1837 2524 1894 molestiam
2560 1837 2846 1909 patiatur.

1781 1946 1831 2011 B
1933 1945 2240 2002 Benedicite
2267 1944 2717 2016 persequentibus
2749 1958 2858 1999 vos.
2892 1942 2962 1997 Et
2992 1945 3084 1997 est
3113 1955 3325 1997 sensus
3355 1938 3526 1995 :Jam

1868 2034 2125 2090 innovati
2142 2033 2305 2102 estis,
2313 2035 2440 2104 jam
2458 2033 2590 2088 novi
2607 2031 2866 2087 hominis
2877 2033 3118 2103 gustum
3137 2027 3524 2100 percepistiis,

1867 2125 2116 2196 ideoque
2165 2121 2430 2178 maledici
2479 2137 2607 2177 esse
2654 2137 2772 2176 non
2823 2119 3084 2175 debetis:
3121 2133 3258 2173 nam
3308 2132 3376 2172 ex
3406 2131 3525 2184 ore,

1870 2228 1986 2283 quo
2021 2211 2280 2282 procedit
2310 2209 2657 2276 benedictio,
2704 2205 3035 2263 maledictio
3067 2205 3375 2277 procedere
3407 2221 3525 2260 non

1870 2299 2063 2364 debet,
2097 2298 2249 2352 sicut
2277 2297 2432 2352 enim
2478 2297 2736 2352 Jacobus
2786 2295 2930 2350 dicit
2977 2295 3120 2366 (Jac.
3154 2310 3240 2362 ιιι,
3275 2293 3362 2364 11)
3396 2309 3410 2360 ;
3445 2293 3528 2348 Ex

1871 2404 1989 2443 uno
2032 2387 2190 2442 fonte
2237 2385 2444 2454 dulcis,
2496 2390 2554 2442 et
2599 2401 2802 2440 amara
2851 2400 3006 2456 aqua
3057 2383 3370 2455 procedere
3407 2397 3526 2437 non

1871 2481 2086 2550 potest.

1941 2581 2250 2639 Benedicite
2278 2589 2328 2637 et
2365 2582 2540 2637 nolite
2593 2580 2938 2636 maledicere.
2981 2577 3092 2634 Sed
3143 2576 3526 2650 quaerendum

1872 2689 2052 2745 quare
2083 2672 2422 2742 subjungat.
2448 2669 2763 2744 Apostolus
2789 2686 2802 2724 :
2828 2667 3081 2723 Gunderc
3124 2682 3250 2721 cum
3278 2664 3525 2734 gauden-

1870 2762 2022 2819 tibus
2046 2759 2342 2833 tNunquid
2357 2759 2735 2832 gaudendum
2750 2765 2836 2814 est
2851 2773 2983 2813 cum
3009 2756 3125 2822 his,
3148 2754 3246 2825 qui
3265 2754 3335 2809 de
3357 2751 3527 2809 bonis

1869 2849 2317 2923 temporalibus,
2331 2849 2469 2904 etde
2483 2851 2668 2904 morte
2685 2862 2926 2903 suorum
2940 2845 3021 2900 ini
3031 2842 3530 2900 micorumleetan-

1869 2945 1969 2996 tur
1987 2939 2014 2993 ?
2029 2938 2212 2995 Absit.
2230 2938 2341 2994 Sed
2361 2938 2690 3004 sciendum,
2705 2936 2846 3008 quia
2858 2938 2946 2991 est
2963 2933 3246 3007 gaudium
3268 2931 3525 2999 carnale,

1871 3031 1942 3084 de
1968 3044 2084 3099 quo
2119 3027 2399 3083 Dominus
2440 3025 2618 3082 dicit:
2677 3027 2760 3080 Vae
2811 3025 2984 3089 vobis,
3017 3024 3114 3093 qui
3142 3021 3340 3077 ridetis
3370 3021 3527 3092 (Luc.

1869 3134 1947 3183 v1,
1978 3117 2070 3186 25)
2096 3131 2110 3168 :
2139 3120 2228 3170 est
2257 3119 2316 3170 et
2346 3113 2626 3185 spiritale,
2660 3113 2732 3166 de
2776 3127 2891 3182 quo
2923 3109 3063 3166 alibi
3093 3109 3248 3165 idem
3279 3111 3529 3181 Aposto-

1870 3203 1965 3260 lus
1995 3221 2007 3260 :
2038 3203 2272 3259 Gaudete
2300 3203 2361 3256 in
2381 3203 2610 3257 Domino
2637 3217 2852 3271 semper
2879 3199 3146 3270 (Philipp.
3173 3215 3257 3264 ιιι,
3284 3198 3358 3269 1).
3381 3200 3525 3253 Cum

1792 3315 1834 3383 ρ
1873 3292 1992 3348 illis
2011 3307 2158 3383 ergo
2190 3289 2569 3383 gaudendum
2589 3293 2707 3383 est,
2743 3289 2842 3383 qui
2874 3289 2946 3344 de
2965 3287 3138 3383 bonis
3163 3285 3528 3383 spiritalibus

1874 3382 2152 3454 gaudent,
2185 3385 2242 3435 et
2271 3379 2341 3435 ad
2373 3379 2480 3434 hoc
2530 3378 2817 3445 laborant,
2869 3383 2936 3433 ut
2985 3376 3224 3432 nomina
3261 3376 3526 3447 ipsorum

1873 3469 2207 3525 scribantur
2236 3467 2295 3522 in
2329 3466 2492 3536 coelo,
2529 3465 2746 3538 quibus
2775 3470 2832 3521 et
2861 3464 3147 3521 Dominus
3177 3463 3355 3531 dicit;
3389 3463 3529 3519 Gau-

1871 3557 2009 3621 dete,
2042 3560 2096 3612 et
2125 3557 2415 3622 exsultate,
2448 3556 2580 3626 quia
2609 3556 2840 3610 nomina
2867 3561 3044 3610 vestra
3071 3553 3279 3624 scripta
3305 3559 3435 3606 sunt
3463 3553 3528 3606 in

1870 3647 2003 3701 caelo
2039 3647 2231 3716 (Lucx,
2264 3646 2379 3716 20).

1941 3755 2096 3809 Flere
2144 3769 2270 3809 cum
2323 3751 2581 3822 ﬂentibus
2640 3750 3039 3821 (subauditur,
3087 3748 3354 3822 oportet).
3414 3748 3524 3803 Sed

1870 3841 2140 3916 nunquid
2161 3858 2293 3898 cum
2311 3841 2404 3897 bis
2418 3841 2677 3896 ﬂendum
2691 3844 2800 3907 est,
2816 3839 2915 3912 qui
2931 3835 3528 3910 damnatemporalia,

1872 3937 1973 3989 aut
2003 3937 2248 3988 mortem
2281 3932 2745 4004 propinquorum
2772 3929 3034 3985 deﬂent?
3063 3928 3189 3983 Non
3218 3945 3232 3995 ;
3257 3926 3357 3984 sed
3385 3943 3528 3982 cura

1870 4022 1964 4077 his
1995 4021 2117 4093 qui,
2177 4019 2262 4075 vel
2314 4037 2441 4088 sua,
2490 4019 2577 4074 vel
2628 4019 2878 4074 aliorum
2929 4017 3146 4074 deflent
3183 4018 3437 4088 peccata,
3471 4019 3530 4070 et

1870 4127 2065 4168 moras
2095 4109 2423 4166 Conditoris
2463 4109 2853 4164 differuntur:
2904 4105 3094 4179 qualis
3125 4110 3250 4162 erat
3276 4103 3393 4175 ille,
3427 4103 3528 4176 qui

1872 4201 2139 4257 dicebat:
2177 4199 2386 4254 Lavabo
2428 4215 2530 4270 per
2577 4198 2828 4268 singulas
2873 4205 3050 4253 noctes
3091 4196 3291 4252 lectum
3320 4209 3523 4264 meum,

1871 4291 2134 4362 lacrymis
2163 4292 2400 4345 stratum
2431 4306 2615 4344 meum
2645 4287 2831 4359 rigabo
2860 4287 3033 4358 (Psal.
3068 4303 3145 4351 v1,
3175 4285 3254 4356 7).

1941 4398 2001 4454 Id
2027 4401 2204 4469 ipsum
2231 4398 2466 4451 invicem
2510 4397 2808 4450 sentientes
2855 4391 3254 4464 (subauditur,
3295 4389 3523 4458 estote).

1870 4491 1950 4544 Ac
1979 4487 2029 4542 si
2061 4490 2257 4557 aperte
2308 4485 2563 4539 diceret:
2603 4481 2792 4538 Nolite
2843 4479 3196 4535 dissidentes
3239 4492 3391 4546 esse,
3423 4477 3525 4534 sed

1872 4593 1999 4647 qua:
2031 4575 2100 4630 de
2129 4573 2315 4636 vobis,
2346 4573 2548 4626 eadem
2581 4570 2792 4626 sentite
2823 4570 2895 4624 de
2927 4567 3224 4623 fratribus.
3256 4567 3372 4623 Non
3409 4568 3527 4622 alta

116 4677 168 4729 ut
193 4673 346 4744 digni
391 4674 722 4730 habeamini
751 4673 907 4743 (Luc.
965 4687 1080 4736 χχι,
1127 4670 1238 4740 36),
1290 4675 1401 4724 etc.
1449 4669 1594 4724 Hinc
1625 4669 1765 4726 alibi
1795 4685 1842 4749 D
1871 4666 2143 4736 sapientes
2167 4660 2562 4732 (subauditur,
2585 4659 3196 4749 sitis).iAltumsapere
3214 4661 3302 4713 est
3323 4671 3526 4749 super-

116 4759 256 4820 idem
285 4762 644 4838 Apostolus:
702 4760 832 4816 Sine
880 4760 1290 4816 intermissione
1334 4766 1482 4814 orate
1513 4760 1556 4831 (Ι
1590 4759 1760 4816 Thess.

116 4866 164 4918 v,
194 4854 296 4924 17).

177 4943 608 5000 Necessitatibus
679 4943 994 4995 sanctorum
1057 4939 1543 4994 communicantes.
1602 4937 1764 5001 Qua:-

118 5032 351 5088 rendum
385 5037 476 5088 est
507 5047 618 5086 cur
636 5029 747 5085 hoc
768 5026 1085 5101 Apostolus
1106 5025 1466 5100 praeceperit,
1497 5043 1630 5081 cum
1664 5044 1762 5082 su-

122 5121 302 5190 perius
333 5121 588 5178 dixerit:
623 5119 732 5185 Qui
764 5118 991 5188 tribuit,
1015 5117 1072 5173 in
1097 5116 1476 5189 simplicitate
1505 5115 1762 5188 tribuatI;

119 5210 334 5268 videtur
359 5212 522 5268 enim
556 5225 743 5278 unum
776 5223 922 5263 esse.
955 5209 1030 5262 At
1065 5206 1395 5274 sciendum,
1427 5204 1566 5278 quia
1591 5222 1764 5278 supe-

123 5298 229 5358 rius
256 5301 526 5376 generale
548 5315 699 5373 opus
725 5297 1138 5354 misericordiae
1171 5293 1602 5352 commendavit
1626 5312 1638 5350 :
1669 5293 1763 5350 hic

185 5459 417 5538 (415)an
446 5463 648 5538 autog.
682 5472 868 5538 marg.
901 5453 1131 5538 laterali
1161 5453 1440 5538 leguntur
1463 5453 1558 5508 hic
1589 5454 1764 5538 verba

125 5525 264 5587 haec:
303 5525 409 5590 ille
446 5541 498 5590 et
555 5525 886 5589 VErcellinus
932 5528 1127 5584 diacon
1170 5525 1272 5599 pi:
1303 5542 1450 5599 quis
1478 5525 1674 5599 verba
1703 5525 1762 5581 in

126 5607 288 5673 parte,
320 5605 564 5670 scilicet,
597 5603 755 5674 quod
788 5598 1183 5674 Vercellinum
1212 5598 1761 5674 attinet,__inte_rpre-

128 5668 389 5733 tationem
421 5668 746 5733 sortientur
776 5675 832 5730 in
867 5675 981 5731 fine
1004 5672 1394 5733 Epistolarum
1427 5669 1542 5725 divi
1578 5668 1758 5725 Pauli.

190 5747 325 5820 (416)
353 5751 380 5804 1
404 5753 558 5809 Petr.
613 5765 690 5817 ιν,
721 5748 776 5805 7.
824 5745 910 5804 Ibi
953 5741 1124 5817 Vulg.
1174 5743 1300 5801 loco
1328 5741 1558 5801 solliciti
1586 5741 1765 5801 habet

1873 4754 2028 4810 bire:
2064 4752 2185 4807 haec
2214 4749 2370 4806 euim
2403 4748 2694 4806 sententia
2723 4748 2855 4805 illos
2899 4747 3241 4821 spiritaliter
3268 4745 3525 4816 respicit,

1874 4843 1976 4915 qui
2007 4841 2078 4896 de
2109 4839 2234 4896 suis
2266 4838 2510 4906 meritis,
2536 4843 2593 4896 et
2613 4839 2951 4896 Judaiorum
2973 4836 3299 4908 abjectione
3319 4833 3529 4905 gloria-

1874 4932 2112 4988 bantur.

1946 5019 2051 5076 Sed
2082 5018 2385 5074 humilibus
2415 5019 2830 5074 consentientes.
2882 5012 3146 5070 Humiles
3178 5010 3310 5067 illos
3339 5014 3524 5080 vocat,

1874 5111 1946 5167 de
1976 5109 2192 5182 quibus
2225 5108 2512 5164 Dominus
2543 5107 2600 5162 in
2637 5103 2943 5177 Evangelio
2992 5102 3172 5158 dicit:
3201 5101 3357 5157 Beati
3377 5116 3527 5172 pau-

1872 5216 2028 5271 peres
2056 5200 2260 5272 spiritu
2299 5197 2507 5270 (Matth.
2550 5213 2603 5264 v,
2651 5197 2728 5266 3),
2784 5194 2839 5251 id
2885 5197 2996 5259 est,
3045 5189 3300 5248 humiles
3330 5190 3526 5246 corde.

1872 5291 1974 5348 His
2007 5307 2113 5346 nos
2145 5286 2462 5361 Apostolus
2509 5283 2940 5342 consentientes
2969 5299 3099 5340 esse
3137 5282 3435 5349 admonet,
3468 5279 3528 5336 id

1868 5455 2184 5527 prudentes.

1944 5525 2090 5596 (417)
2123 5527 2187 5576 In
2219 5522 2417 5596 autog.
2451 5517 2762 5596 Laodaciae.

1945 5590 2747 5672 (41.3)[n.“ut9$.-°mfi‘?"?§'
2862 5661 2942 5672 ..
3091 5662 3100 5671 .
3411 5650 3522 5672 ιφ,

1944 5651 2092 5738 (419)
2125 5651 2506 5738 Subauditur,
2530 5662 2757 5738 debetis,
2791 5661 2899 5734 vel,
2930 5662 3053 5718 loco
3080 5657 3378 5732 impertire,
3410 5651 3523 5722 legi

1873 5736 2120 5799 fortasse
2147 5736 2339 5805 debet,
2372 5736 2758 5809 impertimini.
