3942 6438
358 463 485 532 sse
1374 464 1723 537 A'rroms
1757 466 2345 538 VERGE‘LLENSIST
2390 464 2747 535 EPISCOP'I
3655 454 3789 532 2‘56

362 608 471 675 est,
503 606 570 660 ut
596 603 657 660 in
715 604 1025 678 colloquio,
1087 606 1443 675 affabilitate,
1502 611 1560 664 et
1611 623 1923 673 consensu,
1951 610 2009 662 et
2036 608 2089 673 Α
2191 604 2507 678 Sequitur:
2536 605 2597 660 Si
2624 604 2751 675 ﬁeri
2789 607 2984 676 potest,
3036 601 3178 675 quod
3227 612 3301 659 ea:
3326 601 3483 659 vobis
3517 604 3618 675 est,
3650 616 3785 659 eum

361 692 423 750 in
448 694 743 766 omnibus,
776 696 995 768 quibus
1024 697 1308 770 indigent,
1333 696 1729 753 subveniendo
1760 713 2003 753 consen-
2112 696 2368 752 omnibus
2398 695 2713 751 hominibus
2738 709 2932 764 pacem
2978 693 3254 748 habentes.
3304 691 3423 749 Pax
3460 693 3613 749 duos
3638 708 3783 750 con-

362 782 602 840 tiamus.
2106 785 2327 857 jungit,
2362 786 2611 856 Ideoque
2639 800 2769 855 pax,
2817 782 2930 838 nisi
2963 782 3114 837 inter
3156 783 3327 850 duos,
3361 798 3491 839 esse
3522 780 3639 840 neu
3673 797 3782 855 po-

434 872 639 944 lgitur,
673 877 740 928 ut
784 875 1117 929 ostenderet
1157 873 1296 945 quid
1328 879 1483 929 esset
1528 874 1647 931 alta
1693 891 1916 947 sapere,
1949 879 2009 933 et
2112 876 2247 930 test.
2275 873 2437 929 Unde
2466 873 2621 927 idem
2641 871 2987 944 Apostolus:
3022 870 3270 927 Christus
3310 880 3389 928 est
3414 888 3530 943 pax
3558 879 3779 939 nostra,

363 963 656 1033 quomodo
687 962 1012 1018 humilibus
1033 963 1360 1019 consentire
1388 965 1731 1031 debeamus,
1760 965 2004 1035 subjun-
2115 964 2212 1033 qui
2238 963 2370 1032 fecit
2396 968 2633 1033 utraque
2691 978 2865 1016 unum
2908 961 3126 1038 (Ephes.
3173 978 3236 1029 ii,
3287 960 3397 1034 14).
3447 960 3783 1017 Prsevidens

362 1050 480 1106 xit:
505 1051 684 1107 Nolite
703 1067 823 1107 esse
834 1052 1128 1123 prudentes
1147 1054 1298 1123 apud
1318 1056 1690 1125 vosmetipsos:
1713 1070 1829 1125 quo
1851 1054 2006 1108 dicto
2115 1062 2271 1122 ergo,
2306 1050 2444 1121 quia
2486 1066 2596 1122 pax
2642 1049 2987 1105 inconvulsa
3043 1050 3261 1107 servari
3320 1065 3438 1105 non
3481 1054 3681 1123 potest
3710 1066 3784 1105 ex

361 1140 618 1196 ostendit
645 1156 775 1195 esse
802 1140 1121 1210 prudentes
1152 1142 1306 1213 apud
1356 1143 1723 1212 semetipsos,
1758 1141 1859 1214 qui
1891 1141 2011 1198 alta
2115 1144 2278 1210 parte
2301 1139 2697 1206 inimicorum,
2729 1155 2933 1194 eorum
2966 1138 3254 1207 videlicet,
3287 1138 3386 1210 qui
3420 1154 3455 1194 a
3484 1138 3657 1195 bonis
3693 1153 3784 1195 re-

364 1227 620 1299 sapiunt.
652 1230 720 1284 Et
750 1233 907 1293 nota,
940 1228 1079 1300 quia
1117 1246 1234 1285 non
1283 1232 1366 1285 ait
1394 1236 1656 1286 tantum:
1694 1233 1870 1287 Nolite
1899 1247 2010 1286 esse
2117 1227 2930 1299 prehenduntur,temperavit
2951 1244 3120 1283 suam
3141 1226 3740 1294 locutionem,dicens
3766 1245 3781 1284 :

361 1316 675 1387 prudentes,
708 1333 781 1371 ne
808 1318 1171 1373 contrarium
1200 1319 1497 1375 videretur
1525 1320 1752 1376 Domini
1782 1324 2010 1376 senten-
2116 1317 2178 1371 Si
2204 1315 2336 1387 ﬁeri
2361 1325 2556 1389 potest,
2590 1316 2946 1372 Prsavidebat
2967 1316 3124 1371 enim
3158 1315 3315 1388 quod
3342 1315 3467 1371 ﬁeri
3497 1333 3615 1373 non
3647 1332 3787 1390 pos-

360 1404 476 1472 tite,
510 1406 612 1475 qui
656 1405 778 1461 ait:
828 1410 1007 1462 Estote
1052 1408 1346 1478 prudentes
1369 1425 1388 1469 ,·
1437 1410 1538 1464 sed
1577 1410 1825 1480 abjecit:
1859 1409 2011 1479 Apud
2118 1411 2224 1473 set,
2259 1406 2507 1477 ideoque
2555 1404 2898 1476 subjunxit;
2962 1405 3111 1473 Quod
3158 1420 3227 1460 ex
3282 1407 3434 1461 vobis
3474 1409 3695 1473 est;ac
3728 1406 3779 1461 si

362 1496 713 1565 vosmetipsos
737 1495 942 1565 (Matth.
971 1514 1025 1562 x,
1059 1498 1168 1567 16).
1220 1498 1390 1568 Apud
1430 1498 1651 1569 seipsos
1694 1500 2011 1570 prudentes
2117 1493 2544 1566 apertediceret
2568 1510 2582 1549 :
2609 1494 2837 1558 Quiaex
2859 1494 3231 1549 inimicorum
3255 1493 3783 1566 parteinconvulsa

366 1587 526 1654 sunt,
553 1583 656 1654 qui
686 1600 748 1639 se
773 1601 878 1656 pro
929 1602 1037 1641 sua
1066 1586 1377 1657 prudentia
1406 1588 1655 1659 jactant,
1690 1588 1791 1659 qui
1838 1603 2009 1643 suam
2117 1581 2337 1639 servari
2369 1600 2484 1638 non
2514 1584 2896 1655 potest,quod
2927 1598 2996 1638 ex
3019 1582 3186 1639 vobis
3210 1588 3318 1652 est,
3355 1582 3413 1638 id
3444 1586 3554 1652 est,
3586 1598 3783 1654 quan-

2116 1675 2244 1727 tum
2275 1671 2348 1727 ad
2377 1687 2479 1727 vos
2509 1676 2617 1738 est,
2650 1688 2719 1727 ex
2748 1675 2937 1728 vestra
2981 1671 3201 1727 scilicet
3228 1676 3393 1745 parte
3430 1671 3782 1728 inconvulsa

362 1761 2010 1837 tant;quidemeritispraesumunt,aliornmqueabjeotio-
2116 1765 2398 1829 servetur,
2441 1765 2506 1816 ut
2549 1776 2781 1833 semper
2824 1759 3057 1816 illorum
3107 1760 3451 1817 desideratis
3497 1760 3776 1818 salutem.

365 1849 2012 1927 negloriantur:illividelicet,quicarnis‘sequunturpru-
2120 1850 2346 1915 Quibus
2373 1848 2567 1906 verbis
2614 1862 2990 1923 nequaquam
3022 1849 3479 1906 ecclesiasticam
3512 1850 3779 1922 discipli-

366 1938 652 2008 dentiam,
682 1940 754 1996 de
785 1957 904 2013 qua
923 1941 1197 2013 superius
1216 1942 1298 1998 ait
1325 1942 1673 2015 Apostolus:
1705 1943 2012 2000 Prudentia
2041 1980 2089 2045 B
2117 1955 2255 1995 nam
2279 1938 2574 1994 interdicit
2600 1956 2613 2007 ;
2638 1940 2696 1994 id
2719 1943 2827 2006 est,
2851 1943 2917 1994 ut
2938 1950 3072 1995 cum
3098 1938 3369 1995 videmus
3392 1938 3645 2011 aliquem
3666 1938 3780 1994 fra-

363 2030 555 2084 carnis
580 2044 731 2084 mors
758 2033 838 2085 est
888 2029 1062 2087 (Rom.
1107 2048 1229 2100 vni,
1276 2032 1351 2104 6),
1403 2032 1460 2087 id
1501 2037 1609 2099 est,
1643 2032 1743 2104 qui
1775 2031 2012 2088 inimico
2042 2026 2089 2045 ν
2119 2033 2269 2084 trem
2291 2027 2676 2099 lapsum,non
2695 2044 2828 2083 eum
2848 2028 3239 2100 corrigamus:
3260 2026 3779 2100 oportetenimhoc

362 2115 548 2172 vicem
578 2118 853 2188 reddunt,
875 2118 1246 2175 maledicenti
1270 2136 1331 2176 se
1354 2120 1744 2187 maledicunt;
1769 2120 2014 2191 ideoque
2121 2130 2310 2188 agere,
2346 2116 2396 2171 si
2446 2115 2688 2171 forsitan
2739 2115 2908 2171 illum
2955 2115 3268 2171 emendare
3308 2116 3628 2188 possimus.
3663 2115 3777 2171 Sed

365 2205 708 2276 subjunxit:
759 2208 941 2262 Nulli’
995 2209 1210 2263 malum
1257 2224 1361 2280 pro
1415 2210 1563 2264 malo
1609 2208 1903 2265 reddentes.
1954 2208 2012 2263 Si
2122 2205 2619 2276 quemadmodum
2640 2220 2772 2259 cum
2797 2204 3074 2260 omnibus
3096 2203 3656 2276 hominibuspacem
3676 2203 3777 2259 ha-

364 2293 521 2349 enim
552 2293 773 2351 malum
806 2299 897 2350 est
927 2294 1149 2351 malum
1178 2294 1352 2351 alicui
1381 2296 1615 2366 inferre,
1646 2296 2012 2367 incompara-
2120 2294 2256 2348 bere
2287 2293 2606 2366 possimus,
2663 2294 2789 2365 ipse
2837 2294 3196 2358 manifestat,
3246 2308 3380 2348 cum
3426 2291 3736 2365 subjungit
3762 2309 3775 2348 :

365 2380 561 2449 hiliter
590 2384 785 2453 majus
813 2387 902 2438 est
935 2383 1158 2439 malum
1200 2402 1305 2456 pro
1355 2384 1510 2440 malo
1556 2386 1834 2441 reddere:
1867 2384 2013 2440 illud
2120 2382 2233 2439 Non
2254 2385 2609 2453 vosmetipsos
2624 2381 2990 2453 defendentes,
3010 2381 3438 2450 charissimi,sed
3456 2381 3583 2437 date
3599 2382 3779 2437 locum

366 2470 526 2525 enim
553 2470 885 2541 frequenter
930 2471 1264 2543 ignorantia
1311 2475 1395 2537 fit,
1448 2474 1558 2528 hoc
1605 2490 1740 2529 vero
1785 2490 2018 2545 semper
2121 2475 2239 2528 ira.
2272 2472 2361 2527 Ira
2384 2472 2445 2527 in
2477 2473 2586 2527 hoc
2619 2471 2765 2538 loco,
2801 2470 3071 2544 quamvis
3099 2469 3357 2526 hominis
3385 2470 3575 2542 possit
3604 2469 3778 2525 intel-

368 2556 584 2614 studio.
618 2557 720 2613 His
750 2574 886 2631 ergo
907 2560 1098 2615 verbis
1141 2560 1250 2616 hoc
1301 2562 1468 2617 docet
1494 2561 1826 2633 Apostolus,
1860 2562 2015 2633 quod
2122 2559 2245 2634 ligi,
2270 2560 2691 2633 congruentius
2716 2564 2914 2616 tamen
2938 2560 3262 2632 accipimus
3282 2558 3431 2615 iram
3453 2558 3654 2630 Dei,id'
3671 2562 3777 2632 est,

367 2644 654 2703 Dominus
682 2647 740 2702 in
772 2648 1073 2719 Evangelia
1098 2665 1111 2705 :
1141 2652 1208 2707 Si
1236 2652 1359 2721 quis
1389 2654 1439 2706 te
1461 2652 1786 2722 percusserit
1814 2653 1876 2706 in
1903 2667 2016 2705 una
2120 2650 2459 2706 vindictam.
2493 2649 2639 2704 Cum
2662 2666 2799 2722 ergo
2822 2650 3216 2721 nosmetipsos
3247 2665 3360 2704 non
3383 2648 3778 2720 defendimus,

367 2735 626 2817 mamilla,
650 2736 841 2808 prmbe
867 2740 922 2793 ei
948 2742 1001 2794 et
1030 2739 1267 2795 alteram
1309 2739 1522 2805 (Matth.
1552 2757 1607 2809 ν,
1638 2740 1708 2794 39
1733 2757 1747 2807 ;
1773 2743 1905 2795 Luc.
1937 2756 2017 2806 v1,
2123 2739 2354 2794 duobus
2386 2737 2575 2794 modis
2604 2736 2798 2794 locum
2843 2738 2941 2794 irai
2968 2739 3216 2806 damus;
3260 2735 3349 2794 vel
3381 2737 3522 2810 quia
3552 2736 3642 2793 ira
3670 2736 3780 2792 ini-

367 2824 484 2892 29),
515 2824 639 2889 Quo
669 2824 728 2880 in
754 2842 985 2898 genere,
1019 2831 1085 2882 ut
1105 2828 1313 2885 beatus
1335 2829 1692 2902 Augustinus
1722 2827 1883 2898 dicit,
1918 2843 2019 2884 sex
2125 2828 2262 2884 mici
2294 2829 2557 2894 sedatur,
2589 2828 2729 2883 dum
2774 2827 2886 2884 sibi
2939 2825 3222 2883 ultionem
3261 2826 3426 2883 reddi
3459 2843 3576 2883 non
3600 2827 3785 2896 videt,

370 2916 511 2968 sunt
540 2911 878 2969 differentiis
905 2932 918 2973 :
944 2915 1097 2972 bona
1120 2933 1223 2988 pro
1251 2916 1423 2975 malis
1453 2917 1728 2984 reddere;
1755 2934 1871 2973 non
1893 2918 2019 2972 red-
2123 2916 2210 2974 vel
2242 2915 2381 2988 quia
2409 2932 2512 2989 pro
2540 2931 2734 2971 amore
2765 2915 2865 2971 Dei
2892 2915 3182 2987 patienter
3214 2915 3456 2971 adversa
3482 2914 3786 2971 sustinen-

372 3001 511 3057 dere
565 3001 720 3058 mala
770 3020 876 3076 pro
926 3003 1134 3072 malis;
1182 3005 1335 3062 bona
1383 3022 1486 3078 pro
1535 3007 1704 3062 nobis
1734 3006 2014 3074 reddere;
2126 3010 2234 3074 tes,
2269 3005 2460 3061 locum
2491 3008 2606 3061 Deo
2638 3004 3052 3077 relinquimus,
3100 3009 3166 3060 ut
3196 3004 3322 3077 ipse
3353 3019 3455 3077 pro
3490 3003 3664 3060 nobis
3695 3002 3787 3060 ul-

374 3089 529 3146 mala
559 3108 663 3164 pro
694 3091 907 3161 malis;
944 3110 1059 3151 non
1087 3095 1327 3151 reddere
1356 3096 1511 3151 bona
1540 3112 1643 3169 pro
1675 3096 1882 3163 bonis;
1915 3095 2016 3151 sed
2126 3095 2396 3152 ciscatur.
2427 3098 2698 3150 Attamen
2748 3108 2865 3149 non
2914 3110 2983 3150 ea
3038 3092 3360 3149 intentione
3409 3091 3634 3148 malum
3667 3108 3787 3149 non

374 3179 532 3235 mala
560 3196 664 3252 pro
684 3179 876 3237 bonis.
900 3180 1160 3246 Quorum
1181 3184 1297 3240 duo
1329 3184 1520 3256 prima
1531 3186 1833 3256 justorum
1855 3187 2015 3253 sunt,
2126 3184 2313 3241 facere
2344 3184 2490 3255 (422)
2538 3184 2839 3255 debemus,
2886 3187 2952 3239 ut
2998 3183 3153 3239 Deus
3210 3183 3415 3256 puniat
3443 3180 3788 3253 inimicum,

376 3271 434 3324 et
462 3267 625 3339 prius
655 3268 903 3326 melius:
934 3271 1048 3327 duo
1074 3288 1210 3327 vero
1236 3272 1446 3328 ultima
1467 3274 1868 3345 reproborum,
1916 3272 2017 3328 sed
2127 3274 2227 3330 sed
2255 3275 2497 3339 instare,
2531 3275 2595 3327 ut
2640 3273 2711 3327 ad
2743 3288 2944 3345 pacem
2976 3274 3365 3338 convertatur,
3421 3274 3478 3326 et
3504 3270 3787 3327 salvetur.

376 3354 669 3429 posterius
699 3361 790 3413 est
819 3359 1075 3415 deterius
1100 3378 1113 3416 :
1156 3360 1256 3416 illa
1300 3378 1433 3417 vero
1483 3362 1677 3417 media
1705 3360 2023 3418 mediocria
2049 3346 2093 3414 C
2203 3362 2315 3418 Sed
2347 3362 2533 3417 oritur
2554 3362 2820 3435 quaistio,
2844 3377 2977 3416 cum
3000 3361 3286 3417 Dominus
3314 3360 3506 3416 dicat:
3558 3361 3792 3432 Diligite

363 1671 845 1743 imprudentiam,
880 1674 1049 1745 quasi
1098 1691 1392 1731 summam
1423 1678 1795 1748 prudentiam
1826 1678 2010 1749 depu-

376 3450 539 3514 sunt,
570 3450 628 3502 et
656 3446 821 3519 prius
854 3447 1021 3503 bonis
1052 3450 1469 3523 prepinquum,
1502 3451 1793 3523 posterius
1825 3449 2018 3508 malis.

376 3528 743 3592 Mediocriter
774 3536 933 3594 enim
969 3537 1125 3606 boni,
1150 3539 1304 3596 bona
1329 3556 1433 3611 pro
1463 3540 1634 3596 bonis
1662 3541 1935 3608 reddunt,
1968 3543 2026 3595 et

377 3623 749 3681 mediocriter
776 3627 938 3697 mali,
969 3627 1126 3683 mala
1155 3645 1257 3699 pro
1300 3627 1495 3683 malis.
1540 3628 1687 3684 Nam
1718 3633 1777 3685 et
1798 3628 1889 3684 lex
1914 3627 2026 3683 hoc

376 3711 462 3771 eis
494 3707 773 3789 praecipit,
806 3715 1040 3771 dicens:
1081 3716 1284 3788 Diliges
1330 3719 1570 3772 amicum
1611 3722 1793 3788 tuum,
1827 3719 1876 3772 et
1905 3717 2026 3774 odio

378 3800 606 3856 habebis
635 3803 931 3857 inimicum
952 3807 1108 3859 tuum
1129 3804 1279 3859 Levit
1303 3821 1316 3859 :
1340 3821 1455 3877 xxx,
1484 3804 1581 3873 18;
1609 3805 1795 3861 Matth.
1827 3822 1880 3860 v.
1914 3806 2024 3875 43).

379 3890 555 3945 J‘ubet
575 3889 790 3962 quippe
813 3890 1091 3949 talionem
1114 3909 1216 3965 pro
1238 3893 1451 3950 talione
1469 3894 1727 3962 reddere,
1750 3897 1807 3950 et
1823 3899 2031 3950 caetera

381 3978 722 4048 hujusmodi
753 3981 919 4051 (420).
956 3981 1241 4039 Dominus
1271 3982 1451 4055 igitur
1472 3983 1677 4040 nolens
1709 3983 2030 4056 discipulos

384 4080 523 4123 suos
554 4066 612 4124 in
644 4068 741 4125 his
786 4085 1043 4136 manere,
1093 4074 1158 4126 ut
1186 4088 1285 4128 eos
1331 4073 1403 4128 ad
1436 4071 1643 4128 altiora
1674 4078 2028 4144 provocarat,

384 4157 662 4229 praecepit
684 4172 698 4213 :
733 4159 963 4229 Diligite
983 4161 1237 4215 inimicos
1258 4165 1481 4229 vestros,
1508 4162 1801 4232 benefacite
1832 4161 1917 4215 his
1939 4161 2034 4234 qui

383 4260 477 4302 vos
508 4245 738 4301 oderunt
768 4247 975 4318 (Matth.
1024 4264 1078 4317 v,
1132 4250 1237 4317 44;
1286 4253 1417 4305 Luc.
1460 4267 1541 4317 νι,
1588 4252 1701 4318 26).
1734 4250 1807 4305 Ut
1836 4254 2031 4315 autem

386 4335 719 4391 ostenderet
733 4335 829 4407 qui
846 4340 988 4391 sunt
1000 4337 1099 4408 qui
1114 4337 1336 4393 malum
1352 4355 1453 4410 pro
1467 4338 1620 4394 malo
1631 4354 1747 4393 non
1761 4339 2033 4405 reddunt,

388 4424 695 4496 subjunxit
719 4441 733 4482 :
755 4426 1108 4483 Providentes
1126 4430 1267 4483 bona
1283 4444 1393 4484 non
1412 4429 1590 4484 solum
1606 4444 1789 4484 coram
1804 4428 1932 4494 Deo,
1946 4428 2037 4483 sed

388 4514 749 4571 etiamcoram
766 4514 915 4587 (421)
940 4517 1273 4573 hominibus.
1296 4517 1641 4589 Quicunque
1662 4534 1852 4573 mores
1874 4532 2033 4584 suos,

387 4607 446 4659 et
474 4605 731 4659 actiones
762 4604 845 4659 ita
886 4613 1266 4678 componunt,
1318 4608 1614 4673 ordinant,
1645 4610 1711 4661 ut
1741 4623 1774 4661 a
1801 4606 2038 4662 nemine

389 4692 736 4765 roprehendi
771 4692 1017 4763 possint,
1051 4694 1111 4749 hi
1141 4712 1336 4751 coram
1370 4697 1483 4752 Deo
1515 4698 1666 4752 bona
1696 4696 2034 4768 provident;

389 4870 697 4942 provident
727 4868 901 4925 etiam
933 4887 1130 4925 coram
1151 4870 1526 4928 hominibus:
1565 4872 1769 4945 quales
1799 4875 2038 4931 fuerunt

388 4963 663 5030 parentes
693 4958 1072 5032 praecursoris
1120 4959 1348 5015 Domini
1396 4960 1580 5015 nostri
1619 4960 1947 5033 Zacharias,
1981 4968 2038 5020 et

388 5040 708 5116 Elisabeth,
743 5048 814 5104 de
846 5047 1062 5120 quibus
1084 5048 1332 5121 legitur:
1367 5050 1506 5118 Quia
1535 5054 1691 5104 erant
1707 5050 1849 5121 justi
1875 5055 2037 5108 ambo

389 5137 717 5201 anteDevm,
744 5134 1058 5193 incedentes
1084 5139 1144 5192 in
1191 5138 1444 5194 omnibus
1470 5138 1767 5205 mandatis,
1798 5142 1848 5194 et
1879 5140 2037 5208 iusti-

390 5222 736 5294 ﬁcationibus
761 5224 984 5280 Domini
1010 5228 1136 5281 sine
1167 5228 1392 5301 querela
1422 5228 1572 5298 (Luc.
1606 5245 1642 5299 i,
1673 5227 1751 5299 6).

464 5399 614 5475 (429)
644 5398 820 5475 Exod.
852 5416 967 5475 iuri,
1025 5401 1117 5455 23.
1150 5402 1217 5475 24
1278 5407 1335 5458 et
1390 5420 1596 5475 seqq.;
1654 5402 1832 5460 Levit.
1885 5420 2037 5475 sxw,

390 5471 481 5524 20.
510 5487 525 5548 ;
558 5470 726 5548 Deut.
748 5486 874 5548 _x1x,
906 5472 1245 5548 gyyattb.
1277 5491 1330 5540 v,
1363 5476 1449 5548 38.
1580 5476 1642 5530 B.
1665 5478 1909 5548 August.
1937 5470 2038 5529 lib'.

395 5545 551 5620 cont.
588 5540 785 5595 Faust.
820 5557 885 5620 c._
912 5541 1268 5620 Pierian]
1327 5546 1564 5620 talionis
1612 5564 1729 5620 non
1758 5540 2042 5620 “privatus

398 5612 757 5686 quicunque,
790 5612 887 5666 sed
912 5613 1096 5686 judei;
1132 5613 1447 5686 indigebat.
1481 5618 1610 5672 Hec
1659 5618 1750 5674 lex
1779 5612 1930 5674 odiis
1958 5616 2069 5675 vi-A

396 5680 598 5764 fandis
621 5680 815 5764 potius
836 5680 1014 5764 quam
1033 5680 1299 5764 vindictas
1324 5690 1661 5764 exercendae;
1679 5689 2041 5764 consulebat.

396 5697 815 5810 tenuiséiouus
836 5698 1014 5765 quam
1033 5697 1299 5745 Vindicta:
1326 5697 1655 5746 exercendae
1679 5697 2041 5745 consulebat.

392 5754 547 5815 Nam
568 5770 600 5810 ο
646 5766 771 5809 ium
794 5768 1169 5815 inimicorum
1193 5756 1295 5814 Dei
1323 5759 1694 5831 lexjubebat,
1711 5776 1832 5823 non
1852 5758 2041 5833 priva-

2130 3450 2386 3508 inimicos
2413 3459 2636 3517 vestros,
2691 3455 2747 3506 et
2774 3449 3107 3522 Apostolus.
3150 3452 3267 3508 Non
3298 3465 3389 3506 vos
3416 3449 3789 3522 defendentes,

2129 3539 2466 3606 charissimi,
2502 3540 2603 3595 sed
2624 3539 2748 3594 date
2770 3539 2949 3595 locum
2978 3540 3079 3594 irae
3100 3556 3119 3593 :
3142 3554 3267 3603 cur,
3292 3539 3447 3595 sicut
3471 3538 3533 3593 in
3562 3539 3790 3612 Apoca-

2131 3627 2281 3701 lypsi
2311 3627 2558 3701 legitur:
2596 3628 2783 3684 Sancti
2804 3628 2901 3683 sub
2922 3640 3024 3684 ara
3046 3631 3154 3684 Dei
3170 3628 3416 3684 clamant
3434 3645 3453 3683 :
3488 3628 3790 3701 Usquequo.

2132 3718 2610 3787 Domineﬁsanctus
2661 3720 2714 3771 et
2764 3732 2955 3785 veram,
2996 3732 3107 3772 non
3147 3716 3368 3789 judicas
3422 3721 3475 3773 et
3529 3718 3794 3772 vindicas

2131 3807 2461 3877 sanguinem
2488 3809 2734 3861 nostrum
2763 3806 2945 3877 (Apoc.
2996 3814 3073 3877 vi,
3109 3806 3197 3878 10)
3217 3806 3245 3861 ?
3275 3806 3355 3861 Ne
3384 3820 3520 3880 ergo
3551 3809 3793 3861 contra-

2134 3894 2291 3951 rium
2312 3894 2600 3963 videatur,
2623 3894 2928 3951 sciendum
2953 3906 3062 3960 est,
3088 3895 3228 3967 quia
3247 3895 3434 3951 sancti
3457 3906 3573 3950 non
3595 3893 3791 3949 vindi-

2136 3987 2564 4040 ctam‘suorum
2597 3985 2969 4039 inimicorum
2993 3984 3329 4040 desiderant
3351 3984 3421 4039 ad
3453 3984 3790 4040 damnatio-

2104 4089 2292 4142 ‘nem,
2325 4074 2425 4128 sed
2459 4074 2531 4128 ad
2564 4073 3000 4129 conversionem
3026 4098 3040 4141 ;
3071 4073 3194 4129 haec
3224 4078 3314 4129 est
3342 4072 3499 4129 enim
3530 4071 3796 4129 vindicta

2138 4161 2445 4233 sanguinis
2465 4160 2726 4229 illorum,
2744 4160 2831 4217 vel
2855 4165 3007 4218 certe
3034 4166 3239 4234 optant
3258 4162 3413 4217 diem
3429 4160 3794 4234 judicii,quo

2139 4266 2342 4306 eorum
2364 4265 2649 4305 numerus
2665 4249 2999 4322 impleatur,
3016 4249 3224 4307 etmali
3237 4251 3581 4323 puniantur,
3596 4254 3796 4306 utnon

2139 4338 2225 4396 eis
2252 4339 2422 4394 liceat
2452 4337 2706 4410 amplius
2737 4355 2994 4411 peccare.

2215 4428 2399 4500 Igitur
2416 4427 2615 4484 volens
2637 4444 2804 4483 suam
2829 4427 3221 4484 narrationem
3235 4426 3499 4500 exemplo
3518 4426 3795 4500 probare,

2143 4518 2395 4583 subjecit
2416 4535 2429 4573 :
2453 4517 2605 4573 Sicut
2615 4519 2879 4589 scriptum
2892 4518 3054 4586 est,in
3068 4516 3217 4573 libro
3236 4516 3458 4573 scilicet
3478 4516 3798 4587 cujusdam

2145 4606 2466 4678 sapientis;
2498 4607 2628 4661 Mihi
2658 4607 2991 4675 vingictam;
3016 4622 3118 4677 ego
3160 4606 3489 4675 retribuam,
3519 4605 3656 4661 dicit
3684 4606 3802 4661 Do-

2065 4717 2115 4783 D
2144 4699 2330 4751 minus
2357 4697 2534 4766 (Deut.
2593 4712 2769 4759 χχχιι,
2801 4695 2914 4766 35).
2974 4695 3105 4751 Haec
3145 4695 3322 4752 verba
3371 4694 3601 4750 Domini
3633 4699 3801 4783 sunt,

391 4779 491 4851 qui
522 4796 657 4836 vero
682 4780 785 4847 ita,
811 4786 875 4835 ut
895 4780 1072 4837 etiam
1095 4782 1409 4839 imitabiles
1439 4786 1769 4855 ostendant,
1792 4784 1854 4840 hi
1884 4779 2071 4840 bona!

2147 4785 2394 4855 ideoque
2416 4784 2891 4839 subaudiendum
2921 4788 3046 4840 est:
3098 4784 3242 4840 Mihi
3270 4783 3587 4839 vindictam
3621 4782 3804 4840 relin-

2146 4874 2340 4946 quite;
2380 4889 2481 4943 ego
2513 4872 2856 4940 retribuam,
2906 4872 2964 4927 id
2998 4876 3106 4940 est,
3164 4876 3419 4928 vestram
3452 4871 3802 4945 patientiam

2146 4964 2553 5027 remunerabo,
2610 4960 2702 5016 vel
2762 4978 2865 5033 pro
2939 4962 3105 5016 vobis
3164 4961 3448 5017 ultionem
3509 4960 3802 5017 reddam:

2146 5056 2395 5123 utroque
2424 5051 2581 5106 enim
2614 5051 2787 5106 modo
2818 5048 3062 5122 intelligi
3094 5054 3305 5122 potest.

2219 5140 2352 5206 Sed,
2386 5140 2526 5211 quia
2553 5139 2778 5195 dixerat
2801 5156 2814 5194 :
2847 5139 2983 5194 Mihi
3003 5139 3323 5209 vindictam,
3349 5141 3485 5209 etc.,
3507 5140 3576 5193 ut
3604 5140 3807 5194 osten-

2148 5230 2311 5285 deret
2338 5229 2480 5301 quid
2513 5244 2682 5300 agere
2733 5228 3101 5297 deberemus,
3155 5228 3410 5299 adjecit:
3451 5226 3514 5283 Si
3541 5227 3821 5285 esurierit‘

2147 5407 2365 5472 torum,
2399 5419 2600 5478 quos‘e
2620 5402 2909 5478 contrario
2935 5403 3176 5478 diligere
3198 5401 3805 5478 praecipiebat._Levit.

2149 5493 2266 5541 XIX,
2305 5479 2387 5545 17,
2405 5474 2516 5548 18;
2552 5476 2726 5531 Exod.
2760 5492 2918 5539 xxin,
2951 5477 3001 5542 4,
3034 5477 3105 5544 5;
3143 5474 3311 5531 Deut.
3346 5491 3485 5548 χχιι,
3518 5474 3640 5531 1-4.

2222 5549 2368 5622 (421)
2398 5546 2593 5622 Vulg,
2626 5564 2809 5603 coram
2839 5549 3091 5622 omnibus
3125 5546 3476 5622 homim‘ibus.

2224 5617 2370 5691 (422)
2404 5620 2476 5695 In,
2501 5617 2694 5693 autog.
2724 5622 2935 5695 facere,
2952 5620 3174 5695 absque
3197 5618 3488 5695 particula
3507 5630 3623 5675 non
3641 5634 3665 5682 ,'
3695 5617 3813 5675 for-

2151 5693 2310 5749 tasse
2338 5693 2608 5749 sustinere
2630 5691 2773 5766 pati,
2804 5696 2862 5749 et
2890 5691 3128 5750 similia.
