3942 6376
107 422 202 484 261

680 417 1105 480 EXPOSITIO
1147 417 1228 478 IN
1273 415 1698 479 EPISTOLAS
1742 415 1998 478 PAULI.
2025 449 2100 461 â€”
2129 418 2208 479 IN
2251 418 2502 480 EPIST.
2550 421 2656 480 AD
2702 421 2896 483 ROM.

3384 426 3504 485 262

104 558 296 632 propter
321 552 733 619 conscientiam,
766 551 826 606 id
853 554 944 607 est
1003 555 1241 624 propter
1291 551 1421 623 ejus
1479 566 1738 606 amorem
1767 549 2221 616 Adilectionem
2281 553 2528 624 proximi
2590 554 2904 626 pertinent,
2966 554 3096 611 ideo
3153 557 3507 630 generaliter

109 647 257 717 cujus
281 641 554 716 praecepti
585 640 765 696 vultis
795 657 924 696 esse
954 639 1291 712 impletores
1319 657 1332 695 :
1357 645 1416 696 et
1445 657 1594 712 pura
1615 639 1738 712 qui-

106 737 221 791 dem
253 735 439 787 mente
473 730 734 802 idipsum
766 730 956 786 facere
986 730 1234 800 debetis,
1265 747 1377 786 non
1416 731 1496 786 ad
1524 731 1738 786 oculum

106 823 452 889 servientes,et
480 821 642 891 quasi
671 820 987 875 hominibus
1013 819 1285 890 placentes
1315 818 1530 891 (Ephes.
1557 836 1635 887 vx,
1661 819 1738 892 6),

108 913 193 970 sed
224 912 348 981 Deo,
385 908 487 982 qui
522 909 730 981 probat
763 909 940 965 corda
968 913 1162 964 vestra
1180 909 1346 980 (437).
1370 910 1439 964 Et
1461 909 1740 980 quoniam

107 1000 360 1075 praemisit
386 1017 400 1055 :
427 999 524 1054 Dei
552 1000 807 1054 minister
836 1000 935 1063 est,
970 999 1178 1054 vindex
1207 1000 1272 1054 in
1303 1000 1392 1053 ira
1420 1001 1472 1054 ei
1500 1001 1600 1070 qui
1627 1015 1744 1053 ma-

108 1094 212 1146 lum
235 1091 357 1161 agit,
422 1089 642 1144 idcirco
701 1088 1044 1159 subjunxit:
1100 1089 1224 1143 Ideo
1273 1090 1422 1143 enim
1449 1097 1502 1143 et
1530 1090 1744 1143 tributa

103 1182 396 1254 praestatis;
429 1178 489 1233 id
524 1181 716 1242 est,ne
746 1177 1140 1249 persequendi
1171 1178 1537 1233 occasionem
1570 1177 1738 1233 detis.

106 1270 322 1325 Ministri
340 1269 494 1324 enim
523 1268 625 1322 Dei
654 1274 803 1331 sunt,
839 1268 898 1320 in
931 1267 1030 1321 hoc
1061 1268 1242 1338 ipsum
1276 1269 1596 1323 servientes.
1633 1267 1742 1322 Mi-

106 1360 302 1416 nistros
330 1357 438 1413 Dei
468 1355 762 1428 principes
792 1359 980 1421 vocat,
1032 1356 1252 1427 quibus
1303 1373 1336 1411 a
1383 1357 1500 1412 Deo
1535 1355 1745 1413 collata

106 1453 184 1505 est
212 1450 465 1520 potestas
496 1447 568 1502 ad
601 1445 953 1517 exigendum
984 1445 1294 1501 tributum.
1328 1445 1496 1501 Unde
1554 1451 1611 1501 et
1641 1462 1744 1518 ge-

104 1536 360 1593 neraliter
391 1551 495 1592 eos
527 1534 865 1601 exhortans,
898 1535 1187 1606 subjecit:
1221 1535 1443 1592 Reddite
1470 1553 1598 1606 ergo
1629 1554 1744 1592 om-

102 1628 250 1681 nibus
277 1625 505 1690 debita;
533 1625 683 1696 (438)
715 1625 811 1679 cui
837 1624 1124 1692 tributum,
1157 1625 1472 1686 tributum:
1503 1627 1595 1682 cui
1625 1643 1741 1682 vec-

103 1715 248 1785 tigal,
271 1714 525 1783 vectigal.
558 1713 892 1781 Tributum,
925 1717 991 1768 ut
1020 1713 1262 1786 quidam
1312 1714 1537 1786 volunt,
1571 1733 1605 1772 a
1636 1719 1745 1772 tri-

104 1803 300 1860 buendo
328 1803 570 1858 dicitur.
601 1802 704 1858 Est
729 1803 886 1858 enim
936 1818 1170 1875 census,
1204 1807 1306 1859 aut
1344 1805 1610 1861 redditus
1644 1806 1746 1877 qui

103 1892 342 1964 exigitur
370 1909 405 1947 a
441 1890 787 1956 colonis,vel
811 1891 1121 1948 territoriis
1146 1917 1161 1960 ;
1195 1908 1394 1949 revera
1423 1899 1619 1950 autem
1643 1895 1746 1950 tri-

101 1980 296 2035 butum
312 1998 344 2035 a
358 1980 613 2036 tribubus
634 1979 870 2034 dicitur.
888 1979 1134 2034 Romani
1150 1979 1441 2051 siquidem
1457 1983 1747 2037 mundum

100 2069 152 2124 in
166 2074 282 2125 tres
299 2072 498 2142 partes
515 2068 1347 2135 diviserunt,Asiam,Africam
1362 2075 1420 2125 et
1435 2075 1748 2144 Europam,

101 2158 307 2229 quibus
327 2158 428 2230 qui
451 2161 739 2229 praeerant
760 2157 980 2213 tribuni
1003 2158 1382 2230 vocabantur,
1409 2164 1465 2215 et
1485 2161 1586 2232 qui
1621 2178 1752 2217 cen-

98 2262 225 2302 sum
264 2247 596 2314 solvebant,
629 2247 947 2302 tributarii.
979 2246 1754 2319 Vectigalautemavehendo

98 2335 314 2392 dictum
337 2343 428 2392 est
456 2354 470 2405 ;
511 2340 600 2392 est
616 2336 769 2391 enim
795 2352 1006 2392 census
1028 2336 1267 2393 fiscalis.
1301 2339 1369 2392 Et
1390 2345 1478 2394 est
1507 2357 1752 2396 sensus:

88 2424 257 2495 juxta
272 2425 575 2497 propriam
598 2425 946 2497 dignitatem
961 2427 1238 2482 omnibus
1259 2426 1454 2483 debita
1474 2429 1756 2487 solvitezsi
1787 2483 1800 2496 ,

94 2513 416 2585 imperator
445 2517 555 2582 est,
579 2513 628 2570 si
651 2531 751 2569 rex
772 2517 882 2583 est,
903 2515 951 2568 si
976 2514 1268 2586 princeps,
1291 2516 1342 2570 si
1368 2517 1669 2589 magister,
1703 2520 1754 2576 si

96 2601 394 2675 dominus,
421 2602 469 2658 si
493 2610 673 2675 pater,
699 2602 787 2658 vel
814 2602 1101 2675 quidquid
1135 2603 1475 2675 hujusmodi
1505 2625 1518 2661 :
1551 2607 1610 2663 id
1643 2613 1754 2675 est,

92 2689 572 2762 imperatoribus,
595 2692 855 2764 regibus,
878 2691 1268 2765 principibus,
1292 2694 1516 2752 tributa
1538 2701 1595 2753 et
1626 2715 1753 2754 vec-

98 2779 335 2852 tigalia;
371 2780 658 2854 magistro
691 2784 747 2836 et
767 2781 939 2853 patri,
969 2781 1252 2838 honorem
1277 2801 1290 2851 ;
1315 2783 1554 2841 domino
1582 2786 1752 2842 timo-

96 2884 235 2924 rem.
270 2870 344 2924 Et
377 2869 491 2926 hoc
521 2875 612 2926 est
641 2871 797 2941 quod
828 2870 1138 2927 subditur:
1172 2875 1276 2928 Cui
1306 2875 1752 2944 timorem,timo-

96 2973 248 3020 rem;
278 2961 376 3014 cui
407 2959 692 3027 honorem,
723 2960 1003 3015 honorem.
1037 2960 1146 3015 Sed
1181 2962 1320 3032 quia
1357 2962 1598 3036 longum
1633 2971 1758 3021 erat

93 3063 190 3118 per
217 3047 469 3121 singula
490 3064 861 3117 enumerare,
911 3048 1042 3103 ideo
1087 3050 1441 3120 generaliter
1486 3054 1758 3111 universa

95 3137 836 3209 complectens,subjunxit
859 3155 872 3193 :
894 3138 1119 3193 Nemini
1146 3139 1445 3210 quidquam
1473 3140 1715 3197 debeatis
1739 3161 1754 3210 ;

92 3225 142 3280 id
174 3231 287 3283 est.
339 3228 630 3286 omnibus
671 3227 842 3296 juxta
889 3225 1240 3298 dignitatem
1288 3227 1482 3284 debita
1512 3231 1754 3303 reddite,

1849 640 2150 697 subdidit:
2188 643 2250 696 Et
2271 644 2324 697 si
2351 643 2492 714 quod
2521 651 2600 698 est
2651 643 2806 699 aliud
2835 646 3165 702 mandatum
3190 647 3497 718 (subaudi-

1851 733 1966 795 tur,
2001 731 2069 784 ad
2095 729 2464 787 dilectionem
2491 733 2741 804 proximi
2768 734 3110 807 pertinens),
3135 737 3196 791 in
3218 737 3321 793 hoc
3341 739 3505 795 verbo

1851 819 2215 890 instauratur,
2250 820 2307 875 id
2341 826 2448 891 est,
2483 822 2542 876 in
2601 823 2773 878 verbo
2831 823 3160 881 dilectionis
3201 827 3500 899 impletur.

1853 907 2015 963 Unde
2043 913 2098 963 et
2131 910 2407 966 continuo
2467 911 2663 982 ipsum
2712 913 2952 968 verbum
3002 914 3224 981 intulit,
3260 915 3502 973 dicens:

1850 996 2063 1068 Diliges
2112 1001 2432 1068 proximum
2488 1009 2644 1055 tuum
2696 1003 2844 1057 sicut
2887 1005 2938 1058 te
2968 1004 3172 1074 ipsum.
3208 1004 3279 1060 Ut
3308 1011 3504 1062 autem

1852 1087 2186 1142 ostenderet
2242 1089 2536 1159 quomodo
2594 1089 2841 1162 impleat
2892 1089 3102 1163 legem,
3165 1094 3265 1165 qui
3313 1095 3507 1167 diligit

1850 1175 2206 1246 proximum,
2238 1176 2543 1246 subjunxit
2571 1195 2582 1232 :
2620 1179 2848 1234 Dilectio
2875 1183 3125 1251 proximi
3153 1183 3366 1238 malum
3395 1201 3507 1239 non

1852 1268 2126 1336 operatur.
2161 1265 2508 1337 Quicunque
2539 1274 2738 1322 sancte
2769 1273 2826 1323 et
2854 1270 2946 1340 pie
2978 1270 3058 1325 ita
3087 1272 3418 1342 proximum
3443 1276 3510 1329 ut

1853 1371 1915 1410 se
1945 1353 2157 1426 diligit,
2187 1355 2464 1425 peccandi
2523 1356 2889 1412 occasionem
2949 1375 3065 1414 non
3124 1360 3334 1430 habet;
3371 1378 3507 1418 nam

1854 1443 1993 1513 quia
2022 1459 2136 1499 non
2169 1443 2294 1499 vult
2323 1447 2388 1498 ut
2416 1460 2525 1499 sua
2573 1461 2718 1500 uxor
2765 1451 3196 1519 corrumpatur,
3225 1450 3350 1521 ipse
3391 1469 3508 1507 non

1855 1531 2179 1604 corrumpit
2207 1531 2471 1601 alterius,
2506 1533 2645 1605 quia
2676 1551 2791 1590 non
2823 1535 2946 1590 vult
2984 1537 3191 1609 occidi,
3226 1554 3331 1595 nec
3383 1539 3510 1612 ipse

1856 1621 2060 1692 qumrit
2085 1621 2349 1678 occidere
2380 1622 2735 1694 proximum.
2769 1624 2864 1679 Sic
2895 1629 2948 1680 et
2983 1642 3087 1697 per
3115 1630 3343 1684 caetera.
3379 1628 3512 1686 Proâ€”
3625 1651 3636 1657 Î»

1855 1711 2079 1765 ximum
2113 1726 2348 1766 omnem
2381 1711 2678 1768 hominem
2727 1713 2868 1768 dicit
2924 1730 3055 1770 cum
3106 1730 3222 1787 quo
3274 1733 3512 1790 peccare

1855 1815 2195 1871 possumus.

1927 1889 2223 1944 Plenitudo
2255 1904 2388 1959 ergo
2417 1889 2549 1960 legis
2571 1897 2649 1944 est
2675 1889 2912 1946 dilectio.
2949 1891 3008 1946 Si
3049 1891 3309 1951 charitas
3341 1897 3514 1968 juxta

1863 1995 2062 2033 vocem
2086 1977 2343 2049 Apostoli
2375 1978 2678 2050 plenitudo
2704 1979 2850 2052 legis
2881 1986 2992 2047 est,
3010 1986 3066 2036 et
3087 1981 3240 2038 sicut
3257 1985 3513 2045 Joannes

1864 2067 2022 2138 dicit,
2058 2067 2318 2123 Charitas
2346 2071 2488 2123 Deus
2517 2073 2597 2122 est
2627 2070 2809 2138 (Joan.
2844 2087 2918 2137 Î¹Î½,
2951 2072 3060 2141 16),
3115 2089 3250 2145 ergo
3299 2081 3355 2130 et
3388 2075 3506 2148 ple.

1864 2157 2069 2211 nitudo
2099 2156 2247 2228 legis
2278 2157 2431 2212 Deus
2461 2160 2568 2222 est,
2605 2157 2706 2227 qui
2739 2157 2920 2215 dixit:
2981 2161 3099 2214 Non
3149 2165 3275 2218 veni
3301 2163 3515 2223 solvere

1867 2249 2034 2316 legem
2060 2245 2153 2300 sed
2177 2246 2481 2317 adimplere
2510 2246 2734 2314 (Matth.
2768 2240 2826 2316 Î½Î¶
2866 2247 2972 2314 17).
3002 2248 3235 2306 Poterat
3265 2251 3512 2312 fortasse

1867 2336 1934 2390 ad
1971 2334 2090 2390 haec
2117 2333 2333 2406 aliquis
2364 2335 2594 2390 dicere:
2635 2337 2927 2406 Apostole,
2989 2338 3122 2408 quis
3170 2338 3230 2394 in
3279 2344 3512 2399 mortali

1867 2441 2105 2495 corpore
2136 2423 2492 2478 constitutus
2523 2427 2715 2493 potest
2745 2423 2988 2494 implere
3019 2428 3172 2497 quod
3225 2428 3372 2486 dicis
3398 2450 3410 2499 ;
3455 2432 3514 2488 id

1866 2518 1976 2578 est,
2009 2517 2073 2567 ut
2105 2512 2434 2584 proximum
2469 2511 2766 2583 diligendo
2797 2512 3026 2568 nullum
3057 2515 3280 2574 malum
3314 2536 3516 2592 opere-

1865 2609 1965 2659 tur
1987 2605 2010 2656 Î¡
2035 2603 2287 2674 Ideoque
2321 2601 2628 2672 subjungit
2654 2600 2970 2673 Apostolus
2999 2619 3012 2659 :
3044 2604 3108 2658 Et
3163 2607 3261 2663 hoc
3287 2611 3518 2666 scientes

1863 2697 2074 2761 tempus
2104 2689 2249 2763 (439)
2285 2689 2680 2763 (subauditur,
2713 2707 2841 2747 esse
2872 2693 3120 2763 aptum).
3153 2694 3224 2750 Et
3261 2713 3518 2770 congrue

1864 2782 1974 2837 hoc
1999 2787 2233 2851 tempus
2255 2785 2460 2852 aptum
2479 2796 2607 2836 esse
2628 2780 2768 2835 dicit
2788 2781 2861 2836 ab
2886 2781 3108 2839 bonum
3131 2787 3514 2857 operandum,

1867 2871 2005 2943 quia
2027 2874 2158 2942 post
2173 2870 2324 2925 hanc
2344 2869 2522 2925 vitam
2564 2873 2798 2941 tempus
2847 2870 2958 2927 erit
3005 2872 3324 2946 unicuique
3346 2895 3380 2932 a
3401 2877 3517 2935 Deo

1865 2959 2183 3030 recipiendi
2212 2959 2365 3030 quod
2399 2958 2599 3031 gessit.
2635 2959 2796 3014 Unde
2818 2959 3104 3018 Dominus
3135 2979 3236 3033 per
3265 2967 3518 3037 prophe-

1864 3054 1985 3103 tam
2010 3066 2022 3102 :
2065 3049 2320 3118 Tempore
2349 3055 2568 3118 accepto
2597 3047 2866 3102 exaudiui
2895 3056 2971 3118 te,
3003 3057 3056 3104 et
3111 3053 3172 3105 in
3206 3051 3294 3108 die
3323 3057 3519 3111 salutis

1865 3137 2059 3208 adjuvi
2089 3141 2141 3191 te
2170 3138 2325 3206 (lsai.
2358 3152 2509 3202 xmx,
2532 3136 2596 3190 81
2628 3155 2640 3202 ;
2673 3137 2729 3192 Il
2759 3135 2879 3191 Cor.
2911 3153 2991 3204 v1,
3029 3137 3106 3206 2),
3154 3143 3308 3212 quod
3341 3160 3516 3216 expo-

1869 3241 2014 3280 nens
2043 3223 2357 3296 Apostolus
2387 3225 2504 3279 ait:
2542 3225 2671 3280 Ecce
2697 3241 2846 3281 nunc
2893 3234 3105 3299 tempus
3160 3233 3516 3304 acceptabile,

90 3314 327 3382 Verum,
363 3317 514 3388 quia
535 3317 760 3371 bonum
784 3297 1089 3370 charitatis
1120 3331 1236 3370 non
1269 3317 1472 3386 semel,
1498 3320 1594 3374 sed
1625 3297 1759 3378 con;
1789 3297 1832 3362 (á¼¶
1869 3331 1987 3370 ecce
2018 3329 2168 3369 nunc
2194 3312 2308 3368 dies
2335 3313 2531 3368 salutis
2561 3311 2746 3385 llbid.)
2777 3314 2861 3369 Ad
2895 3297 3032 3386 quid
3069 3297 3521 3378 autem-dixerit

90 3405 252 3462 tinue
285 3405 673 3462 reddendum
705 3407 814 3469 est,
848 3402 1052 3457 intulit
1078 3420 1091 3458 :
1123 3404 1248 3459 Nisi
1275 3409 1338 3459 ut
1368 3407 1600 3462 invicem
1627 3409 1759 3463 dili-

86 3497 260 3562 gatis;
297 3511 372 3550 ac
409 3492 466 3547 si
501 3491 756 3546 diceret:
782 3491 898 3547 Hoc
921 3490 1253 3548 dilectionis
1287 3495 1505 3551 bonum
1533 3513 1767 3570 semper

85 3584 241 3642 vobis
276 3581 549 3638 invicem
581 3579 924 3652 persolvetis
947 3597 1184 3638 necesse
1203 3588 1311 3654 est,
1336 3585 1474 3656 quia
1501 3603 1616 3657 quo
1638 3604 1763 3643 am-

91 3673 236 3743 plius
267 3670 580 3736 redditur,
608 3673 773 3726 tanto
804 3670 993 3742 magis
1012 3676 1277 3743 augetur.
1302 3675 1373 3729 Et
1405 3679 1470 3730 ut
1493 3677 1763 3732 ostende-

90 3766 167 3817 ret
195 3764 511 3835 quantum
545 3761 765 3814 bonum
797 3759 876 3814 sit
906 3759 1159 3832 dilectio,
1178 3763 1431 3834 subjecit
1453 3781 1464 3818 :
1489 3766 1594 3833 Qui
1612 3769 1767 3822 enim

91 3850 268 3921 diligit
293 3851 657 3924 proximum,
694 3849 865 3918 legem
894 3851 1164 3920 implevit.

158 3941 270 3996 Sed
306 3957 456 3997 cum
494 3938 778 3994 Dominus
812 3938 870 3993 in
893 3939 1203 4010 Evangelio
1235 3946 1368 4012 post
1397 3946 1770 4001 commenda-

93 4031 207 4084 tam
235 4029 630 4085 dilectionem
653 4027 750 4082 Dei
776 4032 832 4082 et
851 4028 1102 4099 proximi
1127 4030 1284 4085 dicat
1308 4048 1321 4086 :
1348 4032 1414 4086 In
1444 4031 1533 4086 his
1560 4033 1770 4089 duobus

93 4119 369 4176 mndatis
402 4121 522 4174 tota
555 4117 647 4172 lex
672 4117 871 4189 pendet
900 4118 1110 4189 (Matth.
1143 4136 1286 4190 xxn,
1320 4120 1430 4191 40),
1475 4124 1767 4192 quomodo

93 4207 409 4279 Apostolus
432 4223 578 4263 eum
601 4207 702 4278 qui
722 4207 1057 4278 proximum
1077 4207 1502 4281 diligat,legem
1525 4211 1770 4284 implere

94 4295 276 4353 dicit?
301 4298 389 4353 Ne
424 4311 572 4369 ergo
601 4296 871 4350 videatur
891 4296 1276 4364 contrarium,
1302 4298 1770 4356 animadverten-

95 4385 230 4441 dum
265 4392 358 4443 est
391 4386 547 4458 quia
578 4401 694 4441 non
727 4384 809 4440 ait
835 4385 1180 4457 Apostolus,
1209 4390 1392 4442 totam
1422 4387 1633 4460 legem,
1665 4390 1770 4446 sed

94 4477 350 4545 tantum,
383 4475 590 4549 legem
621 4473 807 4539 illam,
840 4475 1043 4530 volens
1074 4474 1403 4548 intelligere
1433 4493 1560 4548 quae
1584 4478 1774 4549 proxi-

96 4564 168 4618 mi
193 4565 370 4636 jubet
401 4563 989 4629 dilectionem.Quod
1012 4562 1061 4619 si
1092 4568 1276 4619 totam
1301 4563 1490 4636 legem
1523 4566 1770 4639 intelligi

1871 3403 1981 3457 hoc
2012 3407 2246 3473 tempus
2279 3405 2506 3473 aptum,
2535 3403 2795 3473 aperitur
2850 3420 2984 3459 cum
3031 3407 3336 3464 subditur:
3380 3412 3522 3480 Quia

1872 3492 2010 3546 hora
2039 3493 2120 3545 est
2139 3491 2258 3562 jam
2288 3505 2387 3545 nos
2417 3489 2481 3545 de
2516 3506 2702 3546 somno
2751 3507 3013 3562 surgere;
3057 3511 3124 3550 ac
3169 3495 3219 3551 si
3267 3497 3518 3555 diceret:

1872 3579 1983 3634 Diu
2016 3578 2252 3650 quidem
2278 3578 2550 3650 jacuistis
2580 3578 2640 3634 in
2672 3595 2880 3636 somno
2910 3579 3298 3652 inï¬delitatis,
3323 3601 3526 3658 corpo-

1874 3670 1956 3724 ris
1983 3669 2245 3740 ignavias,
2284 3673 2340 3723 et
2370 3672 2711 3724 ceterorum
2741 3669 3039 3726 vitiorum.
3095 3673 3244 3729 Hora
3282 3679 3371 3731 est
3395 3676 3520 3746 jam

1875 3774 2133 3828 surgere.
2168 3757 2285 3812 Cur
2315 3762 2511 3813 autem
2539 3760 2664 3829 jam
2697 3757 2836 3816 hora
2895 3759 2990 3828 sit,
3049 3763 3340 3820 ostendit:
3370 3765 3527 3821 Nunc

1873 3849 2025 3903 enim
2054 3849 2279 3919 prapior
2304 3851 2381 3903 est
2410 3856 2602 3903 nostra
2629 3849 2800 3915 salus,
2823 3865 2990 3920 quam
3018 3868 3144 3906 cum
3171 3853 3525 3911 credidimus.

1877 3938 1942 3992 Et
1972 3941 2061 3992 est
2091 3953 2302 3992 sensus
2333 3953 2344 3991 :
2381 3938 2520 4008 quia
2550 3937 2677 3993 dies
2699 3938 2909 4008 judicii
2942 3941 3196 4009 advenit,
3231 3947 3288 3997 et
3314 3949 3527 3999 nostra:

1875 4025 2004 4080 vitae
2038 4026 2172 4081 linis
2204 4026 2655 4097 appropinquat,
2715 4026 2846 4082 ideo
2903 4029 3172 4101 proprior
3227 4035 3316 4087 est
3371 4049 3530 4088 nunc

1877 4121 2080 4171 nostra
2108 4115 2292 4182 salus,
2352 4131 2530 4186 quam
2588 4119 2748 4181 tunc,
2810 4134 2943 4173 cum
2983 4119 3362 4191 credidimus,
3393 4123 3533 4194 quia

1878 4223 1993 4277 quo
2025 4205 2313 4278 praeterita
2342 4209 2700 4270 crescunt,eo
2731 4208 3080 4264 minuuntur
3110 4208 3326 4265 futura.
3370 4211 3532 4266 Salu-

1879 4301 1997 4351 tem
2028 4311 2162 4350 vero
2213 4310 2328 4351 non
2388 4296 2768 4367 temporalem
2829 4297 2988 4365 dicit,
3052 4299 3152 4353 sed
3212 4303 3529 4355 aeternam:

1881 4399 2058 4456 quam
2090 4385 2342 4456 perfecte
2399 4385 2638 4454 quidem
2699 4384 2902 4440 fideles
2955 4385 3306 4457 percipiunt,
3336 4402 3471 4442 cum
3503 4403 3534 4443 e

1882 4473 2224 4544 corporibus
2286 4476 2518 4538 exeunt,
2579 4472 2894 4543 perfectius
2952 4478 3150 4528 tamen
3211 4475 3536 4548 percipient

1883 4579 2016 4618 cum
2049 4578 2083 4616 a
2112 4561 2362 4616 mortuis
2392 4560 2864 4616 resurrrexerint.

95 4651 296 4725 voluit,
333 4670 448 4710 nec
484 4653 579 4709 sic
609 4650 969 4708 contrarium
1028 4654 1134 4708 est.
1195 4652 1302 4716 Qui
1365 4653 1523 4709 enim
1578 4654 1776 4726 diligit
1806 4673 1852 4736 Î™)
1955 4649 2276 4721 Sequitur:
2307 4650 2428 4704 Non:
2448 4652 2746 4720 praecessit,
2779 4655 2884 4708 etc.
2925 4652 3038 4708 Iste
3070 4657 3310 4710 sanctus
3352 4655 3534 4727 Apos-

95 4741 296 4811 Deum,
317 4743 529 4816 diligit
554 4741 761 4814 utique
785 4741 1143 4814 proximum,
1164 4743 1444 4813 quoniam
1464 4744 1777 4816 ipsejubet

96 4830 331 4905 diligere
355 4833 713 4907 proximum
739 4849 753 4899 ;
779 4836 835 4886 et
857 4829 956 4903 qui
988 4830 1319 4902 proximum
1344 4832 1554 4905 diligit,
1572 4833 1775 4905 utique

96 4921 281 4994 diligit
311 4929 370 4979 et
401 4924 628 4991 Deum,
662 4921 945 4994 quoniam
992 4921 1120 4990 ejus
1164 4920 1368 4993 implet
1396 4927 1770 4994 praeceptum.

96 5007 214 5081 Ipse
237 5017 448 5069 autem
475 5013 541 5067 in
564 5009 876 5083 Evangelia
898 5009 1040 5066 dicit
1067 5027 1078 5064 :
1115 5011 1221 5078 Qui
1262 5012 1452 5081 diligit
1486 5027 1590 5079 me,
1623 5028 1775 5066 man-

96 5098 217 5157 data
245 5120 372 5159 mea
401 5100 669 5158 servabit
703 5102 880 5171 (Joan.
913 5116 1032 5166 xw,
1062 5101 1176 5167 15.)
1210 5099 1280 5155 Ut
1337 5105 1531 5156 autem
1580 5106 1775 5157 osten-

99 5189 250 5246 deret
281 5210 474 5265 quam
509 5190 730 5246 dixerit
760 5190 968 5262 legem,
993 5189 1242 5261 adjecit:
1272 5191 1409 5245 Nam
1433 5208 1542 5246 non
1571 5191 1776 5247 occides

101 5281 503 5348 (subauditur,
542 5279 836 5351 scriptum
867 5279 1000 5350 est),
1033 5295 1143 5334 non
1176 5279 1655 5347 adulterabis,non
1685 5283 1776 5350 fu-

102 5370 323 5438 raberis,
356 5387 476 5428 non
536 5370 912 5440 concupisces,
970 5384 1082 5423 non
1138 5368 1346 5438 falsum
1404 5370 1779 5424 testimonium

102 5458 254 5517 dices.
286 5463 359 5518 Et
393 5461 550 5535 quia
583 5475 700 5515 non
730 5457 930 5513 omnia
982 5457 1486 5526 commemoravit,
1524 5474 1650 5529 quae
1705 5457 1777 5513 ad

167 5657 316 5731 (437)
349 5658 435 5731 En
472 5655 824 5731 pontiï¬cem
855 5653 1212 5728 evangelicis
1241 5669 1373 5711 vere
1404 5653 1692 5724 moribus,
1725 5658 1783 5712 et

105 5727 368 5790 doctrina
394 5727 735 5788 imbutum.

1887 4737 2482 4810 stolus,Evangclium
2521 4739 2910 4811 praedicando,
2935 4758 3081 4812 pene
3113 4746 3305 4798 totum
3336 4744 3537 4799 orbem

1881 4834 2173 4885 terrarum
2205 4828 2553 4896 circumivit,
2588 4833 2644 4884 et
2673 4829 2809 4899 quia
2837 4828 2983 4886 vidit
3015 4847 3146 4886 cum
3180 4831 3240 4885 in
3281 4831 3538 4887 tenebris

1883 4915 2246 4972 infidelitatis
2279 4921 2335 4972 et
2363 4917 2722 4990 reliquorum
2767 4919 3041 4974 vitiorum
3085 4921 3302 4990 jacere,
3344 4919 3539 4975 excla-

1885 5007 2066 5062 mavit
2091 5023 2102 5061 Îµ
2130 5007 2248 5061 No.1:
2263 5009 2563 5078 praecessit,
2590 5007 2813 5063 scilicet
2845 5007 3097 5079 antiquae
3151 5008 3448 5078 caecitatis,
3481 5009 3540 5064 id

1885 5102 1974 5153 est
2000 5095 2364 5152 infidelitatis
2391 5115 2403 5165 ;
2437 5098 2551 5152 dies
2580 5101 2766 5152 autem
2798 5097 3268 5168 appropinquavit
3313 5101 3540 5153 aeterna)

1887 5185 2116 5253 salutis,
2139 5185 2198 5240 id
2231 5191 2321 5241 est
2341 5187 2467 5241 dies
2490 5185 2624 5240 fidei
2649 5190 2704 5239 et
2738 5190 3080 5241 cmterarum
3106 5185 3416 5254 virtutum,
3441 5185 3543 5258 qui

1887 5282 2026 5332 tunc
2051 5275 2306 5341 advenit,
2334 5292 2467 5330 cum
2487 5273 2755 5329 Christus
2778 5291 2879 5346 per
2903 5274 3245 5347 mysterium
3276 5277 3545 5331 Incarna-

1889 5364 2066 5420 tionis
2088 5365 2146 5419 in
2175 5364 2396 5419 mundo
2415 5363 2708 5434 apparuit,
2726 5364 2896 5433 cujus
2918 5363 3050 5419 ï¬dei
3078 5363 3207 5420 luce
3228 5362 3545 5419 infidelita-

1889 5456 1968 5510 tis
2000 5454 2250 5509 tenebraa
2284 5454 2425 5508 sunt
2480 5451 2765 5523 eï¬‚'ugatzn.
2831 5452 2898 5506 Et
2952 5453 3092 5523 quia
3121 5452 3405 5524 praemisit
3433 5467 3547 5509 nox

1987 5649 2108 5719 438)
2143 5649 2204 5721 In
2239 5663 2424 5721 marg.
2458 5651 2654 5719 autog,
2692 5645 2786 5703 hic
2816 5647 3030 5721 legitur
3056 5663 3184 5720 cap.
3219 5646 3409 5721 XLLV.

1987 5716 2107 5799 439)
2139 5719 2242 5778 Hic
2274 5719 2334 5776 in
2365 5716 2553 5793 fnarg,
2585 5716 2781 5795 autog.
2814 5716 3031 5795 legitur
3059 5716 3187 5795 cap.
3219 5716 3385 5793 XLV,
3481 5759 3486 5766 .
