3942 6398
398 429 517 493 363

1423 409 1762 474 ATTONIS
1807 404 2393 477 VEBCELLENSIS
2437 400 2788 466 EPlSCOPl

3696 399 3821 458 εϐι

396 558 698 632 praecessit,
731 553 946 610 idcirco
976 549 1289 607 exhortans
1318 543 1659 617 subjungit:
1711 539 2051 609 Adiiciamus
2078 538 2131 604 Α
2164 541 2229 592 ut
2246 537 2582 632 ostenderet
2604 550 2730 632 quae
2752 533 2873 632 sint
2910 529 3405 632 armalucisiaut
3432 529 3642 632 ianque
3670 528 3816 600 sint,

399 631 530 717 ergo
561 663 729 718 opera
758 644 1146 702 tenebrarum;
1177 638 1235 692 id
1267 640 1374 707 est,
1407 631 1772 689 inﬁdelitatis
1799 634 1856 686 et
1884 636 2049 685 crete-

400 753 603 792 rorum
631 734 932 789 vitiorum.
970 731 1197 786 Rursus
1226 726 1365 798 quia
1394 720 1678 795 praemisit
1706 720 1827 774 dies
1863 722 2051 773 autem

399 823 884 898 appropinquavit,
904 820 1032 875 ideo
1054 818 1147 872 hic
1164 829 1394 887 quoque
1418 811 1718 867 subditur:
1744 808 2052 898 lnduamur

400 896 756 981 armailucis,
789 911 847 966 id
879 914 986 974 est,
1020 907 1214 971 ﬁdem,
1240 919 1424 974 spem,
1449 899 1816 965 charitatem,
1835 902 1893 952 et
1921 896 2051 950 reli-

400 1021 552 1077 quas
579 1002 848 1066 virtutes,
882 1014 1010 1068 quae
1045 996 1188 1049 bene
1225 1008 1392 1046 arma
1437 989 1736 1051 dicuntur,
1768 985 2046 1077 quoniam

399 1072 493 1149 his
521 1090 735 1163 gladiis
783 1103 946 1142 arma
992 1081 1207 1138 diaboli
1268 1083 1643 1151 superantur.
1696 1075 1859 1130 Unde
1907 1072 2044 1128 alibi

396 1180 749 1253 Apostolus:
780 1175 996 1231 Induite
1026 1188 1115 1227 vos
1152 1176 1504 1225 armaturam
1558 1166 1678 1231 Dei,
1713 1172 1774 1218 ut
1824 1163 2047 1234 possitis

396 1252 648 1325 resistere
676 1266 936 1321 adversus
962 1260 1197 1318 insidias
1226 1258 1453 1324 diaboli,
1485 1258 1535 1311 et
1563 1256 1625 1308 in
1654 1252 1904 1308 omnibus
1932 1267 2049 1322 per-

396 1360 531 1430 fecti
558 1361 707 1412 stare
735 1355 945 1427 (Ephes.
978 1368 1058 1418 VI,
1094 1350 1204 1417 11).
1244 1346 1413 1402 Lucis
1470 1349 1669 1399 autem
1724 1357 1890 1396 arma
1916 1340 2045 1395 ideo

396 1429 698 1514 dicuntur,
731 1441 1011 1514 quoniam
1043 1438 1163 1493 vita
1194 1433 1454 1491 ﬁdelium
1503 1433 1563 1487 in
1614 1429 2046 1502 comparatione

396 1533 726 1592 inﬁdelium
758 1531 860 1586 lux
888 1533 977 1585 est
1008 1532 1065 1583 et
1094 1526 1218 1580 dies
1246 1550 1261 1591 ;
1291 1524 1393 1579 sed
1425 1522 1521 1577 hic
1552 1521 1676 1576 dies
1735 1518 2045 1591 permistas

398 1623 575 1680 habet
597 1620 868 1678 tenebras
886 1616 1164 1690 quoniam
1188 1614 1399 1669 militia
1409 1615 1486 1667 est
1500 1613 1614 1665 vita
1628 1609 1865 1664 hominis
1883 1624 2047 1677 super

397 1714 608 1768 terram
638 1706 998 1782 (Job.v11,1);
1032 1709 1174 1760 tunc
1203 1706 1399 1758 autem
1433 1701 1558 1755 sine
1587 1698 1865 1754 omnibus
1884 1700 2045 1751 tene-

396 1800 520 1856 bris
548 1798 681 1865 erit,
711 1813 845 1852 cum
875 1794 1041 1851 electi
1079 1788 1417 1847 aeternitatis
1473 1788 1604 1843 luce
1652 1786 2043 1858 perfruentur.

2162 625 2463 697 adjunxit:
2522 626 2626 679 Sed
2673 623 2886 679 induite
2931 622 3224 676 Dominum
3261 621 3444 675 Jesum
3493 618 3817 681 Christum;

2159 716 2268 772 hoc
2299 720 2387 771 est
2416 715 2475 769 in
2506 713 2607 769 Die
2638 713 2878 768 honeste
2909 708 3231 765 ambulare.
3260 708 3571 765 Dominum
3602 708 3815 764 Jesum

2159 822 2266 860 nos
2298 808 2495 860 monet
2542 803 2822 867 induere;
2855 799 2911 853 id
2971 802 3081 865 est,
3140 798 3338 868 ﬁdem,
3378 797 3710 864 veritatem,
3754 801 3816 855 et

2157 900 2398 949 cunctas
2430 892 2823 962 virtutes,quaa
2853 888 2913 943 in
2945 887 3174 942 Christo
3204 886 3813 958 interpretantur.Sed

2157 982 2298 1053 quia
2324 982 2444 1036 haec
2476 997 2639 1036 arma
2670 979 2914 1034 induere
2944 993 3058 1031 non
3108 979 3319 1047 potest,
3344 975 3445 1046 qui
3484 975 3644 1031 curis
3702 993 3811 1031 sae-

2157 1071 2455 1126 cularibus
2485 1067 2842 1139 implicatur,
2875 1064 3091 1135 adjecit
3117 1081 3131 1119 :
3162 1064 3227 1119 Et
3258 1066 3440 1130 carni,
3487 1069 3689 1121 uestrae
3721 1081 3815 1119 cu-

2155 1176 2279 1214 ram
2305 1175 2376 1213 ne
2403 1160 2645 1229 feceritis
2676 1159 2737 1211 in
2767 1155 3073 1211 desideriis.
3108 1154 3256 1224 (441)
3287 1153 3556 1208 Przevidit
3592 1153 3815 1225 quippe

2153 1246 2486 1319 Apostolus,
2521 1246 2661 1318 quia
2691 1244 2817 1301 sine
2847 1260 2988 1299 cura
3037 1242 3230 1297 carnis
3277 1241 3455 1298 homo
3482 1242 3815 1299 subsistere

2155 1355 2268 1392 non
2302 1340 2511 1408 potest,
2547 1335 2795 1406 ideoque
2825 1332 3075 1403 adjecit:
3105 1333 3167 1387 In
3198 1331 3505 1387 desideriis.
3538 1335 3617 1387 Ac
3645 1331 3696 1386 si
3727 1331 3815 1386 di-

2153 1430 2343 1483 ceret:
2375 1424 2524 1481 Fieri
2555 1442 2671 1480 non
2700 1427 2892 1495 potest
2920 1426 2986 1477 ut
3014 1420 3207 1478 carnis
3234 1437 3436 1477 curam
3481 1437 3597 1476 non
3630 1419 3812 1477 facia-

2154 1514 2230 1569 tis
2258 1532 2271 1581 ;
2306 1513 2357 1569 si
2387 1530 2523 1584 ergo
2548 1512 2822 1578 feceritis,
2849 1527 2964 1565 non
3000 1510 3058 1564 in
3090 1508 3417 1577 desideriis,
3450 1508 3509 1564 id
3550 1512 3660 1574 est,
3692 1525 3812 1564 non

2152 1603 2216 1657 in
2247 1601 2761 1673 concupiscentiis,
2795 1599 2882 1653 vel
2913 1603 2979 1654 ut
3008 1596 3316 1654 desideriis
3344 1597 3557 1653 vestris
3581 1596 3814 1655 satisfa-

2155 1690 2348 1748 ciatis.
2374 1693 2496 1755 Quo
2527 1689 2683 1746 dicto
2713 1689 3007 1744 evidenter
3038 1687 3321 1755 insinuat,
3346 1684 3627 1758 quoniam
3670 1702 3814 1741 cura

2155 1781 2348 1836 carnis
2379 1780 2650 1835 habenda
2678 1783 2767 1834 est
2798 1778 2857 1832 in
2889 1775 3591 1844 necessariis,adimenda
3610 1778 3811 1832 autem

399 1889 472 1945 Ut
492 1863 690 1945 autem
711 1876 1861 1953 ostenderetquomodoinduidebeamus
1881 1889 2045 1929 arma
2076 1909 2122 1974 B
2155 1871 2214 1925 in
2251 1868 2587 1969 superﬁuis.
2620 1871 2688 1922 Et
2717 1867 2832 1974 hoc
2855 1871 2962 1932 est,
2996 1865 3151 1937 quod
3205 1864 3485 1920 Dominus
3523 1863 3584 1919 in
3620 1865 3811 1974 Evan-

395 1976 567 2046 lucis,
592 1973 877 2046 subjecit:
913 1971 1063 2026 Sicut
1092 1971 1151 2024 in
1181 1968 1269 2023 die
1298 1966 1514 2022 honeste
1540 1964 1906 2019 ambulemus.
1936 1960 2044 2016 Ubi

395 2063 778 2137 quaerendum
808 2064 899 2116 est
928 2074 1107 2131 quare
1136 2055 1365 2112 addidit
1391 2056 1533 2110 sicut
1561 2054 1621 2107 in
1652 2052 1759 2106 die.
1792 2050 2042 2117 Scilicet,

396 2153 537 2227 quia
563 2151 665 2223 qui
698 2164 804 2221 per
832 2152 1061 2204 noctem
1093 2144 1420 2208 ambulant,
1454 2140 1646 2197 solent
1673 2139 1957 2206 distincti,
1988 2143 2047 2193 et

394 2238 771 2311 incompositi
799 2236 883 2292 ire
909 2254 922 2292 :
950 2234 1191 2306 quidam
1221 2232 1399 2287 etiam
1426 2229 1590 2299 nudi,
1615 2227 1894 2299 quoniam
1928 2243 2044 2282 non

392 2330 668 2386 videntur
697 2327 769 2383 ab
797 2324 928 2380 aliis
952 2342 965 2391 ;
987 2322 1088 2394 qui
1118 2337 1251 2377 vero
1283 2336 1385 2392 per
1415 2318 1593 2385 diem,
1621 2316 1960 2374 omnimodo
1982 2331 2045 2371 se

396 2418 777 2489 componunt,
792 2428 864 2467 ne
880 2412 1278 2481 inspectorum
1297 2406 1495 2463 oculos
1518 2406 1832 2462 oll'endant.
1847 2403 2048 2459 Voluit

396 2523 530 2577 ergo
561 2503 886 2567 ostendere,
921 2498 1060 2571 quia
1087 2513 1326 2553 necesse
1355 2500 1466 2563 est,
1500 2499 1565 2549 ut
1609 2494 1693 2549 sic
1740 2510 1847 2550 nos
1878 2491 2047 2548 bonis

396 2594 673 2668 operibus
698 2591 1076 2657 adornemus,
1100 2591 1155 2641 et
1176 2585 1236 2640 in
1258 2584 1568 2656 splendore
1583 2581 1867 2637 virtutum
1891 2581 2047 2636 ince—

397 2687 709 2749 damus,ne
726 2679 828 2736 Dei
844 2675 1193 2750 inspectoris
1217 2673 1401 2729 nostri
1427 2672 1625 2728 oculos
1650 2671 2047 2737 offendamus;

394 2774 455 2828 id
484 2774 595 2840 est,
617 2770 677 2824 in
709 2766 878 2823 bonis
899 2765 1195 2837 operibus,
1224 2779 1340 2818 non
1367 2761 1638 2816 humana:
1660 2758 1855 2814 laudis
1878 2772 2053 2829 appe-

394 2860 719 2924 titum,non
742 2855 906 2910 lucra
921 2858 1172 2917 terrena,
1198 2851 1299 2907 sed
1323 2849 1433 2904 hoc
1468 2848 1658 2904 solum
1696 2862 2051 2918 queremus,

397 2954 464 3005 ut
487 2947 571 3003 illi
602 2944 964 3019 placeamus.
996 2941 1201 3012 Igitur,
1235 2938 1375 3010 quia
1406 2938 1671 2993 hortatus
1701 2940 1879 3005 est,ut
1910 2933 2056 3003 abji-

396 3052 665 3095 seremus
695 3050 872 3106 opera
901 3032 1300 3094 tenebrarum,
1332 3032 1398 3082 ut
1430 3026 1761 3081 ostenderet
1790 3041 1919 3095 quae
1964 3039 2052 3077 θε-

392 3136 544 3197 sent,
568 3123 820 3195 subjecit
845 3137 860 3178 :
886 3122 1006 3177 Non
1036 3121 1097 3175 in
1124 3116 1636 3181 comessationibus,
1661 3120 1770 3169 etc.
1816 3113 2050 3168 Comes-

390 3216 539 3272 satio
571 3212 809 3280 dicitur,
845 3209 1014 3283 quasi
1045 3224 1261 3262 mensae
1292 3205 1562 3261 collatio:
1620 3220 1746 3275 quae
1803 3206 1930 3257 tum
1963 3202 2049 3261 ﬁt.

390 3320 525 3360 cum
556 3319 590 3358 a
616 3299 883 3378 diversis,
912 3297 1159 3366 diversa,
1181 3297 1268 3351 vel
1290 3292 1548 3350 amultis
1572 3291 1758 3347 multa
1778 3291 1837 3345 in
1856 3306 2040 3345 unum

390 3391 874 3459 conferuntur,ut
890 3385 1071 3441 simul
1087 3383 1413 3456 epulantur.
1434 3386 1589 3436 Inter
1617 3384 1820 3435 caatera
1843 3390 2039 3434 autem

387 3481 574 3541 multa
602 3478 762 3547 vitia,
824 3494 893 3532 ex
950 3473 1372 3531 comessatione
1428 3470 1678 3526 ebrietas
1736 3468 2035 3535 nascitur;

381 3571 634 3642 ideoque
665 3584 801 3624 mox
832 3565 995 3641 addit
1018 3580 1030 3619 :
1053 3566 1117 3619 Et
1137 3561 1506 3618 ebrietatibus.
1530 3561 1779 3613 Sursum
1801 3556 1939 3627 quia
1969 3572 2040 3619 ex,

383 3658 663 3715 ebrietate
683 3654 864 3710 libido
888 3656 1219 3724 generatur,
1241 3648 1455 3719 adjecit
1479 3664 1493 3701 :
1515 3649 1631 3702 Non
1654 3648 1711 3699 in
1734 3646 2032 3700 cubilibus.

382 3744 587 3803 Cubile
618 3760 651 3799 a
680 3742 971 3808 cubando,
1002 3739 1057 3793 id
1082 3743 1191 3800 est,
1218 3754 1251 3791 a
1270 3736 1420 3792 Γωᾱο
1462 3734 1772 3790 concubitu
1801 3733 2033 3799 dicitur,

382 3834 541 3908 quod
575 3831 765 3903 magis
796 3828 953 3895 feris,
987 3832 1043 3883 et
1074 3825 1278 3883 bestiis
1334 3824 1601 3897 congruit
1638 3840 1817 3894 quam
1851 3822 2034 3877 homi-

382 3923 559 3979 nibus
590 3920 813 3977 ratione
842 3917 1164 3973 utentibus.
1214 3913 1418 3986 Igitur,
1481 3912 1618 3985 quia
1648 3912 1707 3967 in
1738 3910 2032 3967 cubilibus

380 4014 691 4085 patrantur
719 4005 1110 4064 immunditiaa
1134 4008 1191 4060 et
1221 4003 1651 4072 fornicationes,
1676 4000 1888 4071 adjecit
1922 4018 1934 4055 :
1968 4002 2033 4057 Et

380 4099 760 4156 immunditiis
787 4096 955 4169 (440).
1016 4094 1136 4151 Non
1189 4094 1251 4148 in
1308 4092 1669 4149 contentione.
1728 4089 2030 4145 Contentio

381 4192 473 4244 est
505 4184 851 4244 animositas
882 4182 1121 4255 mentis,
1152 4181 1214 4237 id
1239 4184 1328 4238 est
1357 4180 1519 4236 furor
1560 4180 1764 4246 animi,
1796 4195 1865 4233 ex
1894 4195 2027 4249 qua,

381 4276 521 4349 quia
549 4291 701 4348 sape
731 4272 995 4330 nascitur
1019 4269 1258 4338 invidia,
1291 4274 1394 4323 aut
1425 4267 1617 4333 dolus,
1649 4267 1864 4322 idcirco
1891 4268 2030 4322 sub-

371 4365 686 4439 jungitur:
722 4364 790 4418 Et
812 4361 1191 4427 aemulatione,
1223 4357 1309 4413 vel
1344 4362 1409 4413 ut
1439 4357 1703 4429 quaedam
1735 4355 2031 4427 exempla-

378 4454 464 4510 ria
494 4453 734 4519 habent,
765 4448 906 4506 dolo.

448 4543 557 4598 Sed
590 4542 972 4613 quaerendum
997 4542 1087 4595 est
1110 4554 1291 4611 quare
1310 4534 1626 4608 Apostolus
1638 4539 1889 4606 quatuor
1905 4550 2029 4589 car-

2154 1959 2303 2030 gelio
2335 1957 2509 2014 dicit:
2542 1958 2727 2013 Nolite
2755 1956 2979 2011 solliciti
3003 1971 3117 2011 esse
3150 1956 3212 2011 in
3257 1956 3562 2010 crastinum
3592 1952 3807 2024 (Matth.

2152 2066 2230 2118 v1,
2259 2048 2390 2115 34);
2425 2047 2524 2101 ubi
2584 2047 2789 2101 beatus
2850 2044 3270 2116 Hieronymus:
3326 2044 3505 2101 Labor
3552 2059 3809 2100 exercen-

2154 2137 2254 2191 dus
2282 2137 2429 2208 (442)
2458 2139 2553 2203 est,
2586 2134 2897 2191 sollicitudo
2926 2132 3184 2189 tollenda.

2223 2262 2509 2315 Praeterea
2535 2259 2868 2326 sciendum,
2894 2256 3175 2329 quoniam
3197 2254 3443 2329 gentiles
3478 2256 3808 2323 credentes,

2155 2351 2298 2406 adeo
2355 2350 2532 2404 fortes
2587 2352 2644 2403 et
2690 2347 2928 2419 perfecti
2986 2351 3152 2401 erant
3204 2347 3264 2400 in
3322 2344 3455 2415 ﬁde,
3488 2348 3553 2400 ut
3612 2347 3812 2402 omnia

2156 2437 2378 2493 munda
2406 2437 2706 2492 crederent
2734 2454 2747 2503 ;
2780 2434 3027 2506 ideoque
3051 2434 3225 2490 etiam
3254 2433 3372 2489 illis
3399 2434 3808 2502 vescebantur,

2156 2544 2283 2598 quae
2317 2525 2613 2597 prohibita
2643 2528 2780 2580 sunt
2810 2525 2869 2579 in
2902 2524 3047 2596 lege,
3081 2524 3334 2579 scientes
3365 2539 3434 2578 ea
3463 2524 3574 2579 sub
3622 2524 3812 2597 ﬁgura

2158 2615 2453 2688 prohibita
2486 2629 2499 2668 :
2531 2614 2717 2668 Judzei
2771 2617 2966 2668 autem
3026 2612 3328 2668 credentes
3370 2611 3592 2667 inﬁrmi
3623 2618 3805 2683 erant,

2159 2720 2263 2759 nec
2294 2704 2425 2758 aliis
2458 2702 2612 2757 vesci
2644 2702 2869 2758 licitum
2900 2702 3206 2774 putabant,
3225 2706 3434 2773 praeter
3452 2718 3581 2773 quae
3604 2702 3665 2757 in
3687 2702 3809 2776 lege

2158 2797 2449 2864 praecepta
2478 2796 2635 2846 sunt.
2668 2792 2885 2846 Videns
2944 2806 3080 2862 ergo
3137 2790 3452 2862 Apostolus
3506 2789 3661 2846 hanc
3693 2792 3809 2847 dis-

2162 2879 2511 2949 sentionem,
2544 2884 2608 2933 ut
2638 2896 2735 2934 eos
2784 2880 2852 2935 ad
2919 2896 3119 2950 pacem
3176 2882 3489 2949 revocaret,
3523 2880 3806 2951 subjecit:

2165 2970 2315 3039 (ΟΑΡ.
2339 2968 2507 3036 XIV.)
2530 2970 2819 3038 inﬁrmum
2849 2976 3032 3022 autem
3064 2969 3124 3022 in
3154 2967 3263 3036 ﬁde
3290 2969 3576 3022 assumite.
3609 2968 3810 3023 Genti-

2163 3058 2275 3113 bus
2302 3058 2457 3113 enim
2491 3057 2598 3112 hoc
2656 3057 2906 3125 dicebat,
2942 3073 3072 3127 quae
3107 3056 3267 3111 adeo
3327 3056 3511 3111 ﬁrmae
3559 3062 3731 3112 erant
3758 3058 3814 3112 in

2165 3147 2299 3213 ﬁde,
2330 3151 2396 3201 ut
2420 3147 2621 3201 omnia
2649 3147 2952 3200 crederent
3009 3145 3261 3212 munda;
3312 3146 3368 3199 et
3423 3148 3512 3199 est
3559 3162 3811 3202 sensus:

2163 3235 2466 3290 lnﬁrmum
2485 3235 2757 3290 Judaeum
2782 3234 2838 3288 in
2872 3233 3071 3299 ﬁde,id
3094 3236 3202 3301 est,
3220 3248 3335 3287 non
3357 3233 3558 3287 omnia
3590 3236 3816 3290 munda

2154 3324 2542 3395 putantem,in
2564 3323 2922 3378 consortium
2946 3325 3208 3376 vestrum
3233 3322 3520 3376 assumite
3546 3337 3559 3375 :
3587 3322 3636 3377 si
3670 3323 3817 3379 forte

2147 3412 2207 3466 in
2241 3414 2352 3467 ﬁde
2386 3414 2671 3483 proﬁciat,
2708 3416 2765 3466 et
2795 3428 2866 3466 ne
2891 3411 3170 3481 judicetis
3203 3426 3337 3465 eum
3387 3411 3734 3481 reprobum,
3758 3415 3813 3467 et

2144 3501 2573 3571 imperfectum.
2609 3502 2678 3556 Et
2708 3500 2817 3556 hoc
2844 3505 2933 3555 est
2962 3500 3115 3570 quod
3146 3500 3451 3570 sequitur:
3479 3499 3599 3554 Non
3629 3502 3692 3555 in
3726 3500 3809 3555 di-

2142 3592 2561 3662 sceptationibus
2600 3592 2997 3659 cogitationum
3016 3606 3036 3649 :
3067 3589 3124 3643 id
3184 3593 3292 3653 est,
3320 3605 3433 3644 non
3493 3592 3559 3643 ut
3590 3590 3812 3662 cogita-

2145 3679 2336 3734 tiones
2351 3681 2481 3749 ejus
2498 3679 2934 3748 dijudioetis,de
2958 3678 3174 3750 quibus
3197 3676 3603 3748 solusjudicat
3626 3678 3806 3735 Deus.

2141 3768 2324 3839 Elegit
2352 3768 2568 3839 quippe
2596 3769 2927 3838 Apostolus,
2959 3772 3023 3821 ut
3053 3768 3180 3837 ejus
3211 3767 3807 3838 inﬁrmitasportare-

2138 3863 2253 3921 tur,
2287 3862 2578 3927 quatenus
2654 3857 2711 3910 in
2773 3857 2887 3911 ﬁde
2918 3856 3228 3912 recederet.
3263 3856 3480 3912 Uudeet
3509 3856 3799 3926 subjecit:

2139 3947 2296 4001 Alius
2326 3945 2547 4017 quidem
2589 3962 2615 3999 s
2677 3945 2853 4000 credit
2879 3944 3215 3999 manducare
3243 3946 3433 4000 omnia
3458 3965 3479 4012 ;
3503 3944 3614 4000 hoc
3641 3945 3801 4001 enim

2138 4035 2208 4090 de
2239 4034 2439 4106 gentili
2484 4034 2648 4100 dicit,
2682 4034 2781 4105 qui
2812 4034 3011 4088 omnia
3042 4033 3220 4104 licita,
3255 4038 3313 4089 et
3343 4034 3565 4089 munda
3598 4035 3801 4090 crede-

2138 4125 2239 4179 bat
2265 4141 2279 4178 :
2314 4123 2536 4178 vocatio
2568 4139 2823 4194 namque
2853 4122 2952 4178 Dei
2982 4122 3178 4178 nullos
3209 4122 3481 4194 prohibet
3509 4123 3805 4191 cibos,sed

2138 4212 2285 4267 ratio
2316 4211 2680 4267 abstinentiae
2710 4212 2879 4267 etiam
2913 4228 2947 4266 a
2975 4211 3149 4266 licitis
3182 4211 3495 4268 abstinere.

2212 4337 2318 4404 Qui
2348 4344 2534 4391 autem
2588 4337 2846 4407 inﬁrmus
2906 4342 3005 4404 cst,
3042 4337 3191 4392 olera
3236 4335 3546 4392 manducet.
3580 4335 3702 4392 Hoc
3731 4336 3808 4394 de

2136 4425 2338 4481 Judazo
2370 4425 2529 4493 dicit,
2550 4425 2651 4497 qui
2682 4427 2740 4481 in
2774 4427 2885 4481 ﬁde
2908 4425 3200 4491 inﬁrmus,
3229 4443 3297 4481 ea
3318 4431 3547 4482 tantum
3576 4426 3807 4482 munda

2139 4518 2431 4587 credebat,
2467 4535 2593 4590 qum
2625 4517 2683 4572 in
2720 4519 2845 4589 lege
2876 4534 2991 4572 non
3050 4520 3189 4571 sunt
3246 4516 3585 4590 prohibita;
3621 4520 3679 4571 et
3708 4522 3804 4573 est

381 4629 620 4686 nalibus
636 4627 794 4683 vitiis
815 4628 931 4682 duo
950 4626 1239 4698 spiritalia
1253 4624 1638 4696 conjunxit,id
1660 4629 1766 4690 est,
1789 4628 2029 4679 conten-
2060 4644 2108 4708 D
2140 4623 2387 4708 _Sen_SUS3
2423 4608 2502 4660 Ea
2530 4610 2755 4661 tantum
2792 4604 3125 4708 manducet:
3165 4622 3291 4703 (D133
3324 4604 3434 4708 είῖξί
3484 4604 3710 4708 δυτεξνίξὶ,
3743 4609 3805 4660 et

379 4718 625 4786 tionem,
649 4693 1015 4773 etinvidiani.
1040 4714 1292 4779 Scilicet,
1335 4693 1473 4785 quia
1516 4713 1818 4769 ostendere
1848 4711 2032 4768 voluit
2060 4693 2104 4708 υ
2140 4697 2284 4768 legis
2314 4700 2598 4767 Ρτπθοερίο
2631 4711 2911 4786 οοηοοδὲἃ
2941 4693 3143 4763 credit,
3173 4694 3324 4749 Sicut
3356 4694 3509 4786 {31115-
3547 4693 3712 4750 Uﬂde
3744 4706 3807 4757 et

383 4807 663 4881 quoniam
687 4809 745 4861 et
768 4805 891 4860 haec
915 4802 1295 4870 duo,nonnisi
1318 4804 1416 4874 qui
1441 4801 1702 4858 carnales
1720 4806 2030 4873 sunt,ope-

379 4897 889 4953 rantur.Attamen
923 4891 1251 4961 sciendum,
1276 4891 1414 4962 quia
1444 4893 1649 4947 beatus
1666 4890 2030 4961 Augustinus

381 4988 495 5042 tria
517 4984 710 5041 solum
734 4984 874 5038 vitia
893 4984 1002 5038 hoc
1027 4980 1152 5037 loco
1174 4997 1665 5035 commemorasse
1687 4980 2029 5050 Apostolum

378 5075 525 5130 dicit
556 5089 569 5128 :
601 5072 748 5129 Nam
782 5070 1334 5129 commessationem
1368 5075 1425 5124 et
1469 5069 1810 5123 ebrietatem
1846 5084 2025 5122 unum

379 5160 592 5232 accipit
620 5177 634 5227 ;
662 5158 932 5216 similiter
961 5158 1177 5215 cubilia
1207 5164 1263 5213 et
1293 5156 1721 5225 immunditias,
1744 5156 1824 5209 ita
1853 5157 2029 5211 etiam

380 5250 812 5306 contentionem
843 5252 900 5302 et
928 5246 1357 5303 aemulationem
1389 5263 1403 5312 ;
1436 5245 1684 5314 ideoque
1712 5243 1877 5298 illum
1912 5245 2031 5299 haec

375 5338 492 5394 tria
516 5340 743 5391 tantum
774 5351 1264 5391 commemorasse
1306 5334 1465 5403 dicit,
1498 5333 1775 5405 quoniam
1824 5349 1891 5388 ex
1938 5332 2031 5388 his

376 5424 537 5483 velut
568 5423 781 5490 radice,
805 5423 998 5479 omnis
1027 5423 1302 5479 vitiorum
1329 5421 1578 5495 pullulat
1599 5439 1783 5494 seges.
1807 5423 2032 5478 Rursus

486 5619 606 5692 440)
637 5618 808 5692 Vulg.
842 5619 1231 5692 impudicitiis.

486 5619 606 5692 440)
637 5619 808 5691 Vulg.
842 5619 1231 5687 impudicitiis.

461 5619 614 5776 ἱ441)
645 5690 751 5751 Hic
781 5690 841 5747 in
869 5689 1084 5765 Autog.
1117 5705 1300 5765 marg.
1331 5689 1545 5765 legitur
1569 5706 1696 5765 cap.
1726 5690 1922 5751 XLVI.

2142 4786 2454 4841 subditur:
2486 4789 2541 4840 Is
2574 4786 2667 4856 qui
2694 4784 3008 4852 manducet,
3041 4799 3149 4839 non
3206 4783 3632 4840 manducantem
3690 4801 3807 4841 non

2138 4878 2409 4946 spernat;
2439 4874 2494 4928 id
2519 4877 2628 4943 est,
2652 4872 2910 4945 gentilis,
2934 4873 3032 4945 qui
3059 4872 3260 4929 omnia
3281 4874 3524 4929 credens
3550 4874 3802 4945 munda,

2142 4964 2479 5028 manducet,
2513 4962 2906 5033 (subauditur,
2932 4962 3151 5033 omnia)
3186 4980 3300 5018 non
3334 4963 3803 5019 manducantem

2138 5052 2430 5121 Judaeum,
2454 5050 2511 5105 id
2536 5055 2643 5115 est,
2670 5068 2783 5105 non
2815 5050 3012 5106 omnia
3044 5052 3267 5107 munda
3296 5051 3653 5120 credentem,
3680 5069 3804 5107 non

2140 5146 2398 5212 spernat,
2434 5139 2532 5194 sed
2563 5140 2971 5211 mquanimiter
3001 5140 3227 5210 toleret,
3256 5146 3547 5213 quatenus
3588 5140 3649 5196 in
3684 5140 3805 5197 ﬁde

2140 5229 2426 5301 proﬁciat.

2209 5338 2283 5391 Et
2308 5337 2404 5406 qui
2428 5352 2539 5390 non
2567 5336 2887 5403 manducet,
2938 5336 3364 5392 manducantem
3410 5352 3525 5392 non
3545 5337 3796 5409 judicet:

2140 5425 2202 5479 Id
2235 5429 2345 5496 est,
2376 5424 2638 5495 JUda't‘US,
2662 5424 2763 5496 qui
2786 5442 2900 5480 non
2932 5425 3131 5481 omnia
3162 5427 3386 5482 munda
3405 5427 3801 5495 credens,non

2209 5620 2358 5691 (442)
2386 5621 2597 5692 Autog.
2631 5619 3024 5676 cxcredendus.
3051 5620 3322 5676 Mendam
3354 5622 3576 5679 correxi
3610 5640 3683 5680 ex
3711 5623 3799 5680 di-

2137 5690 2194 5750 vi
2224 5692 2459 5749 Hicron.
2492 5690 2651 5749 teintu
2682 5692 2755 5747 ad
2787 5693 2883 5762 cit,
2916 5710 2965 5750 θ.
2998 5692 3204 5750 Matth.
3233 5710 3311 5759 v1,
3342 5710 3398 5749 ν.
3429 5696 3520 5752 24.
