3942 6408
146 431 260 495 265

745 433 1187 499 ΕΧΡΟὲΙἸἾΟι
1216 438 1295 499 1N
1340 438 1771 504 EPIS'I‘OLAS

1978 446 2076 505 LI.
2100 479 2177 491 -—
2208 447 2286 507 IN
2332 449 2584 511 E‘PIST.
2620 452 2726 512 AD
2771 452 2962 515 ROM.

3448 456 3568 517 266

148 566 342 623 omnia
358 567 999 659 manducat,gentilem
1018 570 1215 627 omnia
1232 574 1455 629 munda
1470 575 1803 632 credentem
1833 579 1888 646 Α
1919 582 2079 647 runt,
2104 584 2170 635 ut
2198 596 2313 636 non
2348 586 2577 638 tantum
2612 584 2685 638 ad
2716 599 2996 655 personas
3017 585 3347 659 hominum,
3366 589 3468 643 sed
3491 590 3566 645 ad

147 661 199 712 et
220 656 676 713 manducantem
701 674 818 713 non
830 658 855 729 j
866 658 1076 727 udicet,
1091 660 1148 716 id
1168 665 1275 727 est,
1294 679 1406 717 non
1430 664 1798 735 condemnet,

146 762 257 803 non
287 744 512 802 malum
569 747 642 801 de
684 745 786 801 illo
816 747 1130 804 existimet.
1164 750 1314 805 Sunt
1343 751 1500 806 enim
1532 754 1801 823 quaedam

145 835 306 906 facta,
336 851 471 907 qua
503 834 757 891 dubium
810 839 900 892 est
948 852 1065 909 quo
1114 836 1311 894 animo
1361 840 1543 909 ﬁant;
1578 842 1717 913 quia
1744 846 1803 898 et

145 924 310 991 bono,
332 928 392 979 et
413 922 568 980 malo
590 924 791 979 animo
814 924 940 980 ﬁeri
963 931 1215 997 possunt
1239 944 1251 983 :
1284 930 1342 983 et
1369 928 1587 986 idcirco
1614 931 1674 985 in
1705 930 1801 986 his

138 1012 426 1085 judicium
459 1028 693 1069 sumere
723 1029 843 1068 non
865 1014 1170 1084 debemus,
1195 1018 1351 1087 quod
1385 1019 1558 1074 nobis
1589 1020 1648 1074 in
1677 1019 1799 1075 illis

144 1101 519 1174 permittitur,
549 1118 676 1173 quae
698 1118 813 1173 quo
836 1101 1032 1157 animo
1064 1103 1226 1169 fiant,
1250 1104 1431 1161 videri
1462 1113 1710 1179 possunt
1733 1113 1799 1164 ut

140 1191 310 1262 furta,
342 1194 571 1262 stupra,
606 1190 987 1262 blasphemia
1032 1196 1089 1247 et
1118 1200 1325 1249 caetera
1354 1194 1718 1266 hujusmodi.

208 1280 387 1335 Erant
414 1278 599 1352 igitur
626 1294 693 1334 eo
721 1283 983 1352 tempore
1014 1280 1116 1352 qui
1147 1298 1181 1337 a
1221 1283 1499 1341 carnibus
1550 1291 1608 1341 et
1657 1286 1792 1342 vino

144 1385 202 1424 se
230 1368 612 1425 abstinebant
641 1385 654 1423 :
706 1373 876 1424 erant
927 1373 984 1424 et
1026 1370 1128 1442 qui
1159 1372 1514 1441 utebantur;
1548 1374 1797 1447 ideoque

143 1457 600 1528 dijidicabantur
648 1457 721 1513 ab
751 1457 1024 1514 invicem.
1061 1459 1209 1532 Ergo
1240 1461 1401 1533 quia,
1432 1479 1568 1518 cum
1597 1469 1798 1521 essent

141 1546 406 1603 homines
435 1544 739 1613 mortales,
773 1546 844 1602 de
889 1548 1069 1604 rebus
1098 1548 1315 1617 dubiis,
1349 1551 1407 1606 id
1438 1557 1550 1623 est,
1580 1569 1707 1624 quae
1739 1558 1798 1609 et

142 1634 410 1708 simplici,
446 1639 503 1690 et
530 1651 649 1692 non
684 1636 837 1691 bono
869 1637 1067 1692 animo
1101 1637 1226 1693 ﬁeri
1258 1644 1547 1711 poterant,
1581 1642 1641 1697 in
1692 1659 1795 1698 oc-

140 1724 289 1781 culta
314 1724 536 1792 cordis,
568 1724 644 1781 de
671 1725 892 1796 quibus
922 1726 1078 1782 Deus
1111 1729 1607 1800 tantumjudicat,
1639 1730 1793 1787 vole-

136 1814 272 1870 bant
302 1814 454 1871 ferre
484 1813 843 1870 sententiam
868 1831 881 1883 ;
914 1814 1132 1871 idcirco
1163 1817 1305 1872 dicit
1335 1818 1650 1889 Apostolus
1675 1836 1687 1875 :
1719 1822 1790 1891 1s,

136 1905 230 1976 qui
271 1902 590 1968 manducet,
638 1919 751 1958 non
799 1904 1231 1961 manducantem
1282 1924 1394 1963 non
1437 1914 1702 1977 spernat;
1741 1913 1792 1965 et

138 1994 230 2063 qui
272 2008 386 2049 non
432 1992 751 2062 mnducat,
807 1995 1237 2051 manducantem
1282 2012 1393 2051 non
1436 1998 1666 2067 judicat.
1712 1998 1794 2054 De

136 2081 328 2139 dubiis
360 2082 583 2155 quippe
626 2082 897 2153 judicare
946 2099 1061 2138 non
1101 2084 1407 2157 debemus,
1443 2088 1697 2143 maxime
1730 2092 1797 2143 ut

140 2171 623 2241 condemnemus,
648 2187 719 2226 ne
751 2170 902 2227 forte
924 2173 1305 2229 temerarium
1330 2175 1625 2243 judicium
1656 2175 1801 2230 inci-

138 2260 364 2316 damus.
424 2258 591 2314 Unde
639 2258 825 2314 alibi:
882 2258 1068 2316 Motite
1114 2270 1241 2317 ante
1289 2264 1499 2334 tempus
1543 2262 1798 2335 judicare

136 2351 181 2415 (Ι
206 2350 333 2405 Cor.
367 2365 445 2419 ιν,
476 2348 554 2419 5).
591 2352 659 2403 Et
690 2349 977 2405 Dominus
1004 2348 1066 2404 in
1096 2350 1409 2421 Evangelio
1444 2368 1459 2405 :
1504 2353 1681 2408 Nolite
1700 2353 1798 2423 ju-

134 2437 338 2508 dicare,
368 2445 429 2494 ω
458 2453 569 2494 non
589 2437 936 2509 judicemini
963 2438 1185 2509 (Matth.
1221 2456 1322 2508 νυ,
1363 2440 1437 2511 1).

203 2527 322 2582 Cur
349 2530 548 2583 autem
572 2542 676 2584 nec
694 2527 939 2584 Judaeus
963 2528 1042 2583 sit
1064 2529 1456 2600 spernendus,
1481 2546 1586 2586 nec
1608 2530 1797 2604 genti-

130 2614 202 2670 lis
245 2615 633 2686 judicandus,
664 2615 943 2686 ostendit,
986 2616 1397 2690 subjungens:
1455 2619 1598 2675 Deus
1648 2621 1801 2675 enim

133 2706 297 2761 illum
319 2706 642 2776 assumpsit,
666 2705 727 2760 id
749 2709 859 2772 est,
888 2704 1085 2777 elegit,
1107 2711 1164 2762 et
1186 2724 1293 2763 sua
1312 2707 1503 2779 gratia
1522 2708 1593 2763 ad
1622 2708 1799 2764 ﬁdem

136 2793 378 2851 vocavit.
411 2794 655 2866 Propter
685 2795 839 2865 quod
882 2798 940 2850 et
971 2794 1248 2850 subditur
1279 2811 1292 2851 :
1348 2797 1421 2851 Tu
1450 2799 1570 2868 quis
1598 2813 1672 2865 es,
1704 2798 1802 2869 qui

127 2882 338 2955 judice:
368 2882 621 2939 alienum
647 2899 870 2939 servum
892 2886 918 2937 γ
946 2884 1026 2939 Ac
1056 2883 1106 2941 si
1148 2884 1365 2940 diceret
1399 2903 1412 2940 :
1470 2886 1618 2950 Quia
1647 2890 1801 2942 Deus

137 2971 305 3027 illum
336 2972 690 3044 assumpsit,
722 2989 926 3028 servus
953 2976 1043 3028 est
1072 2972 1173 3027 Dei
1206 2990 1219 3029 :
1263 2977 1329 3029 tu
1359 2990 1517 3047 ergo,
1550 2991 1685 3029 cum
1718 2975 1802 3031 sis

143 3061 387 3133 fragilis,
421 3065 481 3116 et
529 3061 761 3116 occulta
812 3060 1005 3116 cordis
1051 3077 1400 3132 cognoscere
1439 3080 1557 3118 non
1587 3063 1801 3135 possis,

145 3150 274 3220 quis
307 3166 396 3219 es,
435 3154 500 3206 ut
528 3149 631 3205 Dei
665 3166 899 3205 servum
925 3149 1178 3219 judices.
1213 3149 1377 3206 Unde
1405 3151 1620 3220 adjecit
1650 3169 1663 3206 :
1696 3152 1804 3207 Suo

143 3238 373 3295 Domino
403 3242 536 3307 stat,
568 3242 667 3294 aut
695 3238 841 3293 cadit
871 3238 1123 3309 (443-44)
1145 3237 1173 3291 ‘I
1201 3242 1327 3293 Stat
1363 3237 1588 3293 scilicet
1615 3239 1804 3309 fortis,

1823 1955 1872 2020 B

1914 683 2194 737 personas
2226 671 2325 724 Dei
2368 676 2425 725 et
2462 671 2770 728 hominum
2802 674 3149 741 referantur,
3184 681 3247 731 ut
3277 676 3377 748 qui
3402 677 3564 747 judi-

1914 763 2009 811 cat
2038 758 2192 813 diem
2228 759 2377 814 inter
2406 761 2584 828 diem,
2618 762 2696 818 sit
2725 762 2901 817 homo
2932 788 2945 829 ;
2977 764 3078 834 qui
3111 769 3307 819 autem
3332 765 3565 835 judicat

1912 860 2147 900 omnem
2181 847 2335 902 diem
2386 848 2465 903 sit
2513 848 2689 906 Deus.
2724 849 2907 907 Homo
2939 851 3157 924 quippe
3207 851 3364 929 diem
3412 852 3566 909 inter

1909 933 2064 989 diem
2112 936 2380 1006 judicat;
2425 938 2565 1008 quia
2593 938 2703 994 hoc
2733 938 3105 996 solummodo
3128 941 3360 1012 judicat
3387 942 3563 1014 (445),

1908 1023 2065 1092 quod
2097 1023 2155 1077 in
2187 1025 2461 1095 praesenti
2482 1025 2637 1082 videt
2661 1040 2675 1081 :
2709 1044 2846 1083 nam
2870 1027 3062 1098 qualis
3084 1028 3337 1101 quisque
3357 1029 3435 1085 sit
3459 1029 3562 1084 ho-

1908 1111 2025 1179 die,
2057 1113 2253 1180 videt;
2305 1114 2499 1186 qualis
2550 1120 2746 1172 autem
2798 1117 3034 1172 futurus
3085 1117 3181 1189 sit,
3214 1117 3463 1189 ignorat,
3496 1121 3563 1173 ut

1907 1216 2065 1267 eum,
2095 1219 2267 1271 quem
2298 1203 2470 1258 hodie
2509 1205 2666 1260 videt
2704 1205 2950 1273 malum,
2984 1222 3114 1262 cras
3160 1223 3277 1262 non
3328 1205 3562 1263 dubitet

1906 1305 2079 1360 posse
2109 1291 2308 1346 divina
2332 1292 2518 1362 gratia
2547 1294 2671 1349 ﬁeri
2703 1295 2925 1350 bonum
2950 1310 2964 1348 :
2997 1295 3151 1351 Deus
3182 1298 3378 1351 autem
3399 1296 3558 1366 judi-

1907 1382 2000 1433 cat
2053 1395 2289 1435 omnem
2346 1381 2544 1448 diem;
2605 1382 2746 1453 quia
2793 1382 3159 1454 praescientia
3207 1400 3316 1439 sua
3362 1382 3563 1440 omnia

1908 1468 2088 1537 novit,
2124 1468 2302 1524 etiam
2337 1473 2654 1540 antequam
2687 1470 2851 1536 ﬁant,
2882 1474 2939 1525 et
2980 1468 3174 1541 qualis
3204 1470 3564 1541 quisquesit

1906 1555 2100 1621 hodie,
2124 1556 2318 1628 qualis
2343 1558 2577 1614 futurus
2600 1557 2696 1614 sit.
2724 1558 2905 1629 Igitur
2922 1557 3063 1629 quia
3086 1557 3231 1613 vidit
3247 1557 3565 1630 Apostolus

1903 1643 2065 1701 illam
2096 1647 2460 1713 varietatem,
2485 1664 2665 1718 quam
2695 1646 2955 1702 diximus
2984 1646 3139 1703 inter
3159 1648 3484 1715 credentes,
3506 1652 3568 1704 et

1905 1735 2184 1804 quoniam
2208 1740 2525 1807 utrumque
2555 1734 2911 1807 acceptabile
2939 1740 3030 1791 est
3049 1735 3187 1808 Deo,
3213 1735 3556 1805 subjuuxit:

1906 1823 2281 1894 Unusquisque
2300 1825 2359 1878 in
2386 1840 2484 1879 suo
2512 1839 2672 1879 sensu
2704 1824 2967 1879 abundet.
2991 1827 3158 1880 Hunc
3188 1822 3382 1880 locum
3414 1840 3562 1880 non-

1903 1908 2050 1965 nulli
2072 1911 2153 1965 ita
2174 1911 2588 1967 intellexerunt
2611 1929 2623 1967 :
2650 1912 3064 1984 unusquisque
3081 1912 3239 1983 quod
3266 1912 3379 1968 sibi
3403 1910 3562 1968 sufﬁ-

1904 2016 2032 2055 cere
2061 2001 2404 2066 decreverit,
2437 2000 2807 2056 abundanter
2834 2005 3125 2072 operetur.
3151 2000 3258 2056 Sed
3292 1999 3561 2073 nunquid

1903 2087 2237 2155 hmreticus,
2269 2089 2536 2160 nunquid
2584 2088 3020 2154 schismaticus,
3053 2086 3320 2159 nunquid
3364 2087 3561 2143 malus

1907 2176 2231 2234 catholicus
2260 2178 2368 2233 hoc
2402 2177 2630 2248 operari
2660 2177 2850 2246 debet,
2879 2177 3036 2247 quod
3062 2176 3171 2231 sibi
3208 2177 3404 2233 credet
3433 2176 3559 2232 suf-

1908 2266 2121 2322 ﬁcere?
2148 2266 2337 2322 Absit.
2370 2267 2425 2321 Si
2455 2281 2589 2335 ergo
2620 2266 3028 2337 accipiendum
3057 2269 3147 2321 est
3178 2283 3193 2321 :
3226 2264 3563 2337 Unusquis-

1908 2370 2023 2426 que
2055 2354 2209 2410 sicut
2238 2370 2344 2410 suo
2376 2370 2520 2410 sano
2548 2353 2752 2409 sensui
2772 2353 3104 2409 intellectus
3132 2370 3166 2408 a
3190 2358 3306 2409 Deo
3334 2369 3568 2409 conces-

1909 2460 2013 2500 sus
2038 2448 2152 2509 est,
2175 2445 2258 2498 sic
2290 2448 2564 2516 operetur
2589 2460 2603 2511 ;
2635 2459 2702 2497 ac
2732 2442 2781 2497 si
2803 2442 3065 2515 apertius
3094 2442 3344 2498 diceret:
3380 2442 3566 2499 Unus-

1910 2533 2163 2604 quisque
2215 2549 2342 2604 quas
2394 2532 2703 2599 credenda,
2749 2535 2806 2586 et
2852 2530 3202 2599 conﬁtenda,
3236 2535 3296 2586 et
3340 2531 3568 2601 agenda

1902 2621 2072 2692 juxta
2117 2620 2411 2687 instituta,
2444 2624 2502 2675 et
2550 2619 2815 2691 exempla
2861 2623 3199 2675 sanctorum
3247 2619 3567 2690 cognoscit,

1907 2709 2031 2765 haac
2061 2710 2430 2765 abundanter
2449 2713 2755 2779 operetur;
2788 2712 3079 2778 quatenus
3110 2708 3171 2763 in
3204 2706 3296 2764 bis
3327 2724 3390 2763 se
3410 2724 3569 2764 exer-

1911 2799 2116 2865 cendo,
2148 2800 2220 2854 ad
2254 2798 2481 2868 majora
2510 2797 2827 2869 perveniat,
2860 2814 2987 2868 qua:
3015 2796 3183 2867 prius
3230 2813 3345 2853 non
3393 2794 3565 2852 intel-

1909 2887 2068 2943 lexit.

1983 2976 2303 3048 Sequitur:
2358 2977 2470 3046 Qui
2520 2977 2663 3046 sapit
2712 2976 2879 3041 diem,
2921 2976 3148 3030 Domino
3198 2976 3364 3045 sapit.
3397 2973 3565 3030 Diem

1914 3065 2070 3136 sapit
2120 3066 2245 3135 qui,
2280 3063 2474 3135 qualis
2521 3062 2737 3133 aliquis
2774 3062 2871 3128 sit,
2904 3061 3078 3116 hodie
3120 3061 3274 3117 videt
3306 3077 3319 3118 :
3370 3060 3566 3132 qualis

1915 3157 2110 3208 autem
2143 3168 2273 3207 cras
2296 3153 2531 3206 futurus
2562 3149 2656 3217 sit,
2682 3166 2798 3204 non
2821 3149 3120 3219 agnoscit;
3152 3148 3212 3205 id
3244 3152 3352 3219 est,
3377 3149 3479 3222 qui
3500 3166 3568 3206 ea

1912 3244 2145 3296 tantum
2174 3239 2347 3311 sapit,
2383 3255 2511 3309 quae
2560 3237 2620 3292 in
2673 3237 2944 3309 prtesenti
2986 3238 3178 3307 videt;
3210 3242 3268 3293 et
3315 3237 3564 3294 Domino

145 3328 426 3399 quoniam
460 3329 523 3383 in
556 3327 671 3382 ﬁde
703 3328 1074 3397 perseverat:
1109 3324 1269 3380 cadit
1288 3329 1485 3382 autem
1508 3326 1803 3394 infirmus,
1836 3319 1881 3387 C
1918 3326 2248 3399 sapit,quia
2267 3325 2365 3381 illo
2390 3324 2670 3396 largiente
2691 3324 2801 3382 hoc
2826 3326 3023 3398 ipsum
3047 3325 3337 3396 intelligit.
3355 3326 3563 3383 Aliter:

144 3418 239 3473 sed
272 3416 453 3473 fortis
486 3413 718 3468 Domini
748 3413 937 3484 gratia
975 3417 1092 3467 stat
1121 3429 1135 3479 ;
1190 3413 1461 3469 inﬁrmus
1506 3431 1641 3470 vero
1702 3433 1810 3473 sua
1917 3416 2083 3471 Diem
2104 3415 2278 3486 sapit,
2301 3418 2361 3469 et
2381 3413 2630 3469 Domino
2652 3413 2826 3485 sapit,
2849 3414 2949 3485 qui
2982 3431 3096 3470 non
3125 3419 3362 3487 propter
3383 3413 3570 3471 homi-

143 3505 465 3579 fragilitate
496 3501 673 3557 cadit.
700 3505 769 3555 Et
799 3505 956 3569 nota,
988 3500 1146 3572 quia,
1180 3517 1316 3557 cum
1347 3502 1698 3575 generaliter
1724 3503 1807 3559 lo-
1919 3520 2078 3574 nem,
2110 3504 2212 3559 sed
2243 3506 2480 3574 propter
2508 3501 2611 3557 Dei
2641 3518 2901 3557 amorem
2925 3503 3175 3574 jejunat.

146 3597 427 3667 queretur
448 3591 521 3646 de
542 3589 819 3646 omnibus
842 3588 1219 3662 regeneratis,
1241 3590 1437 3647 subito
1460 3592 1716 3664 respexit
1736 3592 1807 3648 ad
1995 3594 2059 3648 Et
2086 3592 2183 3663 qui
2208 3589 2528 3655 manducat,
2560 3591 2788 3645 Domino
2831 3591 3152 3646 manducet.
3185 3590 3304 3646 Hoc
3333 3591 3404 3647 de
3432 3607 3571 3662 gen-

145 3679 621 3754 praadestiuatos,
650 3684 709 3735 et
761 3678 990 3734 addidit
1020 3695 1033 3733 :
1086 3678 1266 3735 Stabit
1313 3688 1545 3747 autem;
1591 3680 1812 3737 scilicet
1919 3680 2078 3735 tibus
2100 3679 2325 3735 dictum
2347 3683 2454 3733 est.
2480 3679 2547 3732 Et
2571 3683 2660 3733 est
2688 3695 2899 3734 sensus
2924 3696 2937 3733 :
2967 3678 3233 3747 Gentilis,
3256 3680 3357 3751 qui
3378 3678 3577 3735 omnia

148 3772 280 3842 quia
300 3768 761 3844 praedestinatus
787 3768 1038 3840 quisque
1056 3768 1251 3824 divina
1266 3769 1455 3840 gratia
1470 3770 1730 3840 adjutus,
1750 3770 1809 3825 in

151 3860 256 3917 ﬁde
288 3857 711 3933 perseverabit.
749 3857 817 3912 Et
847 3874 921 3912 ne
966 3856 1078 3913 sibi
1111 3858 1561 3929 prmdestinatus
1592 3859 1810 3915 tribue-

153 3952 253 4018 ret,
287 3948 451 4022 quod
485 3950 624 4014 stat,
658 3946 926 4018 adjunxit
959 3963 972 4000 :
1005 3951 1207 4002 Potens
1236 3956 1315 4002 est
1341 3949 1492 4003 enim
1523 3954 1667 4004 Deus
1695 3953 1815 4005 sta—

158 4041 305 4094 tuere
334 4039 526 4094 illum.
550 4041 629 4092 Ac
658 4034 708 4091 si
736 4035 989 4092 diceret:
1023 4035 1205 4107 Cujus
1227 4035 1574 4109 gratiastat,
1604 4042 1813 4109 potens

158 4132 241 4183 est
254 4132 311 4183 et
329 4126 599 4182 tribuere
620 4124 1137 4197 perseverantiam,
1157 4130 1219 4180 ut
1239 4126 1815 4197 perseverantissime

160 4221 260 4272 est.
296 4219 557 4273 .S'tatuere
588 4213 750 4286 dicit,
782 4213 841 4270 id
890 4218 1001 4282 est,
1033 4214 1093 4269 in
1124 4216 1238 4271 ﬁde
1267 4216 1663 4271 corroborare.
1696 4216 1816 4271 Ali-

162 4309 275 4361 ter:
310 4305 514 4372 Illum,
538 4303 596 4358 id
633 4307 725 4358 est
751 4302 1078 4374 inﬁrmum,
1104 4303 1206 4375 qui
1237 4304 1466 4373 cecidit,
1492 4310 1696 4377 potens
1729 4309 1819 4361 est

162 4393 307 4450 Deus
337 4399 621 4458 statuere,
655 4392 711 4447 id
757 4396 865 4458 est,
900 4391 1209 4447 restituere
1241 4391 1297 4447 in
1328 4393 1647 4464 pristinum
1680 4412 1813 4466 gra-

165 4482 317 4538 dum.
342 4484 411 4538 Et
440 4480 776 4545 sciendum,
801 4479 940 4551 quia
960 4484 1127 4536 erant
1147 4480 1413 4536 nonnulli
1434 4498 1501 4537 eo
1533 4486 1815 4555 tempore,

168 4570 260 4643 qui
312 4586 555 4643 semper
586 4568 956 4624 abstinentiae
986 4569 1313 4623 vacandum
1345 4570 1634 4626 docebant
1660 4588 1674 4639 ;
1722 4571 1820 4627 alii

1924 3769 2261 3837 manducet,
2303 3767 2551 3824 Domino
2607 3769 2944 3840 manducet,
2999 3769 3278 3840 quoniam
3328 3768 3576 3825 Domino

1922 3857 2126 3914 laudes
2172 3858 2370 3925 refert,
2406 3858 2576 3927 cujus
2622 3856 2809 3927 gratia
2858 3858 3079 3914 factum
3129 3863 3238 3926 est,
3270 3863 3336 3914 ut
3380 3857 3582 3915 omnia

1922 3948 2148 4003 munda
2179 3946 2461 4002 crederet.
2488 3946 2558 4000 Et
2585 3945 2694 4001 hoc
2725 3950 2815 4001 est
2846 3948 3000 4018 quod
3031 3946 3335 4019 sequitur:
3365 3948 3581 4004 Gratias

1923 4039 2074 4093 enim
2113 4036 2231 4106 agit
2262 4039 2398 4090 Deo.

1998 4128 2062 4181 Et
2091 4126 2189 4197 qui
2216 4141 2327 4180 non
2358 4124 2672 4192 manducet,
2709 4124 2933 4179 Domino
2963 4140 3072 4180 non
3113 4122 3427 4181 manducet.
3460 4123 3579 4179 Hoc

1923 4214 2142 4271 Judaeis
2164 4213 2341 4280 dicit;
2376 4230 2441 4268 ac
2463 4212 2513 4268 si
2542 4213 2796 4268 diceret:
2825 4213 3086 4281 Judccus,
3111 4213 3211 4285 qui
3242 4230 3356 4268 non
3378 4212 3579 4269 omnia

1926 4304 2150 4360 munda
2168 4304 2370 4371 credit,
2384 4308 2443 4358 et
2459 4302 2676 4358 idcirco
2694 4319 2807 4357 non
2827 4302 3025 4357 omnia
3042 4302 3313 4369 comedit,
3328 4301 3577 4357 Domino

1919 4395 2172 4465 jejunat,
2196 4393 2474 4464 quoniam
2495 4391 2712 4461 gratias
2733 4391 2851 4460 agit
2870 4391 3007 4459 Deo,
3032 4391 3201 4460 cujus
3222 4390 3442 4444 donum
3466 4393 3577 4455 est,

1928 4483 2086 4554 quod
2113 4481 2369 4536 abstinet
2399 4480 2470 4533 ab
2496 4479 2610 4546 his,
2635 4494 2762 4547 qua)
2791 4478 2851 4530 in
2873 4476 2997 4546 lege
3016 4482 3156 4532 sunt
3175 4476 3491 4548 prohibita.
3510 4477 3583 4532 Et

1930 4573 2039 4627 hoc
2071 4573 2181 4635 est,
2221 4567 2375 4638 quod
2431 4565 2749 4640 subditur;
2800 4566 2864 4619 Et
2910 4565 3121 4635 gratias
3166 4565 3279 4635 agit
3323 4566 3450 4621 Deo.
3486 4564 3582 4621 Sic

168 4666 375 4729 autem,
396 4658 505 4735 qui
529 4662 764 4715 tantum
786 4675 890 4731 per
908 4656 1214 4713 intervalla
1234 4662 1586 4731 temporum.
1604 4659 1821 4717 Videns
1854 4686 1902 4753 Β
1934 4662 2131 4714 autem
2153 4655 2376 4711 dictum
2400 4659 2500 4753 est
2524 4670 2538 4708 :
2569 4653 2800 4753 Domino
2829 4653 3146 4726 manducet,
3167 4654 3319 4709 sicut
3348 4653 3407 4709 in
3432 4653 3584 4727 psal-

170 4754 351 4807 autem
384 4746 712 4823 Apostolus
742 4747 893 4804 hanc
924 4746 1268 4803 varietatem
1302 4746 1453 4803 inter
1498 4750 1822 4821 credentes,

171 4839 464 4910 subjunxit
495 4855 509 4893 :
544 4838 683 4893 Nam
710 4837 863 4893 alius
898 4834 1269 4907 judicatdiem
1299 4838 1445 4892 inter
1471 4835 1650 4901 diem;
1680 4839 1827 4895 alius

166 4927 371 4997 judicat
414 4942 645 4985 omnem
685 4925 852 4982 diem.
885 4924 1048 4981 Diem
1073 4923 1303 4995 judicat
1333 4924 1485 4981 inter
1512 4925 1689 4996 diem,
1723 4928 1824 4999 qui

175 5015 320 5071 aliud
344 5014 827 5087 tempusjejunio
845 5012 1275 5088 deputat,aliud
1299 5014 1656 5087 perceptioni
1673 5017 1827 5072 cibo-

177 5120 319 5173 rum,
343 5120 587 5161 omnem
615 5103 793 5176 diem,
818 5104 918 5177 qui
941 5102 1103 5160 omni
1128 5108 1391 5175 tempore
1422 5104 1825 5176 prmeipitahs-

178 5192 500 5251 tinendum.
535 5193 706 5262 Nam,
749 5197 815 5249 ut
863 5193 1137 5265 superius
1186 5193 1409 5247 dictum
1464 5197 1573 5261 est,
1604 5195 1826 5249 vocatio

183 5277 274 5336 Dei
304 5281 500 5339 nullos
534 5280 805 5354 prohibet
832 5282 1034 5349 cibos;
1084 5281 1233 5337 ratio
1273 5297 1407 5335 vero
1438 5281 1825 5349 abstinentiae,

186 5369 344 5428 etiam
374 5389 409 5429 a
436 5370 617 5427 licitis
649 5370 1003 5443 quibusdam
1035 5386 1268 5442 semper
1298 5374 1499 5425 monet
1528 5370 1827 5427 abstinen-

185 5455 333 5516 dum.
356 5460 470 5518 Sed
496 5460 657 5515 hunc
677 5464 874 5516 locum
898 5460 1141 5534 quidam
1164 5457 1516 5531 profundius
1537 5458 1832 5517 intellexe-

221 5583 490 5711 θ(44344)
512 5584 685 5667 Vulg.
702 5590 988 5711 punctum
1006 5581 1480 5667 interrogationis
1499 5599 1616 5637 non
1634 5583 1829 5671 habet;

313 5657 677 5711 adﬁrmative
730 5664 960 5711 agitur:
992 5658 1223 5711 Dommo
1252 5670 1350 5710 suo
1379 5658 1507 5711 stat.
1539 5658 1635 5710 aut
1663 5658 1829 5711 cadat.

193 5657 677 5730 sedadﬁ‘r‘mative
706 5657 924 5730 legitur
946 5658 1223 5730 {Domino
1252 5670 1350 5710 suo
1379 5658 1507 5730 stat,
1539 5658 1635 5710 aut
1663 5658 1831 5719 cadit.

256 5727 397 5804 (445)
421 5726 617 5786 Verba
652 5725 858 5802 quid...
883 5728 1127 5801 judicat,
1156 5726 1219 5783 in
1250 5725 1516 5801 margine
1544 5729 1833 5802 superiori

494 5856 760 5922 ΡΑτιιοι..
804 5853 1129 5923 CXXXIV.

1936 4764 2031 4803 mo
2055 4762 2069 4800 :
2103 4743 2543 4799 Annuntiabitur
2568 4742 2799 4797 Domino
2827 4745 3118 4815 generatio
3146 4752 3379 4799 ventura
3407 4744 3580 4812 (Psat.

1936 4853 2051 4903 xxx,
2082 4834 2213 4906 31);
2264 4831 2324 4887 id
2372 4836 2480 4903 est,
2515 4831 2586 4886 ad
2619 4830 2853 4887 laudem
2886 4832 3155 4900 Domini;
3205 4849 3270 4887 ac
3301 4832 3349 4887 si
3384 4836 3584 4904 aperte

1938 4925 2157 4980 diceret
2189 4940 2202 4979 :
2259 4920 2370 4989 Illi,
2402 4922 2503 4993 qui
2551 4921 2982 4992 generationem
3012 4926 3320 4976 venturam
3352 4937 3581 4976 annun-

1936 5014 2189 5081 tiabunt,
2214 5012 2478 5080 Domino,
2504 5028 2619 5066 non
2644 5010 2753 5065 sibi
2778 5010 3108 5083 placebunt.
3133 5010 3400 5066 Ostendit
3420 5028 3584 5065 nam-

1938 5121 2051 5176 que
2081 5101 2415 5174 Apostolus,
2446 5100 2726 5171 quoniam
2774 5104 2914 5154 tunc
2960 5098 3333 5155 laudabiliter
3361 5100 3583 5155 bonum

1937 5193 2173 5265 aliquod
2196 5190 2405 5261 agitur,
2433 5205 2566 5244 cum
2600 5188 2659 5243 in
2686 5190 2813 5258 ejus
2839 5188 3071 5245 laudem
3096 5191 3179 5258 ﬁt,
3206 5191 3375 5262 cujus
3398 5189 3587 5261 gratia

1938 5284 2192 5339 donatur
2223 5285 2289 5337 ut
2317 5278 2609 5349 lintei-’16).
2642 5278 2808 5333 Nemo
2838 5281 2987 5334 enim
3016 5284 3264 5335 nostrum
3292 5279 3398 5334 sibi
3424 5280 3584 5346 vivit,

1939 5379 1990 5430 et
2018 5388 2175 5428 nemo
2204 5372 2309 5426 sibi
2340 5370 2593 5423 moritur.
2620 5367 2799 5423 Nemo
2830 5368 2941 5423 sibi
2972 5368 3130 5435 vivit,
3153 5369 3294 5441 quia
3323 5367 3523 5425 nullus
3551 5385 3585 5423 a

1939 5480 2001 5519 se
2031 5462 2159 5534 ipso
2189 5459 2370 5515 vitam
2402 5455 2597 5512 habet.
2626 5455 2782 5512 Unde
2811 5455 3088 5512 alibidem
3119 5457 3436 5530 Apostolus
3468 5473 3483 5512 :
3523 5458 3586 5512 In

1940 5586 2233 5657 leguntur.

2014 5657 2162 5731 (446)
2194 5659 2259 5711 In
2294 5669 2475 5725 marg.
2509 5654 2706 5725 autog.
2739 5650 2834 5708 hic
2864 5650 3081 5725 legitur
3107 5669 3236 5726 cap.
3269 5651 3482 5711 XLVII.

3229 5849 3271 5930 ἓ
