3942 6398
389 445 506 504 267

1405 431 1742 494 ATTONIS
1785 427 2375 493 VERCELLENSIS
2420 425 2778 490 EPISCOPI

3687 427 3812 492 268

391 577 505 647 ipso
533 575 681 630 enim
710 575 970 642 vivimus,
992 586 1278 626 movemur
1306 573 1355 622 et
1385 584 1572 621 sumus
1597 566 1732 637 (Act.
1754 581 1893 628 xvn,
1915 561 2029 633 28).
2061 563 2112 629 Α
2145 565 2386 617 terrenae
2409 560 2837 628 similitudinis,
2858 559 3059 615 dicens
3083 576 3096 614 :
3131 559 3438 616 Astabimus
3467 565 3600 617 ante
3631 561 3810 617 tribu-

391 664 598 719 Omnia
629 662 846 734 quippe
871 667 1022 716 Deus
1056 663 1288 731 prepter
1317 655 1582 711 homines
1605 653 1904 709 condidit:
1936 652 2036 706 ho-

391 753 610 807 minem
635 757 829 806 autem
853 751 925 805 ad
960 766 1022 804 se
1053 747 1413 803 laudandum
1445 743 1698 811 creavit;
1733 748 1789 796 et
1820 741 2035 795 idcirco

391 857 563 896 nemo
581 845 852 895 nostrum
876 838 986 893 sibi
1011 837 1280 902 moritur,
1295 832 1573 903 quoniam
1594 836 1862 885 mortuus
1881 829 2038 899 quis-

391 946 504 1000 que
524 929 714 983 ﬁdelis
745 946 779 983 a
806 927 980 982 laude
1009 925 1108 980 Dei
1141 939 1253 977 non
1284 920 1555 976 cessabit.
1577 920 1877 985 Quomodo
1899 934 2036 988 ergo

387 1017 673 1090 scriptum
723 1019 859 1071 est:
909 1017 1027 1070 Non
1077 1013 1284 1067 mortui
1340 1010 1642 1064 laudabunt
1693 1018 1760 1077 te,
1809 1009 2038 1061 Domine

387 1107 558 1176 (Psal.
609 1122 766 1170 cxm,
819 1105 928 1171 17).
978 1103 1339 1172 Quapropter
1381 1099 1709 1165 sciendum,
1762 1096 1900 1166 quia
1953 1094 2038 1148 illi

388 1192 929 1250 mortuiDominum
952 1208 1066 1245 non
1090 1190 1352 1253 laudant,
1377 1187 1476 1258 qui
1502 1186 1646 1241 tales
1669 1183 2037 1255 sunt,qualis

382 1284 500 1353 ille,
533 1285 604 1338 de
632 1299 748 1354 quo
778 1282 1064 1352 scriptum
1095 1284 1183 1334 est
1215 1295 1229 1333 :
1274 1279 1312 1332 A
1343 1282 1580 1341 mortuo,
1613 1276 1772 1346 quasi
1802 1290 1911 1328 non
1941 1275 2035 1338 sit,

383 1373 526 1446 perit
569 1373 830 1443 confessio
885 1369 1074 1440 (Eccli.
1106 1385 1242 1433 xvu,
1271 1367 1386 1435 2(3).
1443 1364 1527 1418 [lli
1570 1368 1764 1418 autem
1821 1360 2039 1416 mortui

390 1461 580 1534 magis
604 1459 914 1515 Dominum
942 1457 1206 1521 laudant,
1231 1457 1333 1526 qui
1359 1453 1505 1508 tales
1528 1457 1686 1520 sunt,
1707 1451 1898 1522 qualis
1920 1450 2036 1518 ille,

389 1551 462 1605 de
492 1566 607 1620 quo
644 1546 929 1604 Dominus
967 1545 1153 1600 dicit:
1207 1544 1313 1610 Qui
1356 1543 1526 1597 credit
1575 1544 1633 1595 in
1684 1557 1788 1607 me,
1821 1539 2041 1594 etiamsi

388 1643 640 1693 mortuus
667 1637 861 1708 fuerit,
892 1638 1070 1694 vivet;
1098 1641 1148 1688 et
1176 1634 1373 1699 omnis,
1407 1633 1502 1701 qui
1531 1631 1664 1684 vivit
1695 1634 1745 1684 et
1774 1629 1948 1683 credit
1979 1630 2037 1682 in

389 1743 500 1792 me,
537 1743 650 1781 non.
695 1726 968 1780 morietur
1014 1731 1065 1778 et
1111 1726 1386 1778 aeternum
1435 1723 1616 1786 (Joan.
1670 1735 1748 1788 x1,
1797 1719 1927 1787 2.5);
1985 1722 2042 1771 et

393 1814 666 1888 qualibus
695 1815 837 1868 dicit
863 1811 1174 1883 Apostolus
1208 1829 1220 1865 :
1263 1811 1463 1864 Mortui
1491 1809 1639 1862 enim
1668 1808 1812 1873 estis,
1845 1815 1896 1860 et
1929 1807 2040 1858 vita

394 1913 569 1960 vestra
616 1903 931 1958 abscondita
978 1905 1055 1956 est
1106 1917 1230 1954 cum
1280 1899 1495 1952 Christo
1546 1897 1768 1968 (Coloss.
1828 1913 1910 1962 Ill,
1962 1896 2038 1965 3).
2071 1930 2118 1994 B

386 1993 573 2049 Aliter
605 2009 618 2046 :
655 1993 836 2047 Nemo
867 1994 1132 2046 nostrum
1164 1988 1274 2043 sibi
1308 1987 1590 2052 moritur;
1625 1985 1763 2056 quia
1793 1985 2040 2054 quicun-

395 2099 509 2153 que
529 2081 684 2137 vitiis
716 2081 983 2146 moritur,
1008 2095 1122 2132 non
1157 2077 1292 2142 sibi,
1317 2077 1416 2130 sed
1441 2076 1556 2128 Deo
1580 2074 1846 2139 moritur,
1870 2073 2040 2141 cujus

393 2170 583 2241 gratia
613 2169 858 2240 accepit,
890 2173 956 2222 ut
1001 2170 1344 2220 moreretur.
1380 2163 1540 2217 Unde
1588 2161 1860 2232 superius
1911 2161 1992 2214 ait
2024 2177 2036 2214 :

395 2260 711 2329 Quicunque
749 2257 1015 2327 baptizati
1041 2271 1228 2308 sumus
1259 2255 1318 2306 in
1353 2253 1570 2308 Christo
1597 2255 1747 2312 Jesu,
1779 2253 1839 2304 in
1870 2257 2041 2304 morte

391 2349 566 2418 ipsius
594 2347 855 2418 baptizati
881 2361 1068 2399 sumus
1090 2344 1262 2412 (Rom.
1297 2359 1372 2407 v1,
1403 2344 1456 2407 2,
1492 2341 1566 2411 3).
1595 2339 1876 2394 Similiter
1907 2338 2037 2410 qui-

389 2451 622 2507 cunque
659 2433 800 2488 vivit
837 2432 1176 2498 virtutibus,
1211 2447 1324 2485 non
1374 2429 1510 2497 sibi,
1543 2429 1645 2484 sed
1695 2428 1808 2483 Deo
1855 2428 2034 2496 viv1t;

389 2525 528 2596 quia
558 2524 630 2578 ad
661 2523 790 2594 ejus
821 2521 1053 2576 laudem
1083 2519 1245 2584 vivit,
1279 2519 1448 2588 cujus
1479 2516 1667 2588 gratia
1697 2518 1915 2570 factum
1949 2519 2040 2571 est

388 2616 456 2668 ut
483 2613 716 2668 viveret.
751 2611 912 2666 Unde
944 2611 1216 2680 superius
1247 2607 1328 2662 ait
1359 2621 1373 2662 :
1410 2608 1472 2661 Ut
1503 2606 1764 2674 quomodo
1795 2608 2040 2660 surrerzt

392 2701 636 2756 Christus
681 2717 714 2756 a
759 2699 989 2754 mortuis
1026 2713 1128 2769 per
1155 2696 1393 2764 gloriam
1423 2696 1628 2759 Patris,
1663 2695 1740 2747 ita
1770 2698 1818 2747 et
1850 2710 1948 2746 nos
1979 2695 2038 2748 in

386 2792 627 2846 novitate
645 2791 774 2845 vita:
795 2788 1132 2842 ambulemus
1153 2783 1339 2856 (Ibid.,
1360 2784 1432 2853 4).
1450 2783 1661 2838 Beatus
1682 2799 1814 2837 vero
1831 2787 2039 2853 Grego-

390 2878 514 2933 rius
543 2878 700 2932 hunc
730 2876 922 2932 locum
962 2875 1046 2928 ita
1089 2873 1327 2944 exponit
1359 2889 1371 2927 :
1426 2888 1594 2926 nemo
1626 2876 1893 2925 nostrum
1926 2870 2038 2926 sibi

387 2966 551 3032 vivit,
574 2973 630 3021 et
659 2981 830 3020 nemo
853 2968 1117 3020 nostrum
1149 2962 1262 3016 sibi
1288 2960 1564 3026 moritur;
1601 2960 1877 3030 quoniam
1907 2958 2037 3030 qui-

389 3072 620 3127 cunque
643 3055 831 3110 bonus
852 3056 1031 3120 est,et
1052 3050 1390 3123 quicunque
1413 3049 1626 3116 malus,
1645 3065 1761 3103 non
1785 3047 1894 3103 sibi
1917 3053 2038 3102 tan-

388 3149 515 3200 tum
547 3149 656 3212 est,
679 3144 780 3200 sed
813 3147 870 3198 et
900 3140 1052 3206 aliis,
1076 3141 1292 3212 quibus
1323 3143 1425 3194 aut
1458 3140 1622 3208 bene,
1646 3142 1749 3192 aut
1779 3137 1928 3193 male
1957 3137 2037 3192 vi-

388 3233 561 3288 vendi
593 3232 807 3304 praebet
835 3228 1186 3301 exemplum.

2143 653 2277 716 nat;
2304 668 2468 722 reges
2489 651 2704 722 quippe
2721 649 2934 704 terreni
2957 647 3178 721 aliquid
3193 649 3521 719 judicaturi
3543 651 3812 706 eminen-

2144 741 2351 794 tiorem
2371 739 2563 794 locum
2582 737 3166 805 conscendunt,unde
3182 753 3388 794 omnes
3405 738 3811 812 contemplen-

2145 831 2262 893 tur,
2297 833 2362 882 ut
2401 828 2503 898 qui
2534 827 2964 883 condemnandi
2996 831 3153 895 sunt,
3187 826 3368 882 latere
3396 844 3512 884 non
3545 827 3808 900 possint,

2146 933 2337 987 neque
2363 917 2462 988 qui
2486 916 2792 987 praemium
2816 915 3146 987 accepturi;
3177 919 3236 970 et
3260 914 3358 971 ille
3380 914 3544 972 locus
3570 917 3812 989 proprie

2145 1004 2403 1058 tribunal
2435 1003 2668 1070 dicitur,
2691 1021 2758 1059 eo
2789 1004 2943 1075 quod
2976 1003 3112 1059 inde
3141 1003 3487 1059 tribuantur
3516 1009 3814 1076 praecepta

2147 1091 2234 1146 vel
2268 1093 2516 1163 judicia.

2217 1181 2530 1252 Apostolus
2563 1182 2777 1252 itaque,
2812 1185 2877 1235 ut
2924 1181 3258 1237 ostenderet
3287 1181 3568 1254 quoniam
3600 1181 3808 1238 nullus

2147 1270 2290 1325 illud
2313 1270 2607 1340 judicium
2641 1271 2883 1325 evadere
2913 1271 3142 1342 poterit,
3175 1270 3390 1326 idcirco
3420 1271 3614 1342 ipsam
3638 1271 3808 1342 judi-

2148 1359 2386 1413 ciariam
2419 1360 2640 1424 sedem,
2672 1359 2919 1414 tribunal
2964 1357 3318 1431 appellavit;
3352 1360 3552 1416 omnia
3581 1359 3810 1433 quippe

2148 1453 2382 1519 peccata
2414 1448 2724 1504 manifesta
2753 1453 2927 1503 erunt
2956 1465 3070 1504 non
3104 1446 3296 1504 solum
3328 1447 3513 1504 oculis
3544 1449 3670 1517 Dei,
3703 1450 3809 1506 sed

2147 1537 2414 1592 omnium
2445 1536 2753 1592 hominum
2789 1554 2803 1592 :
2854 1553 2992 1592 nam
3024 1537 3150 1609 ipse
3185 1537 3371 1608 judex
3397 1542 3686 1594 venturus
3718 1543 3812 1595 est

2150 1642 2266 1680 non
2298 1625 2488 1680 solum
2521 1641 2784 1696 operum,
2813 1625 2984 1696 juxta
3013 1625 3157 1680 illud
3191 1641 3204 1680 :
3241 1627 3480 1698 Recipiet
3506 1630 3812 1699 unusquis-

2149 1731 2248 1784 que
2277 1731 2512 1786 propria
2539 1716 2782 1785 corporis
2810 1717 2918 1783 sui,
2946 1723 3110 1786 prout
3147 1718 3315 1786 gessit
3345 1716 3420 1787 (ll
3447 1716 3568 1771 Cor.
3600 1734 3658 1786 v,
3691 1718 3806 1788 10),

2151 1805 2250 1858 sed
2285 1803 2458 1858 etiam
2510 1809 2565 1857 et
2613 1804 3060 1874 cogitationum,
3093 1805 3419 1860 secundum
3469 1807 3628 1878 quod
3677 1807 3806 1878 ipse

2151 1893 2468 1965 Apostolus
2499 1892 2636 1947 alibi
2667 1893 2810 1948 dicit
2841 1909 2854 1946 :
2906 1894 3088 1950 Nolite
3115 1899 3242 1949 ante
3269 1900 3480 1966 tempus
3521 1895 3809 1966 judicare,

2153 1999 2429 2053 quousque
2455 1985 2643 2038 veniat
2671 1984 2951 2048 Dominus,
2979 1991 3031 2038 et
3059 1981 3347 2039 illuminat
3374 1984 3694 2040 abscondita
3727 1989 3806 2040 te-

2149 2073 2445 2127 nebrarum
2490 2073 2536 2142 (1
2567 2071 2690 2126 Cor.
2726 2089 2799 2138 1v,
2839 2072 2919 2142 5),
2968 2076 3077 2126 etc.
3112 2073 3182 2126 Et
3213 2072 3495 2130 Dominus
3524 2073 3585 2130 in
3617 2075 3805 2130 Evan-

2149 2160 2346 2232 gelio:
2403 2162 2553 2215 Nihil
2603 2165 2874 2232 opertum,
2917 2161 3056 2230 quod
3101 2178 3213 2217 non
3260 2163 3534 2219 reveletur
3555 2180 3576 2224 ,'
3625 2181 3808 2236 neque

2148 2251 2438 2315 occultum,
2485 2251 2624 2320 quod
2669 2266 2780 2305 non
2830 2252 3040 2304 sciatur
3089 2251 3240 2322 (Luc.
3289 2268 3391 2322 x11,
3439 2253 3535 2324 2):
3586 2253 3806 2309 nihilo-

2149 2340 2346 2394 minus
2379 2344 2436 2394 et
2466 2339 2848 2407 locutionum,
2882 2341 3039 2410 quia,
3063 2339 3217 2395 sicut
3246 2341 3371 2412 ipse
3400 2341 3462 2396 in
3491 2342 3810 2415 Evangelia

2148 2427 2290 2482 dicit
2319 2445 2332 2483 :
2365 2429 2440 2483 De
2467 2430 2618 2483 omni
2645 2429 2807 2484 verbo
2835 2431 3003 2484 otioso
3029 2429 3215 2486 reddet
3244 2431 3402 2487 homo
3430 2433 3716 2488 rationem
3746 2435 3810 2488 in

2147 2516 2235 2571 die
2264 2517 2467 2584 indicii
2497 2517 2704 2587 (Matth.
2737 2532 2841 2584 xu,
2874 2517 2984 2587 36).
3009 2521 3074 2573 Et
3104 2523 3170 2574 ut
3202 2535 3372 2575 suam
3404 2522 3806 2577 narrationem

2148 2603 2412 2674 exemplo
2433 2606 2826 2675 conﬁrmaret,
2852 2606 3158 2676 subjunxit
3179 2623 3192 2662 :
3229 2608 3380 2663 Sicut
3398 2609 3668 2681 scriptum
3688 2619 3805 2666 est:

2149 2692 2392 2762 (scilicet
2435 2693 2493 2747 in
2543 2693 2691 2748 Isaia
2728 2694 3032 2766 propheta)
3068 2697 3195 2751 Vivo
3222 2713 3342 2768 ego,
3374 2697 3509 2752 dicit
3535 2699 3808 2754 Dominus

2148 2783 2298 2851 (lsai.
2330 2798 2455 2847 xcv,
2487 2783 2556 2835 24
2585 2801 2600 2850 ;
2644 2784 2883 2854 Philipp.
2919 2801 2982 2849 η,
3016 2785 3124 2855 10),
3156 2788 3266 2840 etc.
3300 2789 3430 2841 Haec
3459 2787 3639 2842 verba
3671 2787 3804 2845 Filii

2147 2871 2248 2925 Dei
2280 2876 2436 2926 sunt.
2473 2871 2739 2926 Praevidit
2785 2872 3003 2944 quippe
3045 2874 3329 2944 propheta
3358 2875 3678 2932 Dominum
3729 2879 3803 2933 ad

2142 2959 2431 3028 judicium
2457 2964 2766 3014 venturum
2788 2978 2802 3027 ;
2828 2960 3075 3033 ideoque
3101 2961 3161 3016 in
3179 2979 3316 3018 voce
3337 2965 3605 3036 ejusdem
3628 2965 3808 3022 dixit:

2153 3049 2276 3102 Vivo
2305 3064 2402 3118 ego
2422 3065 2443 3108 ,'
2473 3064 2539 3103 ac
2571 3049 2618 3104 si
2653 3049 2871 3106 diceret
2901 3067 2916 3105 :
2965 3050 3108 3106 Vivo
3139 3068 3244 3124 per
3272 3052 3809 3128 immortalitatem,

2146 3136 2285 3207 quia
2307 3141 2573 3193 mortuus
2595 3154 2730 3194 sum
2762 3155 2866 3210 per
2885 3139 3078 3195 carnis
3109 3141 3632 3214 dispensationem.
3665 3144 3810 3213 Quo-

2143 3227 2303 3281 niam
2351 3227 2493 3281 mihi
2539 3228 2718 3296 ﬂectet
2767 3243 2929 3283 omne
2975 3245 3139 3298 genu.
3174 3234 3284 3286 Per
3313 3231 3810 3303 genuﬂectionem

459 3323 530 3376 Et
559 3297 623 3376 ut
651 3323 847 3392 aperte
868 3297 1296 3373 demonstraret
1321 3332 1501 3388 quare
1532 3316 1640 3370 hoc
1663 3315 2029 3386 praemiserit,
2063 3297 2106 3364 C
2147 3315 2478 3371 humiliatio
2511 3317 2724 3372 mentis
2754 3297 3117 3390 designatur,
3141 3319 3280 3392 quia
3309 3297 3503 3377 omnis
3534 3327 3809 3380 creatura

391 3409 700 3480 subjunxit
724 3425 737 3463 :
772 3410 898 3463 Sive
919 3409 1066 3462 enim
1089 3408 1345 3472 vivimus,
1370 3407 1598 3460 Domino
1623 3406 1856 3459 vivimus
1879 3424 1896 3458 :
1925 3406 2040 3460 sive

384 3500 690 3568 morimur,
722 3499 949 3552 Domino
980 3498 1274 3551 morimur.
1306 3495 1431 3549 Sive
1473 3510 1600 3562 ergo
1636 3496 1894 3561 vivimus,
1925 3497 2040 3550 sive

383 3591 677 3654 morimur,
703 3588 924 3642 Domini
941 3602 1150 3640 sumus.
1176 3583 1406 3639 Domini
1432 3599 1660 3649 sumus,
1685 3583 1822 3652 quia
1853 3584 2038 3653 pretio

386 3676 693 3748 sanguinis
725 3675 850 3743 ejus
880 3672 1166 3742 redempti
1216 3688 1230 3725 :
1281 3670 1435 3724 unde
1467 3685 1600 3723 mox
1631 3669 1943 3725 subditur:
1977 3673 2038 3726 In

387 3764 486 3818 hoc
502 3763 650 3818 enim
671 3761 918 3816 Christus
940 3764 1188 3814 mortuus
1211 3765 1308 3827 est,
1333 3765 1384 3812 et
1410 3758 1730 3821 resurrexit,
1755 3762 1862 3812 etc.
1888 3759 2038 3830 (447)

383 3855 464 3907 Α)
487 3851 538 3907 si
558 3851 806 3906 diceret:
832 3853 1074 3919 Propter
1094 3849 1203 3902 hoc
1224 3846 1378 3901 enim
1401 3845 1668 3900 Christus
1693 3862 1903 3917 passus
1926 3852 2034 3917 est,

382 3941 450 3996 ut
477 3941 663 4012 pretio
693 3937 999 4009 sanguinis
1026 3935 1118 3992 sui
1142 3934 1342 3990 ﬁdeles
1363 3934 1693 4001 redimeret,
1719 3938 1768 3989 et
1799 3944 2038 3991 mortuo-

381 4045 507 4083 rum
533 4028 722 4099 simul,
753 4031 801 4081 et
840 4027 1084 4082 vivorum
1112 4025 1513 4080 dominaretur.
1548 4023 1894 4079 Dominatur
1925 4025 2034 4097 igi-

380 4122 478 4172 tur
521 4118 806 4184 vivorum,
839 4116 1116 4186 quoniam
1162 4114 1216 4166 in
1252 4114 1334 4166 eis
1368 4112 1592 4167 habitat
1625 4130 1723 4183 per
1754 4115 2029 4184 gratiam,

379 4221 591 4276 eosque
613 4206 780 4275 regit,
795 4209 852 4258 ct
871 4203 1186 4274 gubernat;
1212 4202 1548 4255 dominatur
1564 4206 1620 4254 ct
1642 4207 2030 4271 mortuorum,

377 4293 656 4364 quoniam
681 4291 858 4347 simul
889 4308 1021 4345 cum
1056 4305 1122 4344 eo
1147 4293 1393 4360 regnant
1425 4290 1479 4342 in
1510 4289 1688 4355 ccclis,
1714 4291 1785 4344 de
1815 4291 2031 4360 quibus

375 4382 660 4456 scriptum
693 4389 782 4438 est
813 4399 826 4437 :
871 4382 1032 4435 Beati
1061 4380 1269 4435 mortui
1297 4380 1394 4450 qui
1423 4380 1485 4433 in
1515 4379 1742 4434 Domino
1775 4382 2030 4434 moriun-

371 4477 470 4527 tur
500 4473 683 4544 (Apoc.
714 4489 830 4540 xw,
869 4472 976 4541 l3).

444 4561 722 4633 Denique,
761 4565 825 4616 ut
854 4563 1095 4614 terreret
1129 4575 1252 4626 eos,
1285 4557 1382 4629 qui
1415 4574 1476 4613 se
1508 4557 1754 4612 invicem
1787 4575 2024 4630 sperne-

2149 3405 2462 3474 subjicitur
2490 3405 2629 3461 Deo.

2219 3493 2418 3550 Voluit
2445 3499 2641 3549 autem
2674 3495 2958 3567 pr0pheta
2980 3497 3293 3554 Dominum
3325 3499 3634 3557 ostendere
3664 3503 3809 3558 emi-

2148 3583 2474 3638 nentiorem
2502 3584 2778 3639 omnibus
2809 3585 3129 3654 creaturis;
3163 3586 3411 3659 ideoque
3439 3587 3500 3644 in
3531 3591 3807 3660 ejusdem

2147 3687 2282 3726 voce
2312 3673 2392 3726 ait
2419 3685 2432 3724 :
2463 3673 2737 3738 Quoniam
2757 3673 2899 3728 mihi
2917 3676 3090 3744 ﬂectet
3115 3691 3273 3732 omne
3300 3693 3466 3745 genu.
3489 3677 3640 3736 Hinc
3661 3681 3807 3737 alibi

2148 3758 2302 3811 idem
2323 3758 2638 3828 Apostolus
2662 3775 2674 3813 :
2707 3761 2768 3814 In
2799 3764 3021 3816 nomine
3036 3765 3169 3817 Jesu
3189 3778 3349 3818 omne
3367 3768 3808 3836 genuﬂectatur;

2146 3855 2196 3901 et
2226 3849 2410 3902 omnis
2440 3847 2634 3918 lingua
2662 3851 3009 3919 confitebitur
3035 3852 3146 3907 Deo
3176 3853 3382 3925 (lbid.).
3418 3855 3522 3910 Hic
3563 3873 3600 3912 a
3640 3863 3809 3930 parte

2145 3939 2333 3992 totum
2384 3937 2759 3994 ostenditur:
2815 3940 3010 3996 omnis
3059 3939 3282 4012 lingua,
3333 3942 3390 3998 id
3443 3947 3552 4013 est,
3607 3947 3807 4006 omnis

2145 4031 2434 4091 creatura,
2461 4043 2572 4081 non
2606 4025 2867 4083 humana
2895 4033 3148 4100 tantum,
3174 4031 3275 4085 sed
3302 4030 3479 4088 etiam
3510 4035 3804 4107 angelica.

2144 4114 2267 4168 Non
2309 4120 2504 4170 tamen
2549 4117 2705 4186 quod
2749 4117 3012 4189 angelica
3041 4123 3307 4176 creatura
3337 4136 3550 4194 corpus
3582 4123 3807 4183 habeat

2142 4203 2540 4274 corruptibile,
2574 4207 2744 4275 cujus
2774 4205 2976 4278 lingua
3005 4207 3122 4262 Deo
3153 4209 3521 4280 confiteatur,
3555 4214 3660 4269 sed
3695 4231 3804 4287 per

2141 4291 2433 4361 angelicas
2464 4291 2716 4364 linguas,
2741 4295 3002 4351 occultas
3031 4301 3089 4351 et
3110 4303 3363 4354 secretas
3390 4298 3594 4356 laudes
3621 4301 3804 4360 intel-

2138 4379 2402 4451 ligimus,
2435 4399 2584 4452 quas
2615 4383 2806 4456 angeli
2841 4385 3094 4441 referant
3136 4386 3254 4442 Deo
3289 4404 3302 4442 :
3355 4405 3490 4444 nam
3523 4391 3666 4462 quia
3698 4409 3800 4450 ore

2137 4485 2240 4540 per
2287 4469 2550 4541 linguam
2608 4471 2942 4541 laudamus,
2993 4479 3146 4532 recte
3202 4476 3332 4548 ipsa
3386 4477 3516 4535 laus
3574 4479 3796 4555 lingua:

2136 4559 2471 4614 ascribitur.

370 4652 514 4706 bant
559 4653 616 4704 et
664 4649 1151 4714 condemnabant,
1187 4646 1450 4717 adjunxit
1481 4663 1494 4701 :
1550 4648 1621 4700 Tu
1663 4651 1849 4702 autem
1889 4648 2026 4718 quid
2054 4665 2100 4730 D
2204 4648 2335 4713 Sed,
2369 4649 2509 4720 quia
2539 4650 2764 4706 dixerat
2796 4668 2809 4706 :
2863 4653 3060 4709 Omnes
3106 4656 3416 4712 astabimus
3445 4663 3576 4714 ante
3605 4661 3796 4718 tribu-

371 4739 583 4808 judicas
611 4741 845 4809 fratrem
877 4740 1079 4790 tuum?
1127 4736 1288 4801 Quod
1332 4736 1534 4806 utique
1575 4736 1778 4791 Judan
1829 4737 1970 4792 dicit
2005 4753 2018 4791 :

369 4830 474 4883 Aut
520 4832 579 4882 tu
627 4825 756 4898 quid
803 4827 1020 4896 spernis
1060 4827 1294 4894 fratrem
1339 4829 1539 4878 tuum?
1570 4828 1683 4878 Hoc
1714 4824 1914 4895 utique
1943 4826 2014 4880 ad

365 4916 642 4988 gentilem
671 4915 832 4970 dicit.
853 4915 963 4969 Sed
992 4914 1130 4985 quia
1154 4915 1345 4982 majus
1369 4913 1589 4966 malum
1618 4914 2011 4985 cstjudicare,

367 5021 545 5077 quam
578 5021 868 5075 spernere,
901 5003 1139 5070 idcirco,
1166 5002 1364 5057 relicto
1396 5002 1803 5072 praeventionis
1836 5002 2010 5072 malo,

363 5092 750 5149 temeritatem
802 5092 1013 5161 judicii
1065 5095 1392 5162 exaggerat,
1447 5089 1757 5144 subdens:
1813 5093 2012 5148 Omnes

360 5184 510 5237 enim
535 5180 839 5234 astabimus
861 5185 990 5234 ante
1023 5181 1270 5233 tribunal
1293 5180 1539 5244 Christi,-
1569 5183 1625 5232 et
1656 5182 1743 5232 est
1764 5195 2008 5234 sensus:

360 5272 484 5334 Qua
515 5267 840 5322 temeritate
871 5269 1099 5322 audetis
1125 5269 1418 5336 judicium
1451 5266 1550 5322 Dei
1584 5267 1918 5338 praevenire,
1954 5272 2012 5323 et

357 5357 431 5412 de
454 5355 695 5410 occultis
711 5355 998 5424 judicare,
1024 5372 1156 5409 cum
1180 5372 1385 5410 omnes
1406 5356 1730 5410 astabimus
1753 5359 1885 5410 ante
1908 5356 2009 5410 tri-

361 5443 543 5500 bunal
573 5442 836 5497 Christi?
879 5442 952 5496 Ut
999 5448 1192 5496 autem
1224 5450 1419 5514 aperte
1451 5446 1798 5515 ostenderet,
1833 5445 2004 5514 quale

2133 4737 2227 4791 nal
2278 4737 2503 4808 Christi,
2539 4744 2605 4794 ut
2651 4741 2982 4797 ostenderet
3022 4743 3162 4815 quid
3203 4743 3324 4800 illic
3354 4746 3540 4802 acturi
3569 4747 3794 4819 simus,

2128 4827 2196 4879 ad
2197 4827 2395 4896 junxit
2433 4844 2445 4882 :
2496 4829 2688 4900 Itaque
2714 4834 3091 4903 unusquisque
3121 4840 3371 4890 nostrum
3397 4849 3500 4906 pro
3527 4853 3586 4892 se
3612 4841 3794 4896 ratio-

2125 4932 2249 4969 nem
2279 4915 2463 4970 reddet
2493 4917 2620 4972 Deo.
2655 4917 2720 4972 Et
2749 4923 2838 4974 est
2871 4936 3081 4976 sensus
3115 4939 3129 4976 :
3164 4922 3288 4984 Qua
3317 4924 3647 4982 temeritate
3679 4927 3792 4983 Dei

2115 5004 2407 5073 judicium
2443 5007 2756 5076 prazvenire
2787 5009 3034 5072 audetis,
3071 5014 3128 5066 et
3173 5028 3276 5067 vos
3323 5011 3574 5070 invicem
3618 5016 3790 5085 judi-

2123 5109 2272 5161 care,
2300 5110 2431 5148 cum
2460 5095 2869 5167 unusquisque
2891 5103 3024 5153 ante
3053 5099 3311 5155 tribunal
3336 5101 3550 5158 Christi
3581 5122 3688 5176 pro
3722 5123 3788 5163 se

2122 5181 2405 5236 rationem
2430 5182 2529 5236 Dei
2555 5185 2892 5241 redditurus
2917 5188 3037 5242 sit?
3063 5190 3229 5244 Unde
3259 5190 3541 5248 continuo
3573 5195 3786 5252 subdi-

2119 5276 2258 5325 tur:
2312 5275 2430 5327 Non
2481 5288 2618 5344 ergo
2663 5276 2902 5346 amplius
2950 5279 3182 5332 invicem
3230 5279 3578 5349 iudicemus;
3619 5299 3687 5339 ac
3732 5285 3786 5342 si

2117 5357 2333 5413 diceret
2385 5375 2399 5415 :
2459 5359 2781 5430 Hactenus,
2843 5365 2978 5434 quia
3035 5366 3278 5422 forsitan
3327 5368 3597 5439 judicem
3658 5389 3782 5431 non

2114 5447 2454 5536 agnovistis,
2486 5448 2614 5504 ideo
2644 5467 2744 5505 vos
2772 5451 3020 5509 invicem
3047 5455 3363 5525 judicastis
3395 5475 3408 5512 :
3461 5460 3604 5531 quia
3635 5478 3779 5536 ergo

359 5534 622 5588 futurum
643 5529 720 5584 sit
741 5528 1216 5598 illudjudicium,
1240 5531 1452 5587 idcirco
1475 5533 1730 5604 sumpsit
1751 5533 2002 5590 formam
2105 5535 2366 5604 judicem
2398 5539 2739 5612 agnoscitis,
2772 5558 2889 5599 non
2935 5561 3038 5601 vos
3078 5544 3326 5603 ulterius
3363 5528 3587 5606 temere
3617 5528 3780 5626 dij‘a.

433 5707 583 5800 (447)
602 5707 664 5764 In
683 5711 878 5780 autog.
895 5707 1160 5780 margine
1175 5705 1269 5762 hic
1284 5706 1379 5764 vix
1394 5707 1606 5780 legitur
1621 5711 1995 5786 cap.XLVlII.
