3942 6396
131 461 235 523 269

722 463 1142 529 EXPOSITIO
1185 466 1264 527 IN
1312 465 1741 531 EPISTOLAS
1787 470 2046 534 PAULI.
2080 507 2158 518 ——-
2187 476 2266 535 ΙΝ
2312 476 2561 539 EPIST.
2595 480 2699 538 AD
2747 480 2940 540 ΗΘΜ.

3427 485 3545 543 270

131 593 338 652 dicstis.
372 592 446 649 Et
474 598 542 650 ut
571 610 670 651 eos
702 595 936 654 facilius
964 599 1221 657 flecteret
1251 601 1321 656 ad
1355 600 1411 656 id
1446 603 1601 674 quod
1637 619 1773 675 sug-
1806 610 1860 672 Α
1892 622 2007 661 ηοη
2042 605 2208 663 illum
2240 609 2514 679 imitaris,
2555 611 2657 682 qui
2689 612 2759 666 de
2789 612 2931 667 coelo
2962 612 3032 667 ad
3068 615 3253 667 terras
3294 613 3542 668 descen-

128 683 368 755 gerebat.
401 683 622 740 idcirco
650 702 821 742 suam
856 704 1169 760 personam
1204 692 1773 761 associavit,dicens,

122 773 435 845 judicemus.

191 862 283 919 Sed
311 863 414 918 hoc
466 863 706 931 iudicate
752 869 951 936 magis,
1002 883 1071 923 ne
1115 871 1338 940 ponatis
1386 870 1778 943 oﬂendiculum

127 954 297 1023 fratri,
329 954 417 1008 vel
445 954 792 1010 scandalum.
825 956 1183 1023 Notandum,
1211 959 1352 1031 quia
1403 976 1584 1032 supra
1614 961 1775 1031 judi-

131 1042 272 1097 cium
302 1042 858 1099 condemnationem
891 1045 1216 1118 signiﬁcat;
1246 1047 1341 1103 hic
1370 1065 1526 1115 vero,
1550 1049 1776 1105 discre-

130 1130 355 1186 tionem.
390 1132 461 1187 Et
491 1136 582 1188 est
611 1148 824 1189 sensus
858 1150 871 1189 :
907 1138 1024 1190 Hoc
1064 1136 1304 1192 statuite
1352 1142 1411 1193 et
1459 1139 1774 1203 decernite,

129 1236 191 1276 ne
219 1221 577 1277 comedendo
630 1239 723 1289 ea,
755 1239 885 1295 quae
931 1225 1156 1280 munda
1197 1229 1254 1281 et
1293 1225 1455 1282 licita
1512 1227 1772 1295 creditis,

126 1309 276 1364 fratri
309 1310 572 1378 inﬁrmo,
607 1311 665 1365 id
697 1316 787 1367 est
807 1312 1033 1382 Judaao,
1069 1315 1438 1371 occasionem
1487 1317 1638 1372 detis
1688 1320 1772 1372 of-

126 1398 409 1466 fendendi,
443 1403 548 1454 aut
590 1400 1048 1458 scandalizandi.
1105 1403 1308 1476 Igitur,
1360 1405 1500 1476 quia
1548 1410 1775 1476 poterat

125 1487 417 1559 gentilium
451 1488 667 1562 aliquis
698 1490 887 1547 dicere
918 1508 931 1547 :
966 1494 1262 1564 Apostole,
1296 1495 1436 1566 quia
1465 1494 1548 1550 sic
1591 1496 1773 1550 inter-

124 1577 256 1633 dicis
275 1578 478 1633 omnia
506 1580 976 1653 comedere,ergo
999 1585 1056 1637 et
1078 1586 1139 1637 tu
1171 1600 1288 1638 non
1320 1583 1520 1638 omnia
1552 1583 1774 1639 munda

124 1668 543 1739 putastcirco
570 1669 880 1739 subjunxit
913 1688 925 1725 :
961 1670 1084 1727 Scio
1116 1672 1415 1742 (1148).Nec
1446 1673 1557 1728 hoc
1579 1672 1772 1729 solum

125 1756 348 1824 sufﬁcit,
383 1757 489 1813 sed
521 1757 749 1813 addidit
780 1775 793 1814 :
827 1762 902 1814 Et
933 1760 1143 1831 conﬁdo
1167 1763 1227 1815 in
1258 1763 1486 1817 Domino
1514 1767 1675 1819 Jesu.
1701 1762 1774 1818 Ut

124 1844 268 1901 enim
299 1846 522 1902 arctius
551 1863 755 1903 eorum
787 1849 1063 1905 cordibus
1094 1848 1596 1924 inculcaret,quod
1617 1852 1773 1907 dice-

123 1934 233 2003 bat,
263 1936 393 1992 ideo
423 1936 536 1992 hoc
564 1937 798 2008 adjecit.
834 1937 982 2003 Quid
1015 1944 1211 1995 autem
1262 1940 1438 1997 sciret
1484 1945 1540 1997 et
1591 1941 1773 1997 confi-

124 2023 272 2079 deret
300 2025 559 2081 ostendit
592 2041 605 2080 :
641 2027 783 2094 Quia
812 2027 958 2081 nihil
987 2044 1275 2085 commune
1309 2047 1411 2102 per
1459 2032 1659 2102 ipsum.
1692 2033 1772 2086 Ac

123 2112 167 2165 si
197 2118 390 2185 aperte
421 2113 678 2169 diceret:
705 2115 828 2169 Non
862 2122 1167 2188 propterea
1198 2118 1648 2191 prohibeo,quia
1669 2137 1774 2192 pu-

123 2207 229 2256 tem
256 2202 587 2273 immunda,
621 2205 720 2259 sed
758 2222 829 2260 ne
861 2206 1091 2277 ponatis
1123 2208 1540 2264 oll'endiculum
1583 2196 1771 2273 fratri,

117 2290 200 2345 vel
230 2291 575 2348 scandalum
610 2309 623 2347 :
654 2293 762 2348 hoc
787 2294 946 2349 enim
974 2295 1317 2363 verbum,id
1348 2301 1439 2352 est
1466 2312 1771 2364 commune,

117 2378 296 2434 Judaai
330 2396 436 2452 pro
466 2381 757 2437 immundo
786 2382 1154 2454 accipiebant
1204 2401 1218 2439 :
1270 2385 1427 2439 unde
1471 2384 1770 2453 animalia,

117 2483 242 2539 quas
270 2484 377 2540 per
406 2468 593 2543 legem
625 2486 905 2529 concessa
928 2477 1070 2528 sunt
1090 2473 1163 2528 ad
1195 2474 1772 2541 edendum,munda;

116 2557 342 2630 reliqua
390 2564 586 2616 autem
634 2561 977 2617 communia
1021 2563 1311 2618 vocabant
1344 2579 1357 2618 ε
1390 2580 1530 2619 vasa
1572 2564 1772 2632 etiam,

116 2646 332 2717 quibus
362 2649 682 2706 utebantur
711 2652 1047 2707 sacerdotes
1067 2651 1128 2706 in
1150 2652 1603 2725 templo,sancta
1624 2652 1776 2709 dice-

116 2736 414 2806 bantur,et
433 2740 505 2795 ad
528 2756 731 2795 eorum
758 2741 1502 2813 comparationem,cuncta
1522 2743 1777 2799 immun-

118 2825 205 2893 da,
238 2825 296 2881 id
322 2830 1095 2896 est,communia.Attamen
1126 2831 1243 2886 vim
1275 2831 1456 2902 hujus
1486 2832 1778 2888 sermonis

118 2929 223 2969 non
254 2914 672 2989 intelligebant
700 2934 712 2974 :
748 2936 885 2975 nam
915 2935 1051 2976 cum
1083 2919 1362 2976 animalia
1381 2925 1438 2976 et
1466 2939 1604 2978 vasa
1623 2938 1780 2977 com-

118 3004 313 3061 munia
361 3011 662 3076 vocarent,
714 3007 771 3061 id
823 3014 913 3064 est
963 3008 1308 3077 immunda;
1341 3026 1403 3065 se
1433 3026 1779 3065 communes

116 3109 235 3149 esse
264 3110 383 3150 non
415 3095 850 3168 intelligebant.
886 3097 1051 3152 Sicut
1079 3097 1235 3153 enim
1269 3114 1408 3153 vasa
1438 3097 1687 3170 reliqua,
1707 3099 1778 3153 ad

116 3185 614 3256 comparationem
630 3186 1086 3257 corum,quibus
1106 3186 1429 3241 utebantur
1450 3187 1781 3241 sacerdotes

114 3271 165 3325 in
196 3273 446 3345 templo,
481 3272 825 3329 communia
846 3274 1223 3341 dicebantur;
1249 3273 1334 3328 sic
1356 3274 1555 3329 anima
1584 3290 1782 3346 pecca-

114 3360 237 3428 trix,
271 3363 349 3417 ad
373 3361 885 3432 comparationem
911 3365 1127 3416 sancta:
1153 3365 1211 3415 et
1232 3362 1337 3432 piae
1360 3361 1588 3432 animae,
1621 3378 1778 3417 com-
1810 3349 1854 3415 C

117 3451 307 3507 munis
337 3453 620 3517 vocatur;
674 3450 813 3520 quia
862 3466 979 3504 non
1032 3454 1121 3505 est
1168 3450 1349 3505 unius
1396 3450 1650 3516 Domini,
1683 3451 1784 3505 sed

120 3539 472 3602 multorum,
505 3537 563 3592 id
595 3541 704 3605 est,
739 3538 1036 3609 vitiorum,
1070 3542 1128 3594 et
1175 3539 1506 3594 diemonum
1540 3538 1782 3595 famula.

120 3632 215 3683 Per
243 3631 444 3701 ipsum
474 3627 637 3695 dicit,
672 3627 729 3681 id
763 3632 871 3696 est,
921 3645 1025 3699 per
1071 3628 1370 3684 Christum
1406 3646 1420 3685 :
1448 3628 1594 3683 nihil
1628 3629 1784 3684 enim

123 3734 436 3775 commune
468 3734 572 3789 per
601 3719 819 3789 ipsum,
855 3718 1133 3790 quoniam
1167 3736 1201 3774 a
1234 3719 1386 3774 bono
1418 3719 1555 3789 Deo,
1588 3718 1786 3774 omnia

125 3808 269 3864 bona
299 3814 361 3864 et
394 3808 624 3863 munda
657 3812 854 3863 creata
883 3812 1024 3863 sunt
1056 3826 1069 3863 :
1102 3808 1257 3864 unde
1290 3807 1346 3863 in
1379 3808 1589 3864 Genesi
1636 3806 1785 3880 legi-

121 3900 256 3953 tur:
295 3897 447 3955 Vidit
497 3898 639 3952 Deus
685 3901 900 3963 cuncta,
952 3912 1081 3969 qua:
1122 3898 1271 3969 fecit,
1322 3905 1374 3953 et
1418 3901 1579 3952 erant
1624 3897 1786 3953 valde

124 3985 256 4043 bona
286 3988 451 4060 (Gen.
482 4003 521 4052 ι,
554 3987 757 4058 10-12).
792 3986 1034 4042 Videtur
1059 4002 1195 4058 ergo
1244 3985 1336 4041 bis
1383 3986 1578 4042 verbis
1630 3991 1783 4058 Apo-

122 4075 298 4132 stolus
342 4077 540 4149 legem
592 4091 887 4145 accusare,
943 4092 1070 4147 quea
1123 4076 1290 4132 docet
1339 4077 1609 4147 quaedam
1656 4091 1785 4132 esse

122 4166 447 4221 immunda.
486 4163 598 4219 Sed
631 4165 808 4220 absit.
842 4169 966 4219 lmo
996 4165 1276 4233 ostendit,
1305 4164 1463 4236 quia,
1499 4181 1626 4236 qua:
1659 4181 1787 4237 pro-

117 4249 295 4311 hibita
327 4259 496 4321 sunt,
531 4253 648 4309 sub
678 4254 869 4327 figura
907 4253 1111 4325 utique
1160 4258 1300 4310 sunt
1347 4254 1663 4327 prohibita.
1718 4254 1788 4309 Et

120 4342 595 4416 sciendum,quia
615 4343 1142 4416 saepeconscientia
1157 4340 1634 4415 uniuscujusque
1655 4360 1781 4399 rem

118 4428 485 4490 immundam
540 4433 655 4488 sibi
716 4433 1004 4488 mundam
1073 4432 1228 4500 facit,
1262 4431 1349 4487 vel
1402 4433 1730 4489 econtrario
1774 4461 1787 4497 ;

120 4521 264 4577 verbi
288 4522 503 4596 gratia,
528 4522 579 4579 si
603 4521 995 4594 idolothytum
1026 4521 1087 4577 in
1121 4521 1365 4576 macello
1387 4522 1697 4590 vendatur,
1731 4527 1789 4577 et

128 4611 249 4679 quis
277 4629 486 4669 emens
518 4612 757 4668 nescius
787 4610 1129 4679 comederit,
1159 4610 1517 4666 conscientia
1545 4627 1655 4666 sua
1676 4610 1790 4666 sibi

1887 695 2055 767 dit,ct
2078 714 2180 768 pro
2213 714 2277 753 oo
2307 716 2480 753 suum
2515 700 2866 772 sanguinem
2899 700 3243 756 fudit.Unde
3264 702 3542 758 continuo

1887 784 2163 840 subditur
2195 803 2208 841 :
2244 787 2377 842 Noli
2404 790 2521 845 cibo
2551 793 2644 844 tuo
2674 790 2838 844 illum
2864 790 3225 861 perdere,pro
3257 807 3359 861 quo
3383 790 3543 846 Chri-

1885 878 2001 928 stus
2046 886 2297 931 mortuus
2344 882 2443 934 est.
2494 884 2576 933 Ac
2629 878 2677 933 si
2728 882 2994 949 patenter
3040 879 3237 934 dicat:
3271 878 3411 935 Cibo
3440 884 3541 935 tuo

1885 960 2056 1017 illum
2090 964 2307 1035 perdis,
2340 982 2514 1036 quem
2548 966 2770 1021 salvare
2802 972 3056 1039 poteras,
3090 967 3203 1023 nisi
3238 984 3433 1024 coram
3474 985 3540 1024 eo

1887 1044 2173 1108 sumeres.
2210 1054 2331 1117 Quo
2365 1055 2518 1110 dicto
2553 1056 2828 1123 ostendit,
2874 1056 3155 1127 quoniam
3204 1057 3542 1128 quicunque

1884 1144 2134 1210 pereunt
2162 1145 2219 1197 et
2248 1142 2461 1198 salvari
2492 1147 2780 1216 poterant,
2802 1144 2874 1200 ab
2904 1144 3024 1200 illis
3056 1145 3259 1217 utique
3282 1146 3543 1217 perdun-

1884 1232 2039 1294 tur,a
2067 1230 2284 1302 quibus
2316 1238 2587 1303 poterant
2617 1233 2849 1289 salvari.
2877 1235 3137 1306 Denique
3166 1234 3307 1306 quia
3329 1250 3542 1289 nomen

1885 1316 2097 1373 Christi
2147 1318 2612 1390 blasphematur,
2661 1323 2802 1376 dum
2856 1320 3071 1393 aliquis
3124 1323 3253 1377 cibo
3304 1322 3543 1377 fratrem

1884 1423 2058 1461 suum
2094 1407 2303 1479 perdit,
2338 1408 2553 1463 idcirco
2600 1409 2961 1465 exhortando
3007 1410 3313 1481 subjunxit
3363 1427 3375 1465 :
3421 1412 3541 1464 Non

1882 1512 2007 1566 ergo
2038 1496 2450 1568 blasphemetur
2479 1499 2680 1553 bonum
2706 1502 2977 1554 nostrum.
3015 1503 3241 1554 Bonum
3286 1497 3545 1570 appellat

1883 1584 2104 1640 donum
2138 1586 2272 1641 ﬁdei
2306 1591 2365 1642 et
2395 1592 2740 1643 cunctarum
2771 1588 3078 1655 virtutum,
3109 1586 3199 1642 vel
3240 1591 3394 1642 certe
3437 1603 3539 1642 no-

1886 1691 2018 1729 men
2052 1676 2173 1743 Dei,
2196 1681 2399 1748 prwter
2428 1678 2565 1747 quod
2594 1693 2706 1732 non
2735 1681 2815 1732 est
2844 1677 3008 1731 aliud
3034 1692 3235 1733 nomen
3260 1676 3358 1731 sub
3387 1677 3540 1744 caelo,

1884 1765 1941 1818 in
1990 1780 2096 1835 quo
2144 1779 2244 1819 nos
2289 1773 2534 1836 oporteat
2558 1766 2737 1821 salvos
2782 1767 2904 1836 ﬁeri
2953 1765 3089 1835 (Act.
3139 1782 3215 1833 1v,
3268 1765 3379 1836 12).
3412 1766 3543 1821 Sive

1884 1853 2105 1908 bonum
2137 1856 2320 1917 vocat,
2356 1854 2651 1926 Evangelii
2682 1854 2953 1926 gratiam.
3004 1854 3122 1910 Hoc
3170 1854 3393 1909 bonum
3440 1870 3543 1910 no-

1883 1947 2073 1998 strum
2104 1947 2212 2014 est,
2246 1960 2379 1998 cum
2412 1943 2734 2015 accipimus
2766 1959 2779 1998 :
2815 1942 2918 1999 Dei
2949 1946 3168 2012 autem,
3203 1942 3343 2015 quia
3372 1943 3445 1998 ab
3476 1959 3542 1999 eo

1884 2032 2078 2087 datur.
2113 2033 2394 2104 Sequitur
2425 2050 2438 2088 :
2471 2032 2590 2088 Non
2620 2034 2767 2087 enim
2806 2040 2885 2087 est
2930 2048 3162 2103 regnum
3190 2034 3295 2088 Dei
3322 2048 3460 2099 esca,
3492 2036 3545 2087 et

1880 2122 2211 2191 polus.Esca
2241 2126 2297 2176 et
2326 2126 2500 2193 potus
2531 2138 2648 2176 non
2678 2125 2819 2176 sunt
2850 2137 3095 2193 regnum
3131 2121 3403 2193 Dei,quia
3424 2139 3541 2177 non

1882 2209 2216 2282 perducunt
2243 2212 2313 2265 ad
2349 2226 2594 2281 regnum
2627 2209 2752 2277 Dei,
2783 2225 2974 2279 neque
3022 2210 3450 2280 permanebunt
3478 2209 3542 2265 in

1884 2298 2011 2369 ipso
2043 2315 2057 2354 :
2090 2299 2311 2354 caduca
2341 2299 2554 2370 quippe
2583 2305 2757 2364 sunt;
2784 2301 2841 2353 et
2868 2296 2961 2352 vix
2991 2298 3160 2354 nobis
3192 2298 3263 2353 ad
3286 2315 3541 2371 przesen-

1882 2392 2003 2443 tem
2028 2387 2209 2443 vitam
2236 2387 2559 2443 sufficiunt.
2600 2387 2956 2459 Scdjustitia,
2978 2392 3030 2442 et
3046 2395 3241 2458 pa;c,et
3256 2388 3542 2459 gaudium.

1885 2481 2016 2532 Haec
2046 2478 2203 2533 enim
2236 2481 2376 2532 sunt
2405 2492 2646 2545 regnum
2698 2475 2828 2542 Dei;
2880 2492 3006 2547 quae
3054 2475 3346 2548 praecipua
3394 2477 3549 2531 dona

1885 2570 2046 2632 sunt,
2080 2582 2183 2637 per
2213 2582 2337 2637 quae
2369 2581 2692 2637 possumus
2724 2564 3028 2635 pervenire
3061 2565 3133 2619 ad
3165 2563 3343 2620 vitam
3381 2568 3549 2621 aeter-

1886 2671 2047 2710 nam.
2081 2654 2322 2711 Justitia
2361 2652 2597 2720 dicitur,
2650 2653 2820 2724 quasi
2862 2652 3018 2724 juris
3061 2656 3274 2709 status.
3308 2653 3555 2709 Justitia

1888 2759 2025 2815 ergo
2056 2748 2163 2809 est,
2197 2758 2331 2797 cum
2378 2741 2698 2812 unicuique
2748 2742 3056 2813 proprium
3100 2742 3202 2812 jus
3249 2740 3553 2797 tribuitur.

1887 2831 2128 2888 Justitia
2159 2831 2342 2904 igitur
2370 2830 2472 2887 Dei
2503 2829 2769 2885 Christus
2800 2835 2910 2901 est,
2939 2830 3041 2902 qui
3074 2847 3181 2886 nos
3205 2831 3558 2901 justiﬁoavit

1890 2938 1923 2976 a
1954 2921 2208 2993 peccatis
2234 2924 2292 2976 et
2321 2919 2585 2975 redemit.
2623 2918 2785 2974 Unde
2815 2918 2955 2974 alibi
2988 2919 3145 2974 idem
3177 2918 3495 2990 Apostolus
3539 2936 3553 2975 :

1893 3011 1999 3078 Qui
2045 3011 2224 3080 factus
2268 3017 2345 3064 est
2388 3008 2542 3063 nobis
2589 3024 2627 3062 a
2671 3009 2781 3063 Deo
2821 3008 3069 3078 justitia,
3103 3014 3155 3061 et
3182 3007 3480 3079 redemptio
3509 3008 3561 3076 (ι

1894 3098 2014 3154 Cor.
2052 3115 2091 3167 ῐ,
2126 3099 2249 3165 30);
2278 3097 2405 3167 ipse
2436 3100 2526 3151 est
2553 3100 2611 3150 et
2640 3112 2770 3166 pax,
2805 3095 2958 3149 sicut
2988 3095 3145 3151 idem
3177 3095 3320 3150 dicit
3352 3112 3366 3152 :
3392 3095 3552 3151 Chri-

1889 3195 2005 3242 stus
2033 3189 2111 3241 est
2140 3201 2255 3256 pax
2285 3192 2479 3241 nostra
2525 3185 2740 3255 (Ephes.
2774 3200 2833 3255 ιι,
2870 3185 2977 3255 Ui).
3029 3184 3322 3240 Gaudium
3354 3188 3552 3240 autem

1892 3275 2297 3338 dicit,aaternae
2328 3272 2711 3329 beatitudinis
2737 3291 2749 3327 :
2772 3289 2906 3329 nam
2938 3273 3220 3344 gaudium
3242 3274 3302 3329 in
3324 3279 3551 3347 tempo-

1893 3363 2116 3419 ralibus
2148 3362 2387 3417 abusive
2419 3362 2634 3417 dicitur
2666 3361 2763 3417 :in
2796 3348 3162 3434 spiritalibus
3191 3368 3551 3436 autem,pro-

1895 3452 2048 3525 prie;
2083 3452 2237 3506 unde
2269 3451 2327 3505 in
2358 3450 2724 3522 spiritalibus
2756 3450 2883 3506 sine
2935 3451 3260 3521 adjectione
3291 3451 3551 3523 ponitur.

1897 3540 2190 3596 Gaudium
2222 3540 2421 3611 itaque
2460 3539 2602 3595 dicit
2654 3539 3211 3612 contemplationem
3250 3540 3556 3612 praesentis

1895 3629 2094 3685 vultus
2120 3629 2245 3685 Dei.
2280 3629 2443 3684 Unde
2493 3629 2550 3684 in
2605 3628 2913 3701 Evangelio
2959 3628 3242 3685 Dominus
3276 3646 3288 3683 :
3318 3631 3448 3687 Haec
3476 3634 3561 3685 est

1895 3722 2009 3775 vita
2038 3723 2273 3785 (τέθηπα,
2308 3728 2366 3773 ut
2396 3723 2723 3787 cognoscant
2752 3728 2801 3774 te
2830 3735 3014 3773 verum
3046 3721 3354 3787 Deum,etc.
3379 3721 3559 3791 (Joan.

1895 3826 2032 3876 xvu,
2069 3810 2144 3879 3).
2180 3809 2250 3863 Et
2300 3808 2438 3878 quia
2486 3807 2609 3863 haec
2659 3809 2814 3863 dona
2861 3809 3086 3879 absque
3132 3808 3321 3880 gratia
3372 3809 3560 3864 sancti

1897 3897 2152 3970 Spiritus
2202 3914 2375 3953 nemo
2426 3897 2641 3954 habere
2691 3901 2902 3970 potest,
2937 3898 3155 3953 idcirco
3200 3897 3557 3969 subjunxit:

1894 3992 1964 4043 In
2002 3988 2220 4059 Spiritu
2248 3991 2454 4042 sancto.

1968 4076 2246 4148 Sequitur
2277 4094 2289 4131 :
2324 4076 2431 4144 Qui
2451 4076 2601 4131 enim
2624 4077 2683 4130 in
2714 4074 2813 4131 hoc
2839 4077 3007 4131 servit
3038 4074 3272 4143 Christo,
3304 4081 3557 4147 acceptus

1896 4171 1973 4222 est
2004 4168 2109 4222 Deo
2139 4170 2190 4221 et
2220 4166 2480 4238 probatus
2507 4166 2913 4222 hominibuan
2941 4166 3037 4221 hoc
3061 4166 3223 4236 dicit,
3258 4165 3315 4220 id
3349 4170 3459 4232 est,
3492 4165 3553 4220 in

1897 4254 2118 4328 Spiritu
2150 4260 2373 4310 sancto.
2410 4254 2516 4321 Qui
2549 4253 2705 4310 enim
2737 4256 2796 4310 in
2828 4272 2893 4310 eo
2927 4254 3122 4320 servit,
3155 4254 3335 4309 servit
3380 4253 3555 4309 verbo

1897 4344 2217 4418 sapientim,
2251 4344 2554 4411 charitati;
2588 4361 2654 4399 ac
2684 4360 2788 4415 per
2816 4344 2925 4398 hoc
2955 4343 3147 4415 placet
3195 4347 3330 4406 Deo,
3358 4346 3415 4397 et
3460 4356 3555 4396 ac-

1898 4438 2106 4506 ceptus
2138 4438 2228 4488 est
2256 4433 2627 4498 hominibus;
2660 4431 2797 4501 quia
2827 4430 2949 4486 hmo
2983 4431 3137 4485 dona
3184 4433 3305 4485 tam
3356 4429 3557 4501 prazci-
3658 4479 3665 4489 ,

1900 4539 2017 4594 pua
2064 4525 2223 4587 sunt,
2258 4527 2323 4575 ut
2363 4520 2447 4575 cis
2493 4535 2663 4575 nemo
2713 4519 2901 4590 possit
2948 4519 3259 4590 derogare;
3312 4518 3559 4591 ideoque

1902 4610 2315 4666 manifestatus
2347 4611 2435 4664 est
2466 4624 2594 4664 esse
2625 4609 2916 4680 perfectus
2952 4624 3146 4664 coram
3198 4608 3314 4664 Deo
3362 4612 3420 4665 et
3462 4625 3558 4664 co-

127 4702 439 4770 mundum;
475 4701 811 4757 econtrario
842 4700 943 4772 qui
978 4698 1197 4771 aliquid
1232 4699 1788 4769 immundumjudi-
1822 4714 1870 4779 D
1901 4717 2028 4755 ram
2060 4697 2427 4754 hominibus.

131 4794 230 4843 cat.
261 4790 346 4846 illi
378 4792 596 4863 utique
625 4790 1006 4846 immundum
1040 4793 1146 4845 est.
1199 4790 1268 4843 Et
1318 4787 1428 4844 hoc
1476 4792 1587 4856 est,
1633 4788 1788 4861 quod

133 4879 386 4951 sequitur
418 4898 433 4937 :
468 4881 597 4936 Nisi
625 4881 696 4948 ei,
733 4881 829 4952 qui
858 4878 1140 4935 existimat
1168 4878 1300 4950 quid
1329 4893 1615 4933 commune
1653 4892 1785 4945 esse,

133 4966 213 5021 illi
238 4984 530 5025 commune
554 4968 737 5024 est.Ut
767 4977 965 5024 autem
999 4968 1333 5024 ostenderet
1363 4983 1542 5038 quare
1564 4964 1789 5037 praemi-

138 5056 305 5115 serit:
337 5058 722 5133 Ilocjudicate
756 5059 951 5128 magis,
997 5072 1068 5112 ne
1114 5057 1330 5128 ponatis
1377 5056 1788 5128 offendiculum,

137 5146 207 5198 vel
234 5148 557 5203 scandalum
578 5145 1021 5216 (1149),subdidit
1057 5162 1068 5201 :
1101 5148 1165 5200 Si
1192 5148 1337 5201 enim
1366 5149 1586 5217 propter
1616 5162 1792 5201 escam

136 5234 293 5301 frater
334 5245 464 5293 tuus
514 5235 935 5291 scandalizatur
980 5235 1164 5306 (1150);
1186 5236 1311 5307 jam
1340 5250 1450 5289 non
1487 5234 1792 5289 secundum

142 5322 459 5383 charitatem
506 5325 798 5391 ambulas;
846 5324 901 5379 id
952 5329 1060 5388 est,
1116 5323 1167 5379 si
1211 5340 1299 5393 ea,
1350 5339 1477 5394 quae
1529 5322 1689 5377 licita
1738 5325 1796 5377 et

147 5415 354 5471 munda
383 5415 915 5486 credis,propterea
945 5412 1228 5481 sumis,ut
1260 5412 1435 5468 frater
1464 5416 1605 5467 tuus
1628 5428 1795 5467 scan-

1976 4787 2179 4860 lgitur,
2216 4790 2282 4842 ut
2310 4803 2408 4842 eos
2440 4786 2511 4842 ad
2544 4786 2705 4859 pacis
2737 4791 2794 4843 et
2824 4788 3144 4843 concordia)
3176 4788 3397 4843 bonum
3424 4802 3563 4859 pro-

1896 4880 2150 4940 vocaret,
2187 4876 2316 4947 subj
2328 4876 2495 4931 unxit
2518 4893 2531 4930 :
2556 4878 2744 4947 Itaque
2771 4894 2889 4947 quae
2915 4878 3072 4949 pacis
3096 4878 3245 4945 sunt,
3275 4884 3557 4946 sectemur.

1898 4965 2006 5021 Ubi
2038 4966 2358 5021 notandum
2393 4965 2529 5037 quia
2553 4983 2668 5021 non
2690 4965 3121 5031 ait,sectamur;
3157 4963 3308 5019 sicut
3355 4969 3411 5019 et
3454 4982 3558 5020 su-

1901 5055 2101 5127 perius
2157 5072 2169 5110 :
2221 5056 2667 5127 Hospitalitatem
2717 5057 2983 5109 sectantes
3032 5053 3205 5125 (Rom.
3258 5070 3357 5118 ΧΠ,
3413 5053 3501 5123 13)
3543 5071 3558 5109 :

1903 5160 2107 5217 pacem
2138 5144 2355 5216 quippe
2387 5143 2582 5212 habet,
2616 5147 2672 5200 et
2704 5143 2991 5213 sequitur,
3026 5141 3126 5214 qui
3158 5158 3350 5199 mores
3399 5160 3561 5209 suos,

1904 5237 1960 5289 et
2008 5233 2264 5289 actiones
2316 5234 2398 5287 ita
2442 5232 2741 5303 componit
2772 5236 2827 5287 et
2856 5232 3025 5304 regit,
3058 5236 3124 5287 ut
3154 5248 3186 5287 a
3217 5232 3450 5288 nemine
3482 5249 3567 5289 re-

1906 5322 2189 5395 prehendi
2246 5321 2436 5393 possit
2470 5336 2482 5376 :
2517 5324 2775 5376 sectatur
2825 5338 2957 5377 vero
3013 5337 3214 5393 pacem
3261 5321 3362 5393 qui
3393 5321 3475 5377 ita
3506 5336 3566 5375 se

1907 5411 2209 5483 componit
2238 5416 2295 5467 et
2325 5409 2495 5482 regit,
2528 5413 2593 5463 ut
2622 5410 2748 5480 ejus
2799 5409 3066 5482 exemplo
3114 5409 3212 5465 alii
3262 5409 3571 5483 proficiant

147 5499 453 5574 dalizetur;
488 5519 610 5561 non
644 5502 971 5559 secundum
993 5501 1338 5558 charitatem
1361 5499 1800 5572 ambulas,quia
1910 5505 1968 5557 et
1998 5500 2364 5556 azditicentur
2390 5497 2451 5552 in
2482 5497 2837 5554 bono.Unde
2871 5498 2965 5554 hic
2999 5515 3230 5572 quoque
3261 5495 3572 5571 subjungi-

236 5700 356 5773 448)
390 5701 453 5773 In
486 5703 686 5773 autog.
723 5698 991 5773 margine
1018 5699 1115 5773 hic
1144 5698 1359 5773 legitur
1387 5714 1515 5772 cap.
1548 5698 1736 5773 XLIX.

236 5700 334 5754 448
390 5701 452 5757 In
486 5703 686 5773 autog.
723 5698 991 5773 margine
1018 5699 1115 5756 hic
1144 5698 1359 5771 legitur
1387 5714 1515 5772 cap.
1548 5698 1595 5754 X

214 5698 359 5851 £449)
392 5772 495 5832 llic
528 5771 590 5829 in
622 5775 822 5847 autog.
858 5770 1123 5847 margine
1153 5770 1367 5845 legitur
1396 5786 1521 5846 cap.
1556 5770 1599 5828 Ι.

1986 5698 2137 5771 (450)
2169 5695 2340 5771 Vulg.
2372 5698 2750 5755 contristatur.
