3942 6400
390 451 503 509 271

1405 443 1741 507 ATTONlS
1786 443 2378 506 VERGELLENSIS
2421 441 2778 504 EPISCOPI

3669 445 3791 511 fit

390 586 488 638 tur
520 600 534 640 :
566 584 629 636 Et
658 593 782 653 quae
809 579 1195 651 aediﬁcationes
1223 587 1349 634 sunt
1379 581 1438 633 in
1468 580 1702 632 invicem
1722 576 1869 649 (451)
1901 577 2036 632 sub-
2063 579 2118 645 Α
2147 578 2293 633 dicat
2318 578 2663 649 semetipsum
2694 579 2755 633 in
2783 592 2865 645 eo,
2896 574 3040 646 quod
3065 576 3288 646 probat.
3323 573 3426 631 Ille
3452 573 3611 635 enim,
3648 575 3772 634 bea-

391 672 647 741 auditur,
680 671 1012 739 sectemur).

461 763 594 817 Noli
620 764 844 831 pr0pter
875 776 1053 815 escam
1078 760 1352 814 destruere
1380 773 1513 828 Opus
1543 758 1659 811 Dei.
1694 760 1824 810 llaec
1865 756 2041 811 verba

392 852 475 905 ita
504 866 712 905 sonare
742 850 1035 915 videntur,
1068 865 1131 902 ac
1162 847 1210 901 si
1242 864 1373 901 esca
1422 864 1537 900 non
1590 846 1666 900 sit
1715 863 1862 917 opus
1910 846 2035 900 Dei.

394 940 506 995 Sed
537 938 1011 1008 sciendum,quia
1033 954 1176 1007 opus
1200 936 1299 989 Dei
1321 934 1716 1005 est,quoniam
1740 934 2033 989 subsistit.

392 1030 662 1083 Attamen
692 1026 864 1096 longe
894 1024 1049 1079 aliud
1082 1025 1351 1094 est,quod
1377 1028 1614 1094 propter
1644 1040 1732 1087 se;
1768 1026 1823 1077 et
1854 1022 2034 1089 aliud,

392 1116 547 1186 quod
576 1119 815 1185 propter
843 1113 1064 1183 aliquid
1097 1111 1256 1167 aliud
1289 1112 1441 1167 Deus
1465 1112 1850 1166 creavitJﬁsca
1878 1112 2032 1166 enim

390 1220 505 1258 non
538 1208 773 1274 propter
801 1217 884 1267 se,
918 1202 1018 1257 sed
1060 1206 1294 1272 propter
1320 1202 1621 1256 hominem
1670 1205 1863 1255 creata
1904 1206 2031 1267 est;

385 1292 561 1347 homo
593 1306 724 1347 vero
757 1296 994 1362 prepter
1023 1307 1105 1359 se,
1139 1290 1278 1360 quia
1309 1292 1378 1344 ad
1417 1290 1778 1345 laudandum
1832 1295 2031 1343 Deum.

383 1380 453 1435 Et
483 1379 697 1435 idcirco
729 1396 798 1435 ex
825 1379 1101 1435 omnibus
1132 1379 1378 1432 terrenis
1412 1377 1694 1433 creaturis
1734 1377 2031 1432 hominem

383 1468 716 1540 specialiter
743 1468 1057 1538 Apostolus
1088 1466 1329 1532 vocavit,
1362 1466 1449 1521 vel
1483 1466 1668 1537 ipsius
1701 1466 1949 1521 salutem
1977 1471 2035 1521 et

380 1557 867 1628 redemptionem.
900 1560 1141 1627 Propter
1168 1571 1361 1609 escam
1396 1571 1531 1625 ergo
1585 1572 1732 1625 opus
1782 1554 1883 1609 Dei
1932 1555 2029 1609 de-

381 1644 650 1712 struitur,
673 1662 809 1700 cum
834 1644 1007 1700 homo
1039 1645 1308 1699 inﬁrmus
1334 1660 1401 1698 ex
1432 1645 1560 1698 cibo
1592 1643 1831 1698 alterius
1862 1660 2030 1698 scan-

384 1733 688 1789 dalizatur.
718 1734 787 1788 Et
816 1732 987 1805 quasi
1019 1733 1234 1787 diceret
1255 1731 1470 1802 aliquis
1505 1748 1517 1786 :
1551 1731 1703 1786 Dum
1735 1731 1818 1786 sic
1850 1730 2030 1785 inter-

378 1822 528 1877 dicis
557 1840 665 1879 nos
696 1822 895 1878 omnia
923 1822 1238 1893 percipere,
1268 1821 1485 1875 videris
1516 1819 1689 1874 etiam
1724 1824 1786 1873 tu
1814 1836 1882 1873 ea
1919 1820 2027 1874 im-

379 1912 601 1967 munda
624 1910 913 1981 judicare,
948 1910 1199 1979 subjecit
1246 1926 1258 1964 :
1311 1911 1507 1964 ()mnia
1538 1908 1755 1980 quidem
1784 1908 1987 1963 munda
2008 1924 2028 1969 .-

380 2017 445 2055 ac
471 2000 521 2056 si
552 2000 770 2055 diceret
803 2016 816 2055 :
851 1999 977 2054 Non
1006 1998 1133 2053 ideo
1183 1998 1481 2068 prohibeo,
1536 1997 1675 2067 quia
1721 1996 2031 2051 immunda

371 2088 662 2158 judicem,
696 2087 976 2159 quoniam
1010 2104 1043 2142 a
1073 2087 1317 2153 mundo,
1367 2091 1424 2141 et
1470 2087 1621 2141 bono
1670 2086 1786 2141 Deo
1837 2090 2030 2140 creata

374 2177 685 2232 immunda
714 2194 839 2231 esse
871 2193 985 2230 non
1017 2178 1285 2247 possunt,
1316 2175 1438 2240 sed,
1472 2192 1541 2229 ne
1565 2191 1758 2229 coram
1792 2174 2026 2227 inﬁrmo

374 2270 677 2321 sumentes
710 2265 1074 2320 occasionem
1108 2264 1258 2319 detis
1289 2263 1745 2317 scandalizandi.
1797 2263 1865 2316 Et
1916 2262 2026 2317 hoc

370 2358 480 2421 est,
514 2355 671 2426 quod
702 2355 970 2425 sequitur
1001 2369 1014 2406 :
1046 2353 1151 2409 Sed
1180 2354 1390 2405 malum
1439 2360 1516 2407 est
1546 2354 1777 2417 homini,
1808 2354 1902 2422 qui
1926 2368 2027 2421 per

367 2442 761 2514 o/fendiculum
804 2441 1120 2496 manducat.
1162 2442 1377 2495 Bonum
1424 2450 1500 2495 est
1539 2456 1651 2493 non
1696 2441 2026 2495 manducare

375 2534 679 2597 carnem,et
705 2546 816 2586 non
844 2530 1024 2585 bibere
1050 2531 1451 2601 vinum,neque
1482 2530 1542 2583 in
1571 2544 1674 2599 quo
1706 2531 1882 2598 frater
1903 2538 2027 2583 tuus

367 2620 608 2691 oﬂ‘endit
639 2620 808 2691 (452),
843 2622 940 2673 aut
967 2618 1501 2684 scandatiz-atur,aut
1535 2617 2024 2685 inﬁrmatur.Quid

375 2709 629 2781 estquod
648 2707 966 2780 Apostolus
987 2707 1595 2776 abstinentiam,quasi
1614 2722 1914 2760 summum
1932 2706 2027 2759 bo-

365 2814 511 2852 num
533 2797 1070 2861 commendat,cum
1085 2811 1387 2850 summum
1402 2796 1621 2849 bonum
1645 2811 1759 2848 non
1777 2794 1878 2847 sit?
1896 2794 2027 2848 0m-

363 2902 437 2941 ne
459 2884 614 2940 enim
634 2884 1038 2955 bonum,quod
1061 2887 1117 2938 et
1139 2883 1276 2938 mali
1299 2883 1511 2937 habere
1534 2886 1922 2953 possunt,non
1942 2887 2029 2936 est

368 2990 695 3043 summum,
718 2973 816 3028 sed
846 2972 1137 3028 mediocre
1160 2973 1519 3026 bonum.Sed
1540 2972 1842 3026 sciendum
1866 2971 2023 3043 quia,

369 3063 480 3118 etsi
513 3062 871 3118 abstinentia
918 3079 1033 3117 non
1085 3063 1161 3116 sit
1209 3078 1512 3116 summum
1544 3061 1785 3130 bonum,
1828 3065 2025 3115 tamen

372 3152 715 3207 charitatem
760 3167 898 3223 erga
942 3151 1276 3222 proximum
1326 3166 1576 3215 servare,
1630 3154 1686 3204 et
1733 3166 1867 3204 eum
1908 3167 2024 3205 non

372 3239 787 3298 scandalizare.
833 3256 1135 3295 summum
1168 3240 1387 3293 bonum
1419 3244 1506 3293 est
1538 3256 1550 3294 :
1582 3238 1738 3309 quod
1771 3243 1835 3293 ut
1864 3255 2022 3293 com-

2149 670 2247 721 tus
2276 670 2385 736 est,
2418 666 2518 737 qui
2549 683 2635 730 eo,
2671 666 2825 737 quod
2857 665 3146 721 mundum
3194 669 3252 720 et
3296 663 3523 721 licitum
3564 666 3769 738 probat,

2150 755 2300 810 male
2330 772 2444 810 non
2473 756 2679 821 utitur,
2708 755 2766 809 id
2800 758 2911 821 est,
2945 771 3141 809 coram
3170 753 3406 809 inﬁrmo
3455 755 3626 810 fratre
3670 772 3772 813 non

2148 844 2350 911 sumit,
2385 862 2455 899 ne
2486 844 2538 899 ei
2569 843 3005 899 scandalizandi
3036 843 3403 899 occasionem
3433 843 3650 916 det,pro
3669 860 3770 916 quo

2146 931 2270 1002 ipse
2294 933 2616 1001 judicetur.
3022 998 3033 1009 ί

2218 1023 2325 1088 Qui
2354 1027 2537 1076 autem
2564 1022 2825 1076 discernit
2856 1022 2937 1091 (id
2990 1025 3097 1089 est,
3149 1020 3258 1076 hoc
3301 1037 3432 1077 esse
3480 1022 3770 1089 mundum,

2142 1107 2285 1163 illud
2327 1111 2725 1179 immundum)
2774 1112 2824 1164 si
2872 1110 3289 1165 manducauerit
3335 1110 3503 1181 (illud
3549 1111 3770 1179 scilicet,

2144 1200 2297 1269 quod
2349 1200 2725 1254 immundum
2777 1199 3024 1269 judicat)
3076 1198 3367 1256 damnatus
3411 1204 3490 1255 est
3536 1200 3772 1271 (proprio

2135 1287 2412 1357 judicio);
2442 1290 2573 1358 quia
2602 1304 2713 1343 non
2738 1295 2816 1343 est
2839 1304 2911 1343 ea:
2937 1289 3044 1357 ﬁde
3075 1288 3220 1358 (454)
3262 1288 3632 1359 (subauditur
3677 1287 3771 1345 ali-

2143 1377 2283 1447 quid
2316 1377 2691 1431 immundum
2723 1378 3000 1447 credere).

2215 1468 2384 1520 Umne
2412 1471 2615 1529 autem,
2660 1466 2801 1536 quod
2837 1483 2952 1520 non
2998 1470 3076 1521 est
3118 1482 3187 1520 ex
3233 1466 3363 1537 ﬁde,
3384 1471 3658 1538 peccatum
3685 1471 3771 1523 est.

2139 1552 2423 1608 Videlicet
2454 1554 2593 1624 quia
2623 1554 2748 1609 sine
2778 1555 2891 1610 ﬁde
2922 1554 3291 1626 impossibile
3306 1559 3397 1611 est
3418 1556 3534 1612 Deo
3563 1554 3776 1627 placere

2140 1642 2331 1711 (Hebr.
2364 1659 2441 1711 x1,
2475 1643 2552 1711 6).
2580 1642 2713 1697 Vita
2764 1658 2900 1714 ergo
2953 1642 3301 1711 inﬁdelium,
3355 1644 3496 1715 quia
3539 1660 3653 1701 non
3696 1648 3775 1700 est

2139 1745 2208 1784 ex
2240 1730 2374 1796 ﬁde,
2403 1734 2708 1801 peccatum
2738 1736 2828 1787 est
2856 1732 3036 1803 (455);
3070 1732 3350 1803 quoniam
3381 1732 3484 1789 ubi
3513 1733 3674 1790 deest
3691 1748 3775 1789 co-

2137 1818 2322 1889 gnitio
2390 1825 2613 1875 zeternae
2671 1824 2727 1875 et
2812 1820 3316 1877 incommutabilis
3383 1821 3660 1887 veritatis,
3719 1821 3770 1876 id

2139 1913 2247 1976 est,
2280 1908 2624 1974 divinitatis,
2655 1908 2803 1964 falsa
2850 1909 3038 1965 virtus
3089 1914 3199 1977 est,
3250 1910 3426 1966 etiam
3460 1911 3522 1966 in
3552 1908 3773 1982 optimis

2142 1996 2428 2052 moribus.

2212 2088 2366 2157 (CAP.
2436 2085 2576 2158 XV.)
2646 2086 2847 2158 Igitur,
2918 2086 3056 2159 quia
3121 2092 3351 2159 poterat
3415 2088 3631 2162 aliquis
3691 2086 3772 2143 di-

2137 2190 2266 2230 cere
2299 2190 2312 2228 :
2347 2173 2495 2238 Quid
2545 2176 2616 2229 ad
2668 2192 2796 2244 nos,
2846 2176 2895 2231 si
2944 2176 3164 2231 inﬁrmi
3212 2176 3389 2231 sunt?
3419 2194 3529 2233 cur
3571 2192 3674 2234 nos
3708 2176 3772 2232 ob

2137 2280 2339 2318 eorum
2368 2262 2775 2319 inﬁrmitatem
2818 2281 2932 2319 non
2986 2281 3054 2319 ea
3110 2280 3440 2336 sumamus,
3474 2281 3602 2338 quia
3629 2263 3775 2321 licita

2136 2353 2469 2407 credimus?
2497 2354 2579 2406 Ad
2606 2353 2713 2407 hoc
2735 2354 2904 2424 quasi
2934 2355 3250 2425 respondet
3278 2354 3769 2426 Apostoluszllebe-

2138 2458 2255 2495 mus
2301 2451 2485 2496 autem
2526 2459 2627 2497 nos
2681 2443 2952 2512 ﬁrmiores
2981 2442 3401 2499 imbecillitates
3434 2445 3774 2515 inﬁrmorum

2135 2532 2429 2600 sustinere,
2461 2534 2593 2599 etc.,
2627 2548 2693 2584 ac
2725 2531 2773 2585 si
2804 2536 3001 2601 aperte
3030 2532 3247 2587 diceret
3278 2549 3291 2587 :
3326 2533 3640 2605 Propterea
3683 2548 3775 2588 su-

2138 2634 2295 2673 mere
2349 2635 2463 2672 non
2510 2619 2754 2683 debetis,
2802 2636 2872 2674 ne
2923 2619 3191 2675 inﬁrmos
3239 2620 3450 2677 fratres
3500 2619 3772 2679 scandali-

2135 2706 2297 2761 zetis.
2332 2706 2404 2761 Ut
2435 2711 2630 2761 autem
2662 2706 2894 2763 facilius
2932 2724 3031 2763 eos
3069 2708 3300 2764 ﬂectere
3346 2716 3569 2781 posset,
3620 2725 3772 2767 suam

2136 2794 2255 2848 illis
2287 2794 2529 2849 sociavit
2558 2810 2892 2865 personam.
2938 2796 3099 2859 Quod
3152 2806 3347 2855 autem
3396 2816 3481 2868 se,
3536 2813 3774 2871 suosque

2136 2882 2431 2938 auditores
2471 2884 2757 2938 ﬁrmiores
2788 2889 2976 2955 vocat,
3008 2902 3124 2941 non
3154 2892 3244 2942 est
3273 2891 3646 2960 arrogantiae,
3686 2887 3773 2945 sed

2136 2986 2315 3025 causa
2346 2971 2553 3026 divina:
2584 2972 3043 3042 dispensationis
3064 2974 3285 3030 factum
3311 2993 3324 3031 :
3350 2978 3556 3034 nullus
3575 2977 3775 3051 quippe

2135 3058 2526 3130 inﬁrmorum,
2553 3061 2845 3131 majorum
2875 3062 3139 3118 ﬁrmitati
3170 3080 3231 3119 se
3253 3065 3508 3137 jungere
3528 3068 3777 3133 auderet,

2136 3147 2250 3201 nisi
2280 3148 2591 3219 Apostolus
2622 3166 2761 3204 suos
2793 3150 2969 3207 etiam
3000 3152 3296 3208 auditores
3325 3170 3532 3212 secum
3568 3154 3776 3211 ﬁrmio-

2137 3252 2227 3290 res
2261 3236 2493 3293 diceret.
2526 3238 2811 3294 Praaterea
2840 3245 3039 3295 monet
3070 3240 3164 3297 his
3202 3242 3417 3308 verbis,
3467 3249 3535 3299 ut
3584 3245 3683 3315 qui
3726 3243 3778 3298 in

373 3330 676 3385 mendaret
703 3328 1036 3400 Apostolus,
1068 3328 1150 3383 ait
1182 3344 1194 3381 :
1230 3332 1415 3397 Neque
1446 3328 2017 3397 (subauditur,agere
2049 3316 2091 3384 C
2132 3324 2446 3381 Ecclesiam
2480 3327 2733 3382 inﬁrmis
2782 3328 3059 3384 fratribus
3105 3330 3383 3401 prodesse
3432 3337 3684 3404 possunt
3725 3331 3779 3387 in

371 3418 617 3491 aliquid)
648 3419 709 3473 in
733 3435 837 3490 quo
861 3418 1042 3488 frater
1074 3424 1197 3472 tuus
1236 3420 1481 3489 offendit,
1533 3418 1589 3473 id
1638 3422 1744 3488 est,
1797 3422 2018 3488 peccat,

368 3515 468 3563 aut
487 3504 934 3574 scandalizatur,
969 3507 1025 3561 id
1048 3511 1156 3576 est,
1184 3523 1218 3560 a
1238 3507 1351 3561 ﬁde
1373 3507 1607 3575 recedit,
1640 3511 1736 3561 aut
1770 3507 2021 3576 inﬁrma-

369 3602 485 3664 tur,
514 3594 740 3651 scilicet
788 3595 848 3650 in
896 3596 1101 3651 eadem
1150 3595 1285 3650 ﬁde.
1334 3594 1663 3650 Nolandum
1691 3600 1780 3650 est
1826 3601 2019 3651 autem

371 3685 512 3757 quia
541 3700 657 3739 non
683 3684 764 3739 ait
795 3698 809 3739 :
845 3685 1066 3740 Bonum
1104 3688 1194 3738 est
1237 3684 1593 3738 manducare
1640 3700 1900 3748 carnem,
1950 3699 2024 3739 ne

370 3758 682 3828 voracibus
703 3772 871 3827 daret
896 3772 1263 3827 occasionem
1292 3772 1525 3826 dicendi
1549 3772 1980 3827 abstinentibus
2008 3790 2019 3827 :

372 3863 620 3919 Carnem
654 3860 1024 3929 manducate,
1047 3860 1327 3931 quoniam
1358 3861 1673 3932 Apostolus
1704 3863 1975 3933 praecepit
2008 3878 2021 3916 :

374 3967 442 4006 ac
484 3967 588 4022 per
618 3949 724 4005 hoc
756 3948 962 4004 laxatis
1011 3950 1373 4004 abstinentia:
1424 3950 1625 4018 frenis,
1679 3950 2024 4006 barathrum

376 4039 680 4096 edacitatis
712 4038 1052 4095 inciderent.
1105 4039 1251 4094 Cum
1298 4056 1434 4110 ergo
1480 4039 1725 4093 intentio
1766 4040 2025 4111 Apostoli

375 4129 556 4183 fuerit
583 4127 743 4198 loqui
773 4127 843 4182 de
873 4125 1020 4182 cibis
1050 4126 1442 4193 solummodo,
1478 4143 1582 4181 cur
1612 4126 2028 4199 intulitzneque

377 4216 578 4272 bibere
608 4215 853 4271 vinum?
882 4214 1183 4283 Videlicet,
1242 4232 1315 4269 ne
1362 4214 1609 4271 ebriosis
1656 4217 1821 4271 daret
1868 4233 2030 4272 occa-

378 4306 604 4362 sionem
626 4304 857 4360 dicendi
880 4304 1124 4371 :‘Bibite,
1154 4304 1431 4375 quoniam
1461 4303 1776 4375 Apostolus
1799 4321 1831 4359 a
1856 4320 2028 4360 carne

375 4400 609 4452 tantum
632 4394 861 4451 monuit
894 4394 1204 4461 abstinere,
1241 4394 1440 4464 sicque
1474 4394 1531 4447 in
1563 4394 1698 4447 vitio
1731 4394 2029 4450 ebrietatis

377 4501 438 4541 se
468 4490 816 4541 exercerent.
853 4485 964 4539 Sed
1005 4483 1270 4555 nunquid
1321 4483 1672 4538 condemnat
1717 4484 2027 4553 Apostolus

373 4574 743 4631 creaturam?
773 4574 955 4628 Absit.
991 4578 1107 4628 [mo
1130 4573 1551 4644 ostendit,quia
1572 4589 1768 4627 coram
1796 4573 2027 4629 inﬁrmo

2131 3412 2326 3484 aliquo
2357 3416 2567 3482 ofﬁcio,
2603 3433 2716 3471 non
2749 3434 2811 3472 se
2844 3417 3196 3475 humilitatis
3225 3436 3407 3477 causa
3436 3422 3783 3479 subtrahant

2132 3505 2202 3557 ab
2235 3504 2423 3559 ofﬁcio
2461 3520 2473 3559 :
2507 3508 2563 3560 et
2592 3509 2659 3560 ut
2688 3506 2956 3561 inﬁrmos
3008 3507 3296 3578 patienter
3324 3509 3382 3564 in
3415 3509 3679 3568 Ecclesia
3705 3509 3780 3566 fe-

2131 3609 2354 3648 ramus.
2389 3592 2551 3648 Unde
2582 3593 2720 3650 alibi
2745 3595 2927 3651 :Alter
2955 3596 3186 3652 alterius
3214 3614 3383 3654 onera
3411 3598 3776 3672 portate(6al.

2131 3698 2210 3751 γι,
2240 3682 2318 3751 ‘2),
2349 3686 2461 3737 etc.

2204 3772 2267 3823 Et
2294 3786 2403 3825 non
2447 3770 2607 3826 nobis
2631 3772 2874 3842 placere,
2925 3774 2983 3829 id
3034 3779 3143 3843 est,
3194 3793 3309 3833 non
3360 3778 3589 3835 nostris
3632 3776 3777 3835 desi-

2134 3858 2311 3913 deriis
2342 3859 2678 3915 satisfacere
2711 3878 2723 3916 :
2759 3878 2873 3918 non
2906 3879 3033 3935 qua:
3067 3868 3272 3921 nostra
3300 3872 3467 3935 sunt,
3502 3881 3781 3940 quaerere,

2136 3949 2235 4003 sed
2269 3967 2395 4021 qua)
2423 3950 2565 4005 Jesu
2597 3950 2834 4006 Christi.
2888 3952 2991 4009 Cui
3038 3959 3235 4010 autem
3280 3956 3643 4027 placendum
3693 3954 3785 4020 sit,

2136 4039 2391 4093 ostendit
2420 4056 2433 4095 :
2470 4041 2851 4112 Unusquisque
2879 4052 3130 4099 nostrum
3151 4047 3416 4114 proximo
3436 4063 3538 4103 suo
3553 4048 3785 4119 placeat.

2138 4127 2246 4181 Sed
2280 4129 2548 4199 nunquid
2579 4130 2650 4184 ad
2685 4129 2909 4185 malum
2940 4133 3276 4203 agendum?
3315 4134 3511 4192 Absit.
3546 4136 3789 4206 Ideoque

2137 4215 2337 4271 intulit
2368 4234 2381 4272 :
2407 4222 2474 4273 In
2507 4217 2731 4285 bonum,
2762 4219 2817 4274 id
2852 4225 2962 4288 est,
3013 4222 3085 4276 ad
3136 4223 3501 4293 patrandum
3552 4226 3789 4282 bonum.

2137 4306 2298 4368 Quod
2332 4310 2397 4360 ut
2424 4306 2749 4364 evidentius
2793 4310 3243 4379 demonstraret,
3292 4312 3611 4384 subjunxit
3659 4330 3672 4370 :
3722 4309 3793 4368 Ad

2136 4393 2575 4463 :ediﬁcationem.

2208 4484 2488 4555 Denique,
2520 4486 2567 4540 si
2601 4503 2842 4543 suorum
2874 4488 3212 4543 auditorum
3241 4489 3475 4548 animos
3517 4490 3787 4555 ﬂecteret,

2138 4572 2326 4641 ipsius
2364 4574 2589 4628 Domini
2613 4575 2865 4646 subjecit
2894 4577 3257 4648 exemplum,
3288 4579 3496 4638 dicens
3531 4598 3546 4637 :
3578 4580 3791 4637 Etenim

375 4663 552 4717 fratre
582 4661 870 4716 sumenda
902 4678 1015 4715 non
1048 4668 1340 4731 sunt,quaa
1373 4661 1455 4715 illi
1477 4661 2028 4729 offendiculum,aut
2054 4689 2102 4753 Β
2140 4660 2383 4716 Christus
2414 4679 2528 4717 non
2556 4664 2665 4716 sibi
2687 4666 2925 4735 placuit,
2957 4671 3065 4722 etc.
3090 4666 3360 4724 Christus
3388 4686 3506 4726 non
3540 4669 3656 4726 sibi
3677 4666 3789 4741 pla-

373 4749 721 4806 scandalum
774 4754 1016 4821 ponunt.
1070 4747 1233 4802 Unde
1277 4754 1333 4803 et
1380 4750 1701 4816 subditur;
1736 4756 1821 4807 Tu
1858 4752 2023 4820 [idem

370 4840 534 4895 habes
560 4856 720 4911 penes
754 4841 1125 4909 temetipsum;
1173 4835 1310 4891 habe
1358 4854 1541 4891 coram
1590 4840 1692 4893 Deo
1739 4841 1922 4906 (453),-
1954 4856 2020 4894 ac

371 4928 420 4983 si
447 4930 661 4984 diceret
693 4945 705 4983 :
741 4928 971 4984 Sufﬁcit
998 4927 1096 4981 tibi
1124 4943 1226 4997 per
1249 4926 1419 4980 ﬁdem
1446 4926 1643 4980 omnia
1663 4928 1883 4983 munda
1906 4944 2022 4983 cre~

371 5018 505 5074 dere
539 5036 552 5073 :
588 5021 812 5087 oportet
844 5017 1042 5075 etiam.
1077 5020 1142 5069 ut
1193 5031 1294 5086 pro
1342 5014 1433 5068 Dei
1486 5031 1681 5068 amore
1714 5032 1907 5070 coram
1942 5017 2025 5071 in-

371 5107 542 5159 ﬁrmo
565 5106 742 5160 fratre
768 5122 881 5157 non
924 5121 1146 5172 sumas,
1179 5121 1249 5158 ne
1280 5103 1362 5157 illi
1395 5102 1826 5157 scandalizaudi
1860 5121 2019 5161 occa-

372 5193 595 5247 sionem
628 5192 854 5246 tribuas
890 5208 902 5248 :
934 5198 989 5247 et
1019 5193 1126 5247 hoc
1156 5199 1242 5247 est
1275 5193 1426 5263 quod
1454 5192 1595 5246 dicit
1628 5208 1640 5247 :
1678 5193 1820 5246 Habe
1841 5209 2023 5247 coram

373 5284 483 5335 Deo
513 5297 530 5333 :
562 5284 617 5334 et
648 5280 753 5333 hoc
785 5284 873 5333 est
903 5282 1055 5349 quod
1086 5282 1351 5351 sequitur
1385 5298 1396 5335 ε
1432 5286 1638 5336 Beatus
1661 5283 1753 5353 qui
1780 5298 1883 5336 non.
1924 5284 2020 5354 ju-

445 5385 589 5455 (451)
624 5384 788 5455 Vulg.
817 5388 947 5454 post
974 5385 1205 5441 adverb.
1243 5388 1475 5442 invicem
1525 5386 1699 5441 habet
1748 5388 2019 5443 custodia-

372 5471 515 5511 mus.

444 5528 597 5595 (.432)
622 5525 795 5594 Vulg.
830 5526 1146 5594 offenditur.

444 5598 589 5667 (423)
609 5596 788 5671 Vulg.
818 5595 897 5648 ita
930 5596 1065 5671 legit
1100 5613 1113 5650 :
1148 5605 1205 5649 tu
1236 5598 1395 5665 ﬁdem
1424 5601 1589 5654 habes
1610 5599 1637 5654 ?
1663 5617 1825 5671 penes
1846 5606 2020 5657 teme-

370 5666 573 5740 tipsum
603 5666 739 5740 tiabe
768 5681 950 5740 coram
984 5667 1109 5722 Deo.

439 5740 589 5822 (454)
620 5736 791 5809 Vulg.
816 5739 947 5811 quia
976 5753 1088 5794 non
1116 5752 1184 5793 ea:
1213 5737 1335 5808 fide.

2133 4750 2281 4819 cuit;
2317 4751 2473 4821 quia,
2507 4769 2641 4807 cum
2670 4752 2729 4807 in
2770 4753 3071 4810 divinitate
3118 4756 3462 4828 unigenitus
3486 4764 3646 4817 esset
3690 4755 3786 4811 Dei

2133 4838 2335 4906 Filius,
2362 4841 2430 4894 ad
2468 4845 2650 4895 terras
2681 4842 3002 4912 descendit,
3031 4849 3097 4899 ut
3130 4848 3347 4902 multos
3380 4847 3497 4902 sibi
3528 4846 3786 4919 acquire-

2132 4934 2219 4983 ret
2250 4928 2478 4995 fratres,
2513 4929 2727 5000 quibus
2758 4931 2948 4987 Patris
2981 4934 3071 4988 sui
3105 4934 3489 4991 distribuerat
3520 4948 3783 5007 regnum.

2132 5018 2457 5072 Exinanivit
2493 5020 2690 5089 quippe
2720 5023 3090 5092 semetipsum,
3122 5027 3298 5092 [actus
3326 5024 3582 5082 obediens
3624 5034 3787 5093 usque

2131 5106 2199 5160 ad
2230 5110 2458 5161 martem
2490 5108 2759 5179 (Philipp.
2795 5127 2855 5179 11,
2884 5112 2963 5181 7).

2202 5194 2304 5249 Sed
2332 5197 2472 5250 sicut
2502 5198 2768 5267 scriptum
2806 5208 2882 5253 est
2913 5201 3307 5267 (subauditur,
3349 5202 3438 5258 sic
3490 5202 3651 5275 egit),
3685 5203 3786 5255 im-

2124 5286 2385 5355 prOperia
2434 5287 2920 5356 improperantium
2971 5291 3080 5344 tibi
3125 5292 3439 5347 ceciderunt
3484 5309 3653 5364 super
3705 5304 3786 5345 me

2202 5391 2349 5460 (455)
2385 5391 2442 5445 In
2473 5408 2647 5446 sensu
2692 5392 2755 5447 B.
2810 5395 3125 5460 Augustini
3156 5396 3614 5467 intelligendum
3662 5411 3785 5453 esse

2131 5468 2727 5541 auctoremnostrum
2761 5470 3017 5541 pate_t_ex_
3044 5468 3271 5535 multis,
3304 5486 3436 5541 qua
3469 5472 3693 5541 profert
3719 5484 3787 5525 ex

2130 5534 2742 5609 eodem,cujus__fuisse
2764 5534 3301 5609 studiosissimum,
3322 5534 3587 5597 lectdres
3609 5541 3783 5597 latere

2129 5620 2244 5691 non
2277 5610 2485 5691 potest.
2520 5604 2661 5691 Vide
2690 5606 2752 5661 D.
2812 5608 3078 5691 Prosper.
3105 5604 3355 5691 _in_hanc_
3381 5613 3781 5691 sententiam,

2129 5690 2307 5731 carm.
2332 5676 2396 5731 de
2420 5678 2677 5748 Ingratis,
2711 5683 2863 5751 part.
2897 5676 2977 5749 11,"
3005 5698 3059 5738 v.
3093 5683 3201 5738 405
3228 5684 3300 5740 ad
3332 5682 3465 5744 410.
