3942 6430
159 464 288 530 273

781 462 1210 535 EXPOSITIO
1248 466 1332 534 IN
1373 468 1810 535 EPISTOLAS
1860 468 2120 536 PAULI.
2144 471 2326 536 --IN
2373 468 2625 537 EPIST.
2655 467 2761 534 AD
2803 467 2998 537 ROM.

3487 472 3605 537 274

160 602 330 685 (Psal.
365 616 567 671 vam,
591 602 704 669 10).
732 602 1009 661 Ρῐιωνὶἀίῐ
1029 604 1337 678 propheta,
1361 606 1641 679 quoniam
1667 606 1832 662 Cbri-
1861 607 1917 675 Α
1947 608 2173 665 sionem
2202 608 2436 666 Judaaos
2469 612 2849 684 spernebant,
2881 610 3172 684 subjecit:
3196 613 3329 669 Dico
3345 612 3492 670 enim
3513 611 3607 669 Je-

163 697 289 749 stus
318 690 514 747 multa
540 691 856 765 opprobria
877 692 1146 749 aJudaeis
1173 698 1297 750 erat
1318 712 1610 767 passurus
1634 714 1646 762 ;
1672 696 1832 753 ideo-

164 799 274 855 que
302 782 414 837 hoc
446 782 507 836 in
559 782 693 852 ejus
738 797 992 854 persona
1041 784 1313 853 dicebat;
1347 791 1406 841 et
1436 790 1525 841 est
1566 801 1780 842 sensus
1815 803 1828 841 :

161 871 500 929 Judmorum
522 870 856 927 infidelium
875 874 1191 947 opprobria
1208 875 1737 947 improperantium
1758 875 1830 931 ti-

160 962 240 1030 bi,
269 978 302 1017 o
334 962 528 1032 Pater,
565 977 743 1032 super
795 977 889 1017 me
939 962 1323 1033 ceciderunt;
1357 966 1498 1036 quia
1548 982 1641 1021 me
1671 966 1829 1020 inve-

162 1050 426 1117 runt,cui
450 1050 894 1124 exprobrarent.
920 1052 1053 1109 Tibi
1077 1057 1274 1129 autem
1296 1054 1829 1127 improperantium

160 1139 315 1206 dicit,
350 1137 643 1211 quoniam
671 1141 773 1211 qui
804 1140 1061 1196 detrahit
1090 1140 1268 1210 Patri,
1304 1142 1558 1198 detrahit
1588 1148 1644 1199 et
1662 1142 1826 1211 Filio,

162 1233 215 1284 et
244 1228 345 1300 qui
394 1245 516 1284 non
570 1230 790 1301 recepit
841 1230 1077 1297 Filium,
1127 1248 1315 1303 neque
1360 1237 1589 1287 Patrem
1627 1250 1639 1287 :
1672 1233 1830 1287 unde

162 1318 217 1373 in
252 1317 569 1390 Evangelio
604 1334 620 1372 :
658 1319 765 1387 Qui
811 1321 1013 1390 recipit
1058 1336 1165 1387 me,
1196 1323 1399 1393 recipit
1427 1339 1555 1377 eum
1597 1324 1694 1393 qui
1742 1339 1829 1377 me

160 1408 309 1463 misit
340 1406 498 1479 (Luc.
533 1424 613 1473 1x,
648 1406 761 1478 48).

234 1494 308 1551 Ut
338 1499 543 1551 autem
575 1497 911 1574 ostenderet
940 1497 1255 1553 utilitatem
1300 1498 1505 1554 divinae
1537 1499 1826 1571 lectionis,

159 1584 473 1657 subjunxit
502 1584 751 1657 (456-57)
788 1604 802 1641 :
836 1589 1200 1659 Quaecunque
1244 1589 1394 1643 enim
1443 1590 1648 1660 scripta
1676 1593 1825 1659 sunt,

159 1673 233 1730 ad
252 1678 502 1729 nostram
520 1674 825 1731 utilitatem
840 1677 1427 1750 scriptasunt.0mnia
1455 1679 1555 1750 qui
1563 1695 1828 1750 ppe,qua3

158 1762 328 1836 longe
355 1762 599 1835 lateque
644 1764 705 1819 in
755 1764 1062 1838 Scriptura
1092 1783 1261 1823 sacra
1308 1768 1703 1837 continentur,
1739 1767 1828 1822 id-

159 1852 311 1908 circo
362 1854 588 1925 scripta
640 1859 799 1923 sunt,
830 1859 898 1909 ut
946 1855 1017 1911 ad
1069 1855 1306 1911 illorum
1354 1857 1687 1929 exemplum
1722 1874 1830 1912 nos

153 1939 553 2043 infprmemus
599 1946 656 1998 et
707 1943 1045 1999 doceamur.
1099 1945 1166 1999 Et
1212 1945 1323 2001 hoc
1370 1949 1479 2015 est,
1533 1946 1687 2017 quod
1737 1961 1827 2000 se-
1861 1976 1910 2043 B

154 2029 409 2102 quitur:
447 2031 513 2088 Ut
555 2046 657 2103 per
696 2034 1051 2105 patientiam,
1099 2038 1151 2089 et
1200 2035 1627 2091 consolationem
1679 2034 1832 2089 Scri-

163 2126 483 2190 pturarum,
525 2136 676 2192 spem
722 2121 1040 2177 habeamus.
1092 2124 1238 2178 Cum
1287 2123 1445 2179 enim
1501 2123 1835 2179 audivimus

162 2222 228 2263 ex
257 2208 565 2282 Scriptura
594 2225 779 2277 sacra,
814 2210 956 2282 quia
1016 2211 1205 2268 sancti
1233 2212 1343 2268 viri
1374 2212 1565 2268 multa
1595 2214 1837 2269 adversa

163 2301 401 2370 propter
428 2299 616 2355 Deum
666 2299 959 2372 patienter
1000 2301 1289 2369 tulerunt,
1343 2317 1621 2375 magnam
1650 2317 1719 2357 ex
1769 2319 1839 2357 ea

165 2386 632 2444 consolationem
655 2388 1073 2462 accipimus,ut
1096 2406 1261 2462 spem
1291 2391 1614 2446 habeamus
1636 2395 1838 2446 tenen-

167 2474 226 2530 di
255 2477 616 2549 qnandoque
647 2477 706 2533 in
738 2466 821 2549 re,
856 2479 1014 2551 quod
1048 2495 1206 2534 nunc
1234 2482 1506 2535 tenemus
1536 2478 1596 2534 in
1629 2496 1751 2551 spe.

242 2563 431 2636 Igitur
459 2580 530 2621 ex
555 2566 752 2623 verbis
782 2567 910 2623 suis
950 2570 1190 2639 sumpta
1218 2568 1542 2636 occasione,
1588 2570 1840 2642 subjecit

180 2652 532 2722 orationem,
564 2672 689 2727 qua:
737 2673 856 2712 non
885 2655 1129 2713 inferior
1165 2661 1256 2713 est
1301 2657 1706 2715 benedictione
1737 2676 1838 2731 pa-

177 2740 575 2800 triarcharum
608 2759 621 2799 :
654 2743 758 2801 illa
786 2745 943 2801 enim
994 2745 1248 2803 carnalis
1278 2750 1421 2817 erat,
1456 2746 1611 2803 sicut
1640 2747 1788 2803 illud
1822 2766 1837 2804 :

177 2829 240 2885 ln
268 2846 395 2888 rore
421 2833 548 2889 eali
583 2839 639 2889 et
676 2835 1025 2906 pinguedine
1068 2838 1243 2893 terra?
1288 2838 1359 2892 sit
1409 2836 1714 2894 benedictio
1745 2846 1841 2894 tua

175 2919 327 2989 (Gen.
356 2938 541 2994 xxvu,
564 2924 694 2993 28);
720 2923 831 2979 hac
857 2941 994 2981 vero
1025 2924 1319 2997 spiritalis
1348 2930 1456 2981 est.
1504 2927 1599 2982 Ait
1629 2927 1787 2983 enim
1821 2944 1835 2982 :

180 3009 320 3067 Deus
367 3015 558 3069 autem
593 3014 880 3084 patientia
922 3017 977 3070 et
1005 3015 1193 3071 solatii
1236 3015 1324 3070 det
1370 3015 1521 3071 vobis
1566 3016 1625 3071 id
1653 3018 1841 3087 ipsum

171 3114 364 3172 sapere
394 3102 461 3157 in
510 3103 862 3159 alterutrum.
893 3103 1050 3158 Deus
1098 3103 1393 3176 patientiae
1441 3106 1498 3158 et
1525 3104 1720 3159 solatii
1749 3104 1838 3159 di-

174 3188 341 3262 citur,
375 3190 536 3247 sicut
586 3190 892 3248 charitatis
942 3195 999 3247 et
1029 3190 1228 3262 pacis;
1262 3207 1328 3247 eo
1360 3191 1515 3262 quod
1570 3191 1698 3263 ipse
1723 3192 1838 3247 vir-

164 3281 357 3336 tutem
386 3279 620 3335 tribuat
654 3278 1077 3336 consolationis
1107 3281 1165 3353 et
1194 3279 1509 3351 patientia.
1541 3280 1607 3334 Id
1640 3280 1837 3352 ipsum

170 3381 401 3441 sapere,
431 3368 497 3423 id
546 3374 660 3433 est,
693 3384 811 3423 non
862 3344 1213 3423 dissentire:
1246 3367 1311 3423 In
1357 3344 1725 3439 alterutrum,
1777 3369 1837 3424 id
1868 3344 1912 3410 Ο

171 3460 276 3524 est,
338 3456 627 3523 invicem,
675 3455 764 3510 vel
813 3455 885 3510 de
934 3453 1237 3510 alterutro.
1288 3454 1589 3519 Quomodo
1641 3460 1839 3512 autem

169 3557 263 3602 eos
315 3543 614 3616 optaverit
663 3558 847 3599 unum
898 3543 1069 3609 scire,
1110 3544 1386 3611 ostendit,
1422 3544 1789 3618 subjungens
1824 3562 1837 3601 :

174 3631 232 3688 Ut
258 3630 582 3698 unanimes,
617 3645 723 3685 ano
752 3646 846 3687 ore
890 3630 1268 3701 honoriﬁcetis
1299 3632 1492 3697 Deum,
1523 3636 1575 3687 et
1614 3638 1837 3688 Patrem

171 3719 390 3776 Domini
417 3720 601 3775 nostri
626 3720 756 3775 Jesu
807 3718 1030 3790 Christi,
1062 3719 1173 3775 hoc
1204 3724 1314 3790 est,
1346 3736 1530 3775 unum
1569 3720 1835 3776 animum

169 3806 483 3875 habentes,
539 3811 597 3863 et
639 3824 899 3864 consona
943 3824 1082 3864 voce
1130 3807 1489 3881 glorificetis,
1539 3825 1655 3864 non
1709 3826 1833 3875 vos,

172 3897 270 3953 sed
295 3897 511 3954 Deum.
548 3895 710 3952 Unde
734 3896 792 3952 in
824 3895 1136 3969 Evangelia
1158 3896 1446 3953 Dominus
1472 3915 1484 3952 :
1522 3899 1587 3954 Ut
1614 3898 1835 3953 videant

174 4000 336 4055 opera
392 3988 581 4040 vestra
630 3984 789 4052 bona,
839 3993 891 4040 et
942 3985 1247 4056 gloriﬁcent
1312 3988 1536 4040 Patrem
1592 3988 1836 4041 vestrum

175 4072 384 4143 (Matth.
415 4089 476 4142 v,
510 4073 621 4144 16).
655 4073 725 4127 Et
756 4072 897 4145 quia
927 4073 1112 4129 Judaei
1166 4073 1249 4129 ita
1279 4077 1464 4129 Deum
1496 4075 1831 4147 credebant,

177 4164 238 4215 ut
265 4160 481 4218 Filium
513 4161 731 4217 habere
770 4165 1072 4234 negarent,
1105 4161 1188 4217 ait
1219 4177 1231 4217 ε
1264 4162 1332 4219 Et
1358 4167 1585 4219 Patrem
1613 4164 1834 4220 Domini

173 4250 343 4305 nostri
368 4251 498 4307 Iesu
528 4248 753 4305 Christi.

242 4337 447 4412 Igitur,
480 4342 552 4394 ut
593 4354 693 4394 eos
720 4339 814 4409 {ad
868 4354 1073 4410 pacem
1124 4345 1442 4410 revocaret,
1475 4341 1781 4412 subjunxit
1815 4360 1828 4398 :

177 4425 395 4499 Propter
424 4429 592 4502 quod,
627 4427 689 4483 id
743 4431 852 4495 est,
884 4432 951 4482 ut
994 4428 1055 4483 id
1094 4427 1290 4499 ipsum
1333 4445 1537 4501 sapere
1566 4431 1830 4501 possitis,

180 4520 429 4589 suscipite
456 4519 727 4586 invicem,
761 4516 985 4573 scilicet
1013 4515 1074 4572 in
1105 4516 1240 4571 ﬁde.
1263 4516 1334 4571 Et
1363 4516 1500 4589 quia
1530 4518 1670 4573 mali
1693 4535 1753 4575 se
1776 4524 1833 4575 et

180 4601 235 4659 in
257 4606 407 4664 malo
431 4606 736 4679 suscipere
756 4608 1025 4679 possunt,
1049 4604 1265 4661 idcirco
1287 4607 1581 4676 quomodo
1604 4624 1665 4663 se
1695 4625 1828 4664 sus-

1943 714 2067 753 sum
2099 699 2382 755 Christum
2410 703 2732 756 ministrum
2750 703 2923 774 fuisse
2950 704 3406 759 circumcisionis.
3438 704 3518 758 Ac
3548 701 3601 759 si

1944 792 2141 859 aperte
2172 790 2388 845 diceret
2423 807 2436 845 :
2468 794 2583 845 Cur
2612 795 2848 862 propter
2875 791 2986 847 hoc
3028 792 3263 848 Judaeos
3296 792 3597 864 spernitis,

1942 878 2081 949 quia
2111 878 2319 935 nolunt
2365 880 2632 935 recedere
2664 898 2698 935 a
2740 880 2961 936 carnali
2994 881 3401 938 observatione
3426 881 3597 955 legis,

1940 968 2001 1022 in
2034 985 2152 1039 qua
2181 970 2279 1023 diu
2306 974 2778 1040 permanserunt,
2801 986 2935 1025 cum
2958 974 3013 1024 et
3036 970 3305 1025 Christus
3324 970 3599 1026 minister

1941 1057 2407 1114 circumcisionis
2456 1059 2675 1114 fuerit?
2703 1058 2873 1123 Nam,
2905 1060 3060 1115 sicut
3106 1075 3273 1114 sacra
3300 1060 3597 1131 Evangelii

1941 1151 2139 1200 narrat
2167 1145 2638 1209 historia,octavo
2670 1147 2763 1201 die
2784 1145 3169 1201 circumcisus
3199 1151 3287 1201 est
3315 1163 3348 1201 a
3378 1163 3595 1219 paren-

1940 1236 2099 1290 tibus
2130 1236 2280 1306 (Luc.
2318 1253 2379 1301 Π,
2410 1238 2500 1305 21)
2528 1254 2540 1303 ;
2574 1236 2729 1307 quod
2780 1237 2908 1291 ideo
2938 1234 3146 1303 voluit,
3179 1252 3253 1291 ne
3280 1236 3594 1291 dissentire

1938 1324 2234 1380 videretur
2264 1342 2297 1379 a
2327 1326 2619 1389 Patribus,
2655 1342 2720 1380 ac
2753 1342 2857 1394 per
2884 1325 2993 1381 hoc
3036 1324 3256 1380 Judaais
3298 1341 3413 1381 non
3443 1325 3596 1380 reci—

1938 1414 2134 1486 piendi
2168 1430 2230 1469 se
2261 1414 2427 1468 daret
2446 1414 2832 1468 occasionem.
2858 1413 3021 1468 Unde
3042 1418 3099 1469 et
3119 1414 3395 1469 subditur
3416 1432 3429 1470 :
3452 1420 3596 1469 Pro-

1937 1512 2060 1575 pter
2082 1504 2369 1558 vcritatem
2400 1504 2514 1569 Dei,
2548 1502 2618 1556 art
2648 1502 3051 1571 conﬁrmandas
3076 1504 3462 1573 promissiones
3491 1520 3597 1574 pa-

1940 1601 2109 1648 trum.
2136 1594 2258 1657 Quo
2289 1592 2446 1647 enim
2478 1591 2693 1646 veritas
2711 1591 2812 1645 Dei
2844 1591 3219 1646 manifestata
3236 1595 3345 1658 est,
3373 1608 3440 1647 eo
3463 1607 3598 1647 con-

1939 1682 2184 1736 firmatae
2217 1684 2358 1736 sunt
2386 1679 2807 1752 promissiones
2838 1680 2908 1735 de
2941 1681 3068 1752 ipso
3098 1679 3378 1751 'patribus
3406 1680 3593 1736 factas.

1939 1771 2009 1825 Et
2038 1770 2363 1839 sciendum,
2384 1770 2524 1841 quia
2549 1768 2837 1840 Christus,
2861 1785 2977 1824 non
3000 1769 3252 1824 carnalis
3274 1767 3597 1838 solum,sed

1940 1863 1997 1915 et
2031 1858 2317 1931 spiritalis
2348 1857 2816 1913 circumcisionis
2847 1857 3120 1912 minister
3147 1858 3295 1913 fuit:
3321 1874 3461 1913 nam
3496 1857 3596 1928 qui

1940 1954 2140 2005 octavo
2172 1948 2265 2003 die
2309 1947 2695 2003 circumcisus
2726 1950 2816 2002 est
2847 1963 2880 2001 a
2910 1946 3270 2018 parentibus.
3299 1945 3598 2002 tricesimo

1945 2054 2016 2093 an
2028 2054 2099 2092 no
2130 2036 2461 2109 baptizatus
2481 2039 2570 2091 est
2590 2036 2651 2089 in
2677 2034 2931 2091 Jordane
2947 2052 2981 2090 a
3003 2035 3228 2091 Joanne
3248 2033 3598 2106 Baptista,in

1945 2144 2061 2199 quo
2092 2126 2263 2181 nobis
2295 2123 2579 2198 spiritalis
2610 2123 3100 2189 circumcisionis,
3126 2124 3187 2178 id
3209 2126 3299 2179 est
3319 2122 3600 2194 baptismi

1945 2215 2192 2287 praebuit
2232 2213 2588 2286 exemplum.
2636 2212 2920 2268 Praeterea
2966 2212 3293 2280 sciendum,
3340 2212 3480 2284 quia
3508 2210 3602 2266 his

1944 2304 2137 2359 verbis
2165 2303 2422 2360 ostendit
2439 2302 2756 2373 Apostolus
2777 2301 3094 2357 Dominum
3116 2304 3261 2357 adeo
3289 2299 3603 2356 Judaicum

1946 2392 2230 2466 populum
2262 2391 2559 2457 dilexisse,
2579 2395 2645 2446 ut
2667 2390 2848 2446 Filius
2871 2391 2998 2461 ejus
3018 2407 3088 2445 ex
3115 2388 3217 2446 illo
3240 2404 3477 2445 carnem
3500 2405 3603 2444 su-

1948 2486 2152 2546 meret,
2201 2485 2257 2536 et
2300 2481 2456 2535 inter
2501 2496 2600 2535 eos
2652 2478 3029 2551 corporaliter
3076 2482 3452 2535 conversatus
3501 2476 3599 2532 sit.

1948 2570 2112 2626 Unde
2155 2574 2213 2626 et
2260 2570 2319 2624 in
2349 2568 2660 2640 Evangelio
2708 2568 2835 2639 ipse
2865 2566 3007 2623 dicit
3040 2585 3051 2622 :
3089 2571 3209 2623 Non
3253 2583 3378 2622 sum
3406 2568 3603 2621 missus

1946 2662 2063 2715 nisi
2090 2660 2159 2715 ad
2216 2674 2361 2728 oves,
2403 2673 2528 2730 quae
2572 2659 2855 2729 perierant
2918 2657 3109 2711 domus
3164 2657 3331 2711 Israel
3388 2654 3599 2727 (Matth.

1946 2766 2039 2817 xv,
2070 2750 2184 2821 24).
2218 2750 2430 2805 Gentes
2462 2751 2678 2815 autem,
2715 2763 2849 2802 cum
2885 2744 3107 2801 nullam
3158 2745 3287 2815 ejus
3320 2744 3604 2800 haberent

1948 2838 2362 2912 cognitionem,
2397 2836 2521 2893 sola
2550 2836 2805 2909 gratuita
2843 2834 3248 2891 misericordia
3274 2833 3499 2890 vocavit
3528 2833 3603 2888 ad

1949 2928 2147 2984 fidem.
2181 2926 2348 2984 Unde
2377 2927 2503 2998 ipse
2556 2925 2617 2980 in
2668 2923 2981 2997 Evangelia
3015 2941 3027 2980 :
3059 2925 3211 2980 Alias
3259 2938 3381 2979 oves
3410 2923 3600 2991 habeo,

1949 3032 2075 3089 qua:
2103 3033 2215 3073 non
2244 3024 2371 3073 sunt
2400 3032 2469 3072 ex
2501 3016 2600 3072 hoc
2626 3015 2765 3071 ovili
2793 3016 2975 3085 (Joan.
3002 3031 3059 3080 x,
3081 3014 3316 3084 i6),etc.
3348 3013 3604 3083 Ideoque

1949 3121 2107 3160 nunc
2138 3104 2341 3159 subdit
2374 3118 2387 3157 :
2429 3103 2620 3157 Gentes
2648 3106 2836 3156 autem
2859 3115 3025 3169 super
3040 3097 3426 3153 misericordia
3445 3097 3609 3169 (sub-

1951 3191 2208 3259 auditur,
2242 3206 2421 3262 quam
2469 3189 2623 3244 circa
2671 3205 2771 3244 eos
2801 3187 3089 3256 exhibuit)
3139 3187 3408 3243 honorare
3436 3187 3610 3241 Deum

1949 3279 2327 3352 (subauditur
2357 3295 2391 3333 a
2419 3276 2705 3349 superiori
2727 3294 2740 3331 :
2762 3275 2912 3348 dico)
2940 3293 2954 3345 ;
2984 3292 3119 3331 nam
3149 3276 3241 3331 cui
3261 3276 3391 3348 plus
3412 3274 3609 3330 dimit-

1952 3369 2109 3438 titur,
2138 3368 2267 3438 plus
2294 3365 2483 3435 diligit
2510 3366 2660 3434 (Luc.
2691 3382 2793 3431 vn,
2827 3365 2941 3436 47).
2974 3364 3203 3428 Quanto
3246 3362 3439 3436 magis
3469 3378 3607 3435 ergo

1948 3457 2105 3510 Deus
2131 3453 2332 3526 gentili
2354 3452 2570 3524 populo
2593 3452 2846 3519 donavit,
2871 3452 2971 3524 qui
2992 3467 3141 3524 pene
3160 3451 3234 3506 ab
3246 3450 3377 3522 ipso
3400 3451 3605 3506 mundi

1951 3544 2187 3600 exordio
2219 3559 2253 3597 a
2285 3541 2614 3613 cognitione
2635 3539 2734 3595 Dei
2757 3540 3057 3605 recedens,
3078 3539 3141 3594 in
3161 3538 3454 3595 idolorum
3480 3538 3604 3594 cul-

1946 3636 2080 3688 tura
2102 3632 2454 3705 permansit;
2475 3633 2637 3685 tanto
2656 3627 2912 3701 amplius
2934 3626 3255 3683 debitorem
3278 3626 3445 3682 illum
3468 3625 3611 3682 fecit

1946 3722 2006 3776 in
2041 3721 2276 3777 laudem
2308 3737 2428 3777 suae
2461 3718 2893 3775 misericordiae.

2020 3810 2094 3866 Ut
2125 3815 2321 3866 autem
2349 3809 2621 3865 ostendat
2649 3812 2706 3863 et
2753 3807 3092 3863 Judaeorum
3124 3809 3181 3861 et
3208 3804 3476 3877 gentium
3509 3821 3602 3861 sa-

1946 3899 2130 3955 lutem
2177 3897 2485 3970 pzedictam
2535 3913 2569 3952 a
2615 3895 2936 3968 prophetis,
2970 3899 3223 3967 quatuor
3264 3893 3605 3955 testimonia

1943 3989 2114 4059 (458),
2147 3991 2384 4059 propter
2410 3988 2662 4057 quatuor
2683 3984 3130 4055 Evangeliorum
3152 3983 3358 4053 libros,
3383 3983 3445 4038 in
3468 3984 3598 4055 qui-

1942 4078 2056 4133 bus
2085 4075 2339 4131 maxime
2368 4075 2508 4130 Novi
2538 4073 2898 4128 Testamenti
2946 4072 3213 4128 doctrina
3246 4072 3595 4127 continetur.

1939 4166 2036 4221 Ait
2063 4165 2219 4221 enim
2255 4181 2268 4219 :
2301 4165 2453 4218 Sicut
2469 4165 2742 4231 scriptum
2770 4166 2848 4217 est
2877 4178 2896 4215 :
2930 4165 3159 4233 Pr0pter
3182 4160 3280 4216 hoc
3306 4160 3600 4231 conﬁtebor

1937 4253 2043 4309 tibi
2072 4253 2135 4308 in
2181 4252 2435 4323 gentibus
2485 4251 2557 4322 (II
2600 4250 2728 4320 Reg.
2777 4264 2919 4320 xxn,
2950 4249 3060 4317 50;
3109 4249 3258 4304 Psal.
3298 4265 3438 4319 xvn,
3481 4248 3597 4320 50).

1940 4341 2071 4397 Haec
2093 4342 2271 4396 verba
2282 4339 2413 4395 Filii
2426 4338 2527 4394 Dei
2547 4342 2689 4395 sunt
2711 4354 2724 4391 :
2751 4336 3019 4409 praevidit
3033 4351 3291 4407 namque
3310 4335 3599 4408 prepheta

1939 4434 2143 4502 gentes
2173 4430 2501 4485 crediturae
2531 4446 2544 4495 ;
2578 4426 2796 4482 idcirco
2827 4424 2937 4480 hoc
2960 4425 3021 4479 in
3052 4423 3182 4478 Filii
3211 4438 3352 4478 voce
3381 4423 3454 4478 ad
3486 4422 3594 4479 Pa-

1938 4524 2089 4574 trem
2120 4518 2405 4589 loquitur.
2439 4515 2603 4579 Quod
2637 4518 2835 4569 autem
2864 4510 3027 4583 dicit,
3048 4510 3595 4581 conﬁtebor,intelll-

1938 4605 2195 4679 gendum
2229 4608 2338 4671 est,
2373 4601 2639 4658 conﬁteri
2687 4599 2897 4655 faciam
2931 4617 2945 4655 :
2979 4599 3270 4655 confessio
3314 4614 3591 4671 namque,

182 4691 360 4766 cipere
389 4695 647 4753 debeant
675 4694 1017 4751 manifestat
1050 4711 1063 4749 :
1100 4694 1253 4751 Sicut
1301 4698 1350 4750 et
1381 4694 1627 4749 Christus
1651 4711 1829 4752 susce-
1863 4710 1907 4775 Ι)
1937 4712 2053 4751 non
2084 4698 2459 4766 peccatorum
2491 4688 2865 4755 solummodo
2895 4693 3004 4757 est,
3028 4690 3130 4746 sed
3162 4689 3340 4745 etiam
3370 4687 3588 4745 laudis.

177 4784 255 4851 pit
279 4800 406 4848 eos;
433 4802 501 4843 ac
524 4785 576 4841 si
601 4784 820 4840 diceret
846 4800 861 4841 :
884 4781 987 4840 llle
1016 4785 1087 4840 de
1107 4783 1269 4839 caelis
1290 4783 1593 4839 descendit
1610 4785 1681 4839 ad
1712 4789 1828 4840 ter-

181 4884 270 4928 ras
300 4889 316 4929 :
347 4878 404 4931 et
430 4883 501 4932 ut
533 4888 741 4930 omnes
768 4872 1040 4941 salvaret,
1074 4888 1312 4929 carnem
1343 4877 1607 4928 nostram
1640 4874 1829 4929 susci-

182 4975 306 5030 pere
334 4978 448 5019 non
501 4962 806 5035 despexit;
836 4966 1033 5018 vestra
1075 4961 1297 5017 scelera
1324 4978 1442 5017 non
1474 4961 1779 5017 abhorruit
1812 4979 1824 5017 :

182 5054 395 5120 oportet
422 5067 563 5126 ergo
593 5055 663 5106 ut
692 5050 925 5106 faciatis
973 5050 1127 5106 sicut
1153 5049 1255 5107 ille
1287 5050 1447 5119 fecit,
1478 5067 1582 5106 nec
1612 5068 1713 5106 vos
1743 5050 1830 5106 ul-

182 5137 352 5197 terius
378 5138 776 5214 autjudicetis
800 5144 901 5195 aut
922 5139 1234 5211 spernatis.
1259 5140 1329 5195 Et
1348 5138 1591 5212 pulchre
1622 5140 1829 5196 subdi-

181 5227 271 5283 tur
300 5245 312 5286 :
343 5234 413 5287 In
440 5230 705 5287 honorem
732 5230 865 5293 Dei;
894 5228 1174 5301 quoniam
1205 5228 1308 5284 Dei
1340 5228 1605 5285 Filiusin
1637 5230 1828 5284 omni-

187 5311 305 5389 bus,
335 5335 457 5393 que:
490 5318 679 5393 gessit
708 5321 812 5374 aut
841 5317 1061 5386 docuit,
1094 5333 1212 5373 non
1264 5333 1456 5386 suam,
1487 5317 1588 5372 sed
1640 5317 1829 5375 Patris

187 5401 413 5475 gloriam
445 5406 743 5483 qumsivit.

254 5495 466 5572 Itaque,
498 5497 642 5571 quia
668 5494 917 5569 gentiles
947 5494 1203 5551 maxime
1253 5497 1491 5566 propter
1518 5492 1825 5551 circumci-

256 5687 494 5832 ἕξων)
525 5690 592 5751 In
624 5706 809 5765 marg.
845 5694 1043 5776 autog.
1075 5690 1173 5747 hie
1200 5688 1417 5763 legitur
1444 5706 1572 5774 cap.
1608 5690 1697 5767 LI.

341 5765 395 5832 8)
421 5764 594 5824 Deest
614 5764 862 5825 fortasse
884 5763 981 5823 hic
1007 5763 1254 5824 verbum
1276 5762 1533 5832 adduxit,
1550 5762 1697 5821 vela

1938 4784 2103 4839 Unde
2133 4784 2191 4837 in
2224 4780 2534 4854 Evangelio
2569 4798 2583 4837 :
2618 4780 2883 4851 Conﬁteor
2910 4780 3041 4848 tibi,
3071 4781 3237 4835 Pater
3265 4777 3487 4849 (Matth.
3510 4794 3591 4847 x1,

1937 4874 2048 4941 25;
2082 4873 2211 4929 Luc.
2242 4889 2299 4941 x,
2332 4872 2465 4940 21);
2499 4870 2557 4925 id
2591 4875 2699 4942 est,
2732 4869 2907 4925 laudo
2940 4872 2999 4923 te
3029 4894 3044 4935 ;
3075 4868 3158 4924 sic
3188 4872 3244 4923 et
3273 4867 3384 4923 hoc
3411 4865 3539 4921 loco
3574 4881 3588 4921 :

1938 4963 2267 5033 Conﬁtebor,
2288 4960 2346 5015 id
2377 4964 2488 5026 est,
2511 4959 2752 5016 laudare
2768 4964 2825 5014 te
2842 4957 3051 5013 faciam
3073 4956 3133 5010 in
3163 4954 3439 5028 gentibus
3468 4970 3481 5010 :
3506 4953 3592 5010 si-

1939 5051 2159 5106 militer
2190 5070 2202 5106 :
2236 5052 2301 5106 Et
2329 5052 2389 5105 in
2418 5051 2641 5106 nomine
2678 5051 2770 5103 tuo
2818 5046 3070 5111 cantabo,
3104 5043 3163 5098 id
3211 5048 3320 5115 est,
3354 5046 3591 5100 cantare

1938 5140 2171 5196 faciam.
2217 5139 2367 5207 Quid
2416 5154 2479 5194 se
2527 5139 2901 5193 cantaturum
2955 5132 3284 5207 promittat,
3328 5130 3427 5187 hic
3473 5148 3591 5188 non

1938 5227 2200 5285 ostendit
2218 5227 2535 5300 Propheta;
2560 5225 2700 5281 alibi
2723 5241 2856 5281 vero
2886 5223 3165 5289 declarat,
3189 5221 3425 5279 dicens:
3446 5222 3590 5279 Can-

1936 5322 2045 5374 tate
2071 5319 2304 5374 Domino
2332 5318 2608 5373 canticum
2644 5330 2845 5370 novum
2868 5314 3040 5382 (Psal.
3072 5330 3252 5381 xxxn,
3279 5313 3357 5383 3),
3388 5310 3447 5367 id
3478 5315 3589 5382 est,

1938 5407 2070 5462 novi
2102 5405 2302 5479 populi
2349 5403 2601 5460 salutem
2632 5407 2689 5459 et
2739 5403 3202 5477 redemptionem
3232 5420 3251 5458 :
3286 5402 3441 5473 quod
3473 5417 3590 5457 non

1937 5511 2144 5552 omnes
2165 5498 2425 5560 cantant,
2448 5493 2548 5564 qui
2579 5508 2678 5551 ore
2709 5496 3047 5565 personant,
3070 5492 3173 5549 sed
3195 5492 3297 5565 qui
3325 5506 3392 5549 eo
3414 5488 3590 5546 modo

279 5760 395 5836 458)
421 5760 594 5824 Deest
614 5760 862 5825 forta'sse
884 5760 1254 5824 hic—verbum
1264 5760 1535 5833 adduxit,
1550 5762 1638 5820 vel
1659 5761 1819 5821 aliud
1856 5760 2071 5823 simile.
