3942 6418
350 432 470 496 275

1387 426 1730 491 ATTONIS
1773 423 2362 491 VERCELLENSIS
2406 422 2759 488 EPISCOPI

3663 426 3791 493 276

359 567 621 631 cantant,
654 580 768 637 quo
810 568 1007 619 monet
1052 562 1364 635 Apostolus
1398 580 1410 621 :
1448 562 1735 618 Cantantes
1784 569 1835 616 et
1862 560 2008 632 psal-
2040 561 2096 627 Α
2125 574 2329 614 omnes
2389 559 2636 614 Romani
2694 557 2850 631 pleni
2896 562 3062 615 erant
3103 559 3460 617 dilectione?
3512 561 3785 620 Minime.

360 657 531 713 lentes
559 657 620 709 in
649 655 907 710 cordibus
938 655 1129 709 vestris
1178 654 1403 708 Domino
1434 653 1650 722 (Ephes.
1682 667 1736 721 v,
1772 650 1881 718 17).
1918 652 2010 704 In-

358 749 460 801 tus
492 744 773 799 nimirum
805 748 893 799 est
910 741 1327 815 gaudium,ubi
1350 758 1455 795 vox
1476 739 1670 823 laudis
1701 738 1938 794 auditur
1958 741 2014 794 et

362 832 618 890 sentitur
649 849 662 887 :
692 833 764 887 Et
793 833 1004 887 iterum
1059 830 1196 885 dicit
1249 846 1260 883 :
1312 829 1609 883 Ltetamini
1654 830 1861 898 gentes.
1898 827 2014 881 Hoc

363 920 699 993 exemplum
738 918 1187 976 Deuteronomio
1234 921 1537 989 sumptum
1591 921 1718 984 est;
1753 915 2017 987 prtevidit

364 1026 577 1080 nempe
607 1010 833 1081 Moyses
864 1012 1064 1079 gentes
1108 1008 1177 1061 ad
1230 1007 1405 1060 {idem
1437 1010 1735 1073 venturas,
1770 1005 2018 1075 ideoque

367 1098 725 1154 exhortando
755 1097 980 1151 dicebat
1013 1113 1026 1150 :
1059 1096 1369 1164 Lsetamini,
1395 1104 1574 1165 gentes
1605 1094 1774 1165 (459).
1806 1093 1914 1147 Sed
1948 1107 2019 1146 ne

365 1202 465 1243 eas
497 1186 863 1241 solummodo
895 1184 1221 1240 crediturae
1270 1184 1403 1255 quis
1458 1188 1708 1253 putaret,
1744 1182 1970 1236 addidit
2005 1197 2017 1236 :

365 1275 501 1330 Cum
529 1277 679 1346 plebe
708 1276 849 1345 eius.
884 1275 1116 1330 Plebem
1164 1276 1293 1343 ejus
1324 1274 1457 1328 illos
1507 1273 1667 1339 dicit,
1697 1272 1798 1343 qui
1829 1289 1898 1326 ex
1925 1276 2023 1327 Ju-

368 1365 508 1419 daais
529 1364 930 1419 crediderunt:
965 1366 1033 1419 Et
1064 1364 1280 1417 iterum
1298 1380 1311 1415 :
1329 1362 1592 1430 Laudato,
1612 1378 1798 1415 omnes
1818 1369 2022 1431 gentes,

369 1455 543 1510 Deum
572 1454 746 1523 (Psot.
778 1470 928 1522 cxvr,
964 1452 1036 1522 1).
1063 1451 1165 1505 Hic
1199 1467 1433 1521 quoque
1457 1467 1527 1505 ne
1558 1449 1772 1521 aliquis
1794 1455 2024 1505 tantum

372 1541 622 1614 gentiles
653 1541 914 1596 crederet
956 1541 1028 1594 ad
1082 1540 1251 1594 {idem
1286 1544 1583 1609 venturos,
1617 1539 1890 1593 subditur
1921 1556 1933 1594 :
1964 1540 2027 1593 Et

375 1631 726 1701 magniﬁcate
754 1646 901 1695 eum,
934 1645 1118 1683 omnes
1144 1629 1354 1699 pepuli.
1393 1630 1545 1682 Inter
1577 1644 1781 1683 omnes
1811 1627 2028 1699 quippe

380 1718 731 1790 intelligitur
760 1723 817 1773 et
846 1718 1102 1789 populus
1129 1718 1491 1772 Judreorum.

450 1809 521 1863 Et
552 1824 758 1861 rursus
788 1806 971 1861 Isaias
1003 1806 1142 1861 dicit
1175 1824 1187 1861 :
1224 1808 1348 1861 Erit
1396 1807 1570 1861 radis:
1597 1808 1742 1861 Jesse
1772 1808 1921 1875 (Isai.
1950 1822 2030 1872 x1,

383 1898 494 1965 10).
526 1896 633 1951 Per
661 1894 917 1949 radicem
942 1894 1109 1949 Jesse
1132 1895 1476 1994 designatur
1505 1895 1695 1994 qui‘ex
1726 1894 2032 1994 stirpeDa-
2064 1930 2111 1994 Β

375 1985 473 2041 vid
507 1988 672 2040 ortus
701 1987 807 2038 est.
843 1982 1028 2037 Radix
1057 1982 1215 2037 enim
1249 1983 1360 2037 fuit
1389 1982 1553 2038 Jesse
1577 2000 1589 2037 :
1616 1982 1796 2053 hujus
1818 1982 2032 2037 radicis

378 2073 554 2130 arbor
586 2071 785 2139 David,
816 2089 885 2126 ex
915 2087 1033 2141 qua
1061 2072 1343 2142 processit
1372 2070 1535 2143 virga
1566 2072 1716 2141 (Isai.
1750 2088 1831 2137 x1,
1864 2072 1941 2139 1),
1973 2070 2031 2125 id

376 2166 485 2231 est,
518 2162 689 2216 beata
714 2159 1070 2231 Maria,‘.quse
1103 2161 1359 2214 fructum
1382 2159 1645 2231 protulit,
1675 2176 1808 2214 cum
1832 2158 2034 2231 genuit

375 2250 752 2319 Salvatorem,
781 2250 853 2303 de
883 2265 997 2320 quo
1029 2248 1183 2303 idem
1217 2247 1399 2304 Isaias
1431 2265 1444 2303 :
1480 2250 1598 2303 Erit
1625 2252 1839 2319 fructus
1871 2253 2032 2303 terra:

378 2339 632 2396 sublimis
679 2338 829 2407 (Isai.
865 2354 936 2407 IV,
968 2336 1026 2407 2)
1062 2354 1075 2392 :
1109 2337 1263 2407 quod
1312 2340 1454 2391 tunc
1503 2337 1721 2391 factum
1753 2340 1862 2403 est,
1896 2352 2032 2391 cum

376 2427 664 2483 Dominus
686 2443 720 2481 a
746 2425 996 2480 mortuis
1022 2441 1357 2495 resurgens,
1383 2425 1555 2481 caelos
1583 2425 1943 2491 conscendit,
1961 2425 2033 2479 de

380 2531 496 2588 quo
527 2515 719 2569 fructu
749 2518 805 2568 et
836 2512 1009 2568 David
1042 2513 1118 2567 sit
1151 2531 1163 2567 :
1199 2514 1361 2567 Terra
1390 2518 1581 2568 nostra
1611 2513 1762 2568 dabit
1786 2517 2035 2584 fructum

378 2620 544 2660 suum
567 2602 740 2673 (Psal.
776 2617 998 2671 LXXXIV,
1032 2602 1141 2672 13).
1177 2600 1597 2671 Interpretatur
1642 2602 1836 2656 autem
1868 2603 2031 2670 Jesse,

380 2696 470 2748 est
499 2691 644 2747 mihi
672 2709 685 2747 :
722 2690 1058 2762 quicunque
1090 2689 1270 2761 igitur
1292 2690 1363 2743 de
1390 2690 1639 2745 adventu
1665 2690 1793 2745 Filii
1816 2690 1917 2745 Dei
1938 2689 2034 2744 laa-
2065 2709 2073 2715 τ

376 2786 556 2849 tatur,
589 2797 844 2853 congrue
874 2780 1066 2835 dicere
1100 2782 1326 2850 potest:
1352 2783 1444 2834 Est
1469 2781 1630 2847 mihi,
1659 2780 2030 2848 subauditur,

378 2870 634 2926 auditor.
653 2870 719 2924 Et
739 2870 836 2939 qui
845 2872 1101 2938 exsurget
1116 2884 1307 2940 regere
1326 2868 1798 2937 gentes.Surrexit
1819 2868 2034 2939 quippe

377 2974 579 3030 regere
608 2962 811 3029 gentes
842 2975 855 3024 ;
889 2956 1166 3028 quoniam
1202 2956 1764 3028 repulsusaJudreis
1797 2960 2036 3027 propter

376 3045 804 3113 inﬁdelitatem,
827 3050 1031 3116 gentes
1050 3044 1273 3099 vocavit
1291 3046 1363 3099 ad
1396 3045 1594 3114 Iidem,
1624 3045 1682 3099 in
1706 3044 1924 3116 quibus
1947 3061 2033 3099 re-

377 3139 583 3208 gnaret
629 3150 733 3205 per
781 3133 1049 3206 gratiam.
1097 3137 1164 3188 In
1215 3148 1275 3187 eo
1322 3137 1505 3203 gentes
1551 3134 1866 3204 sperabunt.
1902 3133 2035 3198 Qui-

2121 648 2302 702 Erant
2352 652 2549 702 tamen
2598 647 2749 702 inter
2797 663 2895 703 eos
2949 648 3190 719 quidam
3240 651 3500 722 perfecti,
3544 656 3789 725 propter

2123 752 2292 807 quos,
2327 752 2397 791 ne
2428 735 2965 791 scandalizarentur
2989 736 3220 792 dicebat
3244 753 3257 791 :
3285 737 3471 793 Certus
3499 756 3645 812 sum,
3669 744 3787 797 etc.

2126 823 2282 880 Pleni
2334 828 2529 879 autem
2575 829 2715 879 sunt
2760 823 3089 892 dilectione,
3122 826 3223 896 qui
3270 826 3527 898 perfecte
3567 828 3629 883 in
3681 828 3788 885 Dei

2126 912 2492 985 proximique
2522 912 2828 968 dilectione
2858 914 3210 969 consistunt.

2197 1002 2415 1072 Repleti
2442 1003 2594 1056 omni
2615 1004 2865 1056 scientia.
2900 1001 3154 1057 Scientia
3177 1007 3267 1059 est
3288 1003 3647 1073 divinarum,
3669 1005 3792 1060 hu-

2130 1106 2557 1162 manarumque
2587 1107 2784 1146 rerum
2812 1090 3086 1163 cognitio.
3111 1092 3254 1158 Quis
3284 1110 3421 1165 ergo
3444 1092 3503 1147 in
3529 1093 3638 1150 hac
3669 1094 3795 1151 vita

2132 1179 2294 1234 omni
2325 1179 2567 1233 scientia
2589 1177 2796 1249 repleri
2822 1181 3054 1250 potest?
3085 1179 3268 1247 Unde,
3292 1198 3365 1236 ne
3396 1182 3799 1254 reprehende-

2132 1273 2294 1323 retur
2310 1268 2645 1339 Apostolus,
2667 1272 2730 1323 ut
2760 1269 3089 1324 ostenderet
3118 1270 3189 1325 de
3221 1287 3334 1341 qua
3357 1270 3604 1327 scientia
3626 1271 3795 1328 dixe-

2133 1357 2229 1420 rit,
2260 1358 2511 1427 adjecit:
2547 1358 2629 1412 Ita
2673 1362 2732 1412 ut
2762 1359 2980 1428 possitis
3022 1360 3351 1414 alterutrum
3399 1376 3640 1417 monere.
3681 1361 3799 1418 Ubi

2135 1446 2457 1501 notandum
2489 1446 2627 1517 quia
2649 1464 2763 1501 non
2796 1447 2894 1518 ait,
2925 1448 3153 1515 docere,
3174 1449 3274 1503 sed
3307 1465 3548 1505 monere.
3573 1450 3796 1507 Docere

2136 1535 2352 1607 quippe
2385 1536 2774 1606 perfectorum
2806 1542 2915 1602 est,
2947 1552 3183 1592 monere
3225 1554 3358 1593 vero
3392 1537 3794 1596 inﬁrmorum.

2137 1622 2223 1678 Ibi
2253 1622 2411 1678 enim
2461 1623 2782 1680 admonitio
2833 1625 3164 1680 necessaria
3193 1630 3299 1694 est,
3334 1625 3434 1680 ubi
3483 1626 3795 1683 scientiam

2139 1711 2351 1767 oblivio
2378 1712 2648 1783 sequitur
2674 1730 2686 1767 :
2724 1718 2779 1768 et
2808 1730 2943 1769 cum
2974 1714 3243 1770 homines
3267 1714 3688 1788 negligentiam
3719 1718 3801 1773 vi-

2140 1801 2302 1868 dent,
2335 1802 2435 1856 sed
2469 1802 2698 1857 desides
2730 1808 2868 1857 sunt
2897 1803 2968 1857 ad
2999 1803 3488 1860 emendationem.

2212 1889 2414 1961 Igitur,
2444 1890 2583 1961 quia
2632 1890 2855 1945 dixerat
2883 1908 2981 1947 eos
3013 1891 3215 1963 plenos
3266 1894 3427 1949 omni
3458 1893 3794 1962 dilectione,

2143 1980 2418 2035 continuo
2465 1978 2775 2035 subdidit:
2821 1981 3101 2037 Audacius
3149 1990 3337 2037 autem
3381 1985 3578 2055 scripsi
3625 1984 3797 2052 vobis,

2141 2071 2363 2140 fratres,
2393 2084 2462 2123 ex
2485 2076 2642 2139 parte
2659 2086 2680 2130 ;
2714 2086 2780 2123 ac
2804 2068 2853 2123 si
2884 2069 3104 2126 diceret
3136 2087 3149 2125 :
3183 2072 3453 2127 Conﬁsus
3482 2078 3682 2128 vestra
3705 2072 3798 2127 di-

2142 2156 2407 2224 lectione,
2435 2157 2718 2233 audacius
2736 2157 2899 2214 vobis
2932 2175 3000 2213 ex
3029 2163 3192 2230 parte
3210 2160 3419 2232 scripsi
3445 2176 3460 2230 ;
3494 2178 3612 2233 quo
3643 2161 3798 2218 dicto

2143 2246 2400 2302 ostendit
2427 2231 2489 2300 se
2517 2245 2702 2301 multo
2748 2245 2921 2317 plura
2977 2248 3179 2319 scisse,
3212 2231 3393 2320 quam
3443 2231 3751 2323 scripserit
3783 2266 3796 2305 :

2143 2351 2279 2390 nam
2312 2334 2528 2390 idcirco
2558 2351 2627 2390 ex
2664 2339 2827 2406 parte
2875 2335 3245 2393 solummodo
3297 2338 3556 2410 scripsit,
3590 2344 3651 2395 et
3679 2356 3796 2395 non

2143 2424 2378 2491 omnia;
2413 2428 2479 2478 ut
2512 2439 2615 2495 per
2643 2440 2732 2491 ea,
2763 2440 2890 2495 qua:
2940 2424 3274 2497 scripserat,
3307 2431 3363 2482 et
3393 2444 3481 2495 ea,
3513 2444 3645 2499 quae
3680 2444 3795 2484 non

2144 2511 2906 2585 scripserat,intelligerent.
2923 2515 2993 2569 Et
3022 2514 3130 2570 hoc
3148 2517 3414 2586 cst,quod
3438 2517 3753 2590 subjungit
3780 2535 3792 2571 :

2146 2601 2421 2671 Tanquam
2458 2602 2520 2655 in
2565 2604 2887 2657 memoriam
2933 2619 3023 2659 vos
3050 2605 3330 2660 reducens.
3380 2606 3469 2661 Ad
3500 2605 3609 2661 hoc
3639 2606 3796 2663 enim

2143 2684 2479 2761 scripserat,
2504 2693 2568 2743 ut
2588 2686 2707 2745 non
2736 2689 2930 2745 solum
2950 2690 3056 2759 illi,
3081 2693 3180 2747 sed
3213 2697 3271 2748 et
3299 2709 3529 2761 omnes,
3553 2695 3627 2750 ad
3653 2712 3798 2767 quos

2143 2777 2267 2832 haec
2297 2777 2555 2849 Epistola
2593 2783 2942 2849 perventura
2988 2785 3132 2847 erat,
3163 2797 3265 2853 per
3295 2798 3385 2851 ea,
3417 2800 3547 2855 quae
3579 2784 3799 2856 scripta

2144 2871 2300 2935 sunt,
2336 2867 2753 2922 reducerentur
2784 2868 2843 2922 in
2878 2870 3221 2926 memoriam
3254 2888 3481 2943 eorum,
3514 2888 3645 2944 quae
3679 2873 3802 2945 ipse

2146 2955 2362 3010 docuit.
2394 2954 2636 3027 Propter
2664 2958 2818 3028 quod
2853 2974 2985 3014 vero
3014 2975 3115 3014 eos
3158 2964 3453 3016 revocaret
3483 2960 3542 3015 in
3574 2977 3799 3018 memo-

2145 3041 2314 3110 riam,
2348 3043 2607 3098 ostendit
2649 3045 3014 3117 subjungens
3049 3063 3061 3101 :
3094 3052 3328 3119 Propter
3379 3052 3649 3117 gratiam,
3682 3067 3803 3124 qum

2141 3132 2269 3187 data
2298 3140 2375 3187 est
2403 3132 2545 3187 mihi
2573 3151 2607 3188 a
2636 3134 2759 3189 Deo.
2794 3134 3054 3191 Gratiam
3077 3136 3212 3191 licet
3236 3136 3584 3193 electionem
3613 3140 3803 3211 possi-

379 3240 612 3295 cunque
642 3222 800 3278 enim
848 3239 916 3277 ex
963 3223 1237 3293 gentibus
1269 3222 1536 3289 credunt,
1577 3238 1813 3277 omnem
1862 3238 2032 3277 suam
2144 3237 2277 3276 mus
2306 3220 2650 3293 intelligere,
2680 3239 2797 3293 qua
2825 3227 2959 3279 ante
3003 3224 3211 3279 mundi
3249 3226 3741 3283 constitutionem
3769 3244 3803 3282 a

380 3328 545 3385 spem
579 3311 637 3365 in
666 3310 767 3365 illo
798 3310 1102 3365 collocant.

454 3400 662 3472 Igitur,
679 3398 819 3471 quia
847 3398 994 3454 dixit
1009 3399 1416 3454 testimonium
1433 3398 1728 3470 prophetae
1752 3398 2030 3455 dicentis:

383 3492 445 3546 In
471 3505 538 3544 eo
566 3492 751 3559 gentes
769 3488 1167 3558 sperabunt,ex
1192 3487 1337 3558 ipsis
1367 3487 1580 3556 verbis,
1604 3492 1841 3559 sumpta
1866 3504 2032 3543 occa-

386 3578 570 3646 sione,
605 3578 855 3648 subjecit
885 3576 1211 3631 orationem
1242 3577 1443 3631 dicens
1478 3595 1490 3632 :
1527 3578 1666 3631 Deus
1695 3582 1882 3631 autem
1909 3578 2036 3648 spei

383 3668 594 3738 repleat
621 3682 713 3720 vos
741 3667 896 3720 omni
921 3665 1139 3735 gaudio.
1173 3666 1327 3719 Deus
1359 3665 1482 3734 spei
1515 3664 1750 3731 dicitur,
1785 3681 1849 3719 eo
1878 3666 2034 3735 quod

385 3755 513 3826 ipse
542 3752 664 3823 spei
688 3752 961 3806 virtutem
980 3752 1218 3806 tribuat.
1240 3752 1424 3806 Omne
1445 3752 1727 3823 gaudium
1749 3758 1916 3807 vocat
1940 3752 2038 3807 lae-

384 3840 578 3896 titiam
604 3844 828 3895 aeterna
850 3839 1251 3895 beatitudinis.
1268 3837 1476 3894 Nullus
1496 3840 1692 3911 itaque
1712 3839 1772 3894 in
1795 3840 1903 3896 hac
1922 3841 2039 3897 vita

387 3930 549 3986 omni
578 3928 791 4001 gaudio
816 3928 1023 4000 repleri
1045 3932 1235 4000 potest
1261 3946 1274 3996 ;
1299 3933 1700 3984 verumtamen
1723 3932 2043 4002 unusquis-

390 4036 503 4090 que
533 4018 817 4087 fidelium,
850 4021 905 4073 et
936 4019 986 4073 si
1035 4034 1150 4072 non
1184 4018 1241 4071 in
1291 4034 1372 4089 re,
1403 4017 1661 4089 repletur
1689 4023 1887 4074 tamen
1916 4018 2040 4088 illo,

390 4124 512 4179 spe.
536 4107 648 4162 Sed
680 4107 818 4178 quia
840 4105 967 4161 sine
990 4121 1130 4177 pace
1152 4122 1322 4162 nemo
1354 4111 1544 4178 potest
1563 4106 1672 4162 hoc
1702 4108 1915 4179 gaudio
1948 4125 2041 4163 re-

390 4194 560 4267 pleri,
592 4194 933 4264 subjunxit:
960 4195 1023 4248 Et
1046 4211 1202 4264 pace.
1232 4194 1385 4249 Vera
1413 4199 1607 4250 autem
1638 4212 1750 4266 pax
1779 4201 2040 4264 est,cum

389 4283 500 4338 hoc
528 4280 652 4337 vult
698 4282 894 4351 homo,
929 4283 1086 4353 quod
1136 4287 1191 4337 et
1233 4282 1429 4349 Deus;
1462 4282 1573 4338 hoc
1621 4300 1854 4355 corpus,
1887 4286 2042 4355 quod

388 4370 607 4441 anima,
640 4387 769 4442 qua:
812 4375 901 4426 est
949 4371 1200 4427 ccelestis
1233 4375 1517 4427 creatura.
1552 4373 1615 4427 In
1663 4372 1951 4444 credendo,
1983 4374 2040 4429 id

388 4466 496 4527 est,
531 4464 596 4515 ut
625 4460 895 4531 credatis,
929 4459 1037 4527 vel,
1071 4461 1212 4515 dum
1247 4460 1506 4515 creditis.

465 4552 530 4605 Ut
556 4550 847 4605 abundetis
896 4552 955 4605 in
984 4566 1095 4621 spe,
1144 4551 1203 4605 id
1257 4554 1369 4617 est,
1403 4551 1558 4621 quod
1609 4568 1766 4605 nunc
1813 4551 2041 4607 habetis

390 4638 451 4692 in
483 4654 606 4707 spe,
640 4638 993 4708 quandoque
1015 4639 1381 4727 abundanter
1400 4639 1667 4695 habeatis
1690 4640 1747 4694 in
1781 4640 2039 4703 re.Quod
2073 4663 2120 4727 D

394 4723 533 4797 quia
554 4724 879 4791 nemo,nisi
901 4740 1003 4794 per
1020 4726 1270 4797 gratiam
1294 4728 1481 4781 sancti
1505 4728 1761 4799 Spiritus
1783 4728 2044 4784 obtinere

391 4816 607 4884 potest,
639 4811 898 4867 subdidit
936 4827 949 4866 ε
982 4817 1052 4867 [η
1078 4815 1277 4868 virtute
1306 4815 1550 4884 Spiritus
1578 4820 1778 4872 sancti.
1829 4816 1938 4871 Sed
1973 4833 2044 4871 ne

394 4917 463 4956 ex
496 4906 617 4957 tam
666 4901 959 4972 frequenti
1008 4902 1406 4957 admonitione
1452 4908 1728 4973 putarent
1772 4906 2040 4973 Romani,

392 4991 544 5060 quod
570 4991 884 5062 Apostolus
905 5006 1005 5046 eos
1026 4992 1288 5046 crederet
1309 5008 1437 5046 esse
1467 4993 1689 5063 absque
1712 4993 2042 5065 dilectione,

393 5078 719 5148 subjunxit.
773 5079 970 5135 Certus
1013 5096 1138 5134 sum
1184 5084 1387 5147 autem,
1441 5083 1648 5150 fratres
1691 5083 1819 5151 mei,
1851 5091 1903 5137 et
1947 5099 2043 5153 ego

391 5170 509 5236 ipse
536 5166 602 5219 de
626 5167 794 5233 vobis,
827 5171 1087 5238 quoniam
1116 5178 1169 5225 et
1200 5172 1312 5241 ipsi
1358 5170 1516 5241 pleni
1543 5171 1674 5224 estis
1704 5170 2001 5226 dilectione
2022 5188 2043 5233 ;

394 5270 462 5308 ac
495 5254 543 5307 si
577 5255 825 5310 diceret:
848 5258 1151 5324 Sicutvos,
1169 5260 1385 5330 quibus
1408 5258 1765 5314 conscientia
1782 5258 2048 5329 perhibet

395 5341 824 5407 testimonium,
858 5345 939 5399 sic
970 5351 1026 5400 et
1076 5363 1182 5418 ego
1234 5349 1304 5402 de
1335 5353 1525 5403 vestra
1575 5346 1900 5403 dilectione.
1935 5348 2042 5402 Sed

396 5430 611 5500 quibus
656 5431 765 5484 hoc
813 5431 1204 5503 loquebatur?
1232 5437 1531 5493 Romanis.
1584 5436 1863 5507 Nunquid
1909 5453 2045 5507 ergo

2064 3294 2106 3360 C
2144 3309 2258 3365 Deo
2276 3308 2494 3365 electus
2511 3310 2722 3376 est,vel
2739 3311 3201 3384 redemptionem
3226 3331 3240 3381 ;
3266 3316 3693 3387 congruentius
3717 3322 3801 3373 ιαμ

2148 3415 2280 3453 men
2312 3399 2556 3453 domum
2586 3397 2731 3454 illud
2753 3400 3223 3473 accipimus,quo
3256 3407 3602 3474 segregatus
3623 3409 3803 3475 est,ut

2148 3491 2299 3543 esset
2325 3487 2591 3559 gentium
2620 3488 2939 3559 apostolus.
2965 3489 3130 3545 Unde
3159 3495 3215 3546 et
3243 3490 3519 3547 subditur
3553 3509 3567 3549 :
3606 3495 3671 3550 Ut
3699 3496 3805 3550 sim

2147 3577 2401 3631 minister
2426 3577 2553 3630 Jesu
2584 3575 2787 3631 Christi
2815 3579 2876 3632 in
2903 3578 3170 3648 gentibus.
3206 3579 3352 3635 Hinc
3384 3579 3523 3636 alibi
3554 3583 3655 3652 qui
3686 3599 3805 3655 ope-

2147 3673 2304 3719 ratus
2332 3672 2410 3719 est
2438 3670 2604 3720 Petro
2635 3668 2693 3719 in
2723 3668 3027 3736 arpostotatu
3044 3669 3509 3738 eireumcisionis,
3542 3677 3806 3739 operatus

2145 3760 2221 3807 est
2249 3754 2299 3805 et
2329 3752 2468 3807 mihi
2494 3754 2639 3807 inter
2684 3763 2866 3821 gentes
2906 3756 3050 3823 (Gal.
3086 3773 3148 3824 II,
3181 3758 3256 3823 8).
3297 3757 3367 3812 Ut
3416 3758 3495 3813 sit
3527 3759 3807 3815 minister

2147 3840 2289 3895 Jesu
2320 3840 2537 3896 Christi
2568 3841 2750 3913 Edicit,
2782 3847 3067 3915 tanquam
3114 3845 3333 3902 diceret
3363 3863 3376 3901 :
3413 3847 3522 3912 Qui
3551 3846 3696 3904 olim
3727 3849 3813 3904 fui

2150 3927 2419 3984 minister
2470 3928 2956 3988 circumcisionis.
2991 3933 3137 3996 Quia
3186 3934 3454 3993 funditus
3485 3942 3814 3994 recesserat

2150 4035 2185 4072 a
2214 4018 2430 4072 carnali
2485 4019 2892 4076 observatione
2942 4019 3125 4093 legis;
3158 4021 3288 4078 ideo
3320 4041 3383 4079 se
3431 4024 3577 4080 dicit
3608 4026 3813 4081 minis-

2149 4110 2305 4162 trum
2338 4107 2478 4162 Jesu
2511 4107 2747 4164 Christi.

2222 4195 2329 4249 Sed
2363 4194 2504 4266 quid
2538 4195 2649 4251 sibi
2678 4197 2823 4268 vult,
2856 4199 3012 4269 quod
3057 4200 3366 4273 subjungit
3399 4219 3413 4257 :
3447 4201 3817 4273 Sanctiﬁeans

2152 4285 2513 4352 Evangelium
2534 4284 2675 4340 Dei?
2703 4286 2979 4358 Nunquid
3007 4304 3118 4343 non
3145 4294 3417 4345 sanctum
3439 4294 3529 4346 est
3549 4291 3816 4363 Evange-

2152 4372 2298 4427 lium
2321 4372 2349 4426 ‘t
2380 4374 2482 4428 Est
2510 4373 2700 4445 plane.
2718 4375 3017 4439 Quomodo
3046 4393 3183 4449 ergo
3205 4378 3612 4435 sanctiﬁcabat
3630 4379 3661 4433 ?
3684 4381 3817 4435 Sci-

2154 4460 2454 4533 licet,quia
2484 4479 2590 4517 suo
2612 4464 2875 4535 exemplo
2894 4469 3166 4521 sanctum
3188 4482 3315 4522 esse
3337 4468 3812 4525 ostendebat.Ait

2151 4566 2288 4621 ergo
2322 4568 2334 4605 :
2370 4551 3128 4624 SanetiﬁcanstEvangelium
3157 4556 3300 4617 Dei;
3326 4572 3392 4611 ac
3440 4556 3490 4611 si
3539 4556 3763 4614 diceret
3796 4576 3810 4613 :

2154 4639 2279 4695 Meo
2310 4640 2572 4712 exemplo
2603 4647 2873 4697 sanctum
2906 4659 3034 4699 esse
3066 4645 3382 4700 ostendens
3403 4645 3813 4719 Evangelium,

2153 4730 2304 4799 quod
2337 4745 2471 4785 cum
2504 4731 2726 4801 pudore
2755 4735 2812 4786 et
2840 4732 3163 4789 reverentia
3191 4734 3442 4804 praedico
3472 4752 3486 4801 ;
3524 4736 3817 4806 quoniam

2154 4834 2281 4888 qua:
2311 4819 2488 4873 doceo
2518 4819 2730 4886 verbis,
2765 4821 3048 4876 confirmo
3099 4821 3397 4893 operibus.
3446 4824 3561 4878 Cur
3611 4830 3819 4879 autem

2153 4906 2532 4977 Evangelium
2564 4908 2981 4977 sanctiﬁcaret,
3012 4910 3293 4981 aperitur,
3325 4927 3461 4966 cum
3491 4910 3816 4969 subditur:

2157 4996 2220 5051 Ut
2247 4996 2349 5065 ﬁat
2373 4996 2572 5051 oblatio
2600 4999 2853 5067 gentium
2881 5007 3122 5069 accepta.
3155 4999 3482 5071 Exoptabat
3503 4999 3729 5072 quippe
3751 5006 3822 5057 ut

2153 5088 2511 5155 gentes,quaa
2543 5085 2615 5139 ad
2645 5086 2773 5156 ejus
2800 5086 3271 5158 pradicationem
3298 5087 3821 5146 crediderant.Deo

2153 5171 2524 5227 efficerentur
2552 5190 2770 5229 munus
2802 5180 3124 5248 acceptum.
3148 5175 3312 5232 Sicut
3340 5175 3499 5232 enim
3531 5177 3592 5232 in
3623 5179 3823 5235 Veteri

2155 5261 2529 5317 Testamento
2546 5265 2914 5318 sacerdotum
2932 5269 3055 5320 erat
3068 5264 3502 5337 animalia,quae
3516 5267 3823 5326 offerenda.

2154 5353 2340 5415 erant,
2357 5350 2644 5421 inspicere
2669 5370 2682 5420 ;
2718 5370 2788 5407 ne
2810 5352 3030 5425 aliquin
3051 5358 3206 5409 esset
3227 5354 3529 5421 claudum,
3548 5357 3821 5413 maculo-

2154 5455 2287 5492 sum
2321 5443 2421 5493 aut
2443 5440 2665 5509 debile;
2692 5446 2756 5497 ut
2781 5432 2892 5497 Deo
2924 5448 3162 5514 accepta
3190 5444 3355 5499 fieret
3379 5443 3617 5513 hostia:
3640 5445 3728 5502 ita
3756 5446 3820 5501 in

465 5625 828 5708 (45:3)“Deut.
858 5642 1054 5707 .xxxu,
1103 5629 1194 5699 43,
1249 5630 1498 5687 habetur
1545 5634 1761 5689 laudate
1805 5641 2039 5702 gentes:
2086 5635 2309 5688 textum
2380 5638 2573 5692 autem
2627 5636 2782 5692 hunc
2831 5638 3105 5695 tenemini
3166 5646 3349 5708 gentes
3396 5639 3621 5697 factum
3662 5641 3820 5699 mihi

394 5712 512 5754 non
541 5696 655 5755 fuit
686 5696 958 5768 reperire.
