3942 6400
1391 431 1729 494 ATTONIS
1775 428 2365 493 VERCELLENSIS
2409 429 2765 495 EPISCOPI

3676 431 3802 497 281

378 561 666 619 ditoribus
689 563 815 622 suis
836 567 1099 639 accipere
1128 571 1351 640 poterat
1382 567 1782 639 indigentibus
1822 583 2022 640 eroga-
2053 568 2110 634 Α
2140 564 2420 620 Romanis
2477 567 2804 633 tenebatur,
2862 564 3130 622 videlicet
3197 567 3299 639 qui
3372 582 3474 624 eos
3541 568 3798 629 orationi

377 652 479 708 bat
537 669 551 708 :
598 655 754 710 unde
803 656 1119 728 Apostolus
1169 662 1404 730 propter
1435 657 1894 712 benevolentiam
1926 673 2026 712 eos

380 759 616 813 quoque
645 744 747 808 qui
776 761 912 800 cum
943 763 1009 801 eo
1041 751 1203 801 erant
1233 746 1488 801 salutare
1520 746 2024 801 decrevit.Verum

381 831 520 902 quia
551 831 750 887 multae
781 834 863 888 illi
894 841 1060 890 erant
1089 834 1340 900 familiae,
1376 838 1431 888 et
1461 835 1631 889 multi
1682 835 1733 889 ei
1774 835 2027 890 adhaere-

376 919 520 976 bant
549 922 797 977 necdum
829 925 1129 978 credentes
1160 925 1254 993 (ne
1285 921 1416 977 illos
1447 922 1702 978 salutare
1730 924 2026 978 videretur

372 1009 712 1080 Apostolus)
743 1012 911 1080 (472),
947 1011 1158 1081 adjecit
1193 1029 1206 1066 :
1239 1013 1334 1084 qui
1377 1020 1505 1066 sunt
1553 1014 1612 1066 in
1661 1014 1908 1077 Domino,
1963 1014 2021 1067 id

370 1101 478 1165 est,
513 1097 612 1168 qui
633 1099 761 1167 jam
793 1100 1056 1153 credunt.

445 1186 697 1242 Salutare
729 1189 1090 1260 Tryphaenam
1115 1198 1169 1244 et
1204 1190 1556 1262 Tryphosam,
1601 1208 1718 1261 quae
1767 1191 2021 1246 laborant

369 1275 430 1328 in
452 1276 805 1331 Domine.Hae
830 1276 1106 1332 mulieres
1130 1278 1508 1349 aliquatenus
1530 1280 1588 1333 in
1615 1279 2022 1350 praedicatione

370 1362 777 1420 laboraverant
806 1370 863 1420 et
893 1366 1086 1421 adhuc
1120 1368 1482 1434 laborabant,
1519 1369 1766 1438 ideoque
1814 1369 2022 1439 dignas

369 1451 579 1506 habuit
624 1455 940 1524 Apostolus
983 1472 1092 1509 sua
1137 1455 1507 1512 salutatione.
1542 1458 1794 1512 Salutate
1832 1460 2021 1512 Persi-

371 1540 498 1595 dam
530 1542 679 1613 (473)
706 1543 1113 1610 charissimam,
1147 1561 1264 1616 quae
1291 1547 1526 1600 multum
1547 1547 1817 1601 laboravit
1838 1549 1896 1601 in
1919 1548 2020 1601 Do-

370 1630 666 1685 mino.Cur
685 1631 838 1687 hanc
861 1633 1264 1704 superioribus
1285 1651 1400 1690 non
1414 1636 1752 1705 conjunxit?
1771 1635 2020 1702 Scilicet,

371 1718 512 1790 quia
541 1736 658 1775 non
689 1721 1084 1793 aliquatenus,
1130 1723 1284 1778 sicut
1335 1722 1467 1789 llltB,
1503 1724 1603 1778 sed
1659 1723 1912 1778 multum
1960 1724 2018 1777 in

371 1807 780 1878 pradicatione
810 1811 969 1880 juvit
1012 1811 1392 1882 Apostolum;
1429 1813 1582 1867 unde
1610 1817 1667 1867 et
1696 1813 1971 1867 subditur
2004 1829 2017 1866 :

371 1898 779 2000 qum.multum
831 1899 1104 1955 laboravit
1151 1903 1210 1954 in
1261 1901 1520 1965 Domino;
1566 1902 1835 1972 (ideoque
1890 1917 2018 1957 eam

372 1983 783 2042 charissimam
813 1990 1057 2059 vocavit)
1085 1990 1253 2060 (474).

443 2075 693 2130 Salutate
723 2077 932 2150 Rufum
961 2078 1193 2133 electum
1224 2081 1285 2134 in
1317 2081 1625 2150 Domino,et
1645 2083 1875 2135 matrem
1902 2081 2022 2151 ejus

369 2167 422 2218 et
450 2179 652 2218 meam.
681 2165 827 2220 Cum
859 2165 1106 2220 electum
1153 2167 1211 2221 in
1263 2168 1510 2223 Domino
1560 2169 1721 2234 dicit,
1767 2168 2025 2224 ostendit

369 2252 546 2306 etiam
573 2252 1019 2310 dilectum.Erat
1048 2260 1244 2310 autem
1268 2257 1488 2312 electus
1512 2256 1611 2311 illa
1629 2257 1928 2318 electione,
1953 2258 2024 2312 de

371 2357 490 2412 qua
516 2342 797 2398 Dominus
828 2343 968 2398 dicit
997 2362 1016 2398 :
1049 2348 1222 2401 Pauci
1250 2347 1406 2400 electi
1435 2346 1646 2416 (Matth.
1677 2363 1771 2412 xx,
1797 2347 1882 2416 16)
1919 2363 1933 2400 :
1967 2351 2024 2400 et

371 2429 529 2483 idem
559 2430 870 2499 Apostolus
903 2448 917 2485 :
953 2432 1106 2488 Sicut
1131 2435 1290 2505 elegit
1319 2451 1420 2489 nos
1451 2437 1510 2489 in
1540 2438 1654 2506 ipso
1684 2443 1811 2489 ante
1831 2435 2025 2490 mundi

371 2519 813 2574 constitutionem
845 2520 1065 2591 (Ephes.
1097 2539 1134 2590 ι,
1170 2523 1243 2591 4).
1278 2523 1592 2578 Sciendum
1643 2527 1840 2578 autem
1889 2523 2024 2592 quia

373 2605 573 2676 magni
607 2607 795 2662 meriti
829 2608 956 2678 fuit,
985 2609 1234 2681 ideoque
1264 2616 1510 2666 matrem
1541 2612 1670 2681 ejus
1711 2611 2023 2682 Apostolus

373 2711 542 2749 suam
571 2699 1324 2768 vocavit,quemadmodum
1357 2699 1640 2755 Dominus
1661 2700 1719 2754 in
1753 2701 2024 2771 passione

371 2797 542 2838 suam
574 2789 821 2840 matrem
852 2785 1000 2840 dixit
1028 2804 1156 2842 esse
1187 2788 1458 2860 discipuli
1492 2790 1667 2858 (Joan.
1704 2807 1820 2859 xxx,
1853 2791 1966 2859 26).

403 2872 688 2928 .Salutate
742 2874 1132 2945 Ansyncritum
1189 2877 1357 2946 (475),
1428 2878 1783 2948 Phlegontam
1849 2879 2019 2951 (476),

369 2962 623 3028 Hermen,
654 2964 974 3034 Patrobam,
1010 2969 1296 3030 Hermum,
1336 2974 1389 3021 et
1436 2969 1533 3037 qui
1579 2984 1704 3022 cum
1749 2969 1826 3022 eis
1870 2973 2019 3039 sunt,

367 3050 592 3119 fratres.
628 3050 762 3119 Hos,
798 3050 936 3122 quia
982 3069 1096 3109 non
1148 3055 1628 3124 praedicaverunt,
1678 3055 2023 3128 simpliciter

371 3134 662 3192 salutavit.
695 3139 798 3194 Hic
829 3144 1024 3196 autem
1059 3141 1300 3198 Hermes
1332 3144 1502 3213 (477),
1534 3148 1598 3198 ut
1636 3144 1875 3216 quidam
1919 3161 2017 3200 vo-

371 3222 502 3278 lunt
531 3226 705 3297 (478),
739 3227 954 3284 librum
985 3230 1242 3302 scripsit,
1275 3231 1375 3302 qui
1409 3234 1651 3288 Pastoris
1681 3232 1972 3289 titulatur.

2136 654 2400 710 omnium
2429 655 2838 724 Ecclesiarum,
2885 673 3017 726 quae
3065 673 3168 728 per
3213 673 3346 712 eum
3401 655 3793 727 crediderant,

2135 744 2601 809 commendabat,
2635 745 2900 800 subdidit
2933 762 2944 800 :
2980 746 3246 800 Salutant
3274 762 3369 801 vos
3397 762 3584 801 omnes
3619 749 3799 803 Eccle-

2132 835 2238 888 siae
2267 833 2496 888 Christi.
2532 833 2660 904 (Ubi
2694 832 3258 904 subintelligendum
3309 839 3398 889 est
3431 851 3443 888 :
3479 852 3606 907 quae
3653 840 3798 891 sunt

2135 921 2192 974 in
2226 921 2320 975 his
2351 921 2715 992 Provinciis.)

2207 1011 2404 1080 Igitur,
2440 1012 2578 1082 quia
2599 1011 2789 1066 adhuc
2810 1016 2975 1066 crant
2997 1012 3055 1066 in
3077 1012 3357 1066 Romanis
3381 1012 3482 1083 qui
3505 1029 3616 1067 sua
3645 1030 3795 1084 pra:-

2133 1099 2423 1154 dicatione
2446 1099 2841 1154 dissensiones
2855 1106 2910 1154 et
2932 1099 3282 1154 offendicula
3304 1099 3628 1168 faciebant;
3653 1117 3797 1156 nam

2132 1187 2270 1258 quia
2298 1188 2617 1242 haeresibus
2669 1188 2955 1242 unitatem
3013 1188 3273 1243 Ecclesize
3324 1189 3592 1243 scindere
3643 1190 3797 1245 nite-

2131 1277 2365 1342 bantur,
2421 1277 2660 1347 quidam
2714 1276 2980 1331 infirmos
3028 1278 3234 1332 fratres
3289 1278 3794 1347 scandalizabant,

2130 1366 2345 1420 idcirco
2377 1366 2628 1434 subjecit
2661 1382 2673 1418 :
2711 1368 2846 1435 Rogo
2881 1382 2986 1430 vos,
3019 1368 3240 1436 fratres,
3276 1375 3335 1421 ut
3377 1369 3673 1423 observetis
3703 1383 3797 1424 eos
3841 1377 3844 1379 λ

2129 1457 2227 1525 qui
2291 1455 2652 1509 dissensiones
2711 1460 2762 1508 et
2811 1456 3162 1525 offendicula,
3219 1461 3426 1527 praeter
3480 1457 3796 1511 doctrinam

2130 1560 2295 1615 quam
2324 1559 2414 1598 vos
2453 1543 2745 1609 didicistis,
2776 1546 3006 1613 faciunt.
3059 1548 3126 1598 Et
3174 1550 3239 1599 ut
3286 1545 3546 1600 obtinere
3613 1546 3792 1602 citius

2130 1637 2329 1703 posset
2353 1633 2508 1702 quod
2539 1633 2928 1700 desiderabat,
2978 1649 3094 1688 non
3144 1633 3225 1688 ait
3273 1649 3288 1688 :
3342 1634 3639 1706 praecipio,
3673 1651 3800 1689 mo-

2129 1737 2260 1787 neo,
2294 1722 2393 1776 sed
2425 1737 2574 1790 rogo.

2201 1809 2472 1864 Poterant
2501 1813 2698 1864 autem
2729 1811 2973 1865 Romani
3005 1810 3546 1875 dicerezouomodo
3577 1812 3651 1868 ab
3673 1811 3792 1868 illis

2130 1915 2328 1953 cavere
2359 1915 2696 1970 possumus,
2721 1915 2855 1953 cum
2889 1899 3130 1969 majoris
3161 1899 3431 1970 potentiae
3464 1901 3586 1956 sint
3607 1917 3790 1972 quam

2131 2003 2370 2057 nos,nec
2387 1987 2616 2058 possint
2638 1986 2773 2058 pelli
2791 1987 2862 2041 ab
2887 1987 3185 2042 Ecclesia?
3207 1987 3424 2043 Idcirco
3445 1989 3789 2059 subjunxit:

2130 2080 2181 2130 et
2209 2075 2488 2130 declinate
2515 2075 2583 2130 ab
2609 2078 2709 2130 eis.
2742 2076 2966 2139 Quibus
2993 2077 3188 2131 verbis
3218 2077 3490 2145 ostendit,
3512 2079 3651 2148 quia
3672 2095 3791 2134 non

2133 2163 2326 2220 solum
2359 2163 2750 2236 prmlatis,sed
2782 2165 2959 2220 etiam
2993 2164 3247 2220 subditis
3279 2181 3494 2238 magna
3513 2167 3791 2224 discretio

2132 2257 2221 2308 est
2258 2253 2526 2308 habenda
2555 2255 2723 2323 (479).
2759 2254 2904 2308 Nam
2955 2253 3004 2308 si
3056 2253 3278 2309 nullius
3327 2255 3629 2325 potestatis
3683 2261 3791 2312 aut

2134 2359 2321 2413 parva:
2356 2342 2623 2414 sunt,qui
2654 2342 3052 2396 dissensiones
3073 2346 3129 2396 et
3150 2341 3503 2398 offendicula
3532 2343 3787 2413 faciunt;

2133 2431 2384 2504 pellendi
2417 2436 2562 2486 sunt
2590 2431 2661 2486 ab
2695 2430 2971 2500 Ecclesia,
3007 2436 3072 2485 ut
3099 2431 3326 2486 confusi
3377 2437 3683 2488 vertantur
3716 2436 3790 2490 ad

2133 2519 2534 2590 paenitentiam
2569 2537 2582 2574 :
2620 2519 2669 2574 si
2699 2535 2834 2574 vero
2868 2523 3044 2574 tantae
3077 2519 3378 2590 potestatis
3403 2525 3637 2584 sunt,ut
3657 2523 3788 2576 fun-

2133 2609 2289 2663 ditus
2320 2608 2454 2679 pelli
2486 2625 2599 2663 non
2630 2607 2888 2679 possint;
2921 2608 3331 2663 declinandum
3365 2614 3454 2664 est
3484 2610 3557 2664 ab
3589 2611 3698 2677 eis,
3721 2629 3790 2666 ne

2131 2696 2270 2751 boni
2301 2696 2588 2751 malorum
2621 2697 2910 2751 consortio
2944 2702 3417 2768 corrumpantur.
3451 2699 3567 2754 Cur
3590 2704 3788 2754 autem

2133 2785 2542 2840 declinandum
2577 2786 2651 2840 sit
2681 2785 2752 2839 ab
2788 2785 2894 2850 eis,
2927 2786 3201 2854 ostendit,
3233 2787 3602 2858 snbjungens
3641 2803 3656 2843 :
3685 2791 3789 2842 llu-

2123 2873 2367 2946 jusmodi
2394 2875 2543 2928 enim
2565 2873 2782 2927 Christo
2811 2874 3038 2927 Domino
3060 2883 3248 2928 nostro
3269 2890 3380 2928 non
3403 2877 3676 2942 serviunt,
3701 2878 3794 2932 sed

2131 2977 2226 3016 suo
2257 2962 2455 3027 ventri,
2488 2959 2545 3015 id
2577 2965 2684 3028 est,
2719 2977 2834 3015 non
2866 2961 3199 3016 animarum
3225 2961 3410 3030 lucra,
3435 2971 3536 3019 sed
3559 2968 3792 3021 terrena

2132 3051 2438 3106 commoda
2470 3050 2764 3121 petunt.Et
2791 3065 2889 3120 per
2915 3049 3100 3105 dulces
3128 3066 3419 3121 sermones,
3457 3055 3509 3106 et
3561 3055 3792 3108 benedi-

2128 3141 2351 3208 ctiones,
2396 3139 2660 3194 seducunt
2697 3139 2860 3194 corda
2910 3141 3280 3195 innocentum.
3332 3141 3518 3196 Corda
3568 3143 3795 3214 quippe

2128 3227 2509 3283 innocentum
2544 3244 2645 3299 per
2672 3227 2870 3283 dulces
2903 3244 3202 3284 sermones
3233 3234 3290 3283 et
3319 3229 3794 3297 benedictiones;

443 3312 686 3370 Salutate
711 3316 1069 3389 Philologum
1095 3297 1148 3374 et
1173 3297 1418 3381 Iuliam;
1447 3319 1637 3376 virum
1684 3326 1742 3376 et
1779 3337 2017 3376 uxorem
2049 3297 2092 3362 (ἶ
2131 3317 2290 3388 quia,
2326 3321 2391 3371 ut
2416 3318 2488 3372 ab
2518 3297 2930 3371 innocentibus
2955 3316 3145 3372 sancti
3169 3316 3514 3388 habeantur,
3540 3323 3600 3374 et
3623 3319 3795 3376 dictis

371 3399 653 3458 debemus
686 3403 1189 3478 intelligere.0uia
1209 3425 1343 3463 vero
1365 3425 1499 3464 mox
1528 3409 1726 3464 intulit
1750 3427 1762 3464 :
1786 3411 2026 3465 Nereum

368 3492 420 3543 et
445 3504 689 3546 sororem
717 3495 910 3561 eius,et
946 3494 1354 3567 Olympiadem,
1389 3497 1529 3568 quia
1559 3497 2023 3568 praacedentibus

368 3592 468 3632 eos
501 3581 842 3650 conjunxit;
873 3583 1058 3638 voluit
1091 3585 1334 3640 forsitan
1359 3586 1663 3641 ostendere
1692 3586 1890 3657 aliqua
1909 3587 2034 3641 affi-

370 3664 552 3722 nitate
582 3670 1024 3739 conjunctos.Et
1045 3673 1184 3743 quia
1206 3689 1340 3728 cum
1365 3672 1457 3727 his
1492 3674 1658 3728 multi
1691 3680 2031 3730 sanctorum

370 3759 640 3825 erant,ne
661 3756 918 3827 aliquem
945 3760 1282 3830 prateriret,
1310 3761 1622 3832 subjunxit
1648 3778 1660 3816 :
1685 3771 1756 3829 et,
1789 3765 1883 3833 qui
1911 3779 2035 3818 cum

369 3843 452 3896 eis
482 3847 634 3914 sunt,
665 3851 906 3902 sanctos.
963 3848 1223 3920 Denique
1271 3853 1403 3920 post
1451 3849 1763 3922 specialem
1813 3851 2035 3907 saluta'

370 3930 613 4003 tionem,
651 3934 723 3988 ad
755 3935 1090 4007 generalem
1121 3955 1182 3993 se
1213 3938 1480 4005 contulit,
1510 3939 1710 3994 dicens
1746 3955 1758 3994 :
1794 3940 2041 3996 Salutate

373 4020 605 4075 invicem
635 4023 693 4077 in
723 4025 930 4079 osculo.
963 4026 1033 4079 Et
1060 4026 1200 4096 quia
1229 4031 1370 4082 sunt
1401 4028 1791 4098 quorumdam
1817 4025 2032 4086 subdo'

372 4107 432 4163 la
453 4110 682 4180 oscula,
715 4113 870 4167 sicut
893 4113 1057 4169 Judaa
1082 4132 1096 4181 ;
1130 4120 1193 4169 ut
1220 4132 1286 4170 ea
1314 4116 1672 4186 prohiberet,
1699 4112 2032 4188 subjunxit’

372 4202 583 4253 sancto.

447 4287 519 4342 Ut
575 4292 770 4346 autem
831 4291 1164 4347 ostenderet
1211 4295 1435 4362 quanta
1487 4292 1878 4348 sollicitudine
1929 4309 2032 4364 pro

446 4431 595 4556 (4t72)
641 4432 771 4488 Haec
817 4433 993 4489 verba
1035 4433 1093 4488 in
1145 4433 1368 4490 laterali
1413 4433 1678 4507 margine
1719 4438 1912 4506 autog.
1949 4435 2028 4492 le-

446 4521 492 4556 in
527 4521 615 4556 UP.

416 4518 615 4557 untur.

373 4517 615 4573 guntur.

446 4575 594 4646 (473)
623 4573 797 4646 Vulg.
829 4575 1128 4631 Persidem.

472 4645 597 4721 474)
628 4645 762 4721 Ilaec
790 4647 962 4700 verba
992 4645 1306 4721 inlaterali
1339 4649 1604 4721 margine
1636 4647 1932 4721 leguntur.

449 4715 597 4788 (475)
628 4715 797 4788 Vulg.
833 4719 1207 4787 Asyncritum.

448 4786 598 4928 (476)
631 4786 798 4856 Vulg.
833 4786 1222 4858 Phlegonlem.

473 4859 561 4911 47λ
628 4858 729 4913 Vel
757 4859 950 4928 potius
983 4863 1222 4915 Hermas.

474 4791 577 4841 476
631 4791 798 4856 Vulg.
833 4791 1222 4858 Phlegonlem.

473 4791 598 4928 47;;
628 4858 729 4913 Vel
757 4859 950 4931 potius
983 4863 1228 4931 Hermas.

445 4931 596 5069 (478)
627 4930 902 5003 Origenes
917 4930 1448 5001 scilicet,Eusebius
1470 4931 2022 5004 etD.Hieronymus.

469 5002 593 5069 479)
626 5002 752 5057 Haec
783 5004 1076 5058 sententia
1107 5001 1346 5057 omnino
1403 5019 1533 5057 cum
1585 5005 1870 5058 universae
1915 5007 2022 5059 Ec-

469 5002 593 5071 479)
626 5001 752 5057 Haec
783 5004 1076 5058 sententia
1107 5001 1346 5057 omnino
1403 5019 1533 5057 cum
1585 5001 1870 5058 universae
1915 5007 2024 5059 Ec-

373 5070 716 5144 clesizs'tum
762 5074 835 5129 iis
884 5076 1270 5144 temporibus,
1304 5079 1430 5128 tum
1464 5073 1896 5143 antiquioribus
1923 5077 2025 5130 do-

373 5141 647 5216 ctri_na_et
677 5141 1108 5216 usuucongruit,
1160 5141 1330 5216 cujus
1380 5141 1784 5216 testimonium
1836 5147 2027 5200 reddit

416 5210 751 5287 otissimum
781 5210 1779 5287 illud"Ecclesize'przestantissimus
1825 5216 2023 5270 lumen

429 5325 441 5336 .
494 5284 864 5355 Augustinus
912 5294 1067 5340 cont.
1122 5284 1314 5340 Parm.
1371 5287 1467 5352 Ill,
1520 5303 1570 5341 c.
1621 5304 1682 5350 ιι,
1737 5305 1793 5340 n.
1833 5288 1887 5355 8,
1936 5289 2022 5353 12,

377 5355 465 5428 13,
501 5354 718 5428 ibid.——_
737 5355 845 5428 sed
879 5355 1030 5411 dicet
1062 5357 1312 5428 aliquis:
1341 5357 1640 5421 Quomodo
1669 5354 2024 5428 pracipienti

371 5423 648 5499 Apostolo
666 5425 897 5499 obedire
921 5423 1364 5499 poterim'us,qui
1391 5435 1544 5483 vetat
1573 5423 1704 5484 cum
1733 5423 2025 5499 ejusmodi

375 5495 856 5571 cibumsumerel
876 5497 937 5550 In
960 5497 1066 5571 hac
1090 5495 1253 5571 velut
1265 5495 1536 5571 angustia
1553 5495 1892 5570 quaestionis
1906 5517 2022 5556 non

374 5566 600 5642 aliquid
626 5572 969 5642 nqvuin,aut
991 5569 1292 5624 insolitum
1308 5566 1628 5637 dicam,scd
1645 5573 1797 5642 quod
1823 5579 2024 5627 sancta

373 5639 650 5714 qbscrvat
678 5636 953 5714 Ecclesia,
999 5645 1069 5714 ut
1113 5656 1272 5714 cum_
1304 5642 1552 5714 quisque
1613 5636 1881 5714 fratrum,
1916 5661 2022 5699 ceu

372 5706 843 5767 Christianorum
864 5708 1023 5766 intus
1055 5709 1116 5766 in
1146 5706 1414 5769 Ecclesia:
1445 5706 1718 5772 societate
1739 5706 2024 5780 constitu-

2137 3404 2373 3460 illorum
2405 3405 2550 3460 ﬁdes
2581 3405 3074 3474 accommodetur,
3120 3406 3293 3461 modo
3339 3405 3555 3462 blande
3586 3409 3794 3479 praedi-

2139 3498 2292 3561 cant,
2315 3495 2485 3548 modo
2516 3495 2806 3564 quasdam
2838 3493 3270 3548 benedictiones
3291 3493 3794 3568 tribuunt.Itaque

2141 3588 2207 3638 ut
2231 3599 2330 3638 eos
2359 3582 2664 3638 inclinaret
2695 3583 2766 3637 ad
2796 3582 2876 3651 id,
2910 3583 3066 3654 quod
3117 3583 3369 3653 petebat,
3421 3584 3740 3654 subjunxit
3780 3602 3794 3640 :

2149 3675 2333 3728 Vestra
2360 3680 2548 3727 autem
2591 3671 2896 3726 obedientia
2945 3675 3002 3726 in
3055 3687 3263 3726 omnem
3307 3672 3482 3726 locum
3513 3672 3808 3745 divulgata

2143 3769 2241 3826 est,
2293 3761 2347 3815 id
2400 3765 2508 3826 est,
2560 3761 2714 3830 quod
2749 3759 3103 3831 Evangelicze
3151 3761 3426 3815 doctrinae
3458 3762 3806 3820 obedientes

2146 3849 2296 3919 sitis,
2329 3848 2389 3904 in
2417 3853 2536 3904 toto
2567 3851 2706 3904 orbe
2735 3854 3025 3903 terrarum
3077 3847 3447 3904 diffamatum
3496 3855 3607 3904 est.
3659 3853 3808 3907 Hinc

2147 3939 2312 4008 longe
2370 3937 2640 4008 superius
2689 3937 2769 3991 ait
2818 3953 2831 3992 :
2881 3936 3038 3992 Fides
3083 3940 3263 3992 vestra
3305 3939 3690 3994 annuntiatur
3747 3942 3808 3994 in

2143 4030 2395 4082 universo
2424 4027 2625 4080 mundo
2655 4030 2877 4096 (supra,
2913 4043 2950 4095 ι,
2983 4026 3060 4094 8).

2215 4116 2287 4171 Ut
2316 4120 2510 4170 autem
2545 4115 2877 4170 ostenderet
2907 4128 2970 4168 se
2999 4113 3281 4185 gratulari
3312 4114 3383 4168 de
3415 4114 3686 4185 profectu
3720 4132 3809 4173 eo-

2144 4221 2298 4272 rum,
2333 4203 2641 4273 subjunxit
2675 4220 2687 4258 :
2724 4203 2944 4258 Gaudeo
2976 4204 3153 4272 igitur
3183 4205 3243 4256 in
3272 4202 3449 4260 vobis.
3482 4204 3719 4260 Rursus
3747 4211 3809 4261 ut

2143 4293 2543 4348 manifestaret
2572 4307 2672 4346 eos
2696 4307 2812 4346 non
2835 4291 3027 4346 adhuc
3058 4291 3343 4362 perfectos
3374 4291 3806 4363 undique,sub-

2138 4439 2335 4490 torum
2371 4434 2428 4488 in
2461 4433 2655 4503 aliquo
2688 4432 2788 4488 tali
2823 4434 3058 4502 peccato
3092 4430 3267 4503 fuerit
3295 4431 3805 4503 deprehensus,et

2141 4506 2510 4561 anathemate
2533 4501 2745 4574 dignus
2773 4501 3184 4572 habeaturﬁat
3204 4501 3442 4568 hoc,ubi
3465 4504 3801 4574 periculum

2141 4577 2479 4632 schismatis
2526 4574 2753 4630 nullum
2795 4579 2884 4629 est
3038 4615 3050 4627 .
3094 4574 3327 4644 quando
3375 4574 3459 4628 ita
3507 4576 3805 4645 cujusque

2137 4649 2358 4704 crimen
2391 4652 2593 4702 notum
2619 4650 2735 4715 'est,
2770 4650 2834 4700 ut
2863 4643 3056 4699 nullos
3087 4643 3348 4716 prorsus,
3380 4645 3468 4700 vel
3498 4643 3618 4700 non
3652 4643 3803 4703 tales

2136 4719 2351 4774 habeat
2379 4721 2862 4796 defensores,_per
2882 4732 3028 4796 quos
3058 4717 3248 4796 possit
3275 4716 3539 4796 schisma
3553 4720 3799 4796 contin-

2135 4807 2291 4869 gere
2312 4832 2324 4844 .
2368 4832 2383 4869 _.
2430 4831 2443 4844 .
2484 4795 2625 4869 tunc
2658 4792 2854 4869 autem
2887 4787 3003 4869 hoc
3023 4787 3142 4842 sint
3171 4787 3300 4869 labe
3331 4788 3580 4869 pacis,et
3601 4791 3803 4845 unita-

2135 4858 2214 4916 tis
2244 4867 2302 4916 et
2332 4860 2721 4942 sineolaesio'ne
2751 4858 3352 4942 frumento‘rum‘ﬁeri
3395 4862 3606 4942 potest,
3657 4877 3796 4942 cum

2137 4931 2608 5003 congregationis
2639 4928 3254 5003 Ecclesizemultitudo
3287 4929 3358 4984 ab
3395 4928 3474 5003 eo
3518 4928 3795 5003 crimine,

2137 5001 2291 5075 quod
2307 5001 3046 5075 anathematizatur,aliena
3065 5004 3181 5067 est;
3204 5004 3347 5054 tunc
3367 5001 3524 5075 enim
3548 5001 3798 5075 adjuvat

2137 5071 2514 5152 praepositum
2538 5074 2733 5152 p_otius
2760 5071 3378 5152 corripi_entem,quam
3399 5072 3795 5152 criminosum

2136 5143 2724 5202 resistentemCTunc
2753 5144 2933 5198 etiam
2964 5143 3062 5197 ille
3091 5147 3150 5214 et
3179 5143 3391 5197 timore
3413 5146 3792 5214 percutitur.

2136 5221 2194 5272 et
2227 5218 2445 5288 pudore
2479 5220 2883 5288 sanatur,cum
2907 5215 2985 5288 ab
3003 5213 3276 5288 universa
3296 5213 3558 5270 Ecclesia
3571 5232 3634 5271 se
3657 5233 3802 5272 ana-

2134 5285 2578 5342 thematizatum
2610 5287 2835 5352 videns,
2869 5285 3088 5358 sociam
3119 5285 3373 5358 turbam,
3411 5302 3546 5341 cum
3581 5304 3705 5358 qua
3735 5289 3799 5343 in

2135 5359 2345 5414 delicto
2377 5375 2484 5415 suo
2531 5358 2802 5430 gaudeat,
2836 5356 3091 5430 etibonis
3123 5355 3387 5430 insultet,
3432 5373 3550 5430 non
3599 5355 3801 5430 potest

2133 5430 2392 5485 invenire
2435 5472 2447 5484 .
2493 5472 2505 5483 .
2537 5427 2564 5484 ἶ
2608 5446 2797 5500 neque
2827 5429 2983 5484 enim
3017 5433 3208 5500 potest
3237 5427 3493 5500 salubris
3523 5446 3558 5484 a
3585 5427 3798 5486 multis

2135 5502 2441 5572 correptio,
2477 5501 2589 5556 nisi
2621 5499 2753 5556 cum
2784 5501 2882 5556 ille
2914 5499 3247 5571 corripitur,
3280 5499 3382 5570 qui
3413 5516 3529 5555 non
3563 5503 3792 5558 sociam

2133 5572 2308 5627 habet
2338 5572 2810 5646 multitudinem_._
2834 5572 3331 5646 Gumqvcroidem
3365 5572 3613 5628 morbus
3654 5575 3795 5646 plu-

2131 5661 2224 5716 res
2256 5643 2641 5716 occupaverit,
2671 5643 2818 5701 nihil
2845 5643 3004 5702 aliud
3034 5642 3204 5701 bonis
3226 5646 3434 5716 restat,
3466 5642 3790 5716 quam—do-

2131 5715 2221 5773 lor
2247 5720 2303 5773 et
2323 5715 2607 5788 gemitus.
3422 5715 3425 5716 ⁷
3495 5715 3501 5716 “
3533 5761 3536 5764 -
