3942 6398
120 453 222 516 289

690 449 1106 515 EXPOSITIO
1150 453 1237 516 ΙΝ-
1274 454 1710 518 EPISTOLAS
1755 452 2120 517 PAULl.--
2149 455 2231 520 IN
2277 459 2524 524 EPIST.
2573 462 2598 523 Ι
2644 463 2749 526 AD
2794 464 2967 528 COR.

3402 470 3524 534 290

119 589 188 644 eis
215 586 280 642 ab
310 584 544 676 Epheso
572 599 676 656 per
697 585 1552 654 Timotheum,dilectissimum
1575 605 1750 646 suum
1778 589 1836 657 Α
1864 605 2027 658 quam
2073 592 2386 664 jucundum
2428 595 2682 654 habitare
2730 599 2938 668 fratres
2987 601 3050 655 in
3101 618 3280 658 unum
3338 603 3518 676 (Psal'.

119 674 474 748 discipulum.
511 675 679 746 (486).

179 766 320 836 (CAP.
356 765 428 836 Ι.)
459 765 692 834 Paulus,
744 769 810 820 ut
854 765 914 822 in
965 767 1311 838 praecedenti
1341 768 1600 839 Epistcla
1631 770 1751 824 dic-

119 861 228 910 tum
247 858 352 920 est,
388 853 739 910 admirabilis
769 854 1207 927 interpretatur,
1241 872 1347 912 nec
1391 857 1582 913 solum
1615 859 1754 930 quia

121 946 370 1000 Romanis
401 943 699 1015 urbi,qute
729 943 909 998 totius
942 945 1100 1000 orbis
1132 950 1308 1017 caput
1339 949 1752 1019 erat,Evange-

118 1034 243 1088 lium
272 1032 535 1100 tradidit,
569 1033 672 1087 sed
703 1033 902 1101 etiam,
937 1033 1076 1104 quia
1105 1035 1475 1104 Corinthum,
1513 1054 1641 1108 quae
1673 1043 1753 1094 tc-

117 1123 220 1178 tius
247 1122 480 1178 Graeciaa
509 1122 688 1176 decus
717 1127 864 1189 erat,
897 1122 1261 1180 salutaribus
1305 1127 1611 1198 praceptis
1661 1126 1749 1180 in-

116 1213 306 1267 stituit.
346 1212 570 1267 Vocatus
600 1215 689 1266 est
719 1214 921 1266 autem
947 1212 1193 1282 trifarie,
1244 1213 1304 1268 id
1345 1218 1454 1285 est,
1488 1215 1549 1269 in
1603 1232 1750 1286 pras-

115 1301 341 1358 scientia
369 1317 438 1356 ac
469 1299 984 1373 praedestinatione
1015 1301 1138 1368 Dei,
1163 1307 1229 1357 ut
1257 1302 1403 1359 illud
1431 1320 1444 1358 :
1471 1304 1627 1359 Sicut
1647 1305 1753 1360 ele-

112 1393 179 1462 git
203 1407 292 1446 nos
317 1392 382 1447 in
409 1393 524 1462 ipso
553 1399 680 1446 ante
705 1391 904 1446 mundi
952 1394 1396 1448 constitutionem
1443 1394 1662 1464 (Ephes.
1711 1412 1750 1460 1,

114 1483 160 1549 4)
192 1499 204 1537 :
234 1485 286 1536 et
313 1481 526 1555 ﬁgura,
556 1480 714 1536 sicut
742 1485 832 1536 est
863 1496 889 1536 ε⁴
908 1482 1206 1553 Benjamin
1229 1484 1388 1554 lupus
1408 1483 1748 1554 rapax(Gen.

109 1587 244 1639 xux,
282 1571 396 1642 27),
451 1574 562 1626 etc.
614 1570 869 1625 Vocatus
919 1575 1010 1625 est
1056 1570 1234 1626 etiam
1282 1572 1498 1644 verbis,
1553 1574 1753 1644 ibique

111 1660 484 1732 apertissime,
515 1659 615 1715 ubi
644 1659 867 1714 dictum
899 1665 988 1716 est
1020 1678 1032 1715 :
1069 1661 1256 1730 Saule,
1289 1661 1476 1731 Saule,
1507 1663 1638 1733 quid
1667 1678 1764 1720 me.

103 1751 473 1823 persequeris?
498 1751 634 1808 (Act.
665 1765 807 1820 XXII,
838 1752 915 1818 7).

170 1840 448 1910 Apostolus
480 1837 698 1904 Graece,
729 1837 931 1894 Latine
958 1843 1162 1895 missus
1210 1845 1310 1910 est,
1334 1841 1506 1912 juxta
1555 1841 1700 1897 illud
1737 1877 1752 1916 ε

106 1931 224 2030 ξοδδ
247 1945 347 2030 ερο-
368 1927 444 1984 ad
468 1935 656 2030 gentes
679 1927 836 2030 longe
861 1928 1067 2030 positas
1105 1931 1327 2030 mittam
1351 1939 1403 1987 te
1423 1931 1609 2030 (Ιὺίά.Ξ
1638 1934 1754 2003 21).
1781 1965 1834 2030 Β

106 2019 389 2082 Quomodo
421 2021 622 2072 autem
649 2021 889 2072 vocatus
921 2017 997 2073 sit
1027 2018 1363 2092 Apostolus,
1416 2023 1759 2079 manifestat

103 2109 508 2181 subjungens:
550 2109 658 2162 Per.
700 2108 1038 2165 volunttztem
1086 2111 1205 2166 Dei.
1259 2110 1546 2167 Voluntas
1596 2113 1755 2168 varie

103 2199 328 2269 ponitur
355 2198 418 2252 in
450 2196 774 2268 Scripturis
802 2213 815 2252 :
850 2196 1167 2269 aliquando
1197 2199 1355 2254 enim
1387 2200 1648 2257 animam
1680 2201 1762 2258 si.

100 2287 348 2359 gniﬁcat,
378 2284 696 2358 aliquando
719 2285 1385 2358 consilium,aliquandc
1412 2287 1589 2343 habet
1608 2289 1667 2344 in
1692 2305 1754 2345 se

100 2377 453 2432 intellectum
495 2376 678 2440 verbi,
733 2377 887 2447 quod
939 2380 1029 2434 est
1076 2375 1284 2447 placet.
1318 2378 1588 2449 Congrue
1615 2394 1753 2450 ergo

98 2468 147 2521 in
177 2465 289 2522 hoc
320 2466 446 2522 loco
477 2480 581 2537 per
601 2463 969 2520 voluntatem
1014 2465 1116 2520 Dei
1165 2465 1509 2538 accipimus,
1543 2484 1750 2523 secun-

98 2554 230 2608 dum
272 2551 706 2624 beneplacitum
738 2551 864 2622 Dei,
901 2553 1002 2606 ubi
1032 2553 1152 2607 vim
1184 2553 1391 2609 divinas
1421 2554 1753 2612 dilectionis

97 2642 245 2698 circa
274 2658 340 2698 se
370 2641 794 2699 ostendat.Non
825 2641 983 2698 enim
1013 2641 1278 2714 quolibet
1306 2643 1480 2700 modo
1509 2647 1752 2716 Aposto-

95 2729 181 2786 lus
210 2735 456 2788 vocatus
485 2733 594 2797 est,
627 2731 729 2785 sed
754 2747 858 2802 per
887 2732 1248 2788 voluntatem
1285 2732 1401 2802 Dei,
1433 2734 1490 2789 id
1515 2739 1624 2802 est,
1651 2752 1753 2807 per

95 2820 518 2890 providentiam
550 2824 608 2874 et
634 2819 1294 2892 dispensationemJesu
1319 2823 1525 2879 Christi
1551 2829 1750 2880 autem

96 2925 150 2964 se
181 2910 327 2966 dixit
352 2908 801 2981 Apostolum,ad
827 2910 1266 2967 distinctionem
1291 2914 1750 2985 pseudoaposto-

95 2999 299 3055 lorum.
334 2999 683 3072 Quicunque
715 2999 873 3055 enim
906 3000 1118 3068 verbis,
1153 3000 1274 3056 sive
1304 3002 1585 3073 exemplis
1606 3002 1749 3059 alio-

94 3105 216 3144 rum
268 3094 553 3162 operatur
596 3087 873 3153 salutem,
933 3089 1141 3144 merito
1171 3089 1386 3146 Christi
1433 3091 1750 3162 Apostolus

91 3178 315 3235 dicitur.
365 3178 707 3235 Econtrario
751 3176 854 3248 qui
901 3181 1002 3232 aut
1049 3177 1264 3243 verbis,
1319 3182 1421 3233 aut
1467 3179 1751 3250 exemplis

91 3266 339 3339 alicujus
370 3267 766 3340 perditionem
789 3265 1622 3337 operatur,pseudoapostolus
1645 3284 1748 3322 vo-

91 3361 264 3414 catur.

147 3446 209 3499 Et
236 3446 566 3502 Sosthenes.
599 3440 988 3508 Qumrendum
1021 3457 1202 3513 quare
1229 3441 1344 3498 sibi
1375 3441 1532 3498 hunc
1561 3444 1620 3499 in
1649 3461 1749 3500 sa-

90 3531 373 3590 lutatione
425 3529 691 3586 adscivit.
743 3527 994 3598 Scilicet,
1045 3530 1184 3601 quia
1240 3531 1576 3589 Corinthius
1626 3538 1752 3590 erat

89 3624 338 3686 edoctor,
376 3618 764 3690 multumque
791 3617 1078 3675 sollicitus
1107 3636 1212 3691 pro
1246 3621 1492 3679 fratrum
1537 3623 1748 3680 salute.

91 3709 209 3780 Sed,
241 3711 398 3783 quia
425 3709 487 3764 in
518 3707 652 3763 aliis
682 3707 960 3779 Epistolis
990 3709 1252 3765 diversos
1282 3727 1483 3767 secum
1527 3715 1748 3783 sumit;

89 3798 179 3856 illa
207 3799 542 3873 quaerenda
557 3802 647 3854 est
668 3796 849 3868 hujus
874 3799 1218 3872 quaestionis
1241 3800 1610 3873 solutio,quaa
1633 3821 1754 3861 om-

93 3889 259 3945 nibus
291 3885 611 3945 conveniat
638 3885 803 3942 locis.
838 3887 1151 3943 Sciendum
1181 3905 1340 3962 ergo,
1373 3891 1513 3962 quia
1542 3892 1752 3950 beatus

95 3979 325 4048 Paulus,
361 3977 524 4034 sicut
552 3993 668 4048 pra;
700 3977 924 4032 caeteris
946 3978 1189 4048 majoris
1218 3981 1465 4050 ardoris,
1486 3987 1542 4036 et
1570 3985 1751 4041 studii

94 4066 193 4123 fuit
219 4084 366 4140 erga
395 4082 544 4123 suos
571 4066 892 4138 auditores,
925 4066 1006 4121 ita
1034 4066 1210 4124 etiam
1244 4070 1484 4140 majoris
1515 4071 1754 4128 humili-

96 4157 242 4212 tatis.
270 4157 345 4213 Ut
375 4171 521 4228 ergo
553 4155 726 4211 nobis
756 4171 876 4210 suae
906 4155 1260 4214 humilitatis
1289 4159 1624 4231 exemplum
1671 4179 1757 4218 re-

97 4243 409 4317 linqueret,
444 4245 665 4300 idcirco
695 4249 752 4300 et
781 4245 958 4315 hunc,
990 4249 1048 4300 et
1078 4245 1226 4302 alios
1264 4248 1377 4302 sibi
1424 4249 1482 4304 in
1535 4249 1754 4307 saluta-

95 4334 260 4407 tione,
293 4333 573 4393 adscivit.
612 4333 706 4389 Vel
731 4339 886 4389 certe
917 4335 987 4390 ad
1019 4351 1139 4396 suis
1170 4336 1530 4394 narrationis
1551 4340 1758 4395 conﬁr-

96 4425 436 4491 mationem,
471 4424 614 4496 quia
645 4423 930 4495 scripturn
962 4428 1053 4480 est
1087 4441 1099 4478 :
1132 4425 1195 4478 In
1223 4441 1315 4481 ore
1364 4425 1624 4496 duorum,
1677 4430 1760 4485 vel

99 4515 262 4570 trium
308 4517 540 4572 testium
588 4512 758 4569 stabit
802 4529 963 4568 omne
1007 4513 1232 4568 verbum
1279 4515 1456 4586 (Deut.
1513 4531 1655 4587 xvn,
1687 4519 1757 4585 6;

99 4603 274 4660 Matth.
307 4621 478 4673 xvm,
516 4604 616 4670 16;
648 4605 820 4660 Joan.
849 4619 971 4670 VIII,
1008 4604 1105 4670 t7;
1140 4605 1308 4659 Hebr.
1332 4622 1387 4669 κ,
1421 4608 1519 4672 28;
1553 4606 1754 4664 lliCor.

1863 694 2074 745 cxxxn,
2108 682 2182 752 1).
2213 683 2284 738 Et
2310 687 2467 752 nota,
2504 687 2640 756 quia
2671 686 2729 744 in
2761 687 2870 744 hac
2901 689 3181 760 Epistola,
3207 692 3361 750 sicut
3381 699 3439 749 et
3459 695 3526 750 in.

1862 767 2129 840 reliquis,
2189 772 2728 844 Apostolussuum
2753 794 2968 834 nomen
2998 783 3340 852 praeposuit,
3372 800 3520 855 quo-.-

1862 857 2024 912 niam
2056 861 2299 930 majoris
2333 865 2702 920 auctoritatis
2733 871 2858 921 erat
2886 868 2986 938 qui
3017 869 3308 941 dirigebat
3353 873 3518 944 Epis-

1862 946 2064 1018 tolam,
2095 965 2273 1020 quam
2315 951 2398 1015 hi,
2432 953 2650 1022 quibus
2698 954 3078 1027 dirigebatur.
3129 959 3258 1016 Mos
3303 962 3523 1034 quippe

1863 1040 1972 1104 est,
2008 1043 2070 1091 ut
2097 1038 2158 1092 in
2189 1040 2452 1110 epistolis
2485 1044 2778 1113 majorum
2813 1047 3054 1102 nomina
3081 1057 3522 1123 praeponuntur,

1863 1125 2015 1180 sicut
2044 1133 2136 1181 est
2165 1127 2309 1182 illud
2344 1147 2356 1184 :
2391 1131 2508 1185 Rea:
2535 1134 2829 1190 Antiochus
2859 1137 3011 1202 genti
3027 1137 3347 1196 Judseorum
3372 1143 3522 1200 salth

1860 1217 1970 1268 tem
2001 1214 2048 1284 (Ι
2077 1217 2332 1271 Machab.
2366 1235 2460 1286 xv,
2488 1222 2565 1286 2).

1932 1304 2194 1359 Ecclesia:
2222 1307 2343 1360 Dei.
2394 1308 2641 1363 Ecclesia
2690 1310 2906 1380 Graece,
2956 1313 3160 1374 Latine
3209 1325 3520 1377 convocatio

1861 1391 2095 1447 dicitur.
2131 1395 2200 1448 Et
2255 1399 2409 1466 apte,
2462 1397 2743 1467 quoniam
2791 1417 2998 1456 omnes
3027 1404 3098 1458 ad
3129 1421 3193 1460 se
3221 1414 3519 1468 convocat.

1863 1479 2027 1535 Unde
2056 1486 2113 1536 et
2141 1483 2421 1539 catholica
2463 1485 2689 1552 dicitur,
2745 1487 2802 1542 id
2851 1494 2940 1545 est
2989 1491 3358 1564 universalis,
3401 1498 3522 1554 sive

1862 1569 2182 1640 generalis;
2214 1572 2373 1642 quia,
2408 1589 2526 1627 non
2559 1579 2623 1627 ut
2651 1574 3059 1633 haereticorum
3093 1583 3520 1657 conventicula,

1860 1656 1922 1712 in
1965 1658 2348 1728 quibusdam?
2381 1662 2688 1734 regionum
2733 1665 3000 1736 partibus
3045 1673 3371 1741 cooptatur,
3417 1656 3520 1729 sed

1861 1745 2102 1802 dilatata
2132 1763 2236 1819 per
2267 1753 2466 1804 orbem
2496 1755 2785 1808 terrarum
2817 1754 3184 1814 diffunditur.
3211 1759 3524 1819 Universa-

1861 1835 1936 1892 lis
1967 1840 2184 1906 autem,
2222 1842 2286 1892 ut
2313 1838 2554 1910 quidam
2586 1841 2889 1912 volunt,s.b
2922 1860 3038 1900 uno
3071 1846 3373 1919 dicitur,id
3406 1855 3520 1918 est,

1865 1925 2004 1996 quia
2035 1942 2239 1982 omnes
2267 1926 2330 1981 in
2362 1927 2646 1986 unitatem
2677 1930 2814 1986 ﬁdei
2846 1941 3183 2007 congregat.
3220 1937 3524 1998 Geueralis

1865 2019 2062 2070 autem
2123 2020 2365 2071 vocatur
2410 2018 2694 2088 Ecclesia;
2738 2020 2880 2091 quia
2922 2025 3212 2094 generalis
3243 2026 3406 2084 inea
3431 2032 3528 2085 est.

1866 2104 2131 2159 doctrina
2159 2105 2230 2160 ad
2262 2107 2528 2164 omnium
2557 2108 3011 2178 institutionem,
3029 2117 3151 2168 tam
3178 2114 3252 2169 de
3276 2115 3519 2172 visibili-

1864 2193 1996 2264 bus,
2031 2209 2210 2263 quam
2241 2194 2312 2249 de
2341 2194 2756 2264 invisibilibus,
2782 2202 2902 2254 tam
2934 2200 3005 2256 de
3035 2203 3306 2269 terrenis,
3339 2221 3520 2276 quam

1863 2281 1934 2336 de
1965 2281 2332 2350 ccelestibus;
2353 2284 2474 2340 sive
2506 2285 2645 2356 quia
2672 2303 2850 2342 omne
2875 2305 3062 2360 genus
3090 2290 3420 2350 humanum
3447 2295 3520 2352 ad

1862 2371 2070 2426 divinas
2099 2372 2332 2442 pietatis
2371 2378 2427 2427 et
2457 2373 2758 2446 religionis
2804 2378 3230 2447 subjecticnem
3283 2399 3522 2455 congre-

1863 2468 1994 2532 gat;
2029 2463 2148 2516 sive
2178 2461 2318 2532 quia
2348 2463 2474 2518 sine
2506 2463 2836 2520 dill‘erentia
2859 2468 3128 2524 omnium
3159 2477 3398 2541 peccata
3427 2490 3521 2528 cu-

1863 2556 1970 2605 rat.
2004 2552 2101 2606 Dei
2132 2554 2329 2606 autem
2360 2551 2608 2618 addidit,
2638 2554 2710 2608 ad
2744 2554 3203 2614 distinctionem.
3258 2560 3525 2618 Ecclesiae

1863 2638 2497 2712 malignantium,sicut
2527 2642 2815 2714 scriptum
2843 2649 2934 2701 est
2967 2663 2980 2702 :
3024 2647 3197 2703 0divi
3223 2649 3524 2706 Ecclesium

1859 2728 2296 2800 malignantium
2327 2731 2493 2802 (487).
2529 2731 2734 2803 Igitur,
2783 2735 2924 2804 quia
2965 2736 3231 2794 Ecclesia)
3261 2741 3362 2795 Dei
3392 2741 3522 2811 jam

1859 2817 1922 2874 in
1980 2819 2224 2876 diversis
2271 2821 2478 2876 mundi
2536 2822 2816 2892 partibus.
2849 2830 3017 2880 erant
3065 2829 3424 2900 constitutae,
3460 2834 3525 2886 ut

1861 2911 2193 2964 ostenderet
2241 2910 2334 2964 cui
2384 2910 2717 2981 specialiter
2770 2913 3064 2970 scribebat
3095 2917 3310 2986 adjecit
3341 2935 3354 2972 :
3389 2918 3526 2986 Quae

1861 3006 1938 3053 est
1973 2998 2247 3054 Corinthi.
2283 2999 2562 3070 Sequitur
2594 3017 2606 3055 :
2640 2999 3010 3071 Sanctiﬁcatis
3041 3006 3100 3058 in
3129 3005 3340 3064 Christo
3367 3011 3521 3064 Jesu.

1861 3087 2266 3142 Sanctiﬁcatos
2299 3103 2396 3143 eos
2428 3088 2591 3154 dicit,
2624 3089 2728 3160 qui
2759 3106 2863 3160 per
2890 3107 3106 3162 aquam
3139 3094 3418 3166 baptismi
3466 3102 3526 3152 et

1858 3174 2106 3246 gratiam
2128 3175 2316 3232 sancti
2349 3175 2606 3246 Spiritus
2627 3181 2768 3231 sunt
2790 3179 3078 3236 renati.Ut
3104 3187 3300 3238 autem
3324 3190 3522 3240 osten-

1861 3263 2025 3319 deret
2059 3261 2157 3318 ubi
2178 3262 2510 3318 celebratur
2533 3263 2654 3318 haec
2675 3267 3084 3337 sanctificatio,
3120 3272 3426 3342 adjunxit:
3454 3278 3522 3331 In

1780 3335 1823 3402 C
1863 3351 2076 3407 Christo
2103 3353 2232 3407 Jesu
2263 3369 2282 3406 :
2312 3351 2440 3407 sine
2469 3351 2598 3424 ipso
2630 3353 2790 3410 enim
2825 3355 2987 3412 nulla
3014 3335 3405 3417 sanctiﬁcatio
3427 3379 3521 3420 ce-

1863 3440 2145 3496 lebratur.

1935 3530 2144 3584 Vocatis
2171 3530 2395 3584 sanctis.
2428 3534 2546 3586 Hoc
2576 3530 2648 3588 de
2679 3531 2772 3587 his
2805 3532 3030 3590 dictum
3059 3540 3168 3604 est,
3203 3538 3302 3610 qui
3323 3537 3383 3594 in
3407 3539 3524 3596 ﬁde

1861 3624 2403 3693 perseveraverunt;
2451 3638 2600 3692 quos
2629 3622 2758 3679 ideo
2779 3622 3003 3692 laudat,
3037 3631 3104 3682 ut
3151 3643 3255 3700 per
3275 3627 3525 3687 istorum

1860 3709 2120 3775 laudem,
2151 3726 2273 3777 eos,
2328 3709 2430 3781 qui
2485 3712 2714 3783 decepti
2765 3718 2924 3783 sunt,
2976 3716 3048 3772 ad
3095 3716 3358 3788 pristinas
3389 3716 3550 3774 fidei.

1862 3804 2086 3856 statum
2118 3815 2387 3855 revocare
2417 3805 2638 3870 posset.
2673 3802 2784 3858 Sed
2816 3806 3109 3874 quomodo
3142 3823 3241 3863 eos
3285 3811 3526 3864 sanctos

1863 3893 2102 3944 vocatos
2159 3888 2338 3942 dicit?
2395 3888 2675 3961 Nunquid
2723 3892 2912 3948 sancti
2971 3899 3140 3950 erant
3171 3912 3306 3956 cum
3335 3895 3546 3956 vocati.

1865 3977 2041 4034 sunt?
2071 3977 2311 4034 Minime
2341 3994 2355 4032 :
2391 3977 2493 4034 sed
2525 3979 2714 4036 vocati
2751 3980 2894 4040 facti
2942 3988 3084 4040 sunt
3130 3985 3315 4041 sancti
3350 3984 3521 4057 (488).

1866 4068 1942 4123 Ec
1973 4083 2184 4138 genere
2213 4066 2548 4134 locutionis,
2587 4085 2703 4140 quo
2752 4068 2974 4127 dictum
3020 4075 3113 4128 est
3164 4091 3176 4130 :
3231 4074 3527 4131 Mulierem

1864 4158 2064 4227 fortem
2085 4158 2208 4227 quis
2240 4158 2486 4212 inveniet
2515 4157 2696 4229 (Prov.
2728 4177 2883 4231 xxxr,
2920 4161 3029 4232 10).
3527 4145 3538 4154 ’

1941 4245 2076 4301 Cum
2120 4246 2396 4314 omnibus,
2427 4249 2808 4318 quiinvoeant
2839 4266 3035 4308 nomen
3083 4252 3318 4312 Domini
3350 4254 3529 4309 nostri

1864 4336 1993 4391 Jesu
2022 4334 2251 4403 Christi,
2299 4339 2362 4390 in
2404 4339 2562 4392 omni
2611 4338 2729 4394 loco.
2772 4340 3026 4410 ipsorum
3043 4348 3097 4400 et
3129 4350 3329 4398 nostro.
3378 4342 3528 4407 Quid

1870 4425 1978 4480 hoc
2009 4425 2163 4480 dictu
2202 4424 2388 4480 voluit
2438 4427 2766 4489 ostendere,
2799 4443 2934 4482 cum
2965 4427 3070 4495 ait,
3100 4430 3164 4483 in
3191 4429 3345 4484 omni
3373 4430 3531 4486 loco?

1869 4513 2271 4584 Scilicet,quia
2301 4514 2638 4584 quicunque
2667 4515 2968 4570 credentes
3000 4515 3528 4584 inveniuntur,tam

1871 4603 1976 4658 exJ
1989 4601 2377 4671 udzeis,quam
2395 4602 2670 4672 gentibus
2685 4606 2742 4657 et
2754 4603 3112 4676 ubicumque
3129 4605 3529 4676 inveniuntur,

102 4709 213 4759 xm,
248 4695 323 4766 1),
358 4694 478 4750 Sed
526 4709 708 4764 quare
751 4709 892 4748 eum
936 4710 1052 4748 non
1094 4693 1318 4749 vocavit
1366 4695 1710 4766 Apostolum
1732 4696 1760 4751 ‘I
1790 4709 1838 4772 D
1874 4707 2061 4747 unum
2092 4706 2223 4746 esse
2246 4689 2624 4760 debent,quia
2646 4692 2823 4748 unius
2844 4693 3056 4764 capitis
3079 4695 3346 4752 membra
3367 4701 3530 4754 sunt.

104 4779 394 4852 Videlicet,
429 4783 580 4854 quia
609 4782 872 4838 nondum
904 4788 1030 4840 erat
1060 4787 1234 4839 tanta:
1279 4783 1663 4851 auctoritatis,
1698 4789 1763 4840 ut

107 4869 203 4927 hcc
233 4871 480 4928 nomine
513 4871 732 4944 dignus
762 4876 936 4928 esset.

166 4963 362 5019 Frater
389 4961 558 5019 varie
587 4961 827 5033 ponitur
857 4962 915 5017 in
948 4961 1288 5034 Scripturis.
1312 4967 1588 5019 Attamen
1607 4961 1762 5017 hunc

109 5052 418 5122 Apostolus
451 5053 698 5107 fratrem
727 5053 953 5107 vocavit
984 5069 1162 5107 causa
1190 5053 1523 5124 adoptionis
1574 5055 1631 5106 et
1677 5051 1759 5106 af-

110 5138 384 5197 fectionis.
422 5141 595 5199 Unde
625 5142 913 5213 scriptum
943 5146 1034 5197 est
1063 5143 1192 5197 Ecce
1223 5158 1235 5197 :
1267 5159 1436 5214 quam
1465 5141 1669 5198 bonum
1715 5148 1766 5195 et

349 5342 413 5397 Ῑο
449 5343 679 5418 εμιῐοεη
702 5337 1203 5418 ξιίο-Ιεείιυιχοειρ.
1240 5339 1305 5418 Ι..
1354 5409 1363 5418 η
1627 5409 1662 5418 ‘_

175 5409 316 5482 (487)
342 5413 500 5469 Psal.
536 5409 670 5481 xxv,
700 5412 754 5463 5.
789 5411 1034 5466 Textum
1064 5409 1223 5482 hunc
1251 5409 1513 5482 divinare
1545 5409 1762 5480 potius,

114 5497 277 5605 quam
301 5480 693 5558 interpretari
724 5482 871 5538 mihi
903 5484 991 5538 fas
1021 5481 1132 5536 fuit
1163 5497 1176 5535 :
1212 5480 1294 5535 ita
1341 5481 1496 5561 enim
1543 5484 1700 5562 jacet
1737 5497 1767 5536 o

147 5556 312 5605 initas:
356 5575 438 5605 m-
491 5558 641 5605 Cum
687 5554 845 5605 enim
895 5555 965 5605 de
1017 5553 1271 5605 Ecclesia
1311 5554 1764 5605 malignantium

147 5556 312 5613 milia
356 5575 438 5614 m.
471 5553 641 5633 'Cum
687 5554 845 5609 enim
895 5555 965 5609 de
1017 5553 1271 5633 Ecclesia
1307 5553 1764 5633 malignantium

116 5640 290 5684 sermo
321 5633 502 5698 esset,
538 5628 610 5683 ad
639 5643 768 5682 eam
802 5630 1023 5682 textum
1048 5624 1260 5698 referri
1289 5623 1500 5680 debere
1540 5623 1766 5698 censui.

117 5700 308 5773 Itaque
338 5706 405 5757 ut
425 5696 595 5773 jacet
611 5698 790 5773 _0divi,
825 5696 1094 5773 quamvis
1111 5696 1322 5773 littera
1351 5711 1381 5752 ο
1408 5697 1657 5773 seorsim
1674 5711 1773 5768 po-

118 5767 505 5848 sita'legatur,
537 5770 623 5829 uti
657 5767 871 5846 saepius
899 5768 1212 5842 contingit,
1233 5767 1424 5843 primo
1453 5767 1770 5844 legendum

1871 4779 2034 4834 Unde
2066 4779 2123 4834 in
2156 4777 2464 4850 Evangelia
2487 4779 2932 4837 DominuszErit
2954 4799 3130 4838 unum
3147 4785 3290 4842 ovile
3319 4792 3370 4840 et
3387 4800 3532 4842 unus

1871 4876 2056 4940 pastor
2085 4869 2262 4939 (Joan.
2291 4885 2346 4938 x,
2381 4869 2488 4939 16).
2523 4867 2730 4936 Aliter,
2781 4875 2846 4925 ut
2889 4871 3131 4942 quidam
3179 4873 3402 4940 volunt,
3436 4874 3533 4943 qui

1873 4962 1928 5014 in
1939 4962 2129 5014 vocant
2149 4974 2346 5014 nomen
2367 4959 2591 5014 Domini
2606 4961 2783 5015 nostri
2801 4961 2927 5016 Jesu
2948 4959 3255 5029 Christi,de
3269 4962 3532 5018 sacerdo-

1871 5047 2033 5103 tibus
2059 5047 2282 5104 dictum
2314 5049 2711 5120 est,quoniam
2744 5050 3007 5121 ipsorum
3040 5056 3132 5107 est
3159 5049 3411 5121 speciale
3441 5050 3531 5106 in-

1873 5154 2077 5194 vocare
2105 5153 2316 5194 nomen
2343 5138 2598 5194 Domini.
2631 5137 2794 5194 Unde
2825 5138 2883 5194 in
2914 5138 3041 5212 lege
3071 5139 3358 5209 scriptum
3400 5144 3530 5196 est:

1877 5337 2076 5408 putavi
2119 5353 2131 5390 :
2167 5337 2588 5406 expungendus
2634 5336 2842 5391 deinde
2886 5335 3112 5394 litteras
3141 5345 3180 5392 t.
3214 5338 3254 5392 i.
3291 5342 3534 5393 Demum

1879 5410 2102 5462 litteras
2155 5424 2244 5479 ae,
2297 5408 2452 5460 verbi
2510 5408 2817 5473 ecclesiam,
2865 5409 3020 5478 quod
3079 5425 3229 5479 saepe
3285 5409 3535 5465 azcclesia

1878 5479 2177 5551 scribitur,
2211 5478 2464 5551 litteram
2501 5495 2574 5545 ιη,
2610 5479 2798 5534 verbis
2848 5478 3289 5551 indignantium
3337 5479 3534 5551 initia-

1879 5548 2326 5622 lemesse'mihi
2370 5548 2560 5622 visum
2613 5555 2705 5606 est
2754 5567 2766 5604 :
2821 5549 2959 5608 alibi
2995 5548 3159 5607 enim
3210 5549 3537 5622 sazpissime

1880 5620 2207 5694 initialibus
2223 5619 2450 5694 litteris
2481 5624 2673 5694 textus
2703 5622 2950 5694 exprimi
2982 5621 3191 5680 solent.

1951 5694 2102 5823 (488)
2130 5690 2415 5775 Videatur
2435 5693 2616 5775 epist.
2660 5693 2743 5776 .ad
2780 5690 2961 5753 'Rom.
3002 5695 3074 5753 ad
3122 5693 3326 5752 eadem
3355 5691 3536 5752 verba

2023 5768 2190 5823 initio
2225 5780 2238 5823 :
2267 5771 2470 5823 vocatis
2493 5764 2712 5823 sanctis.
3195 5805 3198 5810 -

1880 5763 1990 5824 sub
2023 5763 2190 5823 initio
2225 5780 2238 5824 :
2267 5763 2712 5824 vocatis—sanctis.
3195 5805 3198 5810 -
