3942 6400
362 479 474 541 291

1380 472 1723 537 ATTONIS
1768 470 2358 537 VERCELLENSIS
2404 474 2757 540 EPISCOPI

3660 476 3780 537 292

348 611 442 669 Sic
472 611 805 667 benedicelis
836 610 981 680 ﬁlios
1011 610 1196 676 Israel,
1229 611 1550 666 invocantes
1594 623 1792 664 nomen
1818 622 2004 662 meum
2033 608 2087 674 Α
2116 607 2474 676 docuit,cum
2489 608 2879 681 quadraginta
2891 606 3185 675 diebus,et
3204 604 3480 662 noctibus
3499 605 3782 663 continue

350 716 520 772 super
547 716 634 757 eos
682 700 866 771 (Num.
894 717 972 767 v1,
1004 700 1096 771 23)
1133 716 1146 754 :
1179 703 1237 755 et
1267 698 1581 754 Psalmista
1613 712 1626 751 :
1660 696 1881 752 Samuel
1919 697 2013 750 in-

348 793 434 845 ter
482 804 572 845 eos
622 791 724 861 qui
773 791 1035 845 invocant
1078 802 1280 843 nomen
1335 787 1452 857 ejus
1493 786 1663 857 (Psal.
1700 801 1898 856 xcvm,
1929 785 2009 855 6).

347 877 585 935 Samuel
606 877 822 950 quippe
838 893 954 933 non
978 876 1089 931 fuit
1105 877 1175 931 de
1197 875 1377 947 stirpe
1404 876 1627 943 Aaron;
1650 890 1851 929 verum
1875 871 2013 945 quia

348 967 421 1022 de
451 967 610 1022 tribu
643 966 778 1022 Levi
807 968 971 1022 ortus
1003 965 1052 1035 (Ι
1074 966 1208 1019 Par.
1233 980 1309 1035 v1,
1330 964 1444 1033 28),
1476 969 1542 1019 ut
1571 964 1631 1018 in
1664 962 1814 1017 libro
1842 966 2015 1017 Para.

349 1054 744 1127 lipomenonis
778 1053 1074 1125 legitur,et
1107 1053 1382 1109 sacerdos
1412 1052 1659 1118 exstitit,
1690 1057 1747 1106 et
1766 1052 1881 1107 Deo
1914 1067 2007 1106 sa-

351 1143 632 1199 crificium
689 1142 931 1209 obtulit;
990 1141 1238 1214 ideoque
1266 1141 1586 1197 Psalmista
1641 1140 1782 1196 dicit
1814 1157 1829 1196 :
1861 1142 2011 1195 Inter

349 1249 454 1300 eos,
489 1234 586 1305 qui
614 1233 888 1299 invocant,
922 1231 983 1286 id
1013 1234 1122 1300 est,
1157 1230 1311 1286 inter
1340 1230 1699 1286 sacerdotes.
1727 1232 1842 1284 Cur
1870 1242 2005 1300 ergo

347 1321 459 1377 hoc
489 1322 570 1377 ait
600 1318 955 1393 Apostolus?
986 1320 1061 1375 Ut
1091 1319 1444 1390 ostenderet,
1491 1318 1631 1390 quia
1675 1318 2006 1374 sacerdotes

345 1410 407 1464 in
438 1409 695 1466 Ecclesia
722 1409 940 1476 locum,
971 1407 1030 1462 id
1062 1412 1152 1463 est
1179 1406 1389 1473 vicem,
1421 1411 1479 1463 et
1506 1406 1767 1462 ofﬁcium
1808 1408 2008 1461 tenent

347 1498 762 1570 Apostolorum
803 1514 817 1551 :
861 1497 1019 1552 unde
1067 1502 1124 1552 et
1170 1495 1421 1568 apostoli
1469 1493 1859 1552 Bcclesiarum
1902 1510 2006 1550 vo-

348 1592 576 1643 cantur.

420 1675 622 1748 Igitur,
637 1675 777 1747 quia
808 1674 1092 1747 praemisit
1123 1690 1137 1728 :
1169 1676 1284 1744 Qui
1310 1676 1566 1729 invocant
1591 1689 1796 1728 nomen
1817 1672 2005 1727 Domi-

345 1767 410 1820 ni
437 1767 565 1822 Jesu
595 1765 830 1827 Christi;
861 1780 935 1820 ne
963 1763 1110 1819 forte
1147 1763 1444 1819 videretur
1488 1761 1916 1827 auctoritatem,
1948 1765 2006 1815 et

348 1855 570 1909 donum
604 1855 702 1909 Dei
732 1852 921 1908 Patris
962 1850 1304 1922 exclusisse,
1335 1850 1535 1906 intulit
1562 1868 1575 1906 :
1610 1849 1798 1906 Gratia
1825 1848 2002 1918 vobis,

347 1951 401 1998 et
422 1958 548 2014 pas:
575 1960 611 1999 a
638 1943 744 1998 Deo
775 1943 938 1997 Patre
968 1944 1165 1996 nostro.
1210 1939 1435 2006 Quibus
1484 1938 1678 2044 verbis
1727 1939 2005 2039 admonet
2032 1979 2081 2044 B

346 2032 661 2087 Dominum
692 2031 900 2087 Jesum
926 2029 1254 2095 Christum,
1300 2029 1454 2084 sicut
1495 2028 1681 2083 Deum
1729 2027 2002 2083 invocan-

346 2122 488 2176 dum
523 2138 536 2176 :
571 2135 806 2177 omnem
836 2124 1033 2175 tamen
1066 2118 1337 2192 gratiam,
1362 2121 1419 2172 et
1447 2117 1691 2187 donum,
1722 2116 1795 2172 ad
1817 2116 2000 2171 Deum

346 2215 579 2266 Patrem
610 2209 999 2276 referendum,
1033 2224 1101 2263 ex
1127 2223 1242 2279 quo
1266 2210 1405 2262 sunt
1424 2206 1654 2261 omnia:
1684 2205 2001 2261 ostendens

347 2301 517 2366 duos,
551 2299 609 2354 id
639 2302 750 2367 est,
784 2299 933 2354 duas
966 2296 1173 2362 Patris,
1209 2300 1264 2351 et
1294 2293 1421 2351 Filii
1453 2310 1758 2366 personas,
1778 2294 1877 2366 qui
1900 2308 2002 2366 per

347 2388 711 2443 divinitatem
743 2402 929 2442 unum
961 2389 1121 2452 sunt,
1143 2389 1200 2440 et
1217 2384 1406 2440 Patris
1439 2383 1848 2439 auctoritatem
1871 2399 2001 2439 esse

348 2476 1068 2550 proferendam.Praaterea
1084 2473 1416 2539 sciendum,
1442 2473 1581 2544 quia
1607 2472 1704 2527 bis
1731 2472 1925 2527 verbis
1945 2477 2002 2527 et

351 2564 757 2622 remissionem
805 2568 1174 2636 peccatorum
1206 2561 1524 2618 Corinthiis
1567 2564 1750 2633 optat,
1800 2564 1857 2615 et
1906 2562 1999 2617 Dei

348 2653 901 2711 reconciliationem.
965 2651 1159 2707 Gratia
1209 2650 1426 2723 quippe
1469 2649 1688 2704 donum
1729 2653 1835 2719 est,
1885 2666 2000 2721 quo

347 2747 586 2817 peccata
639 2742 941 2811 laxantur;
1000 2740 1159 2795 unde
1214 2743 1272 2795 et
1329 2737 1517 2812 gratia
1567 2738 1725 2793 dicta
1773 2742 1880 2805 est,
1934 2755 2000 2795 eo

350 2833 504 2904 quod
536 2830 718 2903 gratis
746 2830 917 2886 detur
949 2846 963 2885 :
985 2845 1103 2900 pax
1128 2844 1263 2883 vero
1291 2831 1523 2898 est,qua
1547 2825 1996 2883 reconciliamur

420 3009 621 3082 Igitur,
655 3008 795 3080 quia
823 3006 1009 3080 gratia
1042 3010 1100 3062 et
1132 3022 1261 3078 pax,
1296 3021 1421 3076 quae
1459 3008 1598 3059 sunt
1630 3021 1664 3059 a
1696 3004 1834 3075 Deo,
1862 3008 2001 3059 sunt

346 3105 403 3157 et
434 3101 506 3156 ab
537 3097 841 3170 unigenito
880 3096 1022 3152 Filio
1057 3096 1206 3167 ejus,
1235 3093 1450 3164 adjecit
1481 3109 1493 3147 :
1527 3094 1591 3147 Et
1620 3095 1846 3149 Domino
1874 3096 1999 3149 Jesu

344 3191 579 3248 Christo.
610 3190 902 3252 Attamen,
934 3182 1203 3258 quamvis
1232 3183 1501 3252 latenter,
1533 3181 1713 3237 totius
1745 3182 1997 3238 Trinita-

344 3278 423 3333 tis
448 3278 512 3332 in
542 3277 653 3333 hoc
684 3277 809 3330 loco
840 3272 1157 3346 Apostolus
1187 3270 1540 3328 mentionem
1575 3271 1712 3326 facit
1753 3295 1767 3326 :
1809 3272 1999 3342 gratia

2114 697 2423 767 jejunavit.
2461 698 2622 763 Quod
2654 702 2851 753 autem
2878 696 3062 767 addit,
3093 712 3191 767 pro
3222 695 3522 762 vobis,non
3556 695 3777 751 intelli-

2122 786 2378 857 gendum
2408 791 2499 843 est
2528 804 2631 858 pro
2664 786 2965 853 divitibus,
2999 790 3101 841 aut
3130 784 3491 856 potentibus,
3524 786 3627 841 sed
3668 801 3776 857 pro

2122 874 2305 943 vobis,
2339 875 2397 930 id
2429 880 2537 941 est,
2571 874 2671 946 qui
2694 875 2751 929 in
2773 875 2887 929 fide
2908 872 3346 946 perseveraetis.
3378 874 3438 928 In
3458 873 3644 944 gratia
3658 890 3681 934 ;
3712 871 3773 927 id

2120 968 2231 1030 est,
2262 980 2366 1034 pro
2396 963 2826 1036 gratia.Verum
2858 962 2997 1035 quia
3026 966 3166 1018 sunt
3195 961 3601 1034 nonnulli,qui
3623 961 3775 1016 divi-

2119 1051 2335 1106 tiarum
2367 1055 2733 1107 terrenarum
2764 1052 3015 1124 gratiam
3047 1051 3265 1107 habent
3298 1068 3311 1106 :
3341 1066 3413 1107 ne
3445 1051 3591 1107 forte
3614 1050 3775 1123 vide-

2119 1142 2280 1193 retur
2326 1138 2632 1210 Apostolus
2669 1156 2773 1211 pro
2820 1139 3163 1210 hujusmodi
3208 1140 3426 1212 gratias
3475 1138 3771 1207 retulisse,

2117 1225 2338 1295 intulit,
2368 1227 2485 1282 Dei.
2520 1227 2768 1296 Rursus,
2803 1228 2942 1299 quia
2994 1227 3147 1283 hanc
3178 1228 3424 1301 gratiam
3476 1244 3593 1284 non
3643 1226 3773 1283 suis

2118 1315 2368 1381 meritis,
2403 1316 2504 1370 sed
2542 1315 2739 1370 divina
2769 1315 3038 1387 largitate
3070 1316 3263 1387 adepti
3296 1319 3456 1383 sunt,
3505 1316 3722 1387 adjecit
3756 1332 3770 1370 :

2115 1406 2255 1474 Quae
2301 1404 2429 1460 data
2493 1408 2574 1459 est
2619 1406 2769 1460 vobis
2829 1406 2888 1459 in
2959 1405 3172 1461 Christo
3212 1406 3357 1476 Jesu,
3409 1406 3467 1460 id
3521 1409 3611 1462 est
3668 1422 3777 1477 per

2116 1491 2415 1548 Christum
2445 1494 2666 1549 Iesum.
2700 1493 2815 1549 Cur
2845 1499 3041 1550 autem
3074 1496 3287 1551 referat
3315 1494 3557 1567 gratias,
3577 1494 3774 1550 mani-

2115 1580 2292 1635 festat
2321 1596 2335 1635 :
2362 1583 2515 1651 Quia
2543 1582 2599 1636 in
2631 1582 2882 1637 omnibus
2909 1582 3107 1638 divites
3132 1585 3268 1654 facti
3297 1585 3424 1639 estis
3452 1586 3514 1639 in
3545 1583 3665 1652 illo,
3710 1585 3775 1639 in

2115 1670 2270 1724 omni
2293 1671 2474 1738 verbo,
2496 1675 2607 1726 etc.
2636 1670 2700 1725 In
2728 1669 2851 1741 illo,
2886 1671 2944 1726 id
2972 1674 3080 1743 est,
3108 1688 3211 1744 per
3241 1671 3430 1727 illum.
3464 1672 3576 1728 Sed
3605 1688 3773 1744 quaa-

2115 1758 2364 1812 rendum
2395 1762 2484 1813 est
2512 1759 2727 1830 quibus
2758 1758 2975 1814 divitiis
3006 1758 3139 1815 illos
3167 1761 3324 1816 dicat
3348 1760 3583 1817 ditatos.
3606 1760 3773 1815 Nun-

2116 1846 2256 1917 quid
2286 1846 2433 1913 auri,
2466 1851 2568 1902 aut
2597 1849 2861 1919 argenti?
2900 1849 3047 1905 Non.
3099 1850 3210 1905 Sed
3260 1849 3401 1919 illis,
3432 1850 3501 1906 de
3549 1849 3772 1922 quibus

2115 1933 2296 1990 Isaias
2327 1935 2511 1991 dicit:
2542 1937 2762 1992 Divitiae
2809 1938 3028 2008 salutis,
3075 1939 3368 2008 sapientia,
3409 1942 3461 1994 et
3505 1938 3771 2007 scientia,

2112 2026 2283 2080 timor
2331 2026 2569 2092 Domini,
2618 2027 2735 2098 ipse
2779 2030 3075 2082 thesaurus
3103 2030 3227 2097 ejus
3272 2027 3400 2098 (lsa.
3450 2044 3655 2095 χχχιιι,
3686 2028 3772 2100 6).

2113 2112 2276 2168 Unde
2305 2114 2641 2185 Apostolus,
2694 2118 2758 2170 ut
2805 2116 3139 2171 ostenderet
3182 2117 3252 2171 de
3298 2118 3514 2189 quibus
3548 2116 3771 2173 divitiis

2113 2202 2341 2270 dixerit,
2358 2204 2625 2274 adjunxit
2657 2221 2669 2259 :
2704 2206 2765 2258 In
2794 2207 2948 2260 omni
2973 2207 3134 2261 verbo
3161 2213 3212 2260 et
3243 2207 3303 2260 in
3334 2208 3488 2261 omni
3512 2207 3769 2262 scientia.

2115 2292 2343 2347 l'erbum
2375 2292 2485 2347 hoc
2513 2292 2639 2348 loco
2671 2310 2786 2349 non
2816 2294 3128 2350 essentiale
3157 2294 3606 2366 intelligendum
3655 2300 3768 2362 est,

2110 2381 2212 2435 sed
2243 2381 2729 2453 nuncupativum.
2763 2387 2831 2439 In
2862 2385 3014 2437 omni
3042 2384 3223 2450 verbo,
3257 2383 3315 2437 id
3348 2387 3458 2452 est,
3491 2383 3552 2440 in
3582 2384 3769 2453 omni,

2110 2470 2393 2525 doctrina.
2432 2471 2675 2527 Scientia
2705 2476 2898 2527 autem
2934 2476 3041 2541 est,
3075 2486 3208 2527 cum
3241 2489 3334 2527 res
3377 2471 3579 2544 aliqua
3609 2478 3771 2529 certa

2110 2557 2336 2614 ratione
2369 2560 2707 2631 percipitur.
2743 2561 3060 2616 Sciendum
3089 2577 3246 2633 vero,
3281 2560 3420 2633 quia
3456 2563 3773 2618 voluerunt

2111 2647 2377 2702 nonnulli
2410 2648 2519 2703 hoc
2549 2648 2675 2704 loco
2706 2648 3031 2705 humanam
3062 2650 3274 2706 debere
3302 2649 3551 2723 intelligi
3580 2652 3773 2708 scien-

2110 2735 2284 2803 tiam;
2316 2735 2563 2807 ideoque
2595 2737 2769 2809 paulo
2800 2737 3045 2793 inferius
3077 2738 3312 2793 additur
3345 2756 3359 2793 :
3392 2740 3472 2794 Ita
3520 2743 3581 2794 ut
3612 2738 3772 2795 nihil

2108 2824 2259 2879 vobis
2288 2824 2427 2879 desit
2444 2827 2500 2879 in
2522 2826 2639 2880 ulla
2658 2828 2878 2894 gratia;
2910 2827 3186 2898 quoniam
3218 2827 3493 2884 Salomon
3514 2827 3771 2900 loquens

2109 2913 2181 2969 de
2212 2913 2519 2985 sapientia,
2568 2916 2722 2970 inter
2768 2915 2883 2971 alia
2924 2916 3005 2972 ait
3039 2933 3051 2970 :
3092 2918 3365 2973 Venerunt
3408 2918 3551 2972 mihi
3577 2920 3773 2974 omnia

2111 3003 2249 3058 bona
2287 3005 2503 3075 pariter
2546 3020 2672 3061 cum
2700 3006 2800 3060 illa
2831 3005 2984 3077 (Sap.
3017 3021 3114 3073 vn,
3151 3005 3238 3077 11)
3273 3022 3286 3061 :
3323 3007 3422 3078 qui
3466 3006 3623 3062 enim
3672 3024 3773 3063 sa-

2110 3092 2277 3164 piens
2308 3098 2416 3162 est,
2440 3092 2663 3149 nullam
2701 3094 2922 3167 patitur
2954 3096 3282 3167 penuriam.
3317 3096 3426 3151 Sed
3460 3095 3673 3152 melius
3708 3096 3771 3152 in

2108 3181 2215 3237 hoc
2236 3181 2361 3237 loco
2384 3182 2666 3253 spiritalis
2686 3183 2930 3239 scientia
2950 3183 3325 3256 intelligitur,
3348 3201 3525 3257 quam
3552 3185 3770 3242 buma-

2109 3287 2212 3326 na:
2229 3271 2438 3326 divites
2455 3271 2608 3327 enim
2630 3272 2811 3327 factos
2829 3272 2969 3327 dicit
2988 3273 3045 3327 in
3064 3274 3223 3328 omni
3242 3273 3501 3339 verbo,et
3520 3274 3580 3330 in
3600 3276 3773 3330 omni

346 3366 504 3423 enim
528 3370 586 3422 et
615 3383 728 3438 pax
756 3345 910 3420 dona
937 3366 1078 3419 sunt
1105 3361 1359 3433 Spiritus
1402 3360 1589 3415 sancti
1627 3378 1641 3415 :
1673 3375 1807 3415 cum
1858 3377 1996 3433 ergo
2027 3345 2069 3411 C
2107 3360 2371 3426 scientia,
2391 3360 2529 3432 quia
2558 3360 2618 3415 in
2650 3368 2886 3433 accepta
2915 3363 3104 3433 gratia
3134 3369 3591 3434 perseverantes,
3627 3363 3769 3421 doc-

346 3456 533 3528 gratia
559 3460 615 3511 et
645 3471 756 3528 pax
785 3456 1041 3525 optatur,
1071 3450 1327 3523 Spiritus
1357 3448 1727 3520 sanctus,qui
1760 3453 1849 3505 est
1878 3454 1992 3505 ter-

348 3547 432 3603 tia
459 3545 519 3600 in
551 3543 859 3600 Trinitatis
892 3554 1141 3613 persona
1172 3537 1639 3594 commendatur.

415 3636 636 3690 Gratias
660 3642 760 3703 ago
789 3633 893 3686 Deo
908 3644 1026 3685 meo
1054 3643 1267 3699 semper
1296 3643 1398 3699 pro
1418 3628 1589 3682 vobis.
1631 3626 1811 3681 Solito
1833 3644 1994 3682 more

340 3743 375 3782 a
403 3722 725 3797 gratiarum
765 3719 939 3791 caepit
987 3716 1235 3781 actione,
1285 3719 1352 3769 ut
1397 3730 1537 3769 suos
1590 3714 1887 3769 auditores
1919 3715 1990 3769 ad

342 3812 586 3868 meliora
623 3811 980 3882 provocarat.
1034 3806 1097 3859 In
1136 3816 1262 3876 ‘quo
1312 3805 1462 3858 facto
1513 3802 1992 3875 praedicatoribus

345 3900 580 3973 reliquit
608 3895 964 3969 exemplum,
997 3899 1064 3949 ut
1092 3909 1205 3949 non
1238 3893 1413 3948 modo
1460 3909 1565 3964 pro
1612 3893 1760 3956 suis,
1794 3893 1894 3948 sed
1936 3898 1993 3948 et

344 4008 450 4063 pro
479 3988 815 4046 auditorum
845 3998 1089 4041 suorum
1122 3981 1479 4056 profectibus
1501 3985 1612 4037 Deo
1643 3982 1862 4053 gratias
1902 3998 1992 4037 re-

339 4081 492 4137 ferre
540 4077 836 4134 studeant.
887 4073 1143 4130 Dicendo
1189 4076 1383 4128 autem
1434 4072 1560 4140 Deo,
1582 4071 1768 4136 docet,
1827 4076 1894 4127 ut
1941 4072 1991 4127 si

340 4170 518 4225 homo
548 4167 621 4223 ab
651 4164 891 4221 homine
920 4161 1145 4235 aliquid
1173 4160 1312 4217 boni
1343 4160 1537 4224 discit,
1577 4176 1691 4215 non
1740 4160 1990 4229 homini,

345 4259 447 4314 sed
507 4262 624 4312 Deo
672 4252 949 4322 ascribat,
998 4254 1056 4307 et
1099 4248 1319 4323 gratias
1366 4254 1545 4321 agat:
1581 4248 1800 4303 frustra
1834 4249 1990 4304 enim

342 4348 568 4404 laborat
595 4359 790 4402 sermo
821 4339 1221 4415 praedicatoris
1252 4336 1644 4405 exterius,nisi
1678 4337 1831 4393 adsit
1858 4353 1989 4409 gra-

338 4437 419 4493 tia
449 4434 642 4493 sancti
670 4433 947 4506 Spiritus,
998 4446 1126 4502 quae
1175 4432 1431 4484 mentem
1473 4427 1677 4482 doceat
1720 4426 1987 4482 interius.

336 4526 447 4582 Meo
471 4540 607 4581 vero
647 4522 897 4590 addidit,
949 4524 1015 4575 ut
1058 4518 1412 4584 ostenderet,
1460 4515 1603 4587 quia
1650 4519 1824 4581 Deus,
1879 4515 1989 4571 etsi

341 4618 553 4671 natura
580 4611 847 4668 omnium
894 4612 980 4664 est
1025 4612 1206 4675 Deus;
1255 4605 1397 4678 quia
1443 4605 1710 4661 omnium
1755 4605 1992 4661 Creator

339 4707 396 4758 et
436 4702 648 4772 judex;
699 4697 997 4753 voluntate
1045 4698 1242 4751 tamen
1288 4698 1346 4750 et
1396 4692 1607 4749 merito
1665 4709 1988 4765 paucorum
2018 4714 2066 4781 Β

337 4794 445 4859 est,
471 4789 531 4845 id
563 4792 653 4846 est
680 4786 1022 4853 electorum,
1047 4798 1296 4855 quorum
1325 4781 1696 4839 solummodo
1734 4787 1823 4839 est
1868 4782 1989 4839 haec

333 4895 440 4936 VOX
448 4922 460 4935 .

407 4968 778 5041 Itaque,quia
809 4969 949 5022 sunt
974 4960 1261 5031 nonnulli,
1295 4960 1394 5031 qui
1427 4964 1545 5015 tam
1578 4960 1637 5014 in
1668 4963 1983 5033 prosperis,

335 5057 594 5130 quamin
626 5057 903 5123 adversis,
939 5068 1053 5109 non
1085 5050 1496 5117 continuatim,
1529 5051 1629 5104 sed
1664 5051 1732 5105 ad
1754 5054 1987 5121 tempus

332 5146 449 5202 Deo
476 5143 695 5214 gratias
717 5142 978 5198 referunt
1004 5157 1016 5197 :
1042 5144 1108 5195 ut
1125 5140 1479 5195 monstraret
1500 5137 1836 5208 Apostolus,
1864 5144 1984 5193 tam

331 5235 391 5288 in
423 5232 926 5305 prosperis,quam
958 5231 1015 5285 in
1048 5227 1608 5298 adversis,continue
1630 5226 1745 5282 Deo
1767 5227 1985 5298 gratias

333 5321 690 5389 referendas,
721 5318 1009 5389 adjunxit,
1042 5334 1273 5390 semper.
1305 5316 1425 5372 Hoc
1474 5315 1649 5371 etiam
1699 5314 1983 5370 Dominus

405 5479 553 5551 (489)
587 5482 790 5551 Autog.
823 5477 999 5551 habet
1017 5480 1077 5532 in
1110 5477 1553 5551 templum,quod
1587 5475 1657 5551 ad
1682 5476 1982 5551 meliorem

334 5547 640 5631 lectionem
672 5547 1058 5631 redigendum
1087 5547 1558 5631 censniSensus
1578 5547 1821 5631 fortasse
1872 5547 1981 5631 hu:

322 5625 495 5707 jusce
523 5619 1020 5694 interpretationis
1069 5621 1140 5675 ad
1188 5619 1329 5675 illud
1362 5619 1561 5675 referri
1602 5620 1793 5705 debet,
1826 5619 1983 5702 quod

330 5695 488 5751 idem
520 5692 823 5761 apostolus
870 5691 981 5747 hac
1005 5695 1180 5761 _Ep.c.
1212 5708 1297 5761 ιιι,
1327 5707 1383 5747 v.
1418 5692 1484 5745 16
1517 5708 1530 5745 :
1564 5690 1817 5758 Nescitis,
1849 5706 1983 5761 quia

330 5691 488 5751 idem
520 5691 823 5766 apostolus
870 5691 981 5747 hac
1022 5695 1180 5763 Ep.c.
1212 5708 1276 5745 ιιι
1327 5707 1383 5747 v.
1418 5692 1484 5745 16
1517 5708 1530 5745 :
1564 5691 1817 5758 Nescitis,
1849 5692 1983 5761 quia

330 5765 595 5842 templum
622 5765 723 5825 Dei
747 5764 897 5837 estis,
928 5759 1016 5821 vel
1046 5779 1098 5819 v.
1129 5761 1197 5818 17
1225 5778 1239 5820 :
1272 5735 1333 5818 Si
1359 5762 1482 5835 quis
1509 5764 1694 5818 autem
1719 5762 1984 5834 templum

2102 3449 2318 3505 trinam
2347 3448 2629 3521 spiritalis
2656 3451 2911 3506 scientia:
2943 3454 3083 3506 sunt
3112 3451 3509 3524 adepti.Unde
3541 3456 3598 3509 et
3620 3455 3768 3509 sub-

2102 3538 2260 3592 ditur
2292 3556 2304 3593 :
2340 3539 2491 3593 Sicut
2521 3540 2893 3594 testimonium
2922 3539 3135 3595 Christi
3162 3540 3549 3611 conﬁrmatum
3575 3550 3657 3598 est
3704 3546 3767 3599 in

2100 3627 2698 3682 vobis.Testimonium
2724 3629 2940 3701 quippe
2961 3629 3173 3685 Christi
3196 3647 3332 3686 vera
3362 3630 3610 3686 scientia
3636 3637 3761 3689 est:

2102 3716 2257 3787 quod
2289 3715 2349 3770 in
2381 3715 2695 3771 Corinthiis
2739 3718 3150 3773 confirmatum
3196 3723 3341 3787 erat,
3380 3719 3521 3791 quia
3546 3719 3610 3774 in
3643 3720 3762 3777 fide

2101 3804 2628 3875 corroborati,nihil
2651 3806 2722 3862 de
2744 3806 3084 3863 hominibus
3112 3808 3759 3882 sperabant,nullisque

2103 3898 2341 3948 terrenae
2370 3894 2688 3965 voluptatis
2716 3894 3005 3951 illecebris
3036 3896 3281 3963 inducti,
3308 3913 3545 3952 omnem
3589 3914 3761 3971 spem

2101 3997 2271 4038 suam
2292 3981 2351 4036 in
2376 3982 2604 4038 Christo
2631 3983 3261 4039 collocaverant.Aliter
3284 4001 3296 4040 :
3321 3985 3759 4042 Testimonium

2101 4070 2311 4127 Christi
2329 4071 2741 4127 conﬁrmatum
2758 4077 2883 4128 erat
2912 4073 2972 4127 in
3008 4072 3148 4143 illis,
3179 4074 3338 4145 quia,
3373 4075 3531 4147 quod
3554 4075 3757 4133 Chris-

2099 4166 2197 4215 tus
2216 4160 2400 4231 gessit
2419 4160 2479 4214 in
2501 4160 2879 4227 homine,hoc
2904 4162 2964 4216 in
2987 4176 3188 4217 eorum
3215 4163 3445 4219 actibus
3462 4169 3762 4220 monstra-

2100 4248 2275 4302 batur
2295 4248 2355 4302 in
2377 4248 2596 4319 templo
2611 4249 2953 4320 (489).Sicut
2972 4250 3127 4305 enim
3151 4250 3418 4307 Christus
3440 4252 3767 4309 cruciﬁxus

2101 4336 2435 4404 resurrexit,
2469 4337 2763 4410 ccelosque
2792 4339 3162 4405 conscendit;
3213 4339 3295 4395 ita
3324 4344 3382 4396 et
3411 4339 3473 4395 bi
3505 4343 3763 4398 mundo.

2097 4426 2374 4497 vitiisque
2411 4425 2695 4494 cruciﬁxi,
2721 4432 2779 4483 et
2807 4427 3125 4484 virtutibus
3155 4433 3549 4502 resurgentes,
3583 4430 3766 4487 caelos

2099 4530 2202 4585 per
2247 4513 2475 4570 cceleste
2518 4515 2874 4572 desiderium
2918 4518 3402 4573 conscenderunt.
3453 4520 3763 4583 Quomodo

2100 4619 2230 4659 vero
2261 4603 2675 4660 conﬁrmatum
2707 4605 2785 4660 sit
2810 4606 3022 4661 Christi
3051 4606 3459 4663 testimonium
3504 4607 3566 4662 in
3616 4608 3761 4665 illis.

2099 4692 2375 4763 aperitur,
2408 4708 2544 4747 cum
2577 4693 2854 4748 subditur
2885 4711 2897 4750 :
2932 4696 3017 4750 Ita
3045 4699 3108 4749 ut
3134 4695 3282 4750 nihil
3320 4696 3468 4751 vobis
3516 4697 3659 4752 desit
3699 4699 3764 4752 in

2098 4782 2216 4837 ulla
2265 4782 2543 4851 gratia,id
2575 4787 2686 4851 est,
2716 4784 2839 4839 ulla
2866 4784 3109 4841 virtute.
3132 4786 3354 4851 Quibus
3396 4789 3594 4841 autem
3646 4787 3762 4842 hoc

2100 4870 2272 4941 dicat,
2307 4872 2584 4943 aperitur,
2610 4889 2745 4928 cum
2776 4873 3051 4929 subditur
3083 4892 3096 4929 :
3129 4875 3582 4946 Exspectantibus
3611 4892 3764 4931 reve-

2099 4961 2353 5017 lationem
2391 4963 2612 5016 Domini
2654 4965 2833 5019 nostri
2877 4965 3003 5019 Jesu
3052 4963 3273 5019 Christi.
3320 4963 3756 5021 Revelationem

2097 5049 2330 5105 Domini
2359 5051 2497 5105 Jesu
2527 5050 2924 5117 Christi,diem
2955 5057 3123 5108 vocat
3145 5053 3354 5123 judicii
3387 5069 3399 5107 ε
3433 5058 3560 5108 tum
3594 5055 3756 5109 enim

2097 5138 2369 5194 Christus
2418 5140 2698 5195 omnibus
2747 5140 3123 5208 revelabitur,
3173 5147 3294 5198 tam
3342 5142 3539 5211 iustis,
3573 5160 3755 5215 quam

2096 5227 2358 5297 injustis,
2394 5232 2515 5282 tam
2552 5228 2686 5299 piis,
2720 5246 2898 5300 quam
2947 5229 3167 5302 impiis,
3200 5235 3266 5286 ut
3296 5230 3455 5299 mali,
3489 5230 3759 5288 videntes

2097 5317 2248 5387 quod
2285 5317 2519 5372 credere
2544 5317 2878 5388 noluerunt,
2911 5320 3349 5376 confundantur
3376 5325 3433 5376 et
3470 5325 3752 5393 pereant;

2091 5477 2190 5549 Dei
2217 5477 2621 5534 violaverit.....
2656 5479 2919 5549 templum
2955 5482 3057 5535 Dei
3092 5487 3346 5535 sanctum
3392 5483 3493 5547 est,
3543 5479 3635 5534 vel
3686 5481 3763 5535 ad

2091 5546 2460 5623 illuchquod
2512 5566 2566 5604 c.
2615 5562 2694 5614 VI,
2748 5546 2800 5607 ὗ.
2853 5552 2940 5623 19,
2989 5553 3237 5607 membra
3265 5556 3457 5607 vestra
3493 5552 3765 5623 templum

2091 5627 2219 5674 sunt
2266 5619 2511 5691 Spiritus
2558 5623 2738 5676 sancti
2784 5641 2802 5677 :
2846 5622 2935 5676 vel
2981 5624 3120 5678 item
3152 5623 3201 5678 ll
3231 5625 3302 5679 ad
3345 5623 3474 5678 Cor.
3507 5634 3557 5677 c.
3592 5619 3672 5689 vi,
3701 5639 3758 5678 v.

2095 5690 2337 5818 ἓξὲξ)ῗο
2335 5694 2483 5748 enim
2512 5696 2637 5749 estis
2669 5694 2932 5765 templum
2978 5695 3078 5752 Dei
3119 5696 3253 5751 vivi.
3284 5692 3389 5751 Vel
3433 5692 3758 5779 legendum

2092 5776 2356 5835 exemplo.
