3942 6406
128 429 225 490 297

678 432 1098 496 EXPOSITIO
1142 435 1221 494 IN
1268 436 1697 498 EPISTOLAS
1739 435 2002 498 PAULI.
2041 471 2116 480 —
2149 437 2227 496 IN
2273 438 2521 500 EPIST.
2572 441 2592 499 Ι
2641 442 2746 500 AD
2792 442 2966 504 COR.

3413 451 3532 512 298

127 561 246 616 dare
281 575 620 632 personam.
649 564 718 618 Et
747 569 838 620 est
882 582 1131 622 sensus:
1163 568 1219 623 Si
1253 568 1519 623 Christus
1553 586 1654 639 pro
1685 585 1779 624 νο-
1808 569 1862 634 Α
1899 567 2173 638 baptizat,
2211 569 2488 624 continuo
2523 571 2768 627 idoneus
2809 579 2898 627 est
2932 576 3326 647 evangelizare
3359 595 3371 632 :
3404 597 3536 635 nam

125 650 223 720 bis,
245 654 297 705 et
329 667 450 706 non
485 651 704 706 Paulus
737 656 1052 711 cruciﬁxus
1085 662 1194 726 est,
1219 663 1275 712 et
1297 659 1445 727 ejus,
1471 676 1585 712 non
1611 658 1772 712 Pauli

39 733 46 742 ’
124 740 394 811 sanguine
426 742 715 812 redempti
739 744 905 810 estis,
936 762 1042 800 cur
1063 747 1132 800 ad
1159 747 1287 815 ejus
1318 747 1619 817 injuriam,
1644 752 1772 802 tan-

123 834 230 884 tam
259 830 513 901 gratiam
549 836 609 885 et
639 832 990 889 beneficium
1037 835 1260 890 homini
1310 836 1659 908 imputatis?
1689 842 1774 891 An

121 918 171 972 in
199 920 416 974 nomine
445 921 618 974 Pauli
649 920 915 991 baptizati
943 926 1071 979 estis
1090 931 1113 977 γ
1144 925 1214 979 Et
1263 929 1352 980 est
1399 942 1646 981 sensus:
1674 925 1774 980 Ba-

120 1006 346 1079 ptizavit
373 1007 614 1071 Paulus,
649 1010 750 1064 sed
786 1017 852 1065 ut
882 1012 1152 1068 minister
1181 1014 1423 1080 Christi;
1460 1013 1774 1085 baptizavit

123 1097 401 1160 Christus,
427 1098 531 1152 sed
565 1099 722 1153 sicut
752 1099 906 1155 Deus
939 1107 997 1156 et
1043 1109 1246 1157 auctor
1276 1103 1574 1174 baptismi,
1601 1103 1771 1171 cujus

118 1186 520 1241 auctoritatem
556 1187 702 1242 nulli
727 1189 1138 1246 ministrorum
1164 1192 1429 1247 Ecclesiae
1460 1193 1767 1255 concessit,

118 1275 202 1329 sed
233 1275 347 1329 sibi
399 1275 507 1331 soli
562 1279 898 1332 reservavit.
934 1278 1098 1334 Unde
1145 1281 1403 1336 Joannes
1452 1281 1767 1351 plusquam

118 1363 386 1435 prepheta
425 1381 437 1418 :
491 1365 596 1432 Qui
640 1366 792 1421 misit
841 1383 927 1422 me
975 1370 1257 1438 baptizare
1285 1370 1454 1439 (497),
1489 1370 1586 1424 ille
1632 1369 1772 1422 mihi

118 1453 247 1508 dixit
276 1473 292 1507 :
321 1453 508 1525 Super
540 1469 699 1524 quem
730 1455 933 1510 videris
983 1456 1256 1527 Spiritum
1284 1457 1692 1512 descendentem
1718 1461 1772 1511 et

117 1553 429 1599 manentem
457 1561 624 1614 super
655 1561 801 1610 eum,
837 1546 930 1600 hic
958 1554 1035 1601 est
1067 1549 1168 1616 qui
1196 1548 1435 1618 baptz'iat
1467 1548 1525 1600 in
1554 1548 1770 1616 Spiritu

119 1641 310 1688 sancto.
336 1633 398 1688 Si
433 1632 590 1688 enim
626 1639 972 1705 potestatem
1002 1636 1335 1706 baptizandi
1366 1636 1438 1690 ad
1469 1635 1768 1690 ministros

113 1721 559 1788 transmisisset,
585 1726 673 1778 tot
703 1731 901 1777 essent
929 1724 1308 1795 baptismate,
1333 1728 1478 1794 quot
1509 1727 1566 1778 et
1598 1723 1768 1777 mini-

113 1810 228 1864 stri.
259 1811 352 1865 Ait
383 1827 523 1883 ergo
557 1828 570 1866 :
606 1813 689 1866 An
737 1814 796 1866 in
829 1816 1052 1868 nomine
1082 1813 1260 1868 Pauli
1309 1813 1571 1883 baptizati
1599 1812 1768 1867 estis?

40 1931 43 1942 ι
109 1897 408 1971 Tanquam
440 1901 664 1956 diceret
690 1917 702 1956 :
729 1900 788 1955 Si
818 1902 1120 1957 credentes
1152 1903 1211 1956 in
1235 1901 1463 1958 Christo
1486 1901 1764 1972 baptizati

109 1986 256 2051 estis,
289 1994 348 2044 et
377 1989 510 2059 ejus
542 1990 779 2045 nomine
825 1991 1154 2062 justiﬁcati,
1177 2008 1284 2046 cur
1323 1990 1470 2046 tanti
1500 1989 1768 2044 beneficii

116 2074 504 2144 immemores,
539 2077 810 2135 homines
840 2080 1033 2135 facitis
1061 2085 1265 2135 vestras
1296 2081 1430 2134 fidei
1463 2079 1769 2134 auctores?

115 2165 199 2219 Sic
227 2167 386 2222 enim
417 2173 559 2223 tunc
607 2174 776 2224 erant
807 2169 1117 2237 Corinthii,
1151 2171 1306 2225 sicut
1353 2168 1682 2236 Novatiani,
1713 2173 1770 2224 et

111 2253 440 2323 Donatistae,
475 2257 576 2328 qui
629 2258 911 2329 baptismi
963 2258 1373 2314 auctoritatem
1425 2257 1537 2313 sibi
1585 2258 1766 2314 ascri-

108 2343 326 2412 bentes,
362 2346 693 2416 baptizatos
737 2363 770 2402 a
822 2345 1127 2402 catholicis
1179 2347 1587 2418 reprobabant,
1620 2351 1677 2402 et
1707 2347 1767 2400 in

107 2447 300 2488 eorum
353 2435 642 2505 personis,
675 2435 777 2505 qui
817 2451 852 2489 a
895 2451 957 2490 se
1007 2438 1175 2490 erant
1220 2435 1521 2506 baptizati,
1553 2434 1766 2506 gloria-

108 2519 338 2576 bantur.

168 2610 322 2679 (498)
349 2609 569 2665 Gratias
597 2627 701 2681 ago
730 2613 835 2667 Deo
865 2627 1004 2668 meo.
1029 2612 1144 2667 Cur
1166 2618 1284 2668 tam
1308 2614 1610 2685 granditer
1639 2629 1768 2684 gra-

104 2698 209 2754 tias
233 2700 474 2765 referat,
499 2701 838 2756 manifestat
862 2719 874 2756 :
901 2703 1052 2769 Quod
1074 2705 1348 2758 neminem
1371 2708 1609 2759 vestrum
1641 2704 1764 2775 bap-

106 2789 288 2854 tizavi,
319 2790 435 2844 nisi
469 2788 719 2861 Crispum
740 2796 791 2845 et
822 2790 1040 2846 Gaium.
1067 2792 1216 2863 (499)
1239 2793 1387 2864 Ergo
1420 2793 1642 2848 malum
1675 2797 1766 2848 est

102 2876 438 2948 baptizare?
466 2879 652 2934 Absit.
679 2880 789 2935 Sed
823 2882 964 2952 quia
999 2882 1126 2952 jam
1159 2881 1305 2936 vidit
1334 2897 1402 2936 ex
1429 2899 1536 2937 suo
1569 2881 1762 2953 bapti-

103 2972 284 3022 smate
326 2971 522 3023 ortum
571 2985 852 3037 errorem,
886 2970 1220 3042 intelligens
1250 2971 1428 3042 quod,
1464 2971 1511 3026 si
1562 2969 1762 3042 plures

103 3053 474 3126 baptizasset,
505 3057 692 3113 multo
745 3059 933 3130 major
980 3077 1142 3116 error
1189 3065 1565 3123 accresceret,
1602 3059 1661 3112 in
1695 3075 1761 3114 eo

103 3145 247 3213 quod
282 3162 506 3217 paucos
548 3163 752 3202 eorum
807 3148 1350 3219 baptizaverit,Deo
1402 3147 1621 3218 gratias
1671 3164 1757 3201 re-

105 3232 221 3287 fert.
259 3234 425 3290 Unde
456 3236 736 3290 continuo
768 3237 968 3291 subdit
997 3255 1016 3291 .·
1046 3238 1121 3291 Ne
1163 3239 1286 3307 quis
1327 3236 1495 3302 dicat,
1530 3234 1668 3305 quod
1700 3236 1759 3288 in

1885 659 1992 711 etsi
2019 660 2305 712 solemnia
2331 666 2470 713 sunt
2491 661 2682 726 verba,
2701 678 2826 732 quae
2850 664 3127 719 dicuntur
3147 666 3201 719 in
3230 668 3544 738 baptisma-

1883 749 1959 815 te,
1995 745 2129 799 licet
2161 752 2356 801 tamen
2390 765 2457 802 ea
2490 749 2696 805 multis
2729 751 2952 818 dicere;
2985 755 3379 824 evangelizarc
3409 773 3542 812 vero

1885 851 1997 888 non
2033 842 2241 904 potest,
2275 837 2386 890 nisi
2439 839 2705 894 eruditus
2748 841 3078 912 cpiscopus,
3113 849 3167 897 et
3216 844 3544 901 instructus

1883 924 2084 977 doctor
2134 925 2424 992 Ecelesim,
2471 928 2569 997 qui
2623 928 2769 984 bene
2821 931 2982 986 novit
3031 933 3296 987 omnium
3349 951 3544 990 mores

1882 1011 2193 1083 inspicere,
2226 1020 2281 1068 et
2330 1017 2656 1070 secundum
2709 1020 3212 1076 conversationem
3269 1022 3543 1078 uniuscu-

1874 1101 2116 1171 jusque,
2174 1104 2605 1174 praedicationis
2661 1108 2835 1162 verba
2891 1109 3161 1165 formare.
3219 1111 3539 1182 Episcopus

1880 1206 2038 1261 ergo;
2075 1191 2172 1261 qui
2207 1194 2473 1247 omnium
2521 1195 2811 1265 graduum
2860 1199 3117 1252 continet
3165 1199 3533 1270 dignitatem,

1880 1283 2070 1348 potest
2101 1279 2418 1350 aliquando
2451 1283 2627 1336 etiam
2652 1285 2906 1339 ministri
2941 1287 3131 1341 officio
3163 1288 3327 1360 fungi
3355 1305 3367 1342 :
3393 1306 3535 1360 prai-

1879 1367 2146 1421 sentibus
2169 1373 2365 1424 tamen
2391 1370 2680 1426 ministris
2711 1373 3008 1443 baptizare
3029 1392 3142 1430 non
3169 1377 3355 1432 debet.
3376 1379 3534 1433 Unde

1879 1455 2082 1510 Petrus
2135 1457 2437 1527 apostolus
2481 1460 2882 1516 centurionem
2915 1463 3246 1518 Cornelium
3286 1483 3400 1520 non
3432 1483 3535 1537 per

1879 1562 1940 1600 se
1973 1546 2308 1617 baptizavit,
2343 1550 2442 1603 sed
2502 1550 2791 1604 ministris
2836 1552 3128 1623 baptizare
3177 1569 3312 1608 eum
3353 1555 3540 1624 jussit

1879 1635 2015 1705 (Act.
2036 1653 2090 1703 x,
2114 1637 2226 1706 48),
2244 1638 2382 1708 quia
2406 1637 2525 1693 illis
2549 1640 2936 1710 praisentibus
2964 1659 3074 1696 non
3103 1643 3347 1713 dignum
3371 1643 3541 1698 duxit

1877 1722 1988 1777 hoc
2013 1740 2116 1794 per
2148 1742 2210 1780 se
2258 1743 2450 1796 agere.
2484 1727 2750 1783 Christus
2781 1745 2918 1801 ergo
2951 1748 3066 1785 non
3101 1731 3260 1786 misit
3290 1731 3540 1786 Paulum

1878 1811 2198 1883 baptizare,
2233 1815 2373 1885 quia
2404 1833 2520 1870 non
2571 1822 2698 1871 erat
2725 1834 2861 1872 cum
2893 1818 3030 1885 illis,
3065 1819 3282 1890 quibus
3314 1820 3538 1875 dictum

1878 1907 1968 1955 est
1991 1917 2005 1955 :
2030 1903 2232 1957 Euntes
2263 1905 2442 1959 docete
2489 1920 2679 1960 omnes
2725 1912 2912 1976 gentes
2927 1924 2945 1967 ,·
2997 1908 3334 1979 baptimntes
3362 1925 3448 1964 eos
3479 1911 3540 1963 in

1878 1991 2108 2044 nomine
2161 1995 2369 2058 Patris,
2406 2003 2456 2048 et
2516 1995 2668 2058 Filii,
2717 2004 2770 2049 et
2816 1996 3058 2066 Spiritus
3101 1999 3281 2051 sancti
3327 1997 3535 2068 (Matth.

1876 2095 2081 2144 XXVIII,
2117 2080 2201 2150 19)
2228 2097 2240 2135 :
2272 2082 2373 2135 sed
2423 2082 2818 2153 evangelizare
2866 2085 3096 2155 direxit,
3131 2102 3265 2139 cum
3296 2086 3532 2140 Ananiae

1879 2168 1960 2222 ait
1991 2185 2004 2222 :
2046 2168 2210 2235 Vade,
2235 2187 2370 2239 quia
2405 2187 2502 2225 vas
2532 2173 2814 2226 electionis
2843 2181 2922 2227 est
2953 2176 3057 2229 iste
3087 2175 3246 2242 mihi,
3269 2178 3330 2228 ut
3358 2178 3532 2244 portet

1877 2272 2076 2312 nomen
2130 2259 2316 2312 meum
2373 2274 2563 2313 coram
2621 2261 2894 2329 gentibus,
2926 2270 2976 2316 et
3021 2262 3264 2330 regibus,
3299 2265 3351 2316 et
3396 2263 3533 2332 ﬁliis

1877 2344 2046 2400 Israel
2076 2347 2210 2416 (Act.
2245 2364 2320 2413 Ix,
2356 2348 2467 2417 15).
2501 2350 2802 2413 Quomodo
2833 2366 2966 2404 vero
2999 2350 3220 2406 missus
3250 2350 3327 2405 sit
3355 2365 3530 2406 evan-

1876 2433 2124 2506 gelizare
2172 2436 2450 2500 ostendit,
2505 2453 2638 2491 cum
2699 2438 2947 2494 subdit:
2979 2441 3091 2494 Non
3144 2442 3203 2494 in
3257 2440 3533 2510 sapientia

1876 2524 2046 2579 verbi.
2080 2525 2209 2580 Ideo
2246 2525 2462 2596 quippe
2512 2542 2627 2580 non
2658 2526 2718 2581 in
2759 2527 3046 2598 sapientia
3093 2528 3249 2583 verbi
3299 2527 3439 2582 dicit
3469 2542 3533 2582 se

1875 2613 2441 2685 evangelizare,quia
2463 2614 2798 2684 praedicatio
2819 2615 3172 2683 Christiana,
3190 2620 3246 2670 et
3267 2617 3535 2670 doctrina

1874 2702 2211 2774 evangelica
2243 2720 2358 2758 non
2393 2709 2522 2774 eget
2567 2720 2783 2775 pompa
2810 2707 3146 2773 verborum,
3180 2705 3281 2759 sed
3323 2705 3537 2761 virtute

1875 2791 2110 2863 propria
2125 2793 2576 2848 commendatur
2593 2792 2938 2864 :disciplina:
2951 2798 3144 2850 autem
3161 2792 3534 2849 saecularium

1874 2881 2232 2951 studiorum,
2253 2881 2392 2952 quia
2414 2881 2486 2936 ab
2515 2881 2857 2938 hominibus
2889 2883 3132 2938 inventae
3156 2887 3315 2954 sunt,
3340 2881 3534 2951 lepore

1871 2969 2138 3041 indigent
2162 2969 2540 3041 eloquentiae;
2565 2971 2722 3042 quia,
2753 2989 2885 3026 cum
2910 2971 3072 3026 nulla
3103 2971 3178 3026 sit
3209 2972 3266 3026 in
3299 2971 3383 3026 eis
3412 2971 3531 3025 vir-

1870 3063 1968 3113 tus
1980 3057 2142 3112 nulla
2163 3059 2647 3127 ratio,verborum
2667 3046 2895 3114 tantum
2916 3060 3260 3130 compositio
3285 3059 3528 3114 honesta

1871 3145 2207 3216 requiritur.
2232 3145 2378 3200 Hinc
2409 3151 2498 3200 est
2521 3146 2671 3216 quod
2707 3147 2778 3200 ad
2812 3147 3245 3218 praedicandum
3272 3147 3527 3219 Evange-

1871 3232 2015 3288 lium
2050 3251 2166 3288 non
2206 3233 2372 3288 electi
2419 3239 2562 3289 sunt
2608 3234 2892 3302 rhetores,
2924 3237 3042 3291 sive
3091 3236 3398 3303 dialectici,
3435 3236 3519 3292 vel

103 3325 317 3379 nomine
346 3341 470 3379 meo
502 3325 767 3395 baptizati
803 3327 954 3380 estis.
989 3325 1230 3394 Crispus
1262 3328 1456 3379 autem
1488 3329 1543 3379 et
1574 3323 1755 3378 Gaius
1786 3311 1827 3375 C
1867 3322 2049 3392 hujus
2072 3323 2277 3376 mundi
2303 3321 2658 3393 pliilOSOphi,
2682 3341 2797 3378 non
2832 3330 3118 3396 potentes,
3144 3343 3258 3380 non
3281 3326 3512 3394 divites,

105 3411 378 3467 Corinthii
414 3413 676 3477 fuerunt,
710 3429 860 3482 quos
890 3411 1202 3482 Apostolus
1233 3413 1302 3465 ad
1325 3411 1471 3466 alios
1504 3413 1756 3465 refutan-

109 3499 199 3554 dos
229 3501 403 3555 ducit
445 3500 504 3554 in
554 3500 1004 3556 testimonium:
1039 3518 1173 3555 nam
1220 3499 1493 3572 baptizati
1544 3501 1616 3554 ab
1664 3516 1751 3565 eo,

109 3588 319 3645 nullam
357 3588 443 3643 illi
474 3587 722 3660 gloriam
757 3590 1195 3660 impendebant,
1228 3591 1328 3645 sed
1363 3590 1592 3644 Christo
1622 3589 1755 3652 soli,

112 3693 199 3747 per
224 3694 406 3750 quem
440 3678 738 3734 consecuti
770 3684 910 3733 sunt
957 3680 1222 3734 omnium
1265 3685 1634 3751 peccatorum
1668 3695 1753 3733 re-

111 3766 468 3823 missionem.

172 3856 467 3929 Baptizavi
497 3863 686 3912 autem
734 3861 785 3911 et
825 3857 1122 3928 Stephanaz
1152 3857 1390 3912 domum.
1434 3857 1622 3928 Hujus
1653 3858 1754 3912 do-

113 3959 253 4013 mus,
277 3946 434 4002 sicut
468 3946 527 4000 in
575 3950 874 4017 postremo
906 3948 1076 4002 istius
1109 3947 1379 4018 Epistolas
1409 3946 1757 4012 declaratur,

115 4034 370 4102 primitiae
403 4041 574 4092 erant
599 4035 826 4091 Achaiae
859 4037 905 4108 (ι
944 4037 1064 4092 Cor.
1088 4037 1546 4108 xv1,15),quibus
1576 4038 1760 4107 Apos-

116 4121 257 4179 tolus
285 4125 561 4197 perhibet
601 4125 1026 4193 testimonium,
1055 4127 1211 4197 quod
1258 4143 1319 4181 se
1369 4124 1764 4181 ordinaverint

119 4209 170 4265 in
201 4213 530 4270 ministerio
563 4220 934 4283 sanctorum;
966 4215 1072 4270 hoc
1115 4221 1221 4279 est,
1258 4221 1322 4270 ut
1361 4215 1764 4271 ministrarent

123 4303 325 4358 sanctis
361 4321 374 4359 :
409 4309 468 4360 et
519 4302 650 4374 hos,
684 4304 839 4360 sicut
869 4309 926 4359 et
956 4305 1368 4376 praecedentes,
1394 4306 1463 4358 ad
1515 4304 1762 4359 aliorum

126 4390 524 4450 refutationem
557 4393 720 4448 ducit
776 4393 836 4449 in
885 4393 1309 4448 testimonium.
1337 4393 1469 4461 Sed,
1513 4410 1584 4447 ne
1633 4391 1766 4462 quis

127 4477 326 4538 diceret
381 4483 548 4555 quod
608 4473 806 4554 plures
865 4482 1296 4538 Corinthiorum
1368 4481 1767 4552 baptizaverit,

127 4569 356 4640 subjecit
392 4591 404 4628 :
441 4574 716 4628 Caeterum
765 4575 947 4627 nescio
974 4573 1026 4626 si
1055 4588 1215 4642 quem
1255 4572 1429 4625 alium
1469 4571 1771 4641 baptizaue-

1866 3429 1983 3465 non
2035 3411 2278 3475 nobiles,
2314 3412 2414 3466 sed
2466 3411 2782 3483 simplices,
2816 3413 3008 3468 idiotas
3060 3421 3115 3469 et
3168 3415 3514 3485 piscatores,

1867 3515 2155 3570 pauperes
2186 3504 2243 3554 et
2273 3499 2580 3570 ignobiles,
2607 3517 2678 3554 ne
2707 3502 2944 3556 daretur
2973 3503 3258 3574 perversis
3285 3510 3513 3558 occasio

1868 3588 2120 3655 dicendi,
2151 3589 2303 3659 quod
2338 3589 2607 3643 doctrina
2649 3589 2980 3660 evangelica
3023 3608 3137 3646 non
3168 3608 3276 3646 sua
3307 3592 3517 3646 virtute

1868 3676 2044 3731 fuerit
2065 3676 2463 3747 acceptabilis,
2489 3677 2584 3731 sed
2612 3677 2882 3732 humanae
2907 3681 3098 3749 potius
3121 3679 3375 3734 scicntia:
3398 3697 3521 3735 ver-

1868 3767 2022 3821 sutia
2055 3771 2112 3820 et
2140 3765 2473 3820 calliditate.
2511 3767 2857 3837 Quicunque
2899 3785 3035 3839 ergo
3070 3769 3240 3823 (idem
3272 3786 3519 3841 evange-

1867 3855 1990 3910 lica:
2025 3854 2299 3909 doctrina:
2332 3855 2522 3909 verbis
2564 3856 2689 3910 suis
2728 3872 3006 3912 exornare
3037 3857 3358 3924 contendit,
3393 3875 3521 3913 eam

1869 3945 2166 4009 obscurat,
2221 3960 2326 3997 nec
2357 3944 2568 4014 quaerit
2600 3950 2662 3997 ut
2693 3943 2792 3998 illa
2820 3943 3092 4000 laudetur
3140 3963 3266 4016 quis
3316 3946 3524 4017 praedi-

1872 4038 2057 4098 catur,
2079 4032 2178 4086 sed
2212 4031 2338 4102 ipse
2368 4031 2467 4102 qui
2514 4032 2789 4102 praedicat
2818 4035 2989 4103 (500).
3024 4034 3118 4088 Sic
3158 4035 3525 4106 pseudoapo-

1873 4121 2032 4187 stoli,
2051 4138 2122 4176 ne
2145 4121 2510 4190 sapientibus
2529 4121 2734 4176 mundi
2753 4121 2915 4177 stulti
2933 4123 3288 4182 viderentur.
3305 4123 3524 4194 duplici

1875 4211 2048 4291 mpdo
2072 4210 2129 4264 in
2159 4211 2447 4281 sapientia
2468 4211 2624 4264 verbi
2649 4211 2830 4266 Deum
2857 4213 3285 4283 praedicabant:
3313 4229 3447 4268 nam
3472 4222 3528 4268 et

1874 4299 2216 4371 eloquentia:
2257 4299 2313 4353 in
2361 4299 2772 4369 praedicatione
2816 4301 3152 4368 studebant,
3183 4306 3239 4356 et
3283 4318 3351 4356 ea
3397 4316 3524 4370 quas

1877 4389 2207 4460 philosophi
2233 4389 2436 4443 mundi
2461 4388 3409 4459 stultajudicabant,summopere
3431 4389 3529 4442 de-

1875 4479 2160 4532 vitabant.
2181 4479 2378 4546 Neque
2401 4477 2555 4530 enim
2581 4477 2879 4530 Christum
2904 4477 2995 4530 Dei
3023 4477 3231 4531 Filium
3261 4477 3528 4532 incarna-

1879 4572 2029 4631 tum,
2057 4571 2156 4620 aut
2176 4580 2244 4619 ex
2267 4564 2502 4633 Virgine
2527 4569 2753 4632 natum,
2776 4579 2965 4634 neque
2993 4565 3250 4620 futuram
3274 4581 3534 4620 resurre-

127 4659 244 4714 rim.
278 4661 375 4716 Est
419 4668 624 4718 autem
678 4678 890 4719 sensus
925 4680 936 4717 :
974 4663 1042 4716 Et
1089 4661 1138 4717 si
1185 4660 1442 4732 aliquem
1493 4660 1672 4714 alium
1705 4675 1773 4714 ex
1804 4676 1850 4740 Ι)
1883 4656 2132 4711 ctionem
2160 4651 2706 4724 przsdicabant.Hos
2727 4669 2860 4723 ergo
2881 4655 3178 4726 redarguit.
3199 4654 3537 4726 Apostolus,

128 4747 276 4806 vobis
332 4750 654 4824 baptizavi,
715 4768 818 4822 pro
878 4750 1157 4822 baptismi
1219 4753 1606 4814 sacramento,
1659 4763 1773 4803 non

134 4837 284 4909 mihi,
315 4841 416 4896 sed
451 4847 566 4896 Deo
600 4840 849 4912 gloriam
882 4840 1107 4895 tribuit.

195 4929 302 4981 Cur
329 4936 523 4984 autem
559 4933 680 4982 tam
731 4943 949 4998 paucos
979 4925 1412 4982 Corinthiorum
1449 4925 1776 4996 baptizave-

137 5012 221 5081 rit,
255 5018 597 5074 manifestat
632 5033 644 5071 :
680 5021 799 5074 Non
841 5019 990 5071 enim
1030 5018 1183 5071 misit
1210 5032 1297 5070 me
1330 5015 1573 5069 Christus
1604 5014 1779 5084 bapti-

139 5117 271 5174 zare,
313 5107 401 5162 sed
449 5107 860 5176 evangelisare.
913 5105 1189 5176 Nunquid
1239 5121 1374 5175 ergo
1426 5103 1645 5158 malum
1697 5106 1786 5156 est

142 5190 463 5264 baptizare?
494 5195 686 5251 Absit.
713 5200 992 5250 Attamen
1027 5194 1567 5265 incomparabiliter
1592 5193 1786 5262 majus

144 5277 344 5338 bonum
381 5292 470 5341 est
490 5285 914 5356 evangelizare.
942 5289 1004 5338 In
1038 5283 1312 5354 episcopo
1339 5283 1495 5336 enim
1521 5282 1786 5336 omnium

148 5371 565 5430 ordinationum
624 5374 882 5445 dignitas
905 5371 1510 5442 consistityquoniam
1545 5371 1669 5441 ipse
1701 5373 1790 5424 est

152 5463 394 5520 omnium
454 5465 733 5521 ordinum
796 5469 972 5536 caput
1032 5479 1147 5518 non
1207 5466 1404 5516 tamen
1458 5459 1792 5530 quicunque

213 5587 352 5661 (497)
380 5591 538 5645 Joan.
574 5607 612 5656 ι,
645 5591 736 5645 33.
768 5588 942 5661 Vulg.
979 5592 1038 5644 in
1069 5604 1232 5661 aqua.

217 5655 353 5733 (498)
390 5663 446 5716 In
479 5655 681 5733 autOg.
716 5655 918 5733 marg.“
937 5661 1029 5717 hic
1068 5655 1285 5732 legitur
1315 5674 1441 5730 cap.
1482 5655 1576 5714 IV.

220 5730 358 5803 (499)
387 5732 561 5808 Vulg.
597 5730 811 5790 Gaium.

423 5863 686 5922 ΡΛΤΜΗ..
737 5859 1059 5924 CXXXIV.

1886 4743 2027 4815 quia
2043 4742 2102 4796 in
2117 4739 2273 4796 verbi
2294 4740 2580 4811 sapientia
2593 4741 2781 4796 crucis
2798 4744 3073 4814 mysteriu
3085 4760 3140 4797 m
3157 4744 3536 4798 evacuabant.

1888 4833 2051 4888 Unde
2085 4848 2217 4885 mox
2246 4830 2515 4901 sequitur
2543 4849 2555 4886 :
2594 4833 2655 4888 Ut
2680 4848 2789 4886 non
2819 4846 3114 4887 evacuetur
3143 4849 3285 4886 crux
3309 4833 3538 4888 Christi.

1892 4922 1998 4986 Qui
2031 4921 2185 4976 enim
2226 4921 2285 4976 in
2319 4920 2661 4990 hujusmodi
2712 4922 2867 4976 verbi
2905 4922 3193 4993 sapientia
3242 4921 3540 4993 prmdicat,

1893 5027 2124 5066 crucem
2157 5009 2370 5066 Christi
2407 5014 2676 5073 evacuat;
2707 5009 2847 5080 quia
2879 5016 3087 5065 nostris
3124 5009 3544 5080 redemptionis

1895 5100 2236 5172 mysterium
2286 5099 2534 5170 dissipat
2555 5100 2724 5167 (501).
2767 5099 2989 5153 Verbum
3018 5100 3163 5153 enim
3210 5101 3388 5153 crucis
3415 5114 3541 5170 per-

1895 5191 2154 5245 euntibus
2197 5189 2413 5259 quidem
2451 5189 2687 5242 stultitia
2718 5193 2816 5242 est.
2852 5188 2952 5242 His
2997 5189 3187 5242 verbis
3239 5189 3548 5243 manifeste

1899 5278 2280 5350 philosophos
2312 5277 2514 5330 mundi
2567 5277 2886 5345 redarguit,
2920 5277 3018 5347 qui
3058 5277 3297 5331 verbum
3330 5277 3544 5344 crucis,

1901 5369 1958 5423 id
1991 5375 2095 5435 est,
2122 5367 2449 5421 doctrinam
2481 5366 2750 5419 humana:
2773 5366 3211 5438 redemptionis,
3238 5366 3548 5421 stultitiam

1901 5461 2142 5530 putant;
2165 5457 2303 5527 quia
2325 5454 2571 5510 stultum
2589 5455 2862 5526 judicant
2885 5459 3062 5511 Deum
3086 5456 3296 5512 habere
3319 5455 3552 5521 Filium,

1977 5582 2125 5650 (500)
2157 5580 2342 5648 Digna
2369 5595 2497 5632 vere
2529 5580 2838 5648 sententia,
2865 5595 2991 5650 qua:
3016 5597 3048 5634 a
3078 5578 3556 5650 praedicatoribus

1902 5651 2252 5722 evangelicis
2283 5650 2569 5705 altissime
2603 5651 2780 5705 menti
2814 5653 3144 5722 mandetur.

1979 5721 2124 5798 (501)
2157 5727 2221 5778 In
2254 5727 2452 5795 autog.
2487 5738 2672 5795 marg.
2707 5722 2802 5778 hic
2833 5721 3048 5796 legitur
3079 5738 3205 5794 cap.
3240 5721 3307 5777 V.

3206 5849 3279 5910 10
