3942 6396
394 444 512 503 299

1421 432 1757 493 ATTONIS
1806 429 2388 491 VERCELLENSIS
2433 429 2479 488 E
2492 429 2709 490 PISCO
2722 429 2790 489 PI

3692 424 3813 486 300

390 574 677 645 virginem
712 588 934 645 parere,
960 570 1143 625 Deum
1174 568 1234 621 in
1266 583 1436 621 cruce
1464 564 1602 635 pati,
1633 569 1735 619 aut
1768 563 1917 617 mori
1950 580 2044 632 po-
2073 563 2123 627 Α
2160 561 2356 615 fecerit
2387 561 2735 632 sapientiam
2765 577 2778 615 :
2810 562 2909 615 sed
2944 559 3188 614 stultam
3224 558 3379 627 fecit,
3405 558 3546 630 quia
3575 557 3821 613 stultam

388 663 594 728 tuisse,
624 666 726 716 aut
755 659 1055 715 hominem
1088 659 1157 711 de
1189 662 1344 711 terra
1375 669 1637 724 surgere.
1672 656 1822 723 Apte
1850 656 2051 705 autem

391 756 700 823 pereuntes
725 752 1033 811 vocantur;
1059 748 1215 816 quia,
1241 746 1378 798 dum
1406 742 1753 813 mysterium
1779 742 2054 793 humanae

390 838 809 910 redemptionis
859 837 1155 907 suscipere
1207 833 1433 896 nolunt,
1480 832 1537 884 in
1588 840 1871 885 aeternum
1924 845 2055 900 per-

394 928 704 1087 lblllltitergo
734 1013 1063 1069 ostenderet
1091 1010 1305 1080 quibus
1337 1012 1491 1063 esset
1513 1008 1698 1062 virtus
1732 1024 1873 1061 crux
1894 1005 2058 1060 Chri-

395 1104 493 1170 sti,
524 1104 827 1172 subjunxit
861 1118 873 1155 :
906 1102 1001 1155 His
1047 1108 1253 1167 autem,
1288 1099 1385 1168 qui
1433 1098 1574 1152 salvi
1606 1098 1776 1165 ﬁunt;
1820 1112 2051 1164 rursus,

395 1198 459 1248 ut
479 1191 735 1263 apertius
757 1190 1188 1245 demonstraret
1209 1187 1279 1241 de
1303 1186 1520 1257 quibus
1544 1186 1782 1249 diceret,
1801 1183 2015 1254 adjecit
2042 1205 2056 1244 :

392 1281 449 1337 id
465 1289 565 1346 est,
586 1281 780 1335 nobis:
808 1278 978 1333 nobis
1002 1277 1183 1342 enim,
1208 1276 1267 1330 id
1292 1280 1402 1339 est,
1428 1274 1733 1346 praescitis,
1760 1280 1817 1328 et
1841 1274 2059 1345 prcede-

389 1368 622 1425 stinatis
652 1367 725 1423 ad
755 1366 958 1431 vitam,
989 1366 1168 1419 virtus
1198 1371 1277 1418 est
1307 1364 1422 1417 Dei.
1450 1360 1595 1426 Quia
1641 1378 1756 1415 non
1802 1358 2053 1414 infirmi-

387 1461 571 1513 tatem
592 1456 654 1510 in
676 1470 746 1511 ea
764 1452 1173 1525 intelligimus,
1197 1451 1299 1505 sed
1323 1467 1426 1521 per
1448 1450 1549 1504 Dei
1575 1449 1874 1515 virtutem,
1903 1466 2054 1503 mor-

389 1549 511 1601 tem
562 1544 873 1608 devnctam,
915 1540 1239 1611 mortisque
1288 1540 1655 1593 destructum
1707 1538 2051 1609 imperium.

392 1634 466 1689 Et
494 1632 634 1705 quia
664 1631 901 1703 signum
932 1630 1123 1685 crucis
1174 1629 1234 1683 in
1266 1629 1453 1683 fronte
1501 1632 1829 1699 gestamus,
1857 1626 2057 1680 divina

393 1722 583 1794 gratia
610 1722 977 1792 cooperante,
1008 1717 1069 1772 in
1098 1721 1380 1772 aeternum
1413 1714 1790 1770 salvabimur.

466 1810 651 1882 Igitur
679 1808 818 1881 quia
846 1807 1092 1863 verbum
1122 1805 1314 1861 crucis
1340 1804 1719 1875 pereuntibus
1751 1804 1896 1857 dixit
1922 1818 2051 1859 esse

396 1897 730 1965 stultitiam,
755 1896 848 1952 his
871 1900 1089 1962 autem,
1114 1893 1215 1965 qui
1246 1892 1389 1948 salvi
1421 1894 1591 1958 ﬁunt,
1613 1892 1887 1946 virtutem
1916 1892 2011 1945 Dei
2035 1908 2046 1957 ;

396 1990 463 2044 ut
481 1986 591 2042 hoc
611 1984 946 2041 testimonio
974 1982 1308 2055 prophetico
1331 1983 1725 2047 conﬁrmaret,
1749 1981 2002 2050 subjecit
2029 1997 2042 2034 :

393 2076 672 2146 Scriptum
700 2077 780 2128 est
798 2074 967 2140 enim,
988 2070 1255 2127 videlicet
1274 2070 1333 2125 in
1356 2070 1507 2124 Isaia
1532 2086 1543 2122 :
1570 2069 1815 2123 Peritum
1832 2072 2047 2139 sapien-

393 2167 540 2221 tiam
602 2164 960 2234 sapientium,
990 2169 1044 2215 et
1070 2159 1423 2231 prudentiam
1451 2158 1805 2229 prudentium
1852 2174 2045 2229 repro-

396 2254 528 2310 babo
548 2254 683 2324 (Isa.
704 2268 860 2321 χχιχ,
884 2251 993 2320 14).
1024 2248 1126 2305 Ubi
1148 2248 1754 2312 animadvertendum,
1779 2248 1918 2317 quia
1940 2248 2045 2301 Do-

395 2342 593 2397 minus
637 2356 753 2395 non
783 2357 847 2394 se
876 2354 1071 2393 veram
1103 2336 1453 2408 sapientiam
1504 2336 1742 2406 perdere
1799 2337 2043 2406 promit-

393 2430 496 2498 tit;
527 2446 643 2485 non
666 2427 831 2483 illam
853 2442 1043 2492 suam,
1063 2442 1241 2496 quam
1268 2425 1451 2496 gratis
1473 2424 1714 2488 confert,
1739 2425 1840 2478 sed
1865 2439 2046 2494 quam

396 2518 692 2591 sapientes
724 2515 929 2571 mundi
955 2514 1067 2569 sibi
1088 2517 1426 2584 arroganter
1450 2512 1751 2566 tribuunt:
1779 2516 1833 2567 et
1865 2528 2044 2583 quam

397 2623 460 2664 se
482 2607 771 2677 jactantes
800 2606 1010 2674 putant
1056 2602 1286 2657 habere.
1314 2601 1477 2655 Tunc
1508 2612 1643 2672 ergo
1686 2602 2045 2671 sapientium

397 2694 748 2767 sapientiam
765 2690 1037 2764 perdidit,
1054 2690 1289 2762 quando
1313 2705 1401 2753 ea,
1418 2705 1544 2760 quae
1564 2688 1859 2760 sapientes
1884 2707 1983 2744 mu
1994 2707 2053 2743 n-

397 2783 458 2840 di
489 2782 615 2838 ﬁeri
644 2798 817 2853 posse
846 2780 1161 2851 negabant,
1189 2778 1427 2849 perfecit
1447 2783 1502 2833 et
1523 2795 1694 2849 opere
1717 2778 2050 2849 complevit.

399 2873 724 2929 Prudentes
752 2870 931 2926 etiam
980 2867 1185 2923 mundi
1236 2868 1420 2922 Deum
1469 2869 1723 2922 otiosum
1757 2868 2052 2937 dicebant,

400 2978 507 3019 nec
536 2961 751 3016 habere
772 2958 1165 3013 humanorum
1199 2961 1435 3011 actuum
1469 2974 1671 3011 curam
1700 2958 1883 3028 (502);
1916 2973 2060 3026 quo.

400 3069 531 3110 rum
556 3048 928 3123 prudentiam
947 3029 1326 3111 Dominus,id
1351 3049 1440 3100 est
1464 3045 1847 3119 intellectum,
1866 3062 2058 3117 repro-

399 3140 563 3198 bavit
593 3156 607 3194 :
642 3139 784 3193 dum
815 3136 969 3207 quod
1016 3134 1379 3206 impossibile
1425 3136 1739 3205 zestimant,
1766 3135 2054 3202 faciendo,

402 3226 683 3304 possibile
709 3225 984 3292 ostendit,
1018 3240 1195 3294 seque
1248 3223 1550 3278 hominum
1582 3239 1785 3277 curam
1840 3222 2059 3277 habere

2165 667 2292 705 esse
2342 651 2615 721 ostendit,
2651 650 2912 705 faciendo
2963 666 3029 704 ea
3079 665 3206 719 quae
3254 648 3380 719 ipsa
3427 646 3823 718 impossibilia

2167 740 2483 792 asserebat.

2237 832 2377 883 Nam
2417 831 2547 897 quia
2577 830 2637 882 in
2666 829 2763 883 Dei
2808 830 3088 898 sapientia
3135 843 3245 882 non
3293 827 3539 896 cognovit
3582 824 3822 880 mundus

2164 933 2262 987 per
2284 920 2617 987 sapientiam
2654 919 2841 987 Deum,
2876 922 2984 971 etc.
3021 918 3083 971 In
3137 917 3233 971 Dei
3280 914 3587 986 sapientia,
3620 914 3678 969 id
3712 917 3822 979 est,

2168 1006 2227 1060 in
2262 1008 2463 1060 mundi
2509 1007 2819 1072 creatione,
2854 1022 2983 1077 quas
3013 1005 3113 1060 Dei
3155 1004 3444 1076 sapientia
3501 1003 3653 1059 facta
3711 1008 3820 1069 est,

2168 1096 2426 1149 mundus
2475 1112 2575 1165 per
2624 1095 2996 1166 sapientiam,
3037 1092 3331 1149 carnalem
3380 1091 3670 1156 videlicet,
3705 1108 3821 1146 non

2167 1184 2437 1252 cognovit
2491 1185 2698 1246 Deum,
2739 1185 2881 1254 quia
2930 1183 3200 1238 homines
3248 1182 3455 1236 mundi
3505 1186 3819 1245 amatores,

2166 1271 2251 1325 vel
2282 1273 2338 1325 in
2374 1273 2593 1327 mundo
2638 1277 3091 1341 commorantes,
3112 1272 3373 1326 videntes
3404 1269 3609 1325 mundi
3642 1285 3822 1324 orna-

2168 1369 2313 1427 tum,
2363 1379 2476 1415 non
2527 1379 2628 1432 per
2675 1366 3003 1415 creaturam
3057 1361 3388 1416 Creatorem
3435 1361 3819 1431 agnoverunt,

2166 1454 2266 1503 aut
2297 1450 2347 1504 ei
2378 1450 2596 1521 gratias
2624 1449 2969 1517 retulerunt,
2996 1450 3093 1503 sed
3125 1449 3358 1504 unicam
3390 1449 3519 1518 ejus
3550 1448 3823 1517 majesta-

2168 1544 2286 1593 tem
2332 1539 2579 1593 diversis
2610 1539 2931 1609 figmentis,
2954 1544 3011 1593 et
3041 1537 3346 1593 elementis
3395 1536 3821 1608 ascripserunt,

2168 1630 2443 1697 putantes
2475 1627 2571 1681 alii
2604 1627 2787 1681 Deum
2827 1643 2955 1682 esse
2998 1643 3215 1695 aerem,
3249 1625 3346 1681 alii
3390 1625 3686 1692 aetherem,
3722 1623 3822 1679 alii

2166 1715 2369 1781 solem,
2416 1722 2472 1769 et
2522 1716 2743 1787 reliqua
2794 1715 3158 1786 hujusmodi.
3191 1714 3420 1770 Aliter:
3455 1714 3716 1769 Mundus
3761 1714 3819 1768 in

2165 1804 2450 1875 sapientia
2484 1803 2603 1869 Dei,
2635 1805 2741 1859 hoc
2772 1809 2884 1871 est,
2914 1805 2975 1859 in
3005 1804 3149 1860 Filio
3181 1804 3305 1870 Dei,
3329 1804 3429 1876 qui
3460 1808 3551 1859 est
3581 1802 3820 1873 sapien-

2163 1893 2245 1946 tia
2275 1892 2480 1959 Patris,
2509 1910 2611 1963 per
2642 1892 2989 1963 sapientiam
3022 1892 3337 1959 carnalem,
3362 1909 3542 1963 quam
3574 1895 3820 1962 Aposto-

2162 1981 2250 2034 lus
2282 1981 2523 2035 abusive
2573 1982 2920 2052 sapientiam
2973 1987 3170 2049 vocat;
3219 1982 3461 2052 ponitur
3506 1980 3666 2036 enim
3716 1996 3817 2051 pro

2158 2072 2406 2136 astutia;
2442 2088 2557 2124 non
2590 2071 2856 2141 cognovit
2902 2070 3108 2139 Deum,
3141 2086 3275 2124 cum
3308 2070 3510 2124 videns
3544 2085 3679 2125 eum
3712 2069 3817 2124 ho-

2161 2160 2378 2213 minem
2412 2160 2566 2215 inter
2595 2159 2864 2214 homines
2911 2166 3345 2225 conversatum,
3372 2176 3590 2229 purum
3629 2159 3818 2214 homi-

2161 2265 2291 2303 nem
2325 2248 2590 2302 credidit.
2617 2249 2739 2302 Non
2765 2247 3053 2319 cognovit,
3077 2250 3208 2319 quia
3239 2250 3339 2301 tua:
3368 2249 3429 2303 in
3460 2250 3697 2305 tenebris
3724 2248 3822 2303 lu-

2158 2346 2254 2407 cet,
2289 2346 2338 2391 et
2368 2338 2607 2393 tenebra:
2633 2354 2749 2391 eam
2801 2353 2911 2392 non
2941 2337 3486 2407 comprehenderunt.
3520 2338 3582 2391 In
3610 2337 3816 2393 munda

2158 2430 2295 2493 erat,
2328 2434 2379 2481 et
2415 2426 2654 2480 mundus
2697 2443 2799 2496 per
2850 2428 3032 2496 ipsum
3079 2426 3261 2496 factus
3309 2430 3412 2496 est,
3472 2435 3529 2481 et
3578 2426 3819 2481 mundus

2160 2533 2286 2571 eum
2316 2532 2421 2571 non
2456 2517 2717 2585 cognovit.
2750 2517 2813 2570 In
2860 2516 3087 2586 prapria
3120 2516 3290 2580 venit,
3320 2518 3372 2571 et
3400 2515 3491 2570 sui
3533 2531 3656 2571 eum
3704 2530 3817 2571 non

2164 2614 2501 2675 receperunt.
2536 2606 2719 2672 (Joan.
2754 2621 2791 2668 1,
2824 2605 2880 2669 5,
2918 2606 3000 2670 10,
3038 2604 3146 2673 11).

2235 2695 2456 2749 Placuit
2486 2695 2588 2748 Deo
2616 2710 2715 2763 per
2741 2691 3048 2747 stultitiam
3082 2692 3497 2762 prmdicationis
3524 2693 3700 2749 salvos
3726 2695 3818 2763 fa-

2164 2800 2284 2838 cere
2316 2782 2606 2847 credentes,
2638 2782 2694 2835 id
2728 2785 2834 2846 est,
2865 2781 3083 2852 placuit
3114 2785 3179 2835 ut
3208 2782 3463 2837 Verbum
3489 2799 3621 2838 caro
3654 2783 3822 2838 ﬁeret

2167 2877 2224 2926 et
2254 2871 2547 2925 habitaret
2576 2871 2634 2923 in
2668 2869 2864 2936 nobis;
2898 2869 3119 2941 placuit
3149 2870 3421 2927 ordinare
3451 2870 3824 2942 praedicatio-

2168 2975 2322 3029 nem,
2347 2975 2473 3029 quae
2505 2957 2621 3012 illis
2668 2958 2850 3013 stulta
2898 2958 3211 3029 videretur,
3245 2964 3311 3015 ut
3359 2960 3695 3032 quicunque
3728 2978 3820 3029 ea,

2169 3065 2295 3119 qum
2357 3048 2463 3119 ipsi
2525 3046 2887 3113 difﬁdebant,
2934 3048 3253 3119 crederent,
3314 3047 3703 3119 salvarentur,
3767 3054 3827 3105 et

2168 3153 2370 3192 eorum
2402 3134 2886 3191 condemnationc
2916 3136 3200 3191 increduli
3231 3138 3672 3195 damnarentur.

2238 3227 2383 3295 Quia
2414 3234 2464 3280 et
2490 3225 2861 3293 Judwisigna
2898 3230 3113 3296 petunt.
3145 3226 3268 3281 Non
3299 3227 3456 3281 enim
3489 3226 3614 3283 ﬁeri
3645 3244 3827 3300 posse

400 3296 711 3375 manifeste
740 3312 1175 3369 demonstravit.
1206 3311 1351 3365 Nam
1382 3311 1593 3366 Filium
1628 3326 1801 3364 suum
1835 3311 1906 3364 de
1936 3327 2046 3364 εοε-
2079 3296 2121 3361 C
2160 3315 2459 3382 difﬁdunt,
2495 3314 2594 3368 sed
2632 3318 2827 3368 utrum
2864 3314 3083 3369 factum
3116 3316 3214 3383 sit,
3250 3332 3451 3382 necne,
3485 3296 3824 3388 requirunt.

401 3407 478 3463 lis
508 3405 581 3460 ad
612 3408 797 3458 terras
828 3401 1007 3470 misit,
1034 3402 1133 3472 qui
1164 3418 1397 3472 passus,
1420 3400 1755 3466 cruciﬁxus,
1783 3404 2051 3453 mortuus

407 3500 466 3552 et
495 3491 782 3565 sepultus,
815 3507 999 3562 genus
1029 3489 1354 3544 humanum
1388 3487 1656 3542 redemit.

480 3584 552 3639 Ut
579 3586 775 3636 autem
797 3579 1126 3634 ostenderet
1146 3594 1396 3649 quorum
1431 3576 1785 3647 sapientium
1819 3578 2051 3647 sapien-

407 3673 575 3739 tiam,
590 3674 693 3726 aut
708 3685 957 3741 quorum
980 3666 1357 3739 prudentium
1376 3664 1748 3736 prudentiam
1770 3680 1829 3718 se
1847 3666 2056 3720 dixerit

410 3759 696 3818 Dominus
746 3758 1075 3829 reprobare,
1108 3752 1332 3827 prolato
1386 3752 1677 3823 prophetae
1721 3752 2053 3808 testimonio

414 3847 717 3921 adjunxit:
751 3847 849 3904 Ubi
875 3847 1134 3917 sapiens?
1182 3843 1281 3898 Ubi
1324 3842 1544 3895 scriba?
1594 3842 1696 3897 Ubi
1725 3845 2057 3911 conquisitor

415 3939 579 4006 huius
604 3937 835 3994 sa’culi?
864 3936 992 4007 (Isa.
1024 3949 1223 3998 xxxm,
1259 3930 1370 4001 18.)
1402 3930 1624 3996 Quibus
1654 3930 1842 3985 verbis
1872 3933 2052 4002 Apos-

412 4028 569 4085 tolus
598 4031 719 4083 tam
743 4025 978 4081 Judaaos
1006 4020 1519 4091 redarguit,quam
1551 4019 1816 4089 gentiles.
1843 4021 2053 4075 Scribae

413 4132 688 4188 namque,
720 4115 778 4170 id
809 4118 917 4183 est,
950 4111 1097 4183 legis
1126 4112 1393 4163 doctores
1418 4108 1757 4163 Judzeorum
1780 4109 2057 4164 nolebant

411 4207 644 4263 credere
672 4210 852 4260 Deum
900 4199 1113 4257 Filium
1151 4197 1388 4262 habere,
1419 4196 1702 4267 virginem
1736 4199 2050 4268 peperisse,

409 4300 513 4352 aut
543 4296 719 4349 Deum
753 4291 895 4364 pati,
927 4287 1016 4343 vel
1050 4286 1199 4342 mori
1237 4285 1495 4357 potuisse
1529 4302 1542 4339 :
1576 4302 1713 4339 nam
1760 4286 1897 4355 quia
1944 4286 2052 4341 hoc

407 4380 887 4441 manifestissime
908 4393 1026 4433 non
1048 4380 1136 4431 est
1160 4376 1614 4447 praeﬁguratum,
1640 4374 1877 4429 omnino
1905 4375 2052 4429 difﬁ-

406 4473 652 4539 debant;
684 4466 957 4526 similiter
997 4470 1054 4521 et
1099 4465 1391 4537 sapientes
1423 4464 1619 4519 szeculi
1678 4463 1797 4518 hanc
1846 4465 2048 4520 eadem

405 4560 767 4622 deridebant,
799 4557 937 4628 quia
991 4555 1249 4611 humana
1305 4554 1593 4625 sapientia
1649 4570 1761 4608 non
1820 4554 2046 4625 recipit,

2163 3403 2372 3458 Omnia
2402 3403 2619 3474 quippe
2662 3403 2777 3457 Deo
2818 3403 3124 3473 possibilia
3172 3404 3457 3475 iudicant,
3495 3405 3593 3459 sed
3647 3405 3829 3477 signa

2164 3496 2450 3563 quaerunt,
2475 3492 2693 3563 quibus
2721 3508 2922 3546 verum
2952 3509 3079 3547 esse
3112 3493 3409 3564 probetur,
3435 3494 3592 3565 quod
3617 3496 3829 3565 praedi-

2163 3584 2329 3633 catur
2362 3595 2377 3634 :
2409 3578 2549 3633 talia
2596 3577 2834 3642 scilicet,
2879 3578 3077 3649 qualia
3127 3579 3277 3635 facta
3325 3585 3465 3635 sunt
3511 3580 3571 3635 in
3620 3581 3823 3639 Veteri

2162 3670 2554 3730 'J‘estamento,
2591 3684 2727 3721 cum
2773 3667 2935 3738 virga
2983 3674 3173 3722 Aaron
3226 3669 3422 3724 ﬂoruit
3449 3673 3643 3737 (Num.
3675 3689 3821 3741 xvu,

2162 3758 2215 3825 5,
2249 3756 2327 3825 8),
2351 3759 2407 3810 et
2428 3756 2599 3810 ﬁores
2625 3756 2680 3809 in
2716 3757 3054 3827 amygdalas
3084 3757 3436 3814 deformavit
3457 3759 3645 3830 (Num.
3669 3762 3817 3832 vm),

2167 3850 2224 3899 et
2251 3845 2426 3899 Jonas
2458 3844 2645 3899 tribus
2677 3844 2883 3899 diebus
2913 3851 2970 3899 et
2999 3845 3192 3900 tribus
3225 3847 3493 3903 noctibus
3524 3848 3585 3903 in
3616 3855 3822 3907 ventre

2168 3933 2277 3988 ceti
2304 3932 2513 4004 jacuit,
2548 3937 2748 4003 pastea
2778 3934 2941 3988 vivus
2972 3934 3031 3988 in
3061 3932 3231 3989 littus
3277 3936 3499 4006 ejectus
3551 3940 3643 3993 est
3673 3939 3820 4007 (Jan.

2168 4040 2228 4090 ιι,
2259 4023 2283 4075 1
2324 4038 2336 4077 :
2369 4022 2561 4076 Matth.
2596 4039 2695 4090 χιι,
2731 4023 2840 4089 40).
2866 4022 3114 4077 Maxime
3165 4027 3362 4079 autem
3409 4024 3525 4080 tale
3575 4026 3821 4098 signum

2165 4114 2453 4183 qumrunt,
2486 4111 2659 4181 quale
2707 4116 3008 4166 ostensum
3041 4116 3129 4167 est
3159 4111 3343 4184 Moysi
3388 4112 3448 4168 in
3498 4114 3634 4185 igne
3683 4117 3819 4173 rubi

2164 4200 2352 4272 (Exod.
2390 4217 2472 4265 ιιι,
2504 4202 2559 4267 2,
2594 4200 2668 4269 3)-

2235 4289 2433 4355 Grmci,
2465 4289 2521 4342 id
2572 4288 2675 4359 esi,
2709 4289 2975 4360 gentiles,
3018 4291 3349 4361 sapientiam
3391 4297 3677 4363 quaerunt,
3711 4294 3818 4366 qui

2161 4395 2227 4432 ea
2258 4376 2627 4431 solummodo
2660 4377 2781 4431 ﬁeri
2815 4395 2985 4448 posse
3016 4379 3329 4445 aestimant,
3361 4395 3489 4451 qua:
3538 4379 3815 4437 humanae

2161 4466 2462 4537 sapientia:
2493 4466 2797 4522 convenire
2826 4466 3133 4523 videntur:
3168 4466 3415 4539 ideoque
3446 4485 3550 4540 per
3579 4470 3817 4542 sapien-

2159 4555 2297 4610 tiam
2335 4554 2589 4609 invenire
2622 4558 2911 4625 quaerunt,
2937 4555 3252 4625 quomodo,
3281 4561 3384 4612 aut
3414 4557 3579 4629 virgo
3612 4574 3820 4630 parere

405 4665 530 4721 quas
563 4646 811 4704 stultum
844 4644 1072 4715 judicat
1123 4644 1355 4699 credere
1385 4642 1680 4698 hominem
1730 4643 1891 4697 nasci
1948 4658 2047 4714 po-
2079 4656 2125 4720 ι]
2161 4644 2433 4715 potuerit,
2459 4648 2560 4698 aut
2589 4647 2858 4697 mortuus
2882 4659 3222 4715 resurgere:
3249 4645 3405 4716 quod
3428 4649 3629 4702 tamen
3660 4664 3822 4704 com-

400 4736 587 4792 tuisse
616 4735 740 4791 sine
770 4732 1178 4803 conjunctione
1209 4730 1388 4785 maris
1418 4747 1482 4785 ac
1514 4731 1761 4786 feminas.
1791 4731 2043 4802 Conqui-

399 4826 640 4883 sitorem
697 4838 829 4879 vero
895 4818 1092 4876 saeculi
1164 4818 1492 4889 specialiter
1560 4820 2043 4875 mathematicum

398 4914 556 4983 dicit,
592 4912 692 4984 qui
727 4910 1015 4965 mundum
1056 4908 1171 4962 fato
1221 4906 1360 4977 regi,
1393 4911 1448 4959 et
1496 4908 1693 4961 omnia
1740 4909 2042 4965 stellarum

397 5000 940 5059 constellationibus
973 5000 1148 5066 atque
1180 4994 1435 5048 motibus
1467 4994 1585 5048 ﬁeri
1620 4996 1896 5051 decernit.

469 5090 577 5144 Sed
610 5104 678 5141 ex
709 5102 825 5156 quo
858 5084 1110 5139 maxime
1138 5082 1569 5154 comprobetur,
1604 5088 1665 5136 ut
1700 5102 1810 5138 non
1844 5086 1920 5140 sit
1949 5103 2040 5141 sa-

397 5176 585 5249 piens,
610 5190 725 5229 non
749 5173 962 5238 scriba,
987 5188 1101 5226 non
1128 5170 1488 5242 conquisitor
1510 5171 1725 5235 saeculi,
1752 5175 2037 5244 subjecit:

393 5266 585 5321 Nonne
611 5262 843 5317 stultam
888 5263 1017 5329 fecit
1066 5262 1208 5315 Deus
1236 5262 1565 5331 sapientium
1614 5261 1775 5331 hujus
1804 5263 2042 5317 mundi?

396 5351 561 5417 Quod
584 5353 779 5403 autem
802 5348 1041 5403 dicitur:
1064 5349 1316 5405 Stultam
1341 5349 1473 5403 fecit
1495 5349 1647 5404 Deus
1671 5350 2037 5421 sapientiam,

394 5456 511 5497 non
544 5436 985 5507 intelligendum
1022 5443 1128 5509 est,
1156 5438 1311 5510 quod
1344 5437 1498 5493 Deus
1530 5439 1764 5510 sapiens
1796 5438 2037 5494 stultam

2158 4733 2514 4804 prehendere
2546 4749 2661 4787 non
2702 4736 2975 4803 possunt;
3012 4733 3149 4803 quia
3196 4750 3431 4789 omnem
3484 4734 3814 4793 humanam

2156 4822 2505 4891 sapientiam
2554 4820 2934 4874 transcendit.
2990 4820 3152 4875 Unde
3209 4823 3621 4879 convenienter
3668 4827 3817 4881 sub-

2149 4911 2342 4978 junxit
2368 4926 2379 4963 :
2405 4913 2513 4963 Nos
2536 4918 2719 4964 autem
2746 4909 3108 4979 praedicamus
3131 4910 3406 4965 Christum
3434 4912 3816 4984 cruciﬁxum:

2150 4999 2351 5053 Judzeis
2373 4998 2590 5069 quidem
2621 4996 2966 5063 scandalum,
2989 4999 3243 5065 gentibus
3273 5005 3461 5054 autem
3485 5002 3818 5058 stultitiam.

2153 5087 2419 5141 Christus
2451 5087 2762 5141 cruciﬁxus
2806 5086 3025 5142 Judzeis
3075 5087 3418 5143 scandalum
3478 5094 3638 5159 erat;
3679 5092 3823 5163 quia.

2153 5175 2727 5240 scandalizabantur,
2780 5176 3086 5231 audientes
3118 5176 3415 5231 Christum
3466 5177 3820 5237 violatorem

2149 5263 2406 5328 Sabbati,
2440 5264 2532 5318 Dei
2564 5264 2772 5318 Filium
2805 5265 3127 5335 praedicari,
3154 5271 3255 5319 aut
3284 5266 3385 5321 Dei
3420 5266 3634 5321 Filium
3670 5269 3820 5340 pati,

2148 5353 2236 5408 vel
2272 5354 2419 5407 mori
2469 5352 2751 5423 potuisse.
2787 5353 3073 5409 Gentibus
3106 5360 3301 5409 autem
3342 5359 3468 5411 erat
3518 5355 3816 5426 stultitia;

2150 5442 2449 5513 quoniam,
2466 5442 2608 5497 dum
2630 5458 2697 5496 ea
2713 5442 3013 5513 praedicari
3035 5443 3511 5516 audiebant,quaa
3537 5444 3817 5503 humanas

463 5610 907 5709 (53%)‘Epicurei
939 5632 1167 5691 nempe,
1198 5615 1301 5689 qui
1332 5616 1508 5673 deum
1538 5630 1679 5672 sane
1710 5614 2047 5687 admittunt,
2076 5620 2175 5676 sed
2209 5636 2342 5677 eum
2376 5619 2737 5692 contemptui
2768 5620 2967 5692 potius
2995 5638 3173 5696 quam
3207 5622 3549 5682 reverentiae
3578 5641 3823 5709 necom:

391 5686 659 5754 medent.
