3942 6398
132 441 221 502 301

676 443 1098 509 EXPOSITIO
1146 448 1225 507 IN
1274 448 1707 509 EPISTOLAS
1756 445 2008 508 PAULI.
2046 478 2120 490 —
2153 448 2230 507 IN
2278 449 2528 512 EPlS'l‘.
2578 454 2599 512 l
2647 455 2751 515 AD
2795 456 2971 519 COR.

3419 461 3537 522 302

127 570 407 643 sapientiae
453 574 768 630 convenire
791 593 907 632 non
925 577 1767 651 videntur,insensatajudica-
1799 580 1849 644 Α
1884 595 1999 633 non.
2022 580 2187 634 nmlti
2214 580 2418 635 nobiles
2458 601 2476 635 :
2504 600 2570 638 ac
2601 584 2649 639 si
2681 585 2899 642 diceret
2933 605 2945 643 :
2981 589 3044 643 In
3092 589 3529 663 vobismetipsis

35 726 51 747 ⁹
126 663 269 732 bant,
300 661 674 735 maximeque
703 666 951 738 virginis
1004 673 1241 740 partum
1290 675 1345 724 et
1395 676 1761 725 mortuorum

124 749 437 822 generalem
469 755 990 810 resurrectionem.

184 841 306 911 Ipsis
332 849 519 896 autem
548 844 750 898 vocatis
771 860 793 905 ;
827 861 941 899 non
978 844 1077 901 illa
1099 847 1544 919 vocatione,qua
1573 847 1761 903 vocati

124 934 247 985 sunt
274 929 329 983 hi
364 929 490 1001 qui,
522 930 755 987 invitati
787 934 859 988 ad
909 951 1135 990 omnem
1168 936 1324 1009 agni,
1358 954 1473 992 non
1529 938 1763 991 fuerunt

125 1017 267 1091 digni
296 1019 495 1074 venire
525 1019 708 1091 (Apoc.
771 1040 889 1090 xxx,
919 1024 993 1091 9;
1028 1024 1211 1080 Matth.
1264 1043 1404 1090 XXII,
1434 1028 1512 1095 2),
1556 1025 1658 1081 sed
1695 1041 1764 1079 ea

124 1107 185 1162 de
213 1124 321 1179 qua
347 1108 666 1179 Apostolus
691 1127 704 1166 :
740 1112 878 1179 Quos
907 1117 1090 1169 autem
1115 1116 1564 1184 praedestinavit,
1597 1114 1692 1169 hos
1713 1118 1764 1168 et

121 1199 339 1253 vocavit.
382 1201 603 1253 Focatis
639 1216 777 1271 ergo
805 1201 1027 1269 Judwis,
1084 1213 1245 1274 atque
1295 1203 1491 1259 Graecis
1519 1203 1763 1258 Christ-us

35 1317 44 1341 ›
120 1286 208 1341 Dei
234 1287 408 1341 virtus
436 1290 536 1356 est,
569 1296 620 1343 et
647 1290 748 1344 Dei
778 1292 1049 1362 sapientia
1078 1293 1252 1363 (Rom.
1286 1310 1410 1349 vm.
1446 1294 1534 1363 40)
1575 1310 1587 1347 :
1623 1294 1764 1364 quia

119 1375 309 1441 Judaei,
359 1376 466 1448 qui
500 1377 660 1448 prius
710 1378 882 1451 signa
912 1382 1273 1451 quaerebant,
1327 1386 1383 1437 et
1410 1381 1762 1452 scandaliza-

118 1464 332 1537 bantur,
366 1482 476 1538 per
504 1466 754 1538 gratiam
788 1469 887 1523 Dei
916 1470 1104 1525 vocati
1134 1471 1205 1525 ad
1238 1471 1436 1536 ﬁdem,
1469 1470 1764 1527 intellexe-

118 1558 242 1609 runt
270 1571 405 1611 eum
439 1554 541 1611 Dei
570 1555 845 1613 virtutem
883 1576 896 1626 ;
931 1559 1208 1630 quoniam
1248 1576 1352 1631 per
1376 1560 1575 1631 ipsum
1612 1561 1761 1616 Deus

118 1641 274 1698 Pater
303 1642 505 1699 omnia
533 1645 815 1712 condidit,
850 1646 1017 1718 regit,
1051 1651 1108 1703 et
1134 1648 1441 1720 gubernat.
1479 1646 1764 1702 Similiter

115 1731 481 1804 gentiles,qui
500 1732 664 1805 prius
678 1736 955 1807 mysteria
968 1735 1046 1791 Ch
1059 1736 1183 1792 risti
1202 1736 1462 1792 humana
1474 1735 1763 1808 sapientia

116 1821 596 1892 comprehendere
626 1823 1049 1892 nitebantur,et
1077 1826 1296 1898 quibus
1318 1825 1568 1881 stultitia
1594 1825 1760 1880 vide-

35 1922 39 1939 ’
114 1908 338 1980 bantur,
370 1909 474 1966 Dei
504 1912 695 1983 gratia
725 1913 860 1969 facti
893 1916 1218 1983 credentes,
1242 1918 1604 1987 agnoverunt
1623 1930 1759 1969 eum

114 1996 204 2052 Dei
235 1999 584 2072 sapientiam
622 2019 636 2069 ;
688 2003 967 2074 quoniam
1000 2022 1102 2076 per
1133 2021 1269 2061 eum
1299 2005 1452 2061 Deus
1484 2010 1648 2076 pater
1672 2007 1763 2060 est

114 2087 361 2158 agnitus.
406 2089 475 2143 Et
504 2107 704 2147 revera
734 2108 847 2147 non
880 2092 1051 2149 aliter
1105 2094 1318 2149 melius
1350 2097 1575 2164 poterat
1605 2093 1761 2149 Deus

113 2174 271 2231 Pater
299 2178 561 2248 agnosci,
594 2196 771 2250 quam
806 2197 909 2252 per
938 2198 1095 2249 cum,
1148 2181 1248 2253 qui
1300 2181 1536 2254 genitus
1567 2185 1658 2236 est
1687 2181 1760 2236 ab

108 2262 221 2330 illo,
255 2264 421 2322 Unde
450 2267 509 2321 in
543 2267 841 2340 evangelio
901 2286 914 2323 :
971 2270 1138 2326 Nemo
1166 2272 1317 2325 novit
1354 2271 1596 2335 Patrem,
1647 2270 1763 2323 nisi

110 2352 308 2422 Filius,
360 2361 414 2410 et
443 2357 537 2411 cui
556 2357 791 2411 voluerit
851 2358 1035 2413 Filius
1058 2360 1301 2413 revelare
1339 2357 1763 2429 (Matth.x1,27).

105 2443 372 2499 Attamen
378 2445 551 2515 juxta
562 2444 715 2500 hanc
728 2444 1113 2516 apostolicam
1129 2447 1481 2501 sententiam
1497 2445 1763 2517 utrisque

106 2532 346 2599 vocatis,
379 2535 505 2586 tam
534 2532 961 2605 Judzeis,quam
991 2534 1206 2590 Graecis
1236 2535 1523 2590 debemus
1552 2533 1761 2589 intelli-

107 2636 231 2693 gere
267 2620 575 2676 Christum
636 2622 731 2677 Dei
763 2622 1063 2690 virtutem,
1113 2629 1170 2678 et
1224 2623 1326 2678 Dei
1360 2623 1710 2694 sapientiam
1744 2639 1757 2677 :

104 2709 282 2765 virtus
306 2709 529 2781 quippe
550 2711 620 2765 ad
654 2711 1372 2784 operationem,sapientia
1395 2712 1466 2767 ad
1490 2712 1762 2783 praedica-

105 2798 318 2854 tionem
352 2799 623 2854 refertur.
666 2800 868 2855 Virtus
896 2817 1001 2872 ego
1035 2800 1137 2856 Dei
1169 2800 1435 2856 Christus
1464 2799 1583 2855 illis
1615 2805 1703 2855 est
1743 2817 1756 2869 ;

104 2887 236 2958 quia
266 2886 703 2954 intellexerunt,
734 2890 904 2961 (quod
938 2889 1052 2945 nisi
1085 2889 1240 2945 Deus
1269 2894 1445 2960 esset,
1475 2888 1763 2944 miracula

102 2991 225 3046 quin
252 2976 395 3032 fecit
418 2976 603 3032 facere
635 2994 751 3033 non
783 2982 985 3050 posset
1017 2996 1029 3033 :
1061 2982 1149 3034 est
1170 2982 1227 3034 et
1258 2978 1544 3051 sapientia
1570 2996 1583 3047 ;
1617 2994 1761 3049 quo-

101 3065 253 3121 niam
286 3071 656 3139 agnoverunt
704 3065 958 3134 nullum,
1009 3067 1121 3123 nisi
1154 3067 1311 3122 Deus
1351 3071 1526 3134 esset,
1558 3067 1764 3121 docere

100 3169 268 3224 posse
300 3172 437 3228 qua:
484 3155 703 3211 docuit.
757 3154 922 3211 Unde
975 3154 1160 3211 Judaei
1208 3155 1280 3210 de
1321 3170 1388 3209 eo
1438 3154 1759 3209 dixerunt:

103 3243 246 3299 Unde
276 3243 416 3299 huic
445 3244 629 3299 virtus
650 3245 788 3311 haec,
820 3249 874 3299 et
905 3242 1224 3315 sapientia?
1249 3243 1467 3310 (Matth.
1500 3258 1624 3310 xm,
1647 3242 1761 3313 54).

165 3334 318 3406 Quia
352 3333 500 3405 quod
528 3334 766 3389 stultum
795 3336 876 3387 est
923 3333 1044 3402 Dei,
1074 3333 1387 3402 sapientius
1417 3338 1495 3386 est
1522 3332 1761 3387 homini-
1793 3318 1836 3385 C
1876 3332 1991 3387 culi
2050 3333 2412 3404 putabantur
2471 3347 2483 3387 :

97 3420 201 3489 bus,
232 3431 286 3478 et
318 3422 470 3493 quod
500 3422 794 3490 infirmum
824 3427 904 3475 est
939 3422 1056 3488 Dei,
1083 3422 1284 3490 fortius
1304 3425 1384 3475 est
1415 3419 1753 3475 hominibus.

96 3510 349 3567 Stultum
384 3510 513 3580 Dei,
545 3526 663 3565 non
712 3524 845 3564 vere
894 3509 1054 3575 dicit,
1089 3509 1187 3564 sed
1215 3508 1388 3579 juxta
1445 3507 1758 3563 hominum

97 3600 429 3671 opinionem
466 3615 479 3654 :
515 3598 684 3670 Nam,
716 3599 857 3670 quia
885 3597 1147 3654 humana
1176 3598 1468 3670 sapientia
1498 3612 1760 3668 compro-

96 3686 341 3745 hendere
376 3705 496 3744 non
549 3692 840 3761 poterant,
893 3688 1188 3760 quomodo
1235 3687 1323 3743 vel
1355 3688 1515 3760 virgo
1558 3702 1760 3757 parere

98 3783 305 3851 posset,
340 3780 434 3835 vel
470 3783 623 3833 Deus
654 3776 888 3849 pati,vel
922 3782 1194 3833 mortuus
1224 3792 1549 3848 resurgere,
1577 3773 1761 3830 stulta

100 3882 216 3923 esse
246 3868 655 3935 aestimabant,
682 3883 815 3922 cum
850 3871 1011 3923 esset
1040 3866 1100 3922 in
1134 3866 1224 3921 his
1274 3866 1424 3922 ratio
1453 3864 1757 3937 spiritalis.

102 3953 207 4013 Hoc
239 3957 522 4028 stultum,
557 3956 902 4013 hominibus
937 3955 1265 4027 sapientius
1294 3958 1384 4010 est
1417 3973 1430 4021 ;
1496 3954 1637 4025 quia
1667 3970 1759 4008 sa-

103 4043 311 4114 pientia
340 4047 613 4103 humana
643 4044 1064 4118 comprehendi
1097 4061 1214 4100 non
1243 4047 1460 4117 potest.
1483 4042 1764 4098 Similiter

97 4131 255 4202 juxta
284 4135 605 4192 hominum
634 4134 1083 4191 mstimationem
1110 4133 1414 4188 infirmum
1437 4131 1651 4188 Christi
1673 4147 1765 4186 vo-

103 4227 184 4277 cat
202 4224 815 4295 exinanitionem,qua
836 4222 1228 4294 semetipsum
1270 4220 1607 4288 exinanivit,
1645 4221 1762 4276 fac-

103 4313 198 4367 tus
216 4314 504 4371 obediens
530 4328 720 4383 usque
740 4313 812 4367 ad
841 4310 1518 4382 mortem(Philipp.u,7);
1540 4309 1640 4364 sed
1656 4309 1765 4363 hoc

101 4397 644 4470 inﬁrmum,fortius
664 4404 753 4457 est
772 4398 1283 4470 hominibus,quia
1300 4398 1427 4469 ejus
1448 4396 1766 4452 inﬁrmitas

104 4495 292 4547 nostra
322 4496 414 4549 est
441 4489 693 4546 victoria
723 4493 780 4544 et
808 4488 1090 4543 fortitudo
1116 4503 1240 4558 ;per
1270 4502 1398 4567 eam
1431 4486 1647 4557 quippe
1661 4502 1767 4540 nos

105 4576 272 4635 fortes
333 4580 473 4636 facti
535 4595 767 4635 sumus.
832 4575 1060 4632 Fortius
1092 4580 1180 4630 est
1216 4574 1594 4643 hominibus;
1630 4573 1770 4644 quia

1877 669 2213 739 cognoscite
2238 672 2394 741 quod
2420 672 2704 730 dico:ecce
2725 677 2882 731 enim
2904 694 3004 733 vos
3028 679 3330 750 multijam
3357 685 3522 737 estis.

1874 758 1975 828 qui
1998 758 2378 824 creditis,non
2405 767 2603 818 autem
2627 764 2796 820 multi
2819 771 2958 821 sunt
2982 767 3276 838 sapientes
3315 786 3526 825 secun-

1874 845 2015 900 dum
2050 863 2307 916 carnem,
2340 849 2398 903 id
2422 854 2533 910 est.
2557 851 2658 923 qui
2690 854 2989 909 mundana
3014 856 3303 926 sapientia
3330 855 3526 929 potius

1874 934 2063 989 inﬂati
2094 954 2271 1007 quam
2321 938 2497 1005 docti,
2550 940 2759 995 divinas
2809 942 3110 1013 sapientiai
3158 961 3220 1000 se
3266 945 3522 1001 subdere

1874 1023 2191 1080 noluerunt
2222 1043 2235 1081 :
2269 1028 2485 1098 quibus
2516 1030 3052 1101 verbisspecialiter
3069 1033 3518 1089 mathematicos

1873 1113 2266 1184 reprehendit.
2319 1116 2386 1170 Et
2417 1121 2574 1187 nota,
2635 1119 2794 1189 quia,
2850 1136 3000 1191 quos
3052 1121 3347 1193 sapientes
3377 1122 3525 1178 dicit

1873 1204 2199 1260 secundum
2236 1222 2492 1275 carnem,
2516 1209 2751 1263 eosdem
2783 1214 2948 1265 vocat
2977 1215 3243 1282 potentes
3272 1216 3331 1267 et
3358 1211 3526 1267 nobi-
3556 1260 3573 1267 ,

1871 1290 1955 1345 les
1990 1308 2003 1345 :
2039 1297 2322 1363 potentes,
2357 1295 2493 1365 quia
2525 1296 2730 1351 mundi
2762 1298 3019 1367 potentia
3044 1298 3525 1365 elati,inﬁrmita-

1871 1383 1989 1434 tem
2024 1382 2217 1436 crucis
2237 1382 2451 1438 Christi
2477 1385 2765 1439 credendo
2784 1386 3081 1457 suscipere
3111 1388 3523 1458 despexerunt:

1872 1468 2098 1525 nobiles
2128 1487 2281 1532 vero.
2307 1471 2448 1542 quia
2477 1472 2846 1544 antiquitatis
2876 1474 3164 1547 originem
3183 1493 3301 1531 suae
3323 1492 3527 1548 super-

1874 1558 2771 1629 stitioniascribebant,dicentes
2793 1580 2854 1618 se
2875 1563 3119 1635 antiqua
3140 1564 3364 1637 origine
3384 1582 3528 1637 pras-

1875 1647 2049 1714 ditos,
2074 1648 2440 1706 Christianos
2462 1655 2659 1706 autem
2683 1656 2956 1708 vocantes
2976 1652 3253 1725 novellos,
3276 1654 3526 1725 ideoque

1871 1735 2209 1808 ignominiae
2227 1738 2502 1805 crucis,id
2522 1740 2847 1809 est,divinas
2874 1741 3166 1814 religioni,
3189 1759 3251 1798 se
3273 1742 3527 1798 subdere

1872 1824 2571 1897 despiciebant.Ostendit
2587 1845 2722 1900 ergo
2736 1828 3527 1902 hisverbisApostolus,quia

1872 1912 2071 1969 ﬁdeles
2096 1919 2388 1985 Deus,non
2420 1917 2749 1971 secundum
2772 1933 2900 1973 eam
2924 1917 3250 1974 doctrinam
3272 1917 3519 1985 vocavit,

1871 2018 1996 2073 quas
2022 2002 2077 2056 in
2109 2004 2311 2074 paucis
2339 2009 2481 2073 erat,
2503 2005 2603 2059 sed
2629 2005 2776 2077 (504)
2800 2007 3122 2061 secundum
3145 2023 3431 2078 eam,quze
3458 2005 3521 2062 in

1871 2090 2371 2157 multis,videlicet
2391 2093 2997 2163 evangelicam.Aliter
3026 2112 3039 2149 :
3076 2094 3251 2150 Videte
3279 2096 3528 2150 vocatio-

1870 2195 1995 2233 nem
2028 2182 2505 2249 vestram,fratres,
2524 2183 2794 2251 quoniam
2822 2198 2934 2236 non
2964 2183 3127 2236 multi
3148 2184 3419 2254 sapientes
3438 2200 3522 2238 se-

1871 2267 2113 2321 cundum
2143 2283 2391 2334 carnem,
2442 2284 2555 2322 non
2599 2269 2763 2323 multi
2789 2273 3057 2339 potentes,
3088 2286 3205 2325 non
3231 2272 3397 2326 multi
3424 2288 3524 2328 no-

1874 2356 2027 2424 biles,
2061 2355 2118 2409 id
2151 2359 2258 2421 est,
2285 2355 2643 2428 perpendite,
2677 2358 3060 2421 considerate,
3087 2359 3369 2431 quoniam
3408 2377 3525 2416 non

1873 2443 2044 2499 multi
2075 2445 2393 2515 sapientes,
2428 2449 2715 2516 potentes,
2767 2450 2868 2501 aut
2907 2447 3130 2504 nobiles
3161 2447 3329 2504 electi
3362 2453 3524 2516 sunt,

1873 2550 1975 2604 per
2024 2550 2172 2604 quos
2218 2534 2596 2601 vocaremini,
2647 2535 2749 2590 sed
2800 2536 3139 2606 paucissimi
3176 2538 3522 2610 piscatores,

1871 2622 2060 2676 idiota
2109 2626 2165 2676 et
2212 2639 2520 2694 pauperes.
2578 2622 2741 2679 Unde
2779 2626 3188 2681 convenienter
3217 2626 3517 2697 subjecit:

1871 2710 1977 2766 Sed
2006 2727 2132 2781 quae
2175 2712 2348 2766 stulta
2390 2711 2587 2767 mundi
2635 2716 2784 2781 sunt,
2837 2714 3004 2781 elegit
3049 2715 3187 2769 Deus
3236 2714 3410 2786 (505),
3466 2719 3531 2769 ut

1870 2800 2174 2873 confundat
2194 2802 2365 2871 fortia
2388 2820 2404 2865 ;
2427 2809 2477 2856 et
2503 2800 2807 2874 ignobilia,
2831 2807 2883 2857 et
2901 2803 3338 2875 contemptibilia
3365 2804 3531 2873 elegit

1872 2890 2033 2943 Deus.
2084 2889 2217 2952 Quae
2263 2890 2555 2946 sententia
2604 2894 2724 2946 tam
2774 2891 2847 2945 ad
2901 2908 3021 2947 rem
3063 2908 3242 2963 quam
3292 2892 3363 2948 ad
3397 2910 3525 2964 per-

1872 2994 2049 3034 sonas
2078 2978 2279 3033 inferri
2330 2983 2541 3050 potest.
2574 2978 2629 3033 Si
2662 2984 2857 3035 autem
2891 2980 2962 3036 ad
2995 2998 3119 3035 rem
3182 2999 3194 3035 :
3266 2980 3523 3047 infirma,

1874 3067 2072 3133 stulta,
2132 3067 2432 3138 ignobilia,
2483 3074 2541 3122 et
2595 3068 3064 3140 contemptibilia
3115 3068 3256 3123 dicit
3286 3072 3521 3140 partum

1871 3153 2137 3226 virginis,
2173 3159 2230 3208 et
2259 3153 2489 3209 Domini
2545 3157 2902 3225 passionem,
2957 3155 3043 3212 vel
3084 3161 3372 3226 mortem;
3406 3173 3523 3213 non

1876 3243 2033 3315 quod
2066 3259 2264 3297 revera
2307 3243 2450 3310 sint,
2510 3244 2611 3298 sed
2672 3244 2810 3315 quia
2840 3244 2924 3299 sic
2954 3262 2987 3300 a
3019 3245 3388 3317 sapientibus
3418 3263 3523 3301 ste-

2548 3348 2673 3403 quai
2705 3333 2860 3388 Deus
2909 3332 3102 3406 elegit,
3137 3339 3201 3388 ut
3230 3335 3525 3407 sapientes

1866 3424 1923 3476 et
1952 3420 2129 3476 fortes
2188 3420 2592 3485 confunderet,
2642 3422 2784 3475 dum
2844 3421 3061 3477 multos
3105 3423 3370 3478 viderent
3396 3438 3523 3477 cre-

1869 3508 2023 3574 dere,
2071 3510 2227 3579 quod
2278 3507 2449 3579 pauci
2480 3509 2808 3580 negabant;
2840 3509 2891 3564 si
2934 3526 3068 3565 vero
3118 3510 3189 3566 ad
3245 3525 3526 3581 personas

1870 3597 2156 3652 referatur
2208 3613 2219 3650 :
2277 3596 2457 3652 stulta
2516 3597 2743 3665 mundi,
2792 3598 3047 3665 infirma,
3108 3596 3413 3670 ignobilia,
3471 3601 3531 3653 et

1870 3685 2355 3757 contemptibilia,
2378 3685 2593 3741 Christi
2620 3692 2786 3741 vocat
2816 3687 3240 3759 apostolos,qui
3273 3686 3332 3742 in
3364 3703 3528 3742 com-

1870 3774 2172 3847 paratione
2204 3775 2584 3846 sapientium,
2614 3775 2877 3841 fortium,
2902 3774 3209 3847 nobilium,
3242 3775 3315 3830 ab
3349 3773 3530 3847 hujus

1871 3862 2076 3919 mundi
2151 3862 2513 3918 amatoribus
2575 3863 2761 3930 stulti,
2814 3864 3056 3932 inﬁrmi,
3129 3863 3419 3936 ignobiles
3473 3866 3532 3919 et

1872 3950 2339 4023 contemptibiles
2372 3951 2836 4007 aestimabantur.
2866 3952 3013 4007 Mira
3032 3952 3249 4024 quippe
3281 3956 3402 4007 arte
3424 3951 3532 4007 Do-

1873 4040 2071 4094 minus
2104 4038 2242 4110 egit.
2277 4038 2477 4096 Noluit
2532 4039 2688 4095 enim
2748 4040 2818 4095 ad
2874 4040 3313 4111 praedicandum
3346 4039 3535 4094 Evan-

1875 4126 2097 4201 gelium
2149 4126 2447 4198 sapientes
2503 4125 2735 4199 eligere,
2787 4132 3073 4198 potentes,
3137 4126 3367 4194 divites,
3430 4130 3534 4182 aut

1876 4215 2122 4285 nobiles,
2180 4231 2251 4270 ne
2303 4214 2428 4270 suis
2459 4231 2521 4270 se
2571 4214 2798 4271 meritis
2846 4215 3059 4271 electos
3107 4215 3429 4284 crederent,
3478 4219 3536 4270 et

1874 4322 1947 4361 ne
1979 4305 2208 4360 dicendi
2258 4304 2483 4360 occasio
2541 4304 2800 4374 daretur,
2847 4304 3001 4376 quod
3054 4304 3255 4359 fideles
3293 4301 3531 4372 Christi,

1877 4398 1934 4451 et
1966 4395 2122 4450 fama
2155 4393 2412 4449 nominis
2443 4394 2591 4463 ejus,
2624 4410 2739 4448 non
2792 4392 3009 4447 virtute
3063 4392 3249 4448 sancti
3279 4390 3537 4463 Spiritus

1878 4500 1982 4556 per
2031 4482 2230 4537 orbem
2280 4485 2569 4535 terrarum
2626 4480 2930 4545 creverint,
2991 4480 3093 4535 sed
3139 4479 3411 4535 humana:
3443 4495 3535 4535 sa-

1878 4570 2115 4643 pientia:
2173 4569 2451 4635 versutia,
2510 4571 2612 4622 aut
2662 4567 2936 4639 potentia,
2993 4568 3112 4623 sive
3159 4568 3399 4635 divitiis,
3432 4569 3538 4623 aut

108 4673 343 4726 mortem
380 4684 570 4742 quam
624 4683 811 4739 reges,
843 4666 1111 4738 gigantes
1153 4668 1209 4719 et
1249 4662 1540 4734 principes
1589 4662 1769 4732 hujus
1804 4683 1847 4747 D
1880 4658 2204 4716 nobilitate.
2239 4656 2439 4747 Noluit
2470 4654 2685 4747 quippe
2744 4673 2845 4727 per
2873 4662 3160 4747 oratorem
3206 4662 3539 4713 convertere

108 4759 289 4813 seaculi
322 4773 616 4832 superare
646 4773 760 4811 non
796 4759 1092 4827 poterant,
1120 4754 1245 4825 ipse
1267 4752 1570 4808 moriendo
1610 4750 1769 4821 vicit,

108 4859 309 4918 eosque
338 4848 398 4903 in
436 4849 670 4917 impetu
704 4845 1080 4911 destruxit,et
1109 4846 1374 4897 antorem
1407 4838 1614 4894 mortis
1645 4838 1775 4893 reli-

111 4935 271 5006 gavit,
307 4937 610 5006 nobisque
640 4933 769 4988 vitte
799 4936 1025 4987 aeternae
1043 4931 1289 5001 januam
1313 4926 1776 5000 patefecit.Unde

112 5024 341 5093 pulchre
360 5025 485 5082 illic
511 5022 825 5095 subjunxit
844 5020 1159 5093 Apostolus
1182 5038 1193 5076 :
1218 5026 1453 5091 Propter
1473 5018 1613 5089 quod
1636 5022 1779 5073 Deus

113 5114 264 5170 illum
293 5115 576 5172 exultavit
608 5112 791 5184 (lbid.,
819 5112 896 5183 8),
928 5115 1039 5165 etc.

178 5204 438 5279 Coeperat
469 5200 792 5275 Apostolus
816 5200 1177 5255 mundanam
1202 5196 1551 5270 sapientiam
1583 5211 1779 5267 repro-

116 5291 327 5357 hare.et
357 5298 557 5367 coepta
579 5289 903 5346 intentione
934 5304 1331 5360 perseverans.
1351 5286 1602 5357 adjecit:
1634 5284 1781 5355 (305)

120 5378 294 5439 Videte
323 5386 475 5439 enim
508 5381 860 5437 vocationem
900 5382 1156 5446 vestram,
1195 5378 1424 5446 fratres,
1484 5375 1617 5444 quia
1667 5389 1784 5426 non

120 5471 269 5527 multi
294 5473 576 5545 sapientes
605 5466 909 5524 secundum
937 5479 1296 5536 carnem,non
1319 5464 1483 5519 multi
1514 5464 1781 5534 potentes,

185 5596 338 5666 (305)
377 5597 443 5654 In
476 5599 679 5678 autog.
720 5607 911 5719 marg
944 5590 1039 5646 hic
1069 5586 1284 5672 legitur
1312 5603 1439 5659 cap.
1470 5586 1566 5669 YI.

186 5670 337 5719 (30M
369 5665 737 5719 Particulam
772 5680 832 5719 se
872 5704 888 5719 .
923 5679 1051 5719 aues
1081 5678 1139 5717 in
1166 5664 1361 5719 autoa.
1396 5657 1566 5714 desld

186 5657 337 5741 (304)
369 5657 737 5741 Ρειιυιὶουῖαξῐι
772 5657 888 5729 sed;
923 5679 1051 5736 quae
1081 5657 1361 5741 in'autqg.
1386 5657 1782 5741 desideratur,

132 5730 255 5797 cum
289 5730 503 5802 sensus
537 5736 784 5798 omnino
811 5730 1166 5811 exposceret,
1199 5730 1527 5791 addendam
1560 5730 1782 5787 censui.

1880 4749 2260 4821 piscatorem,
2312 4746 2412 4799 sed
2474 4761 2575 4816 per
2614 4745 2962 4817 piscatorem
2996 4746 3257 4802 lucratus
3286 4751 3377 4802 est
3407 4763 3536 4801 ora-

1886 4842 2093 4892 torem.
2155 4839 2399 4905 Magnus
2445 4835 2769 4906 Cyprianus
2801 4840 3029 4903 orator;
3063 4835 3164 4891 sed
3218 4837 3406 4905 major
3439 4834 3539 4891 illo

1888 4927 2091 4981 Petrus
2123 4925 2397 4995 piscator,
2414 4940 2515 4996 per
2545 4941 2717 4994 quem
2750 4925 2998 4979 credidit
3029 4941 3143 4979 non
3186 4924 3376 4979 solum
3409 4940 3540 4979 ora-

1887 5019 1999 5085 tor,
2035 5014 2134 5068 sed
2169 5012 2341 5069 etiam
2375 5012 2709 5085 imperator.
2742 5013 2887 5067 Hinc
2932 5016 3020 5068 est
3058 5012 3209 5083 quod
3256 5012 3543 5069 Dominus

1838 5162 1845 5169 ,
1889 5102 2308 5157 Nathanaelem
2360 5101 2635 5157 laudibus
2687 5100 2941 5172 praetulit
2987 5101 3165 5171 (Joan.
3222 5118 3254 5169 ι,
3299 5102 3409 5173 45),
3442 5101 3545 5157 sed

1891 5192 1960 5246 ad
2003 5191 2349 5263 dignitatem
2383 5189 2745 5262 apostolatus
2770 5205 2882 5243 non
2914 5188 3259 5260 assumpsit.

1962 5282 2026 5336 Et
2074 5297 2197 5351 quae
2244 5297 2355 5334 non
2399 5283 2527 5333 sunt
2593 5276 2922 5347 (subaudiri
2980 5278 3220 5348 quidem
3286 5281 3477 5350 potest
3530 5292 3546 5333 :

1893 5386 2091 5425 revera
2120 5368 2402 5441 ignobilia
2437 5373 2491 5423 et
2524 5364 3009 5437 contemptibilia)
3057 5373 3119 5421 ut
3146 5383 3229 5433 ea,
3264 5383 3381 5437 qua
3420 5369 3551 5421 sunt

1892 5458 2210 5529 (similiter,
2272 5472 2473 5511 revera
2529 5453 2812 5528 ignobilia
2840 5459 2897 5510 et
2923 5456 3412 5528 contemptibilia)
3452 5454 3550 5510 de-

1963 5584 2113 5653 (305)
2148 5581 2325 5653 Vulg.
2353 5581 2525 5651 Elegit
2556 5581 2695 5636 Deus
2726 5584 2785 5635 ut
2825 5580 3129 5652 confundat
3175 5583 3467 5653 sapientes,
3498 5582 3551 5638 et

1897 5652 2129 5728 inﬁrma
2157 5652 2356 5709 mundi
2385 5654 2549 5723 elegit
2579 5653 2734 5724 Deus,
2768 5661 2826 5710 ut
2854 5653 3156 5725 confundat
3182 5652 3369 5728 fortia.
