3942 6394
334 396 339 401 Ι
417 452 538 513 303
1439 441 1773 504 ATTONIS
1821 441 2404 501 VEHCEIJJENSIS
2452 439 2805 497 EPISCUPI
3715 439 3837 498 204

412 589 672 640 strueret.
705 583 834 638 Sive
864 597 996 637 cum
1029 579 1171 634 dicit
1208 595 1219 633 :
1257 580 1389 646 Qua:
1432 593 1543 631 non.
1600 582 1746 637 sunt,
1784 575 2053 642 despecta
2088 575 2135 639 Α
2176 576 2280 637 est,
2317 572 2369 624 in
2406 589 2521 641 qua
2551 571 2748 624 omnia
2796 570 2931 623 fecit
2962 586 3095 623 cuzn
3132 574 3320 630 Patre,
3355 574 3411 623 et
3442 570 3567 641 ipse
3600 585 3633 623 a
3665 569 3831 623 nullo

413 673 591 743 hujus
622 671 831 727 mundi
862 670 1183 741 intelligere
1224 668 1505 721 debemus
1542 683 1553 731 ;
1591 664 1802 718 Christi
1836 664 2063 716 scilicet
2174 662 2384 723 factus,
2450 668 2581 713 ante
2632 661 2829 713 omnia
2875 658 3088 712 secula
3120 660 3356 727 genitus
3410 672 3499 712 est
3539 660 3611 713 ab
3646 676 3737 713 eo.
3774 661 3831 713 In

417 761 733 833 apostolos,
794 760 915 830 qui,
966 757 1240 829 quoniam
1291 755 1494 808 mundi
1526 754 1771 824 gloriam
1808 770 1921 805 non
1957 752 2061 805 ha-
2176 754 2358 803 t‘orma
2392 768 2525 805 CI'L'IO
2562 749 2941 802 humanitatis
2977 750 3142 801 nobis
3178 749 3369 801 factus
3400 754 3487 802 est
3522 766 3553 802 a
3586 749 3703 802 Deo
3742 766 3831 802 sa-

2177 837 2427 906 pientia;
2465 840 2602 907 quia
2633 837 2886 905 Spiritus
2918 844 3101 889 sancti
3130 838 3312 904 gratia
3334 838 3402 889 de
3426 837 3647 906 virgine
3682 853 3829 890 con-

2176 936 2379 995 Ceptus
2435 934 2520 979 est
2552 932 2603 979 et
2644 936 2833 978 natus.
2896 927 2999 988 Qui
3057 928 3214 979 enim
3270 926 3324 978 in
3360 926 3695 980 substantia
3745 926 3834 980 di-

2178 1015 2433 1067 vinitatis
2470 1032 2603 1067 vera
2645 1022 2763 1069 erat
2809 1015 2988 1068 l’atris
3029 1016 3353 1083 sapientia;
3406 1032 3509 1085 per
3558 1015 3836 1068 humani-

2177 1106 2355 1155 tatem
2392 1103 2557 1156 nobis
2580 1110 2762 1156 tactus
2798 1109 2884 1156 est
2911 1104 3237 1171 sapientia;
3274 1104 3553 1171 quoniam
3576 1121 3677 1173 per
3697 1120 3836 1157 eum

2177 1208 2369 1245 veram
2415 1192 2729 1245 didicimus
2781 1192 3150 1262 sapientiam,
3186 1193 3239 1243 id
3276 1197 3363 1245 est
3392 1192 3702 1245 Trinitatis
3737 1209 3841 1246 co-

2178 1280 2518 1347 gnitionem.
2580 1280 2857 1335 Similiter
2905 1281 3001 1348 qui
3038 1281 3094 1333 in
3130 1280 3348 1333 deitate
3374 1281 3613 1349 justitia
3645 1281 3837 1336 Patris

2178 1374 2323 1431 erat,
2357 1373 2413 1422 et
2446 1386 2544 1437 per
2576 1370 2999 1422 humanitatem
3030 1369 3192 1422 nobis
3237 1369 3425 1423 factus
3459 1369 3838 1439 estjustitia;

2181 1459 2320 1525 quia
2350 1460 2638 1511 credendo
2696 1460 2754 1510 iu
2813 1475 2969 1523 eum,
3003 1464 3059 1511 et
3094 1459 3191 1511 Dei
3232 1458 3441 1511 Filium
3475 1459 3840 1528 Conﬁtendo,

2180 1546 2291 1611 ipsi
2324 1562 2531 1598 sumus
2565 1546 2915 1615 incorporati
2947 1564 3011 1599 ac
3046 1564 3145 1615 per
3175 1546 3281 1601 hoc
3307 1546 3645 1615 justiticati.
3710 1550 3836 1611 Quo

2181 1634 2334 1687 enim
2387 1634 2635 1704 quisque
2681 1636 2867 1705 magis
2918 1635 2997 1687 illi
3049 1636 3308 1703 inhaeret,
3360 1641 3524 1689 tanto
3580 1636 3842 1706 amplius

2176 1721 2535 1789 justitieatur
2569 1742 2580 1775 :
2608 1725 2837 1791 justum
2899 1740 3105 1793 nempe
3137 1729 3245 1787 est,
3279 1729 3363 1789 ut,
3398 1725 3613 1794 spretis
3651 1725 3842 1779 omni-

2188 1813 2314 1877 bus,
2350 1810 2509 1863 solus
2543 1814 2777 1866 Creator
2806 1819 3114 1865 veneretur
3170 1820 3224 1866 et
3282 1814 3575 1867 adoretur.
3624 1814 3838 1870 Factus

2185 1904 2272 1953 est
2304 1906 2355 1952 et
2390 1901 2809 1965 sanctiticatio;
2845 1901 3123 1970 quoniam
3185 1919 3287 1971 per
3318 1920 3453 1956 eum
3497 1919 3614 1957 non
3650 1906 3838 1959 solum

2190 1988 2259 2040 ab
2294 1988 2629 2041 idololatria:
2687 1994 2744 2043 et
2776 1990 3025 2058 prepriis
3076 1989 3310 2059 ﬂagitiis
3363 1990 3579 2060 expiati
3609 2008 3838 2059 sumus,

2189 2078 2288 2129 Sed
2323 2078 2497 2129 etiam
2533 2078 2605 2128 ab
2645 2078 2801 2129 omni
2850 2078 3294 2146 inquinamento
3345 2080 3559 2133 mentis
3612 2086 3669 2133 et
3716 2096 3839 2134 co"-

2190 2166 2367 2235 poris.

2262 2255 2540 2323 Denique,
2574 2255 2713 2323 quia
2772 2255 2891 2308 htt‘C
2954 2255 3337 2308 sanctiﬁcatio
3370 2273 3471 2325 per
3502 2257 3838 2326 passionem

2190 2343 2316 2411 ejus
2378 2344 2525 2395 facta
2583 2349 2689 2411 est,
2750 2344 3163 2397 convenienter
3207 2344 3457 2413 subjecit
3492 2362 3504 2399 :
3538 2348 3604 2399 Et
3630 2346 3839 2401 redem-

2189 2434 2345 2499 ptio:
2378 2432 2594 2486 oblatio
2627 2451 2880 2502 namque
2909 2434 3168 2503 corporis
3227 2433 3440 2487 Christi
3500 2443 3706 2490 nostra
3737 2436 3841 2490 fuit

2192 2522 2531 2589 redemptio.
2568 2522 2681 2573 Hoc
2723 2523 2877 2575 enim
2931 2524 3179 2591 pretium
3242 2540 3342 2591 pro
3389 2523 3555 2577 nobis
3608 2524 3839 2579 diabolo

2192 2610 2352 2661 dedit
2385 2626 2397 2662 :
2433 2611 2573 2663 dum
2606 2611 2761 2663 enim
2803 2628 2863 2663 se
2901 2614 3008 2664 Deo
3045 2611 3189 2663 Patri
3226 2611 3282 2663 in
3317 2629 3416 2665 ara
3446 2612 3637 2666 crucis
3670 2617 3838 2667 obtu-

2193 2696 2279 2765 lit,
2323 2714 2555 2751 omnem
2605 2700 2821 2767 peccati
2871 2700 3389 2754 contradictionem
3435 2701 3493 2754 in
3544 2718 3605 2756 se
3644 2701 3776 2773 ipso
3809 2720 3841 2758 a

2192 2787 2358 2839 nobis
2389 2788 2633 2840 abstulit
2665 2805 2676 2841 :
2714 2804 2847 2840 nam
2884 2788 3009 2841 ideo
3040 2788 3268 2842 diabolo
3302 2806 3363 2843 se
3392 2791 3653 2858 cupienti
3689 2792 3841 2846 occi-

2191 2877 2346 2944 dere,
2382 2881 2445 2928 ut
2492 2876 2778 2945 impleret,
2815 2877 3110 2944 permisit;
3148 2885 3228 2941 ut,
3265 2879 3406 2931 dum
3466 2878 3638 2934 illum
3672 2880 3841 2936 inno-

2189 2969 2414 3017 centem
2450 2965 2716 3019 indebitae
2750 2966 2921 3019 morti
2960 2967 3231 3031 traderet,
3270 2984 3396 3033 nos,
3431 2984 3582 3038 quos
3641 2970 3840 3025 debito

2190 3054 2443 3118 tenebat,
2476 3054 2992 3125 amitteret,sicquc
3010 3072 3115 3109 nos
3146 3056 3400 3126 captivos
3425 3072 3459 3111 a
3492 3056 3713 3113 diaboli
3735 3076 3840 3131 po-

2185 3146 2393 3196 testate
2424 3148 2667 3196 erueret.

2260 3234 2477 3301 Itaque,
2513 3233 2650 3302 quia
2694 3234 2948 3287 ostendit
2980 3234 3037 3287 in
3070 3251 3186 3305 quo
3234 3237 3452 3290 sanctis
3502 3243 3659 3292 esset
3708 3238 3840 3310 glo-

2239 3323 2476 3389 andum,
2534 3328 2597 3375 ut
2647 3322 2969 3377 evidentius
3018 3324 3124 3377 hoc
3183 3324 3634 3396 demonstraret,
3700 3346 3835 3399 pro-

2183 3410 2477 3479 pheticum
2511 3411 2773 3464 subdidit
2810 3413 3231 3481 testimonium,
3266 3413 3465 3468 dicens
3500 3433 3513 3470 :
3551 3418 3614 3471 Ut
3644 3433 3837 3488 quem-

2181 3498 2479 3551 admodum
2509 3501 2773 3567 scriptum
2825 3507 2924 3569 est,
2959 3500 3225 3555 videlicet
3276 3502 3336 3556 in
3391 3503 3646 3559 Jeremia
3678 3522 3691 3559 :
3728 3508 3841 3574 Qui

2179 3589 2471 3655 gloriatur,
2508 3591 2563 3641 in
2595 3590 2821 3642 Domino
2852 3590 3134 3657 glorietur,
3156 3593 3285 3655 (Jer.
3318 3609 3396 3655 ix,
3426 3594 3538 3661 ‘23).
3573 3594 3834 3665 Dignum

2180 3682 2269 3728 est
2298 3678 2530 3741 etenim,
2564 3682 2619 3730 et
2650 3677 2813 3731 valde
2846 3680 3262 3745 necessarium,
3297 3687 3361 3733 ut
3393 3682 3492 3751 qui
3522 3682 3832 3754 gloriatur,

2180 3764 2236 3816 in
2278 3766 2515 3817 Domino
2548 3764 3131 3835 glorietur,quoniam
3160 3769 3216 3821 in
3248 3774 3531 3825 mternum
3556 3789 3671 3826 non
3695 3790 3833 3828 con-

2178 3853 2475 3906 fundatur.
2529 3854 2619 3906 sic
2660 3872 2793 3923 ergo
2844 3854 2943 3924 qui
2975 3854 3278 3925 gloriatur,
3306 3856 3363 3910 in
3415 3857 3668 3915 Domino
3701 3862 3830 3932 glo-

2178 3941 2378 4009 riatur,
2412 3942 2459 3995 si
2494 3958 2664 3996 omne
2701 3943 2941 4012 bonum,
2985 3946 3136 4011 quod
3174 3944 3227 3997 id
3262 3961 3321 3999 se
3355 3949 3676 4017 cognoscit,
3710 3968 3830 4007 non

2175 4048 2347 4084 suum
2381 4049 2508 4085 esse
2539 4032 2696 4098 dicit,
2732 4038 2833 4086 aut
2891 4034 3094 4099 credit,
3150 4034 3250 4087 sed
3298 4035 3419 4101 Dei,
3449 4054 3485 4091 a
3514 4053 3629 4107 quo
3659 4056 3829 4095 acce-

2172 4124 2275 4187 pit,
2311 4118 2365 4172 id
2399 4126 2507 4183 est,
2544 4120 2590 4173 si
2626 4137 2737 4173 non
2773 4119 2963 4174 solum
2996 4122 3150 4190 quod
3184 4127 3290 4187 est,
3326 4123 3426 4177 sed
3456 4125 3631 4181 etiam
3664 4129 3824 4199 quod

2174 4208 2313 4260 bene
2345 4213 2453 4272 est,
2489 4208 2559 4261 ab
2592 4207 2689 4262 illo
2722 4225 2781 4262 sc
2813 4209 3106 4279 accepisse
3136 4209 3429 4283 intelligit,
3463 4230 3497 4268 a
3527 4232 3641 4284 quo
3671 4233 3835 4273 acce-

2171 4296 2270 4365 pit,
2324 4301 2386 4349 ut
2433 4300 2603 4363 esset,
2656 4298 2825 4365 juxta
2880 4298 3022 4353 illud
3092 4299 3298 4353 Jacobi
3349 4319 3360 4354 :
3415 4301 3583 4359 Omne
3637 4304 3829 4361 datum

2165 4386 2432 4454 Optimum
2471 4390 2519 4439 ei
2582 4402 2739 4439 omne
2791 4387 2995 4441 donum
3040 4393 3344 4458 perfectum
3391 4391 3679 4447 desursum
3724 4404 3821 4461 est,

2164 4473 2483 4527 descendens
2539 4492 2572 4527 a
2622 4476 2788 4529 Patre
2845 4476 3119 4529 luminum
3174 4478 3315 4545 (Jac.
3350 4496 3388 4545 Ι,
3425 4481 3534 4551 17).
3571 4484 3822 4552 Confun-

2162 4562 2364 4616 damur
2392 4581 2523 4630 ergo
2552 4579 2753 4628 omnes,
2786 4566 2882 4633 qui
2911 4565 3144 4619 adorant
3169 4567 3340 4631 idola,
3373 4570 3467 4637 qui
3493 4571 3821 4640 gloriantur

417 849 834 921 bebant,quasi
865 863 979 901 non
1011 846 1591 914 essejudicabantur.
1618 842 1901 896 Similiter
1924 857 2057 894 cum

419 937 664 993 subdit:
701 938 764 992 Ut
792 952 857 990 ea
898 950 1019 1006 quae
1065 937 1193 988 sunt
1238 933 1556 996 destrueret,
1620 931 2061 1000 intelligendum

418 1032 526 1095 est,
559 1025 828 1097 gloriosa,
882 1029 939 1077 et
987 1021 1283 1087 sublimia,
1341 1038 1470 1091 quae
1521 1036 1649 1073 esse
1682 1021 2062 1088 putabantur,

418 1115 556 1184 quia
586 1114 644 1166 in
675 1110 879 1166 mundi
925 1110 1109 1181 gloria
1157 1109 1575 1164 consistebant.
1633 1108 1850 1160 Dicitur
1879 1123 2014 1177 ergo
2050 1122 2063 1158 :

414 1203 513 1266 Ea,
566 1217 691 1273 quas
739 1217 855 1255 non
903 1204 1061 1265 sunt,
1126 1199 1184 1252 id
1255 1202 1362 1261 est,
1431 1198 1704 1267 despecta
1751 1196 1949 1266 elegit,
2004 1200 2067 1247 ut

413 1304 482 1345 ea
527 1305 651 1360 quae
700 1294 841 1343 sunt
896 1287 955 1341 id
1026 1291 1115 1342 est
1162 1286 1417 1358 gloriosa
1464 1287 1793 1339 destrueret
1836 1301 1849 1348 ς
1911 1284 2064 1352 quod

411 1382 469 1432 et
483 1377 703 1433 factum
721 1391 850 1432 esse
870 1375 1384 1445 cognoscimuszad
1414 1373 1883 1442 medicationem
1908 1388 2069 1424 nam-

409 1481 524 1536 que
553 1464 950 1536 apostolorum
982 1462 1153 1517 multi
1177 1478 1342 1530 reges
1376 1467 1432 1516 et
1464 1462 1644 1529 hujus
1677 1460 1874 1514 Sreeuli
1910 1462 2065 1528 prin-

412 1553 573 1622 cipes
601 1553 850 1620 confusi,
880 1552 1161 1606 destructi
1187 1557 1323 1606 sunt
1354 1557 1410 1605 et
1444 1550 1652 1604 humili
1684 1550 1896 1604 Christi
1924 1552 2069 1619 jngo

419 1658 481 1697 se
510 1640 923 1697 subdiderunt.

496 1773 607 1828 Sed
657 1790 762 1828 cur
808 1772 931 1828 hinc
976 1772 1261 1827 Dominus
1308 1772 1565 1843 elegerit,
1601 1772 1911 1841 Apostolus
1946 1789 2071 1825 ma-

398 1861 679 1931 ,nifestat,
729 1862 1095 1933 subjungens
1145 1862 1249 1930 {Ut
1278 1878 1385 1914 non
1418 1862 1686 1928 glorietur
1728 1862 1906 1913 omnis
1948 1876 2071 1913 raro

421 1951 486 2005 in
508 1957 789 2022 conspectu
818 1951 954 2021 ejus.
990 1948 1177 2003 Omnis
1206 1964 1353 2016 caro,
1387 1949 1577 2004 omnis
1610 1948 1857 2003 carnalis
1892 1949 2075 2003 scien-
2105 1938 2149 2001 Β

418 2038 503 2094 tia
544 2037 792 2111 intelligi
837 2042 1048 2109 potest,
1101 2042 1165 2091 ut
1213 2037 1289 2091 sit
1334 2055 1542 2091 sensus
1598 2053 1609 2091 :
1668 2038 1781 2091 Non
1812 2039 2079 2106 glorietur

417 2128 596 2183 omnis
623 2144 751 2182 caro
782 2129 841 2180 in
869 2134 1153 2197 conspectu
1183 2130 1325 2197 ejus,
1369 2126 1423 2178 id
1458 2131 1563 2190 est,
1629 2130 1690 2177 ut
1727 2126 1918 2178 omnis
1952 2142 2075 2178 car-

416 2214 567 2271 nalis
598 2215 844 2270 scientia
900 2215 1211 2270 erubescat
1242 2219 1301 2269 et
1360 2216 1758 2268 contundatur
1818 2214 1873 2266 in
1934 2230 2077 2266 con-

419 2308 620 2375 spectu
656 2303 777 2374 Dei,
806 2303 1008 2373 judice
1041 2304 1190 2374 ipso.
1221 2302 1484 2358 Carnalis
1521 2308 1711 2356 autem
1748 2300 2080 2355 intellectus

424 2392 803 2459 est,difﬁdere
834 2391 935 2447 Dei
957 2391 1218 2462 potentia
1239 2391 1521 2461 virginem
1558 2408 1759 2461 parere
1795 2392 2077 2461 potuisse,

430 2484 533 2534 aut
550 2478 849 2534 hominem
873 2485 1171 2534 mortuum
1200 2479 1925 2551 viviticari.Congruentius
1950 2496 2078 2534 vero

435 2568 630 2623 omnis
661 2584 793 2623 caro
824 2566 1187 2639 intelligitur.
1223 2568 1414 2623 omnis
1449 2568 1642 2637 homo,
1695 2586 1727 2621 a
1776 2574 1936 2638 parte
1996 2573 2080 2621 to-

437 2660 564 2711 tum
599 2674 613 2725 ;
662 2661 726 2712 ut
778 2655 853 2712 sit
906 2674 1115 2711 sensus
1148 2674 1160 2710 :
1194 2656 1412 2710 Idcirco
1445 2662 1595 2710 Deus
1647 2656 1825 2710 nullis
1857 2656 2081 2712 meritis

435 2744 897 2817 praecedentibus
930 2745 1164 2800 inﬁrma
1210 2745 1415 2799 mundi
1448 2744 1641 2817 elegit,
1701 2752 1755 2800 et
1788 2746 2078 2816 despecta,

436 2837 505 2889 ut
554 2850 666 2889 non
723 2832 933 2888 habeat
981 2832 1172 2889 omnis
1218 2833 1413 2899 homo,
1461 2835 1530 2888 de
1577 2850 1638 2890 se
1672 2835 1824 2888 unde
1876 2835 2079 2890 merito

433 2921 671 2994 gloriari
704 2921 892 2993 possit
940 2924 1000 2977 in
1050 2927 1363 2993 conspectu
1398 2922 1532 2990 Dei,
1570 2939 1633 2976 ac
1681 2923 1725 2976 si
1763 2927 1960 2990 aperte
1992 2924 2077 2975 di-

431 3014 621 3066 ceret:
658 3009 730 3065 Ut
758 3027 873 3065 non
906 3010 1187 3082 glorietur
1216 3010 1408 3066 omnis
1444 3011 1616 3065 homo
1669 3010 1727 3063 in
1761 3016 2077 3082 conspectu

431 3098 558 3171 ejus
580 3099 648 3154 de
680 3098 932 3172 propriis
963 3099 1205 3154 meritis.
1237 3099 1364 3153 Haec
1386 3116 1519 3170 ergo
1553 3100 1841 3154 sententia
1872 3118 2076 3155 omnes

429 3186 890 3259 comprehendit,
919 3191 1039 3241 tam
1065 3188 1282 3256 justos,
1317 3205 1485 3258 quem
1533 3187 1787 3257 injustas
1822 3205 1835 3243 :
1870 3189 2072 3259 injusti

429 3275 608 3345 enim,
641 3275 780 3346 quia
810 3275 954 3330 nihil
985 3275 1221 3343 habent,
1254 3293 1365 3331 non
1402 3282 1491 3331 est
1521 3278 1675 3331 unde
1706 3277 2067 3348 glorientur;
2103 3300 2144 3363 C
2185 3320 2227 3373 ri

419 3362 570 3433 justi
600 3368 816 3433 autem,
848 3365 956 3419 etsi
987 3365 1204 3419 habent
1232 3366 1382 3420 unde
1404 3365 1640 3437 gloriari
1673 3367 1918 3437 possint,
1955 3385 2068 3421 non

427 3454 621 3507 tamen
645 3470 677 3508 a
708 3454 896 3517 se,sed
923 3471 956 3508 a
980 3458 1090 3507 Deo
1117 3455 1189 3522 (II
1218 3454 1397 3523 Cor.x,
1440 3455 1701 3525 I7).Quid
1726 3474 1859 3526 ergo
1895 3462 2072 3510 restat

427 3538 767 3597 solvendis?
796 3542 950 3596 Nihil
982 3542 1161 3613 aliud,
1195 3542 1307 3596 nisi
1348 3546 1535 3614 gratia
1565 3544 1921 3598 miserantis.
1958 3546 2064 3599 Sed

423 3646 497 3685 ne
535 3630 680 3687 forte
724 3631 911 3685 sancti
951 3648 1012 3685 se
1068 3632 1289 3702 absque
1337 3632 1517 3701 gloria
1560 3634 1914 3687 remansisse
1961 3652 2068 3704 pu-

422 3719 635 3783 tarent,
665 3719 917 3789 subjecit
948 3736 959 3772 :
990 3721 1072 3773 Ea:
1102 3722 1217 3790 ipso
1247 3725 1430 3773 autem
1459 3737 1549 3774 vos
1578 3722 1701 3773 estis
1756 3723 1813 3773 in
1849 3722 2069 3778 Christo

422 3805 551 3862 Iesu
576 3822 598 3866 ,·
628 3810 911 3877 tanquam
942 3807 1161 3861 diceret
1220 3825 1232 3861 :
1300 3809 1423 3861 Non
1464 3826 1563 3862 vos
1596 3811 1812 3878 putetis
1846 3811 2067 3880 absque

422 3892 610 3965 gloria
640 3894 1030 3950 remansisse:
1064 3896 1432 3968 gloriandum
1458 3898 1671 3968 quippe
1703 3900 1865 3952 vobis
1898 3906 1984 3952 est
2006 3900 2063 3953 in

420 3987 534 4038 Deo
558 3999 659 4055 per
678 3983 879 4040 Jesum
902 3984 1198 4040 Christum
1228 4004 1240 4053 ;
1266 3988 1403 4057 quia
1436 3987 1525 4041 Dei
1549 3988 1734 4057 gratia
1753 3990 1823 4041 ad
1850 3988 2061 4044 Christi

417 4070 592 4126 ﬁdem
624 4072 765 4128 estis
795 4074 1000 4142 vocati,
1033 4079 1089 4129 et
1116 4074 1176 4129 in
1233 4076 1360 4146 ejus
1392 4077 1657 4131 membra
1686 4079 1867 4131 cttecti
1930 4096 1942 4133 :
1996 4096 2063 4133 ex

412 4157 542 4230 ipso
603 4177 877 4232 namque,
936 4163 993 4217 id
1053 4168 1140 4218 est
1198 4179 1265 4218 ex
1309 4164 1444 4231 Deo,
1505 4166 1602 4236 qui
1659 4172 1746 4220 est
1796 4167 2059 4237 omnipo~

412 4250 565 4315 tene,
607 4266 708 4304 vos
739 4250 880 4306 estis
912 4250 971 4306 in
997 4250 1222 4307 Christo
1251 4251 1475 4315 Jesu,id
1500 4259 1608 4317 est,
1634 4254 1690 4306 in
1718 4256 1828 4308 tidc
1848 4256 2058 4310 Christi

409 4334 568 4393 Jesu.
604 4339 701 4393 Dei
733 4340 890 4394 enim
921 4340 1286 4412 propositum
1323 4341 1449 4404 fuit,
1486 4349 1550 4395 ut
1598 4345 1896 4398 credentes
1931 4362 2055 4415 pcr-

408 4424 703 4482 Christum
735 4435 1118 4501 agnoscerent
1148 4430 1246 4484 Dei
1279 4431 1603 4495 veritatem,
1638 4438 1695 4485 et
1738 4433 2054 4487 miscricor-

406 4513 598 4571 diam:
627 4515 832 4572 veritas
861 4522 1055 4573 autem
1088 4524 1177 4574 est
1206 4517 1510 4575 Trinitatis
1545 4522 1885 4592 mysterium
1913 4548 1925 4585 ;
1953 4522 2057 4576 mi-

406 4603 726 4659 sericordia
753 4621 1031 4676 vero,qua
1054 4608 1341 4679 redempti
1364 4626 1591 4678 sumus,
1618 4628 1752 4664 cum
1786 4628 2052 4668 essemus

405 4690 640 4761 captivi.

473 4796 676 4868 Igitur,
728 4800 792 4853 ut
847 4800 1178 4855 ostenderet
1224 4802 1356 4871 quis
1413 4804 1585 4858 fuerit
1631 4805 1739 4860 istc
1782 4808 2047 4863 Christus

400 4888 590 4953 Jesus,
652 4887 959 4958 subjunxit
991 4906 1002 4942 :
1040 4890 1143 4956 Qui
1200 4891 1376 4958 factus
1416 4898 1493 4945 est
1528 4894 1678 4947 nobis
1708 4899 1984 4964 sapientia
2016 4916 2049 4952 av

398 4974 523 5037 Deo,
580 4984 633 5030 et
669 4977 913 5047 justitia,
966 4981 1019 5032 et
1046 4978 1428 5046 sanctiﬁcatio,
1481 4984 1533 5033 ci
1588 4981 1904 5051 redemptio.
1964 4988 2041 5040 Ad

398 5064 901 5120 conﬁrmationem
933 5066 1146 5138 quippe
1181 5066 1441 5120 fidelium
1466 5070 1719 5122 ostendit
1748 5072 2041 5129 Christum

395 5149 693 5206 voluntate
715 5152 924 5224 Patris,
960 5156 1156 5210 omnia
1186 5156 1394 5226 egisse,
1429 5173 1555 5226 qua:
1592 5158 1740 5223 fecit,
1776 5166 1839 5213 ut
1870 5180 2041 5231 agno-

393 5243 579 5306 scant,
631 5243 688 5293 et
735 5240 922 5295 sciant
979 5260 1039 5299 se
1082 5261 1278 5299 veram
1340 5245 1709 5315 sapientiam,
1770 5254 1825 5300 et
1858 5251 2038 5317 justi-

2082 4670 2127 4732 D
2163 4654 2220 4703 in
2252 4654 2566 4706 simu/acris
2595 4656 2708 4705 suis
2757 4653 2935 4723 (Psal.
2995 4671 3144 4719 cxvx,
3208 4658 3285 4723 7).
3319 4657 3627 4726 Quoniam,
3659 4660 3823 4715 sicut

2161 4740 2309 4794 alius
2344 4743 2626 4811 prepbeta
2654 4743 2791 4795 dicit
2825 4759 2835 4795 :
2874 4744 2961 4797 Dii
2991 4748 3243 4811 gentium
3274 4762 3383 4799 non
3410 4747 3822 4821 pluunt,ueque

2157 4833 2397 4892 fecerant
2427 4832 2626 4883 cau’um
2656 4834 2703 4884 et
2734 4840 2938 4886 terram
2968 4836 3094 4902 (Jer.
3131 4851 3245 4903 xxx,
3282 4836 3396 4902 2‘3).
3432 4835 3593 4891 Unde
3627 4839 3817 4909 scrip-

2156 4924 2280 4971 tum
2334 4928 2421 4972 est
2454 4937 2465 4972 :
2500 4920 2610 4982 Dii,
2642 4923 2740 4990 qui
2770 4938 2875 4975 non
2908 4924 3157 4991 fecerunt
3209 4926 3422 4989 ratum,
3456 4930 3550 4979 aut
3580 4930 3817 4995 terram,

2153 5017 2380 5073 pereant
2411 5008 2472 5061 de
2502 5017 2647 5061 terra
2682 5011 2814 5077 (Jer.
2868 5028 2921 5079 Χ,
2976 5013 3082 5075 it).
3134 5014 3582 5068 tlonl'undantur
3609 5017 3814 5083 etiam,

2156 5096 2251 5165 qui
2287 5097 2615 5165 gloriantur
2649 5098 2701 5149 in
2740 5098 3099 5165 hominibus,
3153 5119 3302 5170 quos
3357 5102 3580 5157 nullius
3616 5106 3818 5160 sciunt

2152 5202 2278 5238 esse
2310 5185 2559 5237 virtutis.
2599 5186 2758 5239 Unde
2789 5206 2991 5242 rursus
3042 5190 3325 5259 scriptum
3359 5197 3478 5246 est:
3515 5194 3661 5247 Vana
3690 5212 3813 5265 spes

2426 5280 2431 5289 ρ
2445 5274 2456 5284 r

2150 5274 2386 5325 hominis
2420 5274 2559 5343 (Tol).
2597 5292 2655 5341 1i,
2711 5278 2821 5346 22).
2882 5279 3021 5330 Item
3056 5295 3067 5329 :
3103 5279 3419 5333 Natalicius
3473 5279 3653 5347 homo,
3715 5285 3817 5352 qui

390 5324 556 5394 tiam,
606 5330 664 5380 et
712 5330 1251 5398 sanctiﬁcationem,
1305 5338 1361 5387 et
1418 5334 1875 5403 redemptionem
1908 5355 2035 5407 per-

390 5412 615 5483 cepisse
646 5430 747 5484 per
777 5415 1074 5473 Christum
1111 5438 1122 5475 :
1160 5439 1329 5475 nemo
1362 5439 1617 5493 namque
1650 5425 2037 5491 redemit,nisi

390 5501 544 5572 quod
579 5518 750 5557 suum
784 5510 889 5559 est.
949 5509 1052 5561 Sed
1118 5512 1270 5579 quod
1341 5510 1478 5565 dicit
1538 5528 1548 5565 :
1613 5514 1719 5579 Qui
1741 5516 2035 5583 far/usust

386 5589 547 5645 nobis
572 5592 991 5662 sapientia,non
1014 5596 1084 5650 ad
1117 5598 1479 5655 divinitatem
1511 5601 1639 5671 ejus
1663 5604 2029 5662 referendum

460 5696 607 5773 (506)
641 5698 705 5755 In
736 5704 930 5774 autog.
968 5717 1151 5775 marg.
1184 5702 1277 5759 hic
1307 5703 1519 5777 legitur
1548 5724 1672 5779 cap.
1706 5709 1830 5769 VII.

2147 5362 2367 5429 confidit
2397 5364 2455 5415 in
2485 5364 2720 5429 homine,
2756 5374 2804 5419 ct
2859 5370 3010 5435 ponit
3062 5383 3284 5421 carnem
3328 5370 3615 5424 brachium
3642 5388 3813 5426 suum

2148 5452 2278 5520 (Jer.
2308 5467 2446 5521 xvu,
2479 5452 2556 5521 5).

2216 5540 2361 5606 1.306}
2397 5540 2546 5609 (CAP.
2584 5540 2675 5607 Il.)
2709 5544 2769 5595 Et
2816 5559 2911 5609 ego
2941 5561 3064 5598 eum
3120 5548 3386 5601 venissem
3427 5546 3495 5601 ad
3527 5563 3643 5615 vos,
3678 5550 3802 5620 fra-

2142 5633 2267 5693 tres,
2304 5628 2429 5681 veni
2459 5644 2565 5683 non
2597 5631 2656 5683 z‘n
2686 5632 3032 5687 sublimitate
3086 5637 3354 5690 sermonis
3405 5642 3458 5692 et
3505 5640 3801 5711 sapientia
