3942 6414
131 470 250 536 809

700 473 1121 541 EXPOSITIO
1164 477 1243 540 IN
1289 476 1718 540 EPISTOLAS
1763 476 2022 541 PAULI.
2052 509 2131 523 —
2168 478 2249 539 IN
2293 476 2545 542 EPIST.
2592 477 2617 540 Ι
2663 481 2767 542 AD
2811 480 2987 544 COR.

3436 478 3556 545 310

125 607 297 666 etiam
329 606 473 681 quia
503 614 739 667 sanctos
771 627 933 679 suos,
967 610 1351 684 gloriﬁcando
1379 628 1479 668 eos
1527 612 1781 668 miracu-
1812 615 1863 681 Α
1899 611 2048 668 ritus
2079 612 2414 669 saneti.Per
2443 613 2617 669 ﬁdem
2636 629 2893 686 namque
2915 613 3241 687 accipimus
3264 614 3552 689 Spiritum

125 698 198 756 lis
226 703 284 755 et
324 698 646 756 virtutibus
678 717 984 757 coruscare
1016 702 1176 757 facit.

195 789 341 859 (509)
375 788 659 845 Praterea
720 794 782 845 ut
835 791 1171 846 ostenderet
1225 791 1443 863 quibus
1499 790 1789 862 sapientia

126 878 221 934 Dei
256 876 510 934 revelata
547 878 646 947 sit,
681 879 895 950 adjecit
945 880 1123 935 etiam
1174 880 1471 953 prophetae
1518 879 1784 936 testimo-

126 967 310 1023 nium.
341 967 454 1024 Sed
487 968 860 1037 subauditur,
894 970 1195 1025 credentes
1228 974 1613 1042 agnoverunt,
1640 971 1786 1024 sicut

123 1058 392 1128 scriptum
423 1065 504 1112 est
537 1075 556 1111 :
605 1058 829 1114 scilicet
875 1057 935 1113 in
986 1058 1183 1115 Isaia:
1242 1059 1393 1127 Quod
1442 1061 1630 1115 oculus
1672 1074 1786 1114 non

122 1146 279 1213 vidit,
312 1162 414 1201 nec
441 1148 598 1201 auris
628 1147 870 1215 audivit,
904 1164 1005 1203 nec
1034 1150 1096 1202 in
1126 1165 1217 1204 cor
1248 1149 1487 1204 hominis
1516 1148 1780 1212 ascendit,

123 1250 242 1307 qm
284 1238 636 1308 preparavit
684 1237 827 1292 Deus
878 1237 962 1292 his
1009 1239 1106 1307 qui
1159 1238 1399 1308 diligunt
1446 1240 1607 1293 illum
1651 1240 1776 1309 (Isa.

123 1342 261 1395 Liuv,
293 1326 374 1396 4).
405 1329 528 1381 Hoc
558 1326 713 1381 dicto
744 1327 1026 1392 ostendit,
1059 1326 1200 1398 quia
1230 1328 1386 1383 Deus
1427 1344 1545 1382 rem
1592 1327 1779 1397 inopi-

121 1418 338 1481 natam,
375 1419 434 1470 et
464 1413 813 1483 inauditam,
850 1420 905 1470 et
935 1416 1341 1472 absconditam
1375 1434 1408 1471 a
1438 1415 1688 1483 saeculis,
1723 1419 1781 1470 et

119 1503 596 1576 generationibus
620 1508 856 1576 repente
879 1510 1155 1577 operatus
1178 1511 1287 1575 est,
1306 1506 1545 1560 mittens
1569 1505 1777 1560 Filium

120 1608 290 1648 suum
323 1593 399 1649 de
428 1592 591 1648 0(Bll8
633 1594 705 1648 ad
747 1598 955 1661 terras,
991 1595 1092 1666 qui
1124 1593 1464 1649 incarnatus
1497 1600 1554 1648 et
1602 1594 1778 1648 homo

117 1681 323 1749 lactus,
351 1682 424 1738 de
455 1682 679 1753 virgine
711 1687 884 1739 natus
916 1688 1043 1739 est:
1079 1700 1258 1756 quam
1292 1700 1413 1739 rem
1436 1701 1548 1739 non
1584 1684 1776 1739 solum

117 1772 414 1828 humanus
437 1787 651 1828 sensus
668 1773 1167 1844 comprehendere
1190 1790 1304 1829 non
1332 1773 1542 1845 potuit,
1558 1773 1659 1827 sed
1683 1789 1779 1827 ne-

117 1876 227 1933 que
247 1861 383 1933 ipsa
403 1864 616 1917 natura
642 1861 927 1933 angelica.
952 1863 1116 1927 Quod
1137 1862 1294 1918 enim
1316 1862 1589 1934 superius
1609 1861 1774 1927 dixit,

116 1950 221 2007 hoc
247 1966 412 2006 nunc
428 1951 767 2024 prophetico
789 1952 1129 2008 testimonio
1146 1952 1489 2019 confirmat;
1512 1951 1779 2007 videlicet
1806 1984 1855 2051 Β

116 2056 226 2096 non
253 2056 389 2096 esse
410 2040 774 2105 mirandum,
798 2040 847 2096 si
878 2040 1149 2098 homines
1171 2041 1482 2097 Dominicaa
1504 2043 1774 2097 Incarna-

116 2130 292 2186 tionis
324 2129 679 2202 mysterium
710 2147 825 2186 non
858 2134 1242 2202 agnoverunt,
1278 2129 1556 2200 quoniam
1602 2128 1778 2185 latuit

115 2218 283 2273 etiam
318 2218 621 2289 principes
653 2217 875 2274 saeculi.
909 2218 1117 2274 Merito
1145 2222 1344 2273 tamen
1377 2219 1777 2273 condemnan-

113 2311 242 2374 tur;
278 2307 440 2379 quia,
466 2307 578 2363 etsi
608 2307 786 2363 verba
817 2306 1250 2377 praedicationis
1283 2305 1627 2361 scandalum
1660 2304 1778 2359 illis

112 2396 439 2464 faciebant,
509 2394 811 2450 miraculis
843 2400 1039 2450 tamen
1082 2395 1258 2449 ﬁdem
1292 2413 1325 2450 a
1355 2411 1520 2449 ccom
1540 2394 1779 2449 modare

114 2485 460 2540 debuerant.
496 2488 780 2538 Humana:
811 2484 1028 2554 quippe
1058 2482 1401 2553 ignorantiae
1433 2488 1491 2537 et
1522 2481 1777 2536 infirmi-

110 2574 203 2627 tati
228 2572 425 2627 virtus
447 2572 753 2643 signorum
777 2572 1170 2643 praeponenda
1190 2577 1347 2638 erat;
1373 2576 1431 2627 et
1453 2572 1510 2626 id
1538 2571 1778 2627 omnino

111 2666 228 2716 erat
251 2660 644 2727 credendum,
671 2661 827 2731 quod
860 2660 1133 2715 humanae
1165 2661 1378 2717 rationi
1411 2659 1779 2731 impossibile

110 2750 443 2806 videbatur.
482 2750 596 2804 Hoc
629 2749 814 2819 igitur
843 2753 962 2804 tam
995 2749 1291 2805 ineffabile
1320 2750 1540 2805 donum
1572 2748 1778 2804 oculus

113 2855 222 2894 non
254 2838 425 2906 vidit,
458 2838 598 2909 quia
631 2854 744 2894 non
777 2842 866 2893 est
908 2837 1067 2893 color
1095 2863 1109 2905 ;
1161 2839 1321 2894 auris
1367 2855 1482 2893 non
1532 2837 1775 2905 audivit,

114 2930 247 2999 quia
278 2944 401 2983 non
450 2930 539 2983 est
571 2944 791 2995 sonus;
826 2927 886 2981 in
918 2944 1017 2982 eor
1047 2926 1308 2984 hominis
1341 2944 1456 2982 non
1488 2927 1775 2993 ascendit,

114 3016 247 3088 quia
262 3033 385 3072 non
404 3020 494 3073 est
520 3021 752 3072 terrena
768 3016 1152 3090 cogitetio.De
1168 3016 1546 3072 inferioribus
1563 3014 1779 3087 quippe

113 3109 355 3162 terrenas
385 3105 772 3177 cogitationes
803 3106 1133 3162 ascendunt
1163 3105 1222 3160 in
1254 3122 1353 3160 cor
1381 3105 1675 3170 hominis;
1709 3106 1782 3158 de

118 3194 524 3266 superioribus
556 3199 755 3250 autem
786 3211 961 3250 omne
991 3195 1420 3264 bonum,juxta
1447 3192 1649 3258 Jacobi
1680 3208 1782 3246 vo-

1897 706 2189 768 sanctum,
2222 702 2322 774 qui
2372 703 2541 759 nobis
2585 703 2803 760 revelat
2844 703 3203 761 voluntatem
3252 710 3311 762 et
3338 723 3554 765 arcana

1898 792 1995 847 Dei
2032 809 2045 846 :
2082 807 2174 847 res
2207 792 2427 864 quippe
2458 791 2559 847 Dei
2620 793 2756 848 sciri
2802 810 2919 849 non
2952 798 3165 865 potest,
3197 795 3310 850 nisi
3333 796 3554 868 Spiritu

1895 880 2019 935 Dei.
2036 881 2104 935 Et
2134 883 2482 949 notandum,
2503 882 2644 953 quia
2665 883 2925 938 ostendit
2953 901 3015 939 se
3042 882 3174 939 ideo
3196 885 3555 955 missum,ut

1893 974 2122 1024 tantum
2157 976 2589 1026 sacramentum
2616 988 2733 1027 non
2756 971 2950 1027 solum
2973 971 3318 1029 hominibus
3346 974 3556 1046 praedi-

1894 1057 2071 1127 caret,
2106 1060 2206 1114 sed
2240 1060 2416 1115 etiam
2466 1061 2835 1133 principibus
2888 1061 3084 1117 saeculi
3112 1080 3126 1131 ;
3160 1067 3455 1135 quatenus
3483 1082 3550 1121 eo

1892 1148 2324 1220 evangelizante
2376 1140 2666 1205 discerent
2695 1152 2798 1222 qui
2840 1150 2899 1206 in
2931 1151 3095 1207 caelis
3143 1152 3547 1225 corporalibus

1892 1242 2052 1303 sunt,
2078 1242 2133 1293 et
2152 1238 2251 1309 qui
2273 1240 2495 1309 degunt
2516 1230 2628 1294 sub
2650 1239 2959 1297 elementis
2982 1241 3550 1314 firmamenti,quan-

1891 1330 2018 1381 tum
2048 1328 2268 1381 bonum
2300 1329 2864 1398 perdiderunt,’cum
2897 1346 3001 1402 per
3030 1331 3369 1402 superbiam
3400 1330 3546 1388 ceci-

1889 1414 2123 1482 derunt,
2150 1421 2205 1469 et
2224 1415 2528 1486 preprium
2555 1416 2921 1487 reliquerunt
2941 1418 3548 1491 domicilium.Singu-

1889 1502 2029 1559 laris
2059 1508 2148 1559 est
2177 1520 2312 1576 ergo
2344 1505 2453 1560 iste
2484 1505 2848 1576 praedicator,
2882 1507 2984 1578 qui
3009 1511 3235 1563 tantam
3267 1524 3546 1563 consecu-

1888 1597 1984 1648 tus
2013 1598 2103 1648 est
2131 1593 2378 1663 gratiam
2404 1612 2418 1661 ;
2452 1598 2555 1649 aut
2583 1595 2740 1649 enim
2772 1611 2806 1650 a
2845 1594 3030 1663 nullo,
3061 1599 3166 1651 aut
3191 1594 3285 1651 vix
3314 1596 3388 1652 ab
3422 1595 3542 1652 ullo

1886 1680 1969 1735 ita
1996 1682 2273 1753 explicari
2290 1682 2479 1753 potuit
2495 1682 2803 1739 Trinitatis
2823 1684 3171 1756 mysterium
3197 1702 3211 1753 ;
3246 1685 3402 1741 unde
3425 1701 3545 1741 me-

1887 1770 1997 1825 rito
2028 1788 2130 1826 vas
2160 1769 2460 1827 electionis
2492 1771 2689 1828 divino
2712 1772 2940 1843 judicio
2969 1777 3061 1828 est
3089 1771 3439 1845 appellatus.

1957 1859 2163 1931 Igitur,
2193 1876 2265 1915 ne
2297 1864 2641 1932 putaremus
2661 1878 2795 1917 eum
2828 1861 3185 1934 angelicum,
3214 1866 3318 1919 aut
3346 1861 3533 1918 levem

1886 1947 2104 2005 dixisse
2126 1948 2680 2021 spiritum,suhjecit
2703 1968 2717 2007 :
2743 1951 2986 2023 Spiritus
3004 1954 3157 2006 enim
3185 1953 3374 2008 omnia
3392 1968 3543 2007 scru-

1884 2042 2051 2110 tatur,
2083 2038 2352 2094 videlicet
2379 2044 2645 2101 sanctus;
2671 2043 2730 2095 et
2759 2044 2849 2096 est
2868 2055 3080 2096 sensus
3112 2055 3131 2096 :
3159 2040 3379 2097 Idcirco
3409 2057 3541 2112 nos,

1886 2143 2014 2197 quas
2046 2126 2340 2197 principes
2370 2127 2570 2183 saeculi
2599 2144 2714 2182 non
2747 2130 3537 2200 agnoverunt,agnoscimus,

1887 2214 2166 2285 quoniam
2199 2214 2296 2269 ille
2321 2213 2574 2286 Spiritus
2596 2231 2704 2270 nos
2730 2215 2918 2283 docet,
2943 2217 3043 2287 qui
3070 2218 3541 2273 scrutatur.Nam

1888 2302 2031 2372 quia
2059 2302 2313 2373 Spiritus
2344 2307 2589 2359 sanctus
2613 2306 2670 2358 et
2694 2319 2763 2358 ex
2787 2308 2899 2359 Deo
2916 2308 3088 2372 est,et
3107 2305 3233 2376 ipse
3252 2304 3408 2361 Deus
3432 2310 3544 2362 est.

1887 2389 2019 2446 ideo
2045 2391 2243 2446 omnia
2263 2392 2442 2462 novit,
2466 2408 2594 2463 quae
2618 2392 2714 2447 Dei
2738 2396 2897 2447 sunt.
2925 2393 3211 2462 Profunda
3231 2398 3425 2450 autem
3448 2395 3548 2451 Dei

1889 2480 2136 2547 addidit,
2173 2485 2240 2535 ut
2262 2482 2596 2537 ostenderet
2611 2481 2753 2553 quia
2772 2497 3007 2537 omnem
3028 2483 3303 2539 virtutem
3329 2486 3388 2540 et
3406 2498 3547 2555 prai-

1888 2568 2193 2624 scientiam
2229 2570 2325 2624 Dei
2358 2570 2485 2641 ipse
2528 2569 2877 2625 naturaliter
2905 2571 3084 2637 novit,
3120 2572 3277 2643 quod
3304 2571 3545 2627 omnino

1889 2661 2165 2713 creaturae
2187 2658 2553 2729 impossibile
2574 2664 2770 2716 est.Ac
2784 2659 3008 2731 perboc
3028 2659 3282 2732 Spiritus
3302 2663 3543 2717 sanctus

1885 2763 2060 2802 verus
2090 2764 2217 2802 esse
2268 2748 2424 2803 Deus
2462 2747 2814 2815 ostenditur,
2845 2752 2904 2805 et
2953 2765 3070 2804 non
3118 2752 3409 2816 creatura,
3443 2749 3547 2804 sed

1887 2836 2144 2891 Greater.
2170 2837 2481 2892 Scrutatur
2500 2842 2696 2892 autem
2722 2838 2937 2905 omnia,
2963 2854 3078 2893 non
3099 2838 3239 2909 quia
3253 2838 3462 2908 nescit,
3479 2841 3549 2894 ut

1886 2924 2166 2996 inveniat,
2188 2927 2288 2981 sed
2314 2927 2454 2996 quia
2474 2926 2622 2981 nihil
2642 2925 2922 2998 relinquit
2938 2927 3092 2998 quod
3115 2926 3357 2983 nesciat.
3374 2927 3548 2984 Seru-

1887 3018 2067 3079 tatur,
2101 3031 2218 3070 non
2253 3020 2318 3069 ut
2346 3015 2629 3083 inveniat,
2664 3015 2806 3086 quia
2836 3014 3036 3071 omnia
3066 3016 3264 3084 novit;
3297 3015 3421 3081 sed,
3445 3015 3548 3087 qui

1890 3102 2000 3157 tibi
2031 3104 2206 3158 datus
2255 3108 2367 3173 est,
2418 3104 2696 3175 Spiritus,
2729 3107 2788 3158 te
2838 3103 3089 3158 scrutari
3136 3103 3356 3159 faciat:
3391 3105 3543 3175 quod

1893 3191 2050 3246 enim
2083 3194 2143 3245 tu
2192 3191 2320 3260 ejus
2364 3191 2648 3246 beneficio
2696 3189 2861 3261 facis,
2909 3190 3037 3263 ipse
3081 3192 3270 3248 facere
3305 3191 3542 3262 dicitur,

119 3300 262 3352 cem,
316 3283 627 3339 descendit
688 3284 823 3353 (Jac.
875 3300 916 3348 ι,
972 3283 1081 3353 17).
1137 3282 1339 3353 Aliter,
1394 3286 1458 3337 ut
1514 3281 1780 3352 quaedam
1824 3351 1839 3353 _
1891 3280 2019 3335 sine
2052 3296 2168 3350 quo
2194 3284 2258 3335 tu
2291 3281 2622 3335 facerenon
2654 3283 2837 3351 potes.

120 3351 479 3446 exemplaria
510 3351 752 3441 habent,
785 3372 844 3426 in
886 3388 985 3427 cor
1013 3351 1274 3425 hominis
1306 3351 1423 3425 non
1455 3351 1777 3437 descendit,
1810 3351 1853 3417 C
1964 3373 2039 3424 Ut
2069 3373 2262 3423 autem
2287 3372 2482 3438 aperte
2505 3369 2843 3424 ostenderet
2866 3368 3008 3440 quia
3026 3368 3283 3441 Spiritus
3304 3374 3546 3426 sanctus

121 3463 249 3533 quia
298 3462 448 3517 illuc
500 3476 597 3515 cor
646 3459 905 3515 hominis
952 3459 1434 3529 ascendit,juxta
1464 3458 1608 3513 illud
1640 3462 1776 3511 Pro-

123 3550 298 3622 pheta:
325 3568 339 3606 :
378 3550 676 3605 Ascensum
707 3551 767 3603 in
797 3548 952 3604 corde
983 3550 1099 3620 ejus
1127 3548 1397 3620 disposuit
1426 3550 1486 3602 in
1527 3544 1780 3603 convalle

120 3641 261 3707 ﬂetus
315 3642 708 3710 tacrymarum
756 3639 932 3709 (Psal.
983 3655 1216 3706 Lxxxm,
1245 3638 1321 3708 7).
1366 3638 1489 3700 Quo
1516 3636 1543 3689 ?
1587 3638 1649 3691 In
1698 3636 1777 3690 lo-

120 3745 250 3799 cum,
281 3744 451 3802 quem
477 3729 680 3799 posuit,
714 3726 983 3783 videlicet
1015 3726 1114 3782 ubi
1147 3726 1402 3782 cmlestis
1433 3726 1628 3797 gloriae
1677 3725 1774 3779 de-

124 3822 380 3885 gustaret
400 3816 775 3873 suavitatem.
803 3816 942 3872 Cum
973 3832 1110 3888 ergo
1131 3816 1353 3871 donum
1383 3816 1491 3869 hoc
1518 3813 1575 3868 in
1603 3813 1775 3869 corde

126 3911 238 3962 erat
262 3906 539 3973 Joannis,
564 3906 693 3977 jam
736 3922 927 3977 supra
976 3904 1277 3961 hominem
1316 3911 1441 3960 erat
1478 3904 1774 3968 Joannes;

126 3994 253 4065 quia
279 4012 382 4051 eor
424 3996 557 4067 ejus
608 3993 683 4049 in-
718 3993 912 4049 locum
946 3993 1202 4065 positum
1236 3992 1596 4047 ascenderat.
1631 3993 1774 4046 ltem

127 4084 319 4141 oculus
350 4101 468 4145 non
518 4083 666 4138 vidit
707 4081 990 4155 virginem
1025 4098 1227 4154 parere
1255 4100 1267 4148 ;
1301 4080 1463 4136 auris
1495 4084 1627 4135 ante
1658 4096 1774 4134 non

128 4173 351 4229 audivit.
386 4173 701 4245 Fulgebunl
738 4172 900 4244 justi,
932 4172 1075 4227 sicut
1122 4172 1224 4239 sol,
1268 4173 1325 4226 in
1376 4187 1537 4241 regno
1590 4172 1775 4225 Patris

127 4264 223 4317 mei
264 4263 470 4335 (Matth.
507 4279 634 4331 xm,
666 4262 782 4333 43).
814 4262 879 4316 In
928 4278 1029 4317 cor
1069 4260 1327 4316 hominis
1368 4277 1481 4315 non
1515 4260 1777 4315 ascendit

130 4355 187 4403 ut
213 4357 363 4408 esset
391 4351 583 4408 haeres
610 4350 736 4416 Dei,
760 4349 1014 4406 coheres
1042 4349 1182 4405 Jesu
1211 4348 1427 4404 Christi
1450 4350 1624 4419 (Rom.
1648 4366 1771 4414 VIII,

132 4438 227 4509 17).
257 4440 382 4497 Hec
413 4458 557 4513 ergo
587 4444 709 4495 tam
743 4428 1022 4511 praeclara
1056 4443 1109 4492 et
1143 4436 1463 4493 ineffabilia
1493 4437 1668 4501 dona,
1704 4438 1774 4491 de

132 4527 328 4598 quibus
356 4529 497 4586 alibi
530 4528 675 4584 dicit
706 4546 719 4583 :
757 4528 959 4583 Omnia
986 4526 1130 4581 mihi
1157 4526 1362 4581 tradita
1391 4529 1519 4579 sunt
1548 4542 1583 4579 a
1607 4531 1775 4580 Patre

132 4631 235 4673 meo
260 4620 465 4687 (Matth.
490 4635 573 4685 x1,
604 4618 719 4689 27),
745 4616 1093 4689 praeparavit
1120 4615 1296 4685 Deus,
1329 4613 1386 4668 id
1420 4616 1527 4679 cst,
1561 4630 1773 4685 praeor-

1888 3455 2087 3511 omnia
2145 3461 2463 3526 scrutatur,
2524 3456 2777 3528 subjecit
2824 3458 3002 3513 etiam
3071 3458 3545 3528 similitudinem,

1890 3545 2091 3600 dicens
2123 3564 2136 3601 :
2173 3546 2305 3613 Quis
2335 3548 2485 3600 enim
2512 3548 2612 3601 scit
2656 3546 2944 3602 hominum
2972 3560 3098 3617 quae
3125 3555 3254 3602 sunt
3282 3547 3547 3619 hominis,

1887 3636 2000 3688 nisi
2024 3636 2257 3705 spiritus
2275 3635 2532 3705 hominis,
2552 3638 2651 3707 qui
2677 3638 2737 3691 in
2758 3638 2875 3706 ipso
2894 3643 2975 3691 est
2990 3638 3016 3688 .9
3038 3635 3310 3691 Humana
3334 3640 3548 3693 natura

1887 3740 1957 3779 ex
2003 3739 2244 3794 corpore
2290 3728 2541 3791 constat,
2572 3729 2630 3779 et
2672 3724 2906 3797 spiritu,
2941 3740 3115 3796 quem
3167 3729 3227 3780 et
3283 3724 3544 3781 animam

1887 3812 2109 3868 dicunt.
2146 3817 2246 3868 Est
2276 3818 2476 3869 autem
2527 3813 2774 3885 spiritus
2826 3813 3087 3869 hominis
3117 3813 3307 3886 ipsius
3334 3813 3545 3871 animm

1886 3900 2190 3957 rationalis
2220 3901 2504 3972 potentia,
2538 3918 2657 3973 qua
2705 3902 3032 3958 secernitur
3059 3918 3095 3957 a
3121 3902 3454 3974 pecoribus,
3486 3906 3548 3961 et

1885 3990 2107 4046 eisdem
2132 3989 2384 4045 naturali
2406 3990 2530 4062 lege
2552 3990 2996 4047 dominatur.De
3016 3990 3126 4045 hoc
3146 3990 3357 4063 spiritu
3379 3990 3543 4047 dicit:

1887 4080 2018 4147 Quis
2049 4080 2198 4133 enim
2226 4081 2327 4134 scit
2356 4080 2645 4133 hominum
2674 4094 2800 4150 qua:
2846 4085 2973 4134 sunt
3004 4080 3263 4146 hominis,
3293 4079 3407 4134 nisi
3433 4081 3546 4152 spi-

1886 4171 2032 4223 ritus
2058 4167 2317 4237 hominis,
2345 4170 2443 4239 qui
2462 4170 2521 4222 in
2545 4169 2660 4239 ipso
2682 4172 2795 4223 est?
2818 4173 2901 4224 Ac
2924 4166 2972 4223 si
2993 4170 3260 4239 patenter
3278 4167 3501 4224 diceret
3527 4183 3540 4223 :

1883 4262 2011 4311 Non
2043 4257 2143 4327 qui
2176 4256 2540 4313 extrinsecus
2571 4262 2680 4327 est,
2705 4257 2806 4313 sed
2838 4256 2938 4328 qui
2970 4256 3133 4311 intus
3162 4260 3272 4326 est,
3304 4257 3545 4312 animus

1885 4352 2044 4414 tuus,
2080 4346 2239 4401 novit
2269 4363 2505 4402 omnem
2550 4346 2965 4417 cogitationem
3014 4349 3072 4400 et
3099 4343 3547 4415 dispositionem

1888 4439 2053 4491 tuam
2090 4453 2103 4491 :
2137 4436 2257 4489 hiec
2290 4436 2445 4491 enim
2496 4439 2641 4490 sunt
2669 4433 2949 4488 interiora
2994 4435 3215 4486 nostra.
3245 4434 3315 4485 Et
3351 4446 3554 4488 revera

1888 4540 2060 4579 nemo
2091 4524 2212 4578 haec
2235 4522 2729 4594 comprehendere
2758 4524 2968 4592 potest,
2992 4518 3107 4574 nisi
3138 4517 3376 4574 animus
3407 4534 3546 4574 nos-

1884 4617 1994 4679 ter,
2029 4629 2204 4683 quem
2234 4610 2554 4682 Apostolus
2585 4607 2857 4681 spiritum
2886 4611 3071 4664 vocat.

135 4702 357 4775 dinavit,
391 4725 510 4765 non
546 4706 823 4763 omnibus
853 4705 1114 4779 quidem,
1139 4704 1240 4760 sed
1272 4702 1366 4758 his
1396 4702 1497 4773 qui
1528 4703 1776 4758 credunt
1802 4723 1851 4788 D
1956 4705 2044 4757 Ita
2072 4707 2123 4756 et
2156 4715 2284 4772 quw
2315 4702 2415 4755 Dei
2438 4704 2569 4754 sunt
2600 4715 2783 4788 nemo
2805 4699 2955 4753 novit
2981 4698 3097 4753 nisi
3126 4696 3366 4788 Spiritus
3394 4697 3497 4788 Dei
3523 4715 3544 4755 .'

135 4796 183 4847 et
210 4794 458 4869 diligunt
487 4795 683 4852 illum.

197 4889 505 4957 Apostolus
529 4902 690 4958 ergo,
722 4888 786 4941 ut
816 4884 1151 4940 ostenderet
1181 4899 1263 4950 se,
1291 4897 1568 4952 suosque,
1596 4897 1665 4935 ex
1685 4880 1778 4935 his

138 4984 251 5027 esse
278 4975 374 5045 qui
406 4976 599 5032 Deum
632 4973 907 5045 diligunt,
943 4972 1212 5042 adjunxit
1243 4989 1255 5027 :
1290 4970 1438 5041 (510)
1478 4969 1640 5024 Nobis
1670 4985 1777 5023 au-

140 5068 231 5116 tem
258 5066 519 5121 revelavit
550 5065 689 5119 Deus
714 5079 820 5135 per
852 5063 1123 5135 Spiritum
1149 5077 1349 5122 suum;
1381 5064 1664 5129 tanquam
1698 5059 1779 5112 di-

140 5156 278 5207 ceret
312 5171 324 5208 :
382 5154 516 5210 Ideo
551 5170 659 5208 nos
704 5152 861 5224 quod
901 5149 1107 5207 oculus
1140 5166 1256 5205 non
1288 5148 1450 5214 vidit,
1486 5165 1588 5203 nec
1618 5146 1778 5201 auris

143 5240 362 5311 audivit,
397 5260 505 5300 nec
560 5243 619 5298 in
672 5259 772 5299 cor
817 5240 1074 5297 hominis
1117 5239 1379 5295 ascendit
1408 5238 1775 5311 agnovimus,

145 5330 399 5397 quoniam
428 5338 585 5389 Deus
618 5330 911 5398 revelavit,
934 5330 992 5385 id
1023 5335 1133 5397 est,
1158 5328 1571 5384 manifestavit.
1602 5331 1776 5383 Reve-

146 5411 270 5474 lavit
293 5419 457 5492 plane
478 5438 595 5479 non
622 5421 841 5477 nostris
864 5418 1231 5491 exigentibus
1254 5418 1500 5482 meritis,
1524 5418 1623 5472 sed
1646 5434 1777 5488 gra-

150 5504 221 5560 tia
249 5523 363 5565 sua:
391 5509 790 5568 miserationis
823 5526 888 5566 ac
918 5508 1175 5581 pietatis.
1211 5508 1280 5562 Et
1326 5506 1435 5561 hoc
1480 5510 1589 5574 est,
1621 5506 1776 5577 quod

152 5593 282 5652 dicit
312 5616 326 5655 :
368 5602 474 5658 Per
502 5602 765 5673 spiritum
794 5616 975 5670 suum,
1008 5598 1065 5653 id
1096 5602 1206 5666 est,
1238 5612 1340 5669 per
1367 5595 1617 5668 gratiam
1649 5594 1777 5666 Spi-

216 5772 349 5850 (509)
379 5780 444 5836 In
473 5782 669 5852 autog.
704 5794 891 5851 marg.
923 5776 1020 5834 hic
1049 5774 1263 5848 legitur
1291 5791 1416 5846 cap.
1449 5773 1596 5831 VIII.

1882 4795 2162 4861 tanquam
2192 4790 2440 4845 diceret:
2474 4788 2619 4852 Quia
2636 4787 2890 4860 Spiritus
2919 4790 3161 4843 sanctus
3190 4785 3372 4842 unius
3396 4787 3544 4841 sub-

1889 4879 2118 4935 stantiae
2152 4896 2284 4934 cum
2318 4883 2433 4934 Deo
2487 4883 2601 4944 est,
2629 4877 2781 4946 ideo,
2816 4875 3035 4944 omnia,
3070 4891 3198 4946 ques
3246 4872 3350 4929 Dei
3380 4877 3544 4942 sunt,

1890 4969 2234 5024 naturaliter
2264 4974 2320 5023 et
2350 4968 2477 5038 ipse
2508 4966 2687 5031 novit,
2720 4970 2776 5021 et
2806 4982 2914 5021 nos
2942 4965 3110 5019 docet
3137 4980 3150 5018 :
3177 4962 3346 5018 docet
3364 4961 3543 5018 etiam

1890 5059 2236 5131 mysterium
2268 5057 2483 5113 Christi
2512 5076 2525 5123 ;
2559 5056 2833 5125 quianon
2864 5053 3053 5109 solum
3087 5051 3277 5107 Patris
3308 5054 3397 5107 est
3419 5050 3549 5124 Spi-

1887 5149 2060 5215 ritus,
2095 5149 2193 5203 sed
2227 5152 2285 5203 et
2333 5146 2480 5202 Filii.
2511 5146 2686 5201 Nemo
2733 5159 2869 5214 ergo
2902 5141 3059 5197 novit
3089 5157 3217 5212 quas
3249 5139 3350 5196 Dei
3379 5145 3545 5213 sunt,

1887 5237 2002 5293 nisi
2037 5237 2295 5308 Spiritus
2344 5235 2486 5302 Dei;
2520 5232 2661 5305 quia
2707 5231 3045 5303 quicunque
3092 5229 3410 5302 cognoscit,
3443 5245 3548 5303 per

1886 5327 2169 5399 Spiritum
2192 5324 2293 5381 Dei
2320 5321 2643 5396 cognoscit.
2662 5320 2757 5376 Sic
2774 5320 2931 5375 enim
2953 5319 3177 5375 dictum
3206 5322 3316 5385 est,
3334 5335 3542 5390 quem-

1889 5416 2210 5472 admodum
2255 5412 2400 5468 illud
2450 5413 2509 5466 in
2557 5408 2869 5482 Evangelio
2924 5425 2937 5464 :
2992 5409 3112 5465 Non
3153 5424 3248 5465 vos
3293 5409 3421 5464 estis
3448 5423 3545 5479 qui

1888 5503 2203 5576 loquimini,
2234 5501 2325 5556 scd
2374 5501 2617 5572 Spiritus
2664 5500 2853 5556 Patris
2879 5500 3013 5567 mei,
3046 5499 3147 5570 qui
3193 5497 3439 5570 loquitur
3481 5495 3543 5551 in

1885 5595 2038 5651 vobis
2069 5591 2279 5663 (Matth.
2312 5607 2367 5657 x,
2396 5591 2510 5661 20).

1959 5770 2106 5845 (510)
2139 5769 2202 5828 In
2235 5772 2430 5841 autog.
2467 5785 2652 5843 marg.
2686 5768 2783 5826 hic
2810 5766 3027 5840 legitur
3055 5781 3185 5840 cap.
3213 5764 3306 5823 IX.
