3942 6410
372 460 486 523 811

1394 452 1733 517 ATTONIS
1775 451 2364 515 VEBCELLENSIS
2407 451 2760 516 EPISGOPI

3673 450 3796 514 3!!

450 592 653 666 Igitur,
686 590 826 664 quia
854 591 1100 657 dixerat,
1131 590 1286 645 nobis
1314 588 1572 645 reuelauit
1612 589 1751 643 Deus
1776 602 1878 658 per
1906 585 2025 657 Spi~
2052 588 2107 654 Α
2136 585 2238 641 tali
2262 587 2485 643 ratione
2505 586 2850 659 concipitur,
2870 585 3037 657 juxta
3055 582 3202 640 illud
3224 601 3238 640 :
3262 584 3386 641 Nisi
3413 582 3798 643 credideritis’

379 686 548 740 ritum
574 700 757 748 suum,
789 698 862 736 ne
893 682 1035 735 forte
1066 680 1320 734 crederet
1340 678 1571 748 aliquis,
1594 677 1748 746 quod
1780 676 2031 747 Aposto-

380 772 474 829 lus
495 773 739 842 ejusque
759 769 979 826 similes
1000 769 1274 840 spiritum
1305 766 1508 820 mundi
1532 766 1916 836 accepissent,
1934 780 2035 834 per

381 878 556 933 quem
587 861 784 914 futura
814 860 1264 928 cognoscerent;
1297 855 1533 923 idcirco,
1569 871 1701 909 cum
1735 869 2033 909 commen-

382 950 543 1005 daret
575 950 818 1020 gratiam
858 948 954 1003 Dei
988 948 1044 1001 in
1079 946 1299 1016 Spiritu
1332 950 1556 1013 sancto,
1590 944 1804 1013 adjecit
1836 942 1984 1013 (511)
2020 954 2033 996 :

382 1040 487 1096 Nos
516 1042 698 1092 autem
726 1054 831 1090 non
880 1038 1143 1106 spiritum
1187 1035 1386 1089 mundi
1421 1036 1746 1104 accepimus,
1785 1031 1876 1085 sed
1908 1030 2034 1099 Spi-

382 1130 556 1183 ritum
584 1128 681 1199 qui
707 1142 776 1180 ex
825 1127 927 1180 Deo
975 1128 1074 1180 est.
1108 1131 1187 1178 Ac
1221 1125 1267 1179 si
1323 1124 1539 1179 diceret
1574 1140 1586 1176 :
1623 1124 1684 1177 In
1717 1138 1783 1176 eo
1834 1118 2039 1191 proba-

384 1221 499 1282 tur,
532 1215 671 1285 quia
702 1231 815 1268 non
848 1214 1120 1285 spiritum
1156 1212 1362 1267 mundi
1395 1210 1751 1281 accepimus,
1785 1208 1925 1279 quia
1947 1223 2038 1260 ar-

384 1320 595 1359 arcana
611 1302 703 1358 Dei
720 1302 1284 1374 cognoscimus,quzs
1301 1300 1544 1371 spiritus
1559 1297 1761 1353 mundi
1777 1311 2041 1367 compre-

384 1392 640 1447 hendere
672 1408 787 1447 non
811 1391 1319 1463 potest.Spiritum
1345 1388 1572 1458 mundi,
1591 1387 1864 1458 spiritum
1897 1383 2043 1438 dicit

386 1481 659 1536 elationis
690 1486 748 1536 et
794 1480 1126 1550 superbiae:
1173 1478 1510 1550 quicunque
1560 1478 1713 1532 enim
1764 1473 2042 1546 spiritum

390 1569 599 1625 mundi
631 1568 945 1640 accipiunt,
982 1568 1217 1639 superbi
1247 1574 1305 1623 et
1352 1567 1565 1636 ingrati
1600 1570 1713 1620 Deo
1744 1564 2042 1619 existunt;

2138 694 2248 733 non
2303 678 2623 745 intelligetis
2670 677 2794 747 (Isa.
2844 692 2922 745 v1,
2963 676 3035 741 9;
3084 674 3273 730 Matth.
3318 691 3445 745 xm,
3482 675 3584 743 14;
3626 675 3792 731 Marc.

2142 784 2219 837 IV,
2254 768 2356 833 12;
2410 768 2540 821 Luc.
2587 783 2711 832 vm,
2744 767 2847 833 10;
2896 766 3009 820 Act.
3050 780 3246 834 xxvm,
3277 765 3383 831 26;
3420 765 3570 820 Rom.
3602 781 3686 831 χι,
3721 766 3795 834 8;

2145 856 2302 911 Hebr.
2336 873 2414 926 x1,
2462 858 2539 925 3).

2216 946 2319 1001 Sed
2347 948 2402 999 in
2434 945 2681 999 doctrina
2712 945 2971 1016 Spiritus,
3003 943 3061 997 id
3100 947 3211 1009 est,
3246 957 3314 997 ea
3344 942 3632 1010 doctrina,
3668 960 3798 1015 quas

2144 1034 2364 1105 Spiritu
2396 1040 2598 1089 sancto
2630 1038 2720 1089 est
2748 1034 2923 1100 edita,
2947 1031 3171 1087 scilicet
3199 1031 3547 1102 evangelica.
3571 1032 3757 1088 Aliter
3785 1050 3798 1088 :

2145 1124 2209 1178 In
2242 1124 2502 1178 doctrina
2525 1122 2775 1194 Spiritus
2811 1122 3157 1193 loquebatur
3182 1138 3194 1188 ;
3228 1120 3368 1193 quia
3397 1138 3499 1193 per
3521 1122 3801 1177 virtutem

2148 1214 2333 1267 sancti
2381 1213 2653 1283 Spiritus,
2688 1227 3051 1284 quaecunque
3099 1210 3474 1282 praedicabat,
3508 1210 3700 1281 signis
3746 1215 3806 1267 et

2150 1301 2453 1357 miraculis
2478 1301 2883 1356 confirmabat.
2906 1300 3262 1369 Spiritalibus
3285 1300 3563 1371 spiritalia
3583 1316 3797 1372 compa-

2150 1400 2357 1445 rantes.
2382 1390 2685 1462 Spiritales
2710 1407 2809 1445 eos
2841 1389 3002 1452 dicit.
3025 1389 3119 1458 qui
3154 1388 3446 1461 negabant
3474 1387 3804 1445 humanam

2153 1479 2502 1551 sapientiam
2525 1496 2696 1550 posse
2714 1480 2945 1533 tradere
2966 1477 3213 1549 gratiam
3246 1478 3340 1532 Dei
3366 1493 3378 1530 :
3411 1476 3601 1549 gratia
3631 1494 3809 1533 nam-

2155 1584 2268 1639 que
2294 1566 2393 1621 Dei
2426 1567 2557 1621 fidei
2592 1566 2869 1638 mysterio
2900 1566 3249 1632 continetur,
3272 1566 3344 1621 ad
3378 1564 3809 1621 illuminandos

390 1657 638 1728 ideoque
668 1658 992 1712 redduntur
1022 1657 1284 1711 infelices
1313 1674 1326 1712 :
1371 1656 1627 1726 Spiritus
1659 1671 1815 1723 vero,
1850 1648 1948 1719 qui
1977 1663 2049 1703 ex
2156 1654 2567 1711 benevolorum
2599 1655 2904 1710 hominum
2937 1670 3166 1709 sensus.
3190 1654 3539 1726 Quicunque
3567 1670 3710 1727 ergo
3740 1672 3810 1711 ea

394 1751 505 1801 Deo
536 1752 646 1817 est,
679 1744 935 1817 Spiritus
966 1751 1056 1801 est
1079 1745 1382 1802 charitatis
1407 1749 1464 1799 et
1493 1741 1843 1798 dilectionis.
1865 1736 2049 1793 Aliter
2156 1745 2423 1809 credunt,
2446 1761 2573 1815 quax,
2597 1744 2800 1799 mundi
2824 1744 3119 1814 sapientes
3139 1742 3321 1798 stulta
3337 1743 3629 1814 judicant,
3654 1748 3812 1799 recte

394 1834 667 1907 spiritum
729 1834 956 1903 mundi,
1013 1833 1286 1905 spiritum
1335 1833 1478 1889 dicit
1530 1830 1805 1903 pythonis
1862 1828 2046 1898 (Deut.

393 1941 551 1994 xvm,
633 1928 685 1978 lt
748 1941 761 1991 ;
838 1924 1038 1993 IReg.
1116 1940 1313 1989 xxvni,
1388 1925 1487 1990 7;

1565 1922 1673 1977 Isa.
1731 1936 1853 1983 V111,
1914 1917 1981 1971 19
2032 1928 2049 1979 °,

2159 1832 2453 1904 spiritales
2472 1838 2774 1888 vocantur.
2792 1832 2952 1887 Unde
2964 1831 3284 1903 Apostolus
3303 1830 3673 1903 spiritalibus
3694 1832 3811 1903 spi-

2159 1920 2352 1976 ritalia
2379 1922 2790 1992 comparabat;
2825 1921 2965 1993 quia
2994 1920 3128 1976 illos
3150 1920 3458 1991 judicabat
3487 1921 3807 1992 spiritales,

394 1985 646 2081 Act.xv1,
668 1985 776 2080 16),
798 2012 896 2083 qui
921 1985 1009 2067 est
1030 2013 1221 2083 major
1240 1985 1391 2066 inter
1411 1985 1743 2065 mundanos
1776 2006 2042 2078 spiritus.
2073 1985 2123 2051 Β
2155 2009 2254 2081 qui
2277 2026 2345 2064 ea
2361 2008 2486 2065 ﬁeri
2504 1985 2675 2081 posse
2692 1985 3026 2080 credebant,
3041 1985 3172 2081 qua;
3194 2007 3500 2081 possibilia
3515 1985 3811 2081 sapientia

395 2108 515 2159 Hoc
558 2101 921 2173 arripiuntur
942 2117 1145 2156 omnes
1180 2100 1442 2165 fanatici,
1477 2096 1733 2169 sortilegi
1769 2101 1827 2151 et
1859 2111 2045 2165 augu-

396 2209 509 2260 res,
543 2190 643 2263 qui
677 2196 816 2246 sunt
847 2190 973 2246 sine
994 2190 1128 2244 Deo.
1172 2189 1289 2244 Hoc
1326 2188 1535 2259 spiritu
1576 2191 1808 2257 arrepta
1836 2184 2046 2256 Pytho-

395 2282 556 2341 nissa
575 2279 904 2336 Samuelem
943 2278 1247 2334 suscitavit
1286 2277 1446 2333 Sauli
1479 2277 1671 2348 (IIteg.
1696 2292 1895 2338 xxvm,
1931 2274 2042 2339 14).

466 2370 567 2425 Hic
596 2371 772 2425 etiam
803 2385 904 2439 per
933 2367 1210 2436 Sibyllam
1233 2367 1487 2432 locutus,
1515 2365 1703 2420 multa
1726 2365 1795 2419 de
1816 2360 2044 2417 Christo

395 2458 678 2531 praedixit.
715 2458 777 2512 In
809 2456 1161 2526 quibusdam
1195 2455 1394 2519 etiam,
1425 2459 1763 2509 sanctorum
1796 2450 2040 2521 prophe-

391 2550 586 2603 tarum
620 2550 856 2601 secutus
906 2549 996 2599 est
1044 2560 1275 2609 sensus,
1322 2542 1530 2597 callide
1577 2541 1777 2595 volens
1828 2538 2043 2593 habere

394 2635 590 2691 locum
610 2634 763 2689 inter
782 2633 1043 2690 cmlestes
1064 2632 1330 2703 spiritus.
1351 2632 1417 2686 Et
1433 2630 1704 2702 quamvis
1725 2627 2043 2698 aliquando

394 2740 529 2780 vera
559 2724 853 2796 praedicat,
884 2723 1179 2777 interdum
1230 2725 1425 2776 tamen
1469 2737 1570 2791 per
1619 2715 1960 2773 verisimilia
1988 2717 2045 2769 et

394 2813 520 2883 ipse
544 2812 783 2875 fallitur,
808 2817 863 2866 et
883 2811 1027 2867 alios
1052 2811 1218 2865 fallit.
1242 2810 1349 2864 Sed
1375 2809 1541 2880 quasi
1567 2808 1781 2863 diceret
1802 2803 2040 2875 aliquis:

396 2900 560 2956 Unde
591 2900 826 2971 probas,
858 2898 1153 2970 Apostole,
1203 2898 1479 2969 quoniam
1513 2897 1809 2968 spiritum,
1843 2894 1941 2965 qui
1976 2907 2045 2947 ex

395 2995 511 3046 Deo
542 2994 650 3060 est,
684 2988 991 3061 accepistis
1018 2989 1044 3043 ‘l
1077 2989 1324 3058 adjecit:
1362 2988 1422 3045 Ut
1452 2990 1690 3042 sciamus
1722 3001 1845 3058 quae
1874 3002 1905 3039 a
1934 2986 2042 3039 Deo

394 3079 540 3135 dona
567 3087 693 3134 sunt
740 3080 937 3140 nobis;
968 3081 1248 3149 tanquam
1298 3077 1518 3132 diceret
1548 3092 1559 3131 :
1595 3076 1806 3131 Servus
1856 3075 2043 3130 nescit

388 3168 529 3241 quid
553 3168 724 3223 faciat
745 3167 1029 3223 Dominus
1050 3168 1099 3237 ej
1112 3184 1177 3221 us
1204 3185 1216 3220 :
1242 3183 1349 3222 nos
1367 3170 1583 3231 autem,
1613 3164 2042 3231 charissimi,ut

388 3257 563 3312 amici
595 3255 695 3311 Dei
722 3272 850 3310 esse
878 3254 1195 3325 possimus,
1219 3255 1347 3310 ideo
1369 3254 1673 3325 Spiritum,
1699 3254 1799 3324 qui
1833 3270 1899 3308 ex
1921 3253 2036 3308 Deo

2155 2098 2362 2154 mundi
2392 2099 2738 2170 denegabat.

2224 2190 2496 2245 Animalis
2532 2194 2716 2244 autem
2754 2190 2909 2245 homo
2955 2205 3069 2244 non
3112 2188 3347 2260 percipit
3395 2204 3463 2244 ea
3508 2202 3634 2258 qua?
3685 2203 3793 2243 sun

2150 2280 2398 2349 Spiritus
2449 2281 2570 2333 Dei.
2625 2278 2970 2350 Quicunque
3017 2295 3085 2334 ex
3139 2292 3381 2348 corpore
3432 2276 3596 2344 vivit,
3649 2282 3808 2332 recte

2153 2368 2407 2422 carnalis
2438 2374 2697 2436 vocatur,
2723 2373 2781 2423 et
2813 2366 3105 2421 animalis.
3131 2366 3397 2421 Carnalis
3425 2383 3460 2421 a
3491 2382 3682 2436 carne,
3709 2364 3812 2436 qui

2152 2456 2410 2511 carnalia
2439 2463 2737 2523 sectatur;
2772 2456 3067 2521 animalis,
3103 2456 3244 2527 quia
3292 2455 3477 2510 fertur
3525 2454 3814 2511 dissoluta

2150 2545 2388 2601 lascivia
2420 2547 2651 2616 animai,
2678 2563 2857 2617 quam
2890 2545 3136 2617 spiritus
3167 2561 3283 2599 non
3314 2543 3501 2615 regit;
3536 2544 3675 2615 quia
3706 2559 3815 2599 nec

2151 2635 2275 2706 ipse
2306 2651 2368 2689 se
2389 2635 2505 2689 Deo
2528 2636 2848 2707 regendum
2876 2634 3116 2705 subjicit
3134 2632 3421 2688 Animalis
3441 2648 3578 2703 ergo
3600 2631 3801 2697 homo,

2151 2724 2289 2794 quia
2306 2725 2629 2778 secundum
2650 2740 2711 2778 se
2730 2723 2888 2788 vivit,
2904 2723 2960 2777 id
2985 2727 3092 2789 est,
3108 2738 3347 2777 sensum
3367 2736 3542 2776 suum
3567 2721 3624 2775 in
3648 2725 3809 2776 terra

2152 2812 2452 2883 deprimit,
2474 2817 2705 2867 terrena
2723 2816 2954 2867 tantum
2978 2812 3286 2883 cogitando
3310 2814 3367 2865 et
3392 2810 3807 2866 desiderando.

2151 2901 2371 2955 Idcirco
2419 2917 2487 2955 ea
2534 2917 2660 2972 quas
2708 2900 2955 2972 Spiritus
3009 2900 3101 2955 Dei
3163 2904 3303 2955 sunt
3350 2915 3466 2954 non
3517 2897 3810 2970 percipit;

2151 2988 2290 3059 quia
2320 2988 2459 3060 quid
2492 2990 2689 3061 gratias
2720 3006 2862 3044 crux
2893 2988 3105 3044 Christi
3155 2989 3439 3054 conferat,
3472 3003 3587 3042 non
3633 2986 3816 3041 intel-

2151 3076 2299 3147 ligit.
2323 3078 2491 3145 Nam,
2518 3078 2657 3149 quia
2678 3078 2825 3133 nihil
2856 3078 3040 3133 credit
3070 3079 3332 3133 futurum
3368 3082 3502 3149 post
3531 3079 3811 3143 mortem,

2150 3166 2364 3222 idcirco
2390 3184 2502 3223 non
2526 3168 2688 3223 freno
2717 3167 3113 3231 continentia,
3140 3182 3256 3222 non
3291 3163 3563 3221 rationali
3589 3164 3819 3221 mentis

2138 3256 2363 3327 judicio
2393 3258 2634 3328 regitur,
2660 3258 2758 3311 sed
2792 3258 2866 3312 ad
2895 3261 3159 3312 terrenas
3190 3255 3543 3325 voluptates,
3569 3259 3629 3309 et
3657 3254 3822 3310 desi-

384 3344 924 3416 est,acccpimus,ut
948 3344 1207 3400 sciamus
1228 3343 1370 3414 quid
1394 3342 1567 3399 faciat
1586 3343 1870 3398 Dominus
1884 3343 2037 3398 Deus
2070 3343 2112 3411 C
2151 3345 2332 3411 deria,
2355 3345 2515 3401 velut
2542 3347 2601 3401 in
2630 3363 2885 3418 praeceps
2908 3345 3147 3415 animal,
3172 3344 3447 3400 trahitur.
3471 3345 3618 3399 Cum
3645 3344 3813 3399 enim

383 3438 603 3491 noster.
630 3434 763 3490 Ideo
794 3448 1050 3504 namque
1069 3432 1493 3504 Spiritum,qui
1523 3437 1613 3488 est
1642 3449 1710 3488 ex
1730 3433 2032 3499 Deo,acce-

381 3523 600 3595 pimus,
635 3528 698 3578 ut
725 3523 797 3578 de
848 3522 1019 3578 donis
1050 3522 1152 3578 Dei
1203 3539 1317 3577 non
1365 3521 1709 3593 gloriemur,
1744 3527 2031 3592 tanquam

381 3611 596 3667 nostris
623 3609 849 3666 meritis
879 3609 1299 3679 acceperimus,
1318 3610 1420 3664 sed
1456 3607 1540 3661 illi
1564 3608 1783 3678 gratias
1815 3608 2030 3663 refera-

382 3716 538 3767 mus,
561 3715 726 3769 aquo
750 3697 1103 3767 accepimus.
1128 3697 1289 3751 Multi
1316 3696 1530 3767 quippe
1554 3696 1741 3751 multa
1756 3697 1909 3751 dona
1930 3697 2031 3752 Dei

383 3787 639 3851 habent;
674 3785 774 3841 sed
803 3801 837 3840 a
865 3801 981 3855 quo
1026 3784 1376 3854 acceperint,
1427 3784 1734 3852 nesciunt;
1786 3774 2034 3855 ideoque

384 3874 641 3946 superba
667 3872 1335 3942 vanitatejactantur.Si
1366 3890 1501 3945 ergo
1525 3872 1799 3943 spiritum
1825 3873 2031 3929 mundi

385 3963 840 4034 accepissemus,
876 3962 1049 4028 dona,
1073 3979 1199 4032 quae
1232 3980 1267 4017 a
1298 3968 1409 4016 Deo
1441 3963 1616 4018 nobis
1639 3962 1849 4019 collata
1872 3970 2031 4034 sunt,

385 4067 735 4123 cognoscere
757 4067 1129 4122 neqpaquam
1165 4069 1501 4122 possemus:
1519 4052 1796 4107 inferiora
1818 4053 2034 4124 quippe

385 4140 755 4211 superiorum
779 4139 1092 4195 consilium
1112 4140 1605 4211 comprehendere
1628 4160 1740 4196 non
1762 4147 2029 4213 possunt.

383 4229 583 4300 Neque
610 4235 936 4283 creaturam
968 4228 1058 4282 sui
1087 4228 1376 4284 Creatoris
1408 4229 1787 4300 voluntatem,
1822 4231 1933 4286 nisi
1967 4248 2033 4286 eo

383 4317 694 4381 revelante,
721 4332 1070 4387 cognoscere
1094 4322 1301 4387 potest.
1319 4318 1531 4389 Magna
1555 4320 1769 4390 quippe
1794 4319 2035 4375 scientia

381 4412 489 4475 est,
522 4407 719 4479 ipsum
751 4407 995 4475 donum,
1028 4406 1184 4477 quod
1234 4406 1450 4478 aliquis
1482 4408 1674 4477 habet,
1711 4426 1745 4464 a
1789 4425 1903 4480 quo
1935 4409 2033 4464 ha-

379 4497 516 4552 beat
544 4496 711 4552 scire.

455 4584 591 4650 Quae
618 4592 668 4638 et
687 4584 983 4653 loquimur.
999 4584 1219 4640 Sensus
1240 4585 1335 4640 hic
1360 4591 1449 4641 est
1473 4602 1485 4640 :
1513 4586 1575 4641 In
1604 4586 1710 4642 hoc
1729 4587 2033 4643 verissime

383 4671 976 4742 oomprobatur,quod
1002 4671 1413 4744 sciamusque:
1436 4676 1606 4731 nobis
1628 4694 1661 4730 a
1686 4682 1796 4733 Deo
1818 4678 2033 4733 donata

385 4765 543 4827 sunt,
576 4759 713 4830 quia
741 4759 863 4815 haec
882 4760 1087 4814 eadem
1117 4759 1435 4831 loquimur,
1462 4767 1525 4818 ut
1554 4764 1651 4819 alii
1674 4766 2036 4837 discant,per

384 4848 710 4921 spiritalem
763 4848 1112 4903 doctrinam.
1161 4849 1462 4912 Quomodo
1490 4868 1623 4907 vero
1672 4853 2029 4925 loqueretur,

383 4937 743 5001 manifestat,
775 4937 1147 5008 subjungens
1178 4954 1191 4992 :
1226 4938 1343 4992 Non
1375 4940 1435 4992 in
1462 4939 1630 4993 doctis
1655 4943 1917 5000 humana?
1944 4961 2033 4999 sa-

377 5028 610 5095 pientiae
633 5027 831 5089 verbis,
853 5025 908 5082 id
942 5031 1051 5095 est,
1085 5024 1430 5097 eloquentur,
1454 5027 1642 5084 nitore
1673 5031 1940 5102 comptis.
1963 5034 2033 5088 Et

379 5119 469 5169 est
499 5130 710 5170 sensus
745 5132 757 5169 :
791 5116 936 5177 Quia
979 5131 1066 5181 ea,
1100 5133 1228 5185 qua)
1276 5115 1598 5187 loquimur,
1631 5135 1745 5172 non
1774 5137 1808 5174 a
1838 5121 2028 5176 rheto-

377 5200 566 5269 ribus,
599 5218 715 5256 non
746 5218 780 5255 a
808 5202 1157 5270 dialecticis,
1193 5221 1307 5258 non
1340 5221 1374 5259 a
1405 5204 1772 5277 philosophis
1803 5211 2026 5279 accepi-

382 5306 513 5342 mus
539 5306 553 5353 ;
577 5289 705 5344 ideo
725 5306 839 5344 non
864 5306 932 5343 ea
951 5290 1249 5361 loquimur
1269 5292 1459 5349 verbis
1480 5293 1751 5350 humanae
1777 5297 2029 5353 scientiae

376 5375 572 5446 lepore
605 5376 833 5432 fucatis.
870 5379 1156 5441 Quoniam
1207 5381 1477 5438 humanae
1524 5385 1825 5455 sapientiae
1857 5388 2031 5442 verba

379 5463 534 5518 hum:
569 5481 809 5520 sensum
844 5467 1334 5536 comprehendere
1386 5488 1501 5526 non
1536 5478 1804 5544 possunt,
1842 5492 2029 5545 neque

379 5553 577 5606 stulto
613 5552 747 5606 rrtis
777 5553 1028 5622 alicujus
1059 5555 1322 5624 discitur,
1354 5561 1461 5613 sed
1506 5577 1609 5631 per
1635 5564 1812 5619 tidem
1844 5565 2017 5636 spiri-

452 5730 600 5804 (511)
633 5730 734 5788 Hic
767 5730 825 5787 in
856 5735 1055 5803 autog.
1087 5748 1271 5804 marg.
1305 5734 1518 5807 legitur
1548 5756 1673 5812 cap.
1707 5743 1774 5798 Χ.

2142 3450 2257 3489 non
2288 3435 2488 3490 credat
2517 3434 2818 3491 hominem
2849 3435 2979 3491 sine
3028 3434 3208 3489 maris
3256 3449 3323 3487 ac
3376 3432 3607 3488 feminis
3638 3448 3810 3487 com-

2142 3524 2417 3579 mistione
2450 3524 2634 3589 nasci,
2659 3524 2906 3579 audiens
2929 3524 3115 3579 Deum
3139 3521 3352 3577 Filium
3380 3520 3680 3593 genuisse,
3702 3524 3811 3576 aut

2140 3612 2427 3683 virginem
2450 3612 2765 3684 peperisse,
2779 3612 3210 3676 ridet.Rursus,
3226 3610 3363 3681 quia
3382 3610 3530 3664 nihil
3550 3609 3809 3666 aestimat

2143 3700 2405 3754 futurum
2429 3705 2562 3770 post
2577 3705 2847 3765 mortem,
2860 3699 3109 3753 audiens
3129 3697 3385 3754 resoluta
3402 3714 3648 3770 corpora
3663 3698 3809 3753 vivi-

2144 3788 2304 3843 ficari
2336 3804 2507 3859 posse
2529 3789 2601 3843 ad
2632 3789 2832 3858 vitam,
2858 3787 2967 3842 hoc
2999 3787 3222 3859 gannit.
3250 3787 3414 3842 Unde
3438 3804 3574 3843 mox
3596 3787 3806 3843 subdi-

2142 3882 2271 3933 tur:
2296 3878 2550 3933 Stultitia
2569 3886 2641 3933 est
2662 3880 2809 3932 enim
2832 3878 2943 3947 illi,
2965 3882 3018 3933 et
3044 3893 3156 3932 non
3178 3886 3350 3947 potest
3374 3877 3718 3949 intelligere.
3737 3878 3810 3932 Et

2143 3971 2231 4022 est
2251 3983 2495 4022 sensus:
2523 3967 2653 4022 Ideo
2676 3966 2996 4036 intelligere
3021 3982 3133 4020 non
3158 3970 3368 4037 potest,
3387 3964 3527 4037 quia
3548 3964 3808 4021 stultum

2135 4056 2382 4127 judicat,
2416 4057 2570 4127 quod
2602 4073 2711 4111 sua
2740 4056 2965 4110 ratione
2997 4055 3346 4111 contendere
3374 4054 3595 4125 nequit.
3635 4053 3807 4110 Stul-

2142 4149 2269 4199 tum
2302 4145 2519 4216 quippe
2542 4145 2769 4216 judicat
2808 4142 3093 4215 quidquid
3129 4144 3307 4212 videt,
3340 4144 3494 4213 quod
3527 4141 3654 4214 ipse
3685 4158 3804 4198 non

2144 4234 2320 4288 novit.
2340 4235 2482 4301 Quia
2505 4232 2838 4304 spiritaliter
2860 4234 3242 4299 examinatur,
3263 4232 3318 4286 id
3343 4236 3451 4299 est,
3468 4231 3802 4302 judicatur,

2143 4324 2588 4378 condemnatur.
2649 4321 3005 4393 Spiritaliter
3058 4320 3449 4388 examinatur,
3510 4321 3676 4392 quia,
3725 4336 3803 4376 ne

2142 4412 2467 4483 intelligere
2514 4412 2722 4483 possit,
2754 4412 2882 4467 suis
2928 4409 3294 4482 exigentibus
3338 4408 3584 4481 meritis,
3618 4409 3799 4481 spiri-

2142 4501 2338 4556 taliter
2380 4502 2728 4556 obcaecatur.

2210 4592 2497 4661 Spiritalis
2517 4599 2701 4645 autem
2714 4590 2931 4659 judicat
2948 4589 3154 4644 omnia.
3179 4586 3473 4658 Spiritalis
3497 4585 3679 4641 homo
3708 4587 3801 4642 di-

2064 4704 2113 4768 D
2143 4679 2315 4745 citur,
2348 4679 2447 4751 qui
2482 4679 2701 4752 Spiritu
2734 4683 2950 4768 sanctio-
2970 4677 3212 4768 regitur,
3240 4681 3306 4768 et
3329 4674 3552 4768 idcirco
3568 4675 3805 4746 judicat

2143 4770 2340 4824 omnia
2370 4770 2485 4824 Deo
2517 4785 2644 4823 esse
2690 4765 3011 4839 possibilia.
3048 4764 3343 4837 Spiritalis
3371 4780 3509 4836 ergo
3538 4764 3803 4822 hominis

2144 4875 2274 4914 vera
2294 4863 2385 4913 est
2407 4857 2575 4923 ratio,
2598 4862 2656 4911 et
2674 4873 2872 4912 verum
2892 4855 3209 4925 judicium,
3230 4855 3509 4925 quoniam
3532 4854 3662 4923 eius
3685 4855 3804 4911 ﬁde

2143 4954 2198 5001 et
2228 4948 2515 5001 bonorum
2538 4962 2777 5017 operum
2802 4944 3089 5017 exemplo,
3115 4959 3422 5012 pravorum
3451 4942 3801 5012 inﬁdelitas,

2142 5040 2199 5091 et
2219 5042 2383 5091 actus
2408 5036 2892 5101 condemnentur,
2922 5033 3246 5089 secundum
3270 5032 3412 5087 illud
3440 5048 3453 5087 :
3486 5033 3806 5099 Quiautem

2140 5142 2248 5180 non
2280 5125 2471 5189 ercclit,
2496 5126 2617 5194 jam
2644 5124 2928 5196 judicatus
2954 5127 3033 5179 est
3065 5123 3242 5192 (Joan.
3277 5139 3361 5192 In,
3397 5121 3505 5191 18).

2211 5214 2357 5277 Quia
2383 5230 2520 5285 ergo
2542 5213 2817 5269 animalis
2838 5212 3118 5279 hominis,
3145 5212 3201 5265 id
3226 5216 3336 5276 est,
3358 5207 3616 5265 infidelis
3644 5211 3806 5281 judi-

2140 5304 2297 5358 cium
2332 5302 2545 5358 t‘alsum
2576 5307 2683 5372 est,
2718 5301 3003 5374 spiritalis
3032 5317 3187 5370 vero,
3224 5300 3280 5354 id
3332 5302 3440 5365 est,
3477 5297 3669 5353 fidelis
3703 5316 3801 5355 ve-

2143 5409 2295 5459 rum,
2322 5398 2454 5463 apte
2481 5391 2865 5462 subjungitur
2891 5408 2902 5445 :
2938 5392 3001 5446 Et
3027 5392 3137 5461 ipse
3166 5407 3196 5443 a
3226 5390 3445 5443 nemine
3463 5388 3800 5458 judicatur:

2142 5480 2248 5535 hoc
2269 5486 2380 5546 est,
2405 5482 2849 5549 condemnatur,
2874 5480 3014 5551 quia
3044 5496 3147 5550 per
3168 5479 3343 5532 {idem
3370 5476 3654 5532 salvatur.
3675 5476 3802 5532 Ali-

2136 5574 2224 5623 ter
2242 5586 2256 5626 :
2277 5569 2568 5640 Spiritalis
2589 5570 2787 5625 omnia
2805 5568 3069 5639 judicat;
3099 5566 3238 5638 quia
3256 5581 3438 5638 supra
3457 5564 3664 5621 omnia
3683 5570 3800 5635 est,
