3942 6406
152 477 258 541 31⁸7

707 480 1126 548 EXPOSITIO
1170 484 1250 547 IN
1295 486 1726 550 EPISTOLAS
1769 483 2033 550 PAULI.
2066 519 2144 535 --
2179 488 2260 550 ΙΝ
2304 490 2556 554 EPIST.
2605 490 2632 552 Ῑ
2675 490 2781 553 AD
2826 488 3004 553 COR.

3454 485 3574 550 318

152 610 515 683 laboraverit,
552 616 837 687 majorem
869 619 1149 692 suscipiet
1172 623 1803 679 remunerationem.Et
1830 622 1885 688 Α
1916 621 2153 693 fuerint,
2188 625 2570 681 fundamento
2605 628 2880 681 manente
2912 622 3224 689 immobili,
3257 621 3408 695 ipsa,
3431 637 3571 678 cum

156 707 238 758 est
257 720 506 760 sensus:
543 705 698 761 Licet
730 708 901 773 servi,
932 708 1066 763 licet
1094 711 1372 775 ministri,
1411 712 1544 767 licet
1601 729 1807 767 omnes

156 792 516 863 mercenarii,
540 798 760 862 tamen,
786 796 926 868 quia
948 798 1177 855 diversa
1198 806 1338 855 sunt
1360 802 1808 872 ofﬁcia,diversa

158 886 318 936 erunt
367 888 427 937 et
478 886 738 955 praemia.
783 886 952 957 Nam,
1005 889 1144 959 quia
1179 890 1367 961 magis
1426 896 1514 946 est
1546 891 1808 963 plantare

158 987 323 1041 quam
356 973 570 1044 rigare,
604 974 733 1031 ideo
765 976 969 1049 dispar
998 978 1107 1034 erit
1139 981 1472 1050 prmmium.

224 1060 328 1115 Sed
376 1068 444 1116 ut
499 1065 851 1135 ostenderet,
912 1085 1016 1122 cur
1071 1069 1234 1141 digni
1292 1074 1490 1125 essent
1548 1070 1809 1140 accipere

158 1151 502 1218 mercedem,
538 1155 790 1223 subjecit
822 1158 1008 1225 (515):
1043 1160 1139 1214 Dei
1169 1175 1317 1213 enim
1356 1177 1547 1215 sumus
1590 1160 1806 1229 adjuto-

156 1256 264 1297 res.
302 1240 424 1296 Hoc
455 1243 718 1314 apertius
749 1245 999 1301 habetur
1030 1246 1089 1302 in
1122 1249 1341 1313 Graeco,
1384 1250 1482 1304 ubi
1543 1248 1760 1319 legitur
1792 1266 1804 1303 :

158 1331 257 1384 Dei
269 1332 621 1387 enimsumus
643 1337 823 1405 operis
837 1339 1151 1407 participes.
1170 1340 1230 1392 In
1254 1338 1607 1407 quibusdam
1631 1339 1806 1393 etiam

156 1418 585 1491 exemplaribus
625 1421 959 1480 invenitur:
1021 1428 1119 1481 Dei
1171 1444 1358 1482 sumus
1413 1432 1805 1498 cooperatores.

156 1505 261 1562 Sed
293 1509 582 1580 quidquid
619 1510 766 1567 illud
800 1518 909 1578 est,
945 1531 1129 1570 unum
1163 1516 1436 1586 idemque
1487 1516 1802 1586 significat.

157 1596 343 1652 Sancti
377 1614 516 1670 ergo
552 1600 645 1655 Dei
675 1607 816 1656 sunt
846 1604 1185 1673 adjutores;
1222 1606 1361 1677 quia
1409 1606 1803 1668 admonendo,

156 1685 545 1755 praedicando,
576 1690 954 1761 baptizando,
989 1692 1345 1763 illosjuvant
1369 1696 1623 1750 exterius
1656 1710 1805 1765 quos

154 1773 325 1842 Deus,
348 1782 591 1848 peccata
616 1780 989 1850 dimittendo,
1006 1789 1062 1837 et
1077 1785 1266 1839 sancti
1284 1784 1538 1856 Spiritus
1556 1783 1803 1855 gratiam

157 1866 523 1935 conferendo,
554 1868 816 1926 illustrat
837 1871 1322 1929 intrinsecus.Dei
1346 1878 1486 1930 sunt
1507 1875 1807 1943 adjutores

157 1953 363 2063 (fﬁcio,
397 1973 514 2012 non
546 1963 853 2057 potestate,
878 1961 1049 2031 juxta
1094 1962 1237 2018 illud
1265 1980 1277 2018 :
1312 1963 1472 2019 Secut
1513 1965 1667 2017 misit
1720 1977 1809 2015 me
1838 1998 1885 2063 B

154 2044 339 2108 Pater,
371 2049 425 2099 et
445 2061 538 2115 ego
558 2047 713 2102 mitto
741 2064 828 2103 vos
859 2049 1042 2119 (Joan.
1078 2067 1172 2118 xx,
1204 2051 1315 2122 2i).
1349 2056 1481 2106 Haec
1507 2068 1643 2123 ergo
1668 2066 1807 2106 sen-

152 2131 331 2186 tentia
362 2134 695 2205 specialiter
724 2138 797 2191 ad
828 2138 1127 2209 apostolos
1167 2141 1456 2211 pertinet;
1504 2142 1587 2195 illi
1648 2142 1805 2196 enim

152 2218 391 2277 fuerunt
419 2223 637 2280 Christi
668 2225 890 2281 vicarii.

218 2312 318 2366 Dei
346 2314 703 2383 agricultura
733 2317 990 2383 estis,Dei
1020 2317 1313 2386 aediﬁcatio
1346 2320 1493 2373 estis.
1532 2318 1626 2373 hei
1659 2319 1809 2389 agri-

145 2398 379 2455 cultura
405 2406 611 2469 erant;
656 2404 796 2473 quia
846 2420 948 2474 per
1006 2405 1270 2475 Apostoli
1330 2406 1805 2477 praedicationem

144 2487 296 2544 Deus
329 2491 609 2545 cordibus
639 2491 878 2547 illorum
906 2494 1231 2564 inspiravit,
1266 2500 1322 2550 et
1344 2497 1412 2550 ad
1456 2497 1629 2551 tidem
1664 2514 1808 2552 con-

141 2577 320 2631 vertit
351 2596 366 2644 ;
401 2582 477 2649 et,
510 2585 642 2651 post
673 2582 1081 2637 remissionem
1114 2590 1485 2653 peccatorum
1520 2602 1620 2656 per
1651 2586 1805 2641 lava-

143 2681 311 2721 erum
348 2666 630 2738 baptismi
665 2674 721 2724 et
750 2671 965 2727 donum
1000 2674 1252 2743 Spiritus
1286 2675 1493 2739 sancti,
1516 2692 1706 2731 mores
1736 2675 1805 2730 il-

146 2753 339 2810 lorum
365 2756 640 2822 excoluit,
674 2760 744 2813 ad
780 2762 1161 2830 proferendos
1218 2763 1505 2819 bonorum
1558 2782 1804 2835 Operum

147 2846 398 2911 tractus,
426 2847 521 2902 Dei
546 2847 720 2903 etiam
754 2849 1059 2905 aediﬁcatio
1082 2857 1276 2919 erant;
1312 2854 1590 2924 quoniam
1619 2856 1715 2925 qui
1746 2856 1808 2908 fi-

148 2934 278 2989 dem
311 2934 432 2991 illis
465 2937 730 3002 contulit,
767 2938 1150 2995 inhahitando
1179 2942 1354 2997 etiam
1388 2942 1534 2999 alias
1560 2944 1806 2999 virtutes

149 3022 327 3078 auxit.
1318 3086 1325 3093 ,

220 3113 538 3184 Sequitur:
571 3115 883 3172 Secundum
910 3120 1149 3189 gratiam
1188 3122 1305 3190 Dei,
1368 3136 1493 3191 quae
1546 3122 1673 3177 data
1730 3132 1808 3178 est

150 3202 309 3270 mihi,
344 3212 407 3259 ut
456 3207 671 3277 sapiens
725 3208 1083 3278 architectus,
1143 3211 1570 3279 fundamentum
1621 3213 1803 3282 posui.

149 3291 292 3355 Quia
321 3293 591 3350 dicturus
620 3300 781 3362 erat;
820 3298 881 3351 Ut
920 3300 1139 3362 sapiens
1196 3298 1548 3364 architectus,
1601 3301 1803 3369 [unda-

1918 711 2231 767 ceciderint
2255 730 2528 787 magnam
2556 714 2768 769 facient
2786 714 3039 768 ruinam.
3066 713 3416 784 Quicunque
3438 726 3575 784 ergo

1917 800 2069 855 male
2101 803 2393 873 praedicet,
2430 804 2901 869 fundamentum,
2926 802 2984 857 id
3017 808 3125 869 est,
3163 818 3398 869 nomen,
3424 804 3482 856 et
3502 801 3575 855 fi-

1917 889 2021 944 des
2052 890 2270 945 Christi
2288 891 2635 947 inconvulsa
2661 892 2954 957 manebit;
2990 908 3264 963 perversa
3288 907 3422 946 vero
3446 892 3575 961 ejus

1917 978 2183 1035 doctrina
2212 981 2474 1036 interibit
2503 987 2560 1037 et
2589 982 2945 1047 destruetur,
2979 997 3149 1035 secus
3168 978 3315 1034 illud
3342 996 3354 1035 :
3383 979 3571 1036 Omnis

1911 1056 2207 1138 plantatio,
2241 1088 2405 1141 quam
2428 1088 2542 1127 non
2568 1073 2843 1143 plantavit
2884 1077 3061 1126 Pater
3107 1085 3264 1124 meus
3319 1069 3569 1135 caelestis,

1916 1157 2302 1214 eradicabitur
2331 1162 2556 1227 (Matth.
2607 1162 2843 1226 xv,13).
2907 1161 3034 1214 Hac
3084 1174 3222 1230 ergo
3279 1156 3572 1213 sententia

1918 1248 2251 1317 specialiter
2285 1250 2809 1322 pseudoapostolos
2834 1250 3106 1322 percutit,
3129 1248 3229 1320 qui
3261 1252 3392 1320 post
3418 1249 3570 1319 Apo-

1918 1336 2050 1390 stoli
2076 1338 2549 1407 praedicationem
2572 1341 3002 1405 venientes,nec
3018 1338 3402 1393 intentionem
3427 1352 3570 1391 con-

1919 1424 2198 1493 siderare,
2235 1444 2336 1481 nec
2369 1428 2696 1483 doctrinam
2729 1428 2949 1483 imitari
2976 1426 3305 1492 voluerunt,
3331 1426 3432 1481 sed
3465 1440 3574 1480 sua

1917 1513 2066 1569 falsa
2120 1515 2433 1571 traditione
2506 1516 2724 1573 multos
2803 1515 3238 1571 Corinthiorum
3326 1516 3572 1585 decepe-

1918 1607 2075 1658 runt.

1987 1694 2386 1750 Fudamentum
2416 1696 2598 1763 aliud,
2624 1699 2731 1750 etc.
2769 1696 2901 1750 Ideo
2935 1692 3359 1763 fundamentum
3416 1690 3574 1745 aliud

1916 1799 2073 1837 nemo
2090 1788 2266 1853 potest
2296 1802 2516 1855 ponere,
2550 1790 2755 1856 praeter
2783 1784 2841 1839 id
2870 1783 3012 1855 quod
3038 1784 3280 1853 positum
3299 1788 3397 1846 est,
3429 1779 3574 1851 quod

1916 1875 1996 1926 est
2026 1872 2278 1928 Christus
2305 1878 2470 1931 Jesus
2494 1893 2506 1942 ;
2537 1874 2677 1946 quia
2697 1873 2831 1929 licet
2847 1872 3116 1928 hazretica
3133 1870 3256 1926 sint
3277 1886 3406 1942 quae
3423 1886 3576 1941 prie-

1918 1961 2134 2025 dicant,
2164 1980 2278 2018 non
2297 1967 2493 2019 tamen
2518 1964 2756 2029 audent,
2788 1962 2903 2018 nisi
2944 1960 3289 2033 interposito
3334 1958 3575 2015 nomine

1916 2048 2161 2117 Christi;
2181 2051 2459 2122 quoniam
2483 2052 2574 2107 sui
2590 2052 2804 2107 erroris
2817 2054 3149 2107 commenta
3162 2048 3577 2104 commendare

1918 2155 2034 2193 non
2058 2145 2327 2211 possunt,
2355 2141 2466 2196 nisi
2492 2158 2582 2196 res
2610 2141 2921 2207 absurdae,
2938 2143 2996 2193 et
3014 2135 3577 2209 turpes,acceptabi-

1916 2226 2086 2294 les,et
2099 2244 2389 2299 congruas
2404 2229 2577 2284 faciat
2590 2229 2732 2284 tanti
2750 2227 3005 2283 nominis
3018 2225 3395 2297 dignitas.Ait
3407 2239 3566 2295 ergo:

1918 2316 2352 2372 Fundamentum
2385 2318 2563 2387 aliud,
2587 2324 2695 2374 etc.
2723 2334 2737 2385 ;
2762 2334 2830 2372 ac
2861 2316 2908 2372 si
2936 2316 3191 2371 diceret:
3227 2314 3347 2370 Etsi
3398 2312 3573 2369 multi

1920 2410 2058 2459 sunt
2078 2422 2205 2476 quae
2228 2406 2566 2478 praedicant,
2595 2424 2710 2462 non
2736 2411 2933 2461 tamen
2958 2405 3177 2459 audent
3195 2402 3376 2458 alium
3402 2400 3570 2456 Chri—

1917 2498 2073 2547 stum
2102 2496 2433 2565 prmdicare,
2452 2513 2626 2567 quam
2662 2513 2834 2567 quem
2859 2511 2963 2565 ego
2986 2492 3290 2565 przedicavi
3314 2508 3328 2558 ;
3353 2489 3570 2562 quia,si

1917 2584 2177 2651 fecerint,
2209 2587 2484 2639 continuo
2517 2602 2720 2640 eorum
2761 2583 3273 2655 deprehendentur
3318 2595 3565 2635 errores.

1917 2672 2110 2727 Sonus
2139 2690 2275 2745 ergo
2307 2674 2455 2728 tanti
2498 2673 2752 2730 nominis
2783 2673 2941 2738 fecit,
3000 2676 3066 2727 ut
3123 2672 3459 2727 commenta
3514 2672 3573 2723 et

1915 2766 2081 2816 sectae
2102 2761 2511 2818 haereticorum
2546 2763 3009 2834 susciperentur.
3032 2759 3342 2832 Sequitur:
3366 2759 3430 2813 Si
3448 2758 3572 2829 quis

1915 2859 2099 2905 autem
2124 2852 2364 2920 aedificat
2385 2870 2551 2924 supra
2573 2853 3000 2923 fundamentum
3025 2851 3146 2921 hoc,
3192 2864 3417 2915 aurum,
3473 2862 3576 2900 ar-

1914 2944 2162 3008 gentum,
2189 2942 2395 3012 lapides
2413 2945 2703 3012 pretiosos,
2730 2943 2904 3013 ligna,
2919 2944 3137 3011 fenum,
3168 2938 3570 3010 stipulam,etc.

1918 3029 2045 3082 Haec
2078 3030 2401 3100 apostolica
2431 3031 2725 3086 sententia
2752 3030 2810 3084 in
2846 3030 2940 3084 his
2998 3026 3399 3099 computanda
3454 3031 3565 3091 est,

1916 3135 2047 3188 quae
2077 3119 2285 3174 beatus
2302 3119 2508 3175 Petrus
2534 3119 2835 3191 apostolus
2868 3117 2939 3189 {Il
2967 3123 3121 3173 Petr.
3147 3133 3233 3186 ιιι,
3256 3115 3345 3186 16)
3369 3130 3382 3167 :
3402 3113 3565 3167 diffl-

1916 3206 2051 3262 cilia
2070 3206 2215 3261 dicit
2233 3208 2526 3263 intellectu
2546 3210 2605 3263 in
2638 3207 2903 3280 epistolis
2933 3206 3097 3262 Pauli
3123 3224 3137 3274 ;
3175 3205 3330 3260 unde
3355 3202 3512 3258 varie
3533 3218 3569 3257 a

1917 3295 2254 3350 doctoribus
2283 3303 2372 3351 est
2404 3297 2683 3368 exposita.
2747 3296 2995 3368 Lapides
3063 3295 3352 3368 pretiosos
3406 3290 3572 3361 dicit,

147 3386 394 3437 mentum
457 3386 639 3453 posui,
700 3361 774 3438 ne
830 3385 941 3439 sibi
984 3361 1344 3455 arroganter
1414 3361 1637 3459 aliquid
1698 3389 1799 3444 tri-
1834 3361 1878 3427 δ
1918 3386 2238 3457 quosignis
2258 3403 2370 3440 non
2403 3361 2748 3458 corrumpit.
2784 3361 2855 3440 Ut
2888 3402 3025 3458 ergo
3053 3361 3413 3457 quibusdam
3447 3378 3581 3452 pla-

148 3470 325 3527 buere
354 3471 690 3539 videretur;
720 3475 889 3544 quasi
922 3474 1182 3543 haberet,
1216 3477 1371 3547 quod
1406 3494 1522 3531 non
1569 3495 1801 3549 accepe-

148 3559 216 3615 rit
244 3578 280 3615 a
309 3561 459 3615 Deo:
491 3560 619 3615 ideo
651 3561 893 3633 pulchre
924 3564 1243 3633 praemisit:
1308 3566 1618 3621 Secundum
1672 3585 1805 3635 gra-

148 3650 275 3704 tiam
304 3651 425 3716 Dei,
459 3666 579 3721 quaz
607 3650 739 3705 data
768 3656 849 3706 est
877 3653 1033 3707 mihi.
1085 3652 1191 3707 Ubi
1250 3655 1600 3722 notandum,
1666 3658 1806 3728 quia

150 3754 257 3794 non
291 3739 395 3806 ait,
428 3740 755 3795 secundum
777 3739 1137 3795 voluntatem
1169 3746 1272 3797 aut
1304 3743 1562 3811 libitum,
1590 3747 1802 3811 sed,se-

149 3827 381 3882 cundum
411 3830 694 3898 gratiam;
730 3830 869 3900 quia
899 3836 1111 3885 cuncta
1158 3831 1274 3886 Dco
1331 3833 1597 3888 ascribit.
1658 3834 1802 3890 Gra-

151 3914 286 3971 tiam
318 3933 454 3971 vero
478 3917 591 3972 sibi
620 3919 817 3972 datam
841 3935 875 3972 a
916 3922 1030 3973 Deo
1074 3919 1235 3989 dicit,
1271 3912 1405 3991 quia
1436 3922 1657 3977 electus
1717 3928 1804 3979 est

152 4005 495 4076 specialiter,
560 4011 625 4061 ut
683 4007 1015 4062 mitteretur
1068 4009 1139 4062 ad
1198 4010 1463 4081 gentium
1524 4012 1799 4082 preedica-

153 4094 397 4150 tionem:
462 4096 619 4151 unde
681 4096 890 4151 merito
948 4114 1049 4151 vas
1108 4097 1410 4154 electionis
1462 4105 1551 4155 est
1607 4101 1804 4173 appel-

152 4180 316 4239 latus.
348 4186 688 4241 Secundum
722 4185 870 4241 hanc
901 4186 1173 4258 gratiam,
1210 4193 1275 4242 ut
1309 4188 1547 4261 sapiens
1607 4191 1802 4246 archi-

154 4273 351 4340 tectus,
414 4273 616 4346 posuit
647 4275 1096 4331 fundamentum
1129 4301 1142 4344 ;
1176 4276 1419 4347 scilicet,
1475 4280 1615 4351 quia
1664 4282 1800 4350 jux-

156 4361 211 4413 ta
260 4360 471 4419 Christi
551 4362 925 4435 disciplinam
986 4365 1305 4421 Corinthiis
1365 4367 1498 4422 fidei
1555 4370 1799 4425 verbum

156 4451 579 4523 svangelizavit.
605 4453 852 4525 Sapiens
884 4453 1103 4525 quippe
1126 4454 1479 4511 architectus
1504 4457 1671 4527 juxta
1702 4476 1798 4513 vo-

156 4534 428 4597 luntatem
471 4542 734 4598 auctoris
782 4543 1168 4597 fundamenta
1224 4544 1513 4599 collocat:
1572 4563 1799 4615 verum,

157 4628 283 4698 quia
302 4630 476 4687 multi
513 4636 647 4703 post
675 4631 844 4687 illum
877 4632 1191 4687 Corinthiis
1214 4633 1801 4705 praedicaverunt,ad-

1916 3479 2027 3538 cet,
2062 3491 2164 3544 per
2193 3491 2426 3541 aurum,
2462 3482 2797 3547 argentum,
2831 3474 3056 3546 lapides
3087 3473 3398 3545 pretiosos,
3457 3484 3576 3524 non

1915 3578 2113 3632 opera,
2142 3564 2241 3617 sed
2263 3563 2537 3619 homines
2560 3564 2969 3635 designantur,
2993 3562 3051 3617 id
3079 3566 3189 3631 est,
3206 3576 3310 3633 per
3334 3572 3571 3627 aurum,

1917 3655 2247 3722 argentum,
2276 3656 2335 3706 et
2363 3652 2590 3723 lapides
2623 3652 2934 3723 pretiosos,
2968 3649 3105 3706 boni
3128 3650 3575 3717 auditores;per

1915 3739 2096 3811 ligna,
2132 3742 2354 3809 fenum,
2388 3746 2444 3796 et
2475 3740 2783 3814 stipulam,
2818 3739 2979 3795 mali.
3015 3739 3113 3794 Ille
3133 3738 3332 3809 itaque
3387 3749 3567 3806 supra

1914 3829 2048 3884 ﬁdei
2081 3830 2555 3898 fundamentum,
2585 3847 2821 3895 aurum,
2852 3833 3161 3902 argentum
3198 3826 3425 3900 lapides
3449 3846 3578 3900 pre-

1914 3918 2099 3973 tiosos
2130 3919 2397 3985 aedificat,
2432 3919 2534 3990 qui
2565 3936 2705 3974 suos
2737 3918 3036 3974 auditores
3066 3917 3213 3973 bene
3270 3916 3525 3973 instituit
3551 3936 3565 3984 ;

1913 4008 2239 4063 econtrario
2270 4006 2367 4062 ille
2399 4008 2623 4075 fenum,
2656 4006 2820 4079 ligna
2849 4011 2905 4062 et
2937 4005 3358 4079 stipulam,qui
3391 4006 3566 4062 male.

1987 4097 2423 4168 Uniuscujusque
2461 4103 2648 4151 autem
2678 4112 2810 4167 Opus
2839 4095 3207 4170 manifestum
3234 4096 3375 4149 erit:
3432 4094 3573 4165 quia

1912 4186 1972 4240 in
1992 4186 2512 4256 futurojudicio,et
2532 4185 2669 4241 boni
2689 4185 2987 4240 auditores
3011 4182 3567 4251 manifestabuntur,

1911 4280 1969 4331 et
2000 4274 2159 4331 mali.
2188 4275 2350 4330 Unde
2375 4280 2432 4330 et
2454 4275 2722 4345 sequitur
2745 4291 2758 4329 :
2784 4275 2906 4329 Dies
2938 4275 3089 4329 enim
3134 4274 3356 4329 Domini
3381 4273 3567 4328 decla-

1912 4365 2218 4435 rabit,quia
2238 4366 2295 4420 in
2310 4367 2436 4434 igne
2456 4364 2807 4421 revelabitur.
2823 4363 2959 4418 Dies
2980 4361 3297 4428 Domini,id
3322 4361 3567 4429 est,dies

1903 4453 2116 4524 judicii
2136 4452 2477 4519 declarabit,
2503 4453 2643 4524 quia
2674 4453 2968 4506 discernet
2995 4452 3181 4504 honos
3212 4448 3511 4503 auditores
3533 4465 3567 4504 a

1914 4541 2108 4597 malis.
2142 4541 2250 4603 Qui
2284 4543 2345 4595 in
2375 4543 2502 4611 igne
2544 4540 2919 4603 revelabitur;
2976 4537 3115 4609 quia
3162 4537 3445 4592 Dominus
3503 4537 3565 4593 in

1913 4632 2046 4702 igne
2070 4628 2361 4685 revelante
2384 4628 2573 4683 veniet
2595 4628 2665 4683 ad
2682 4627 3000 4699 judicium.
3040 4628 3115 4683 Et,
3137 4627 3568 4699 uniuscuiusque

152 4716 335 4785 junxit
356 4738 369 4776 :
390 4721 560 4777 'Alius
593 4726 779 4777 autem
805 4721 1234 4793 supersedi/ient,
1265 4722 1322 4777 id
1383 4728 1489 4791 cst,
1552 4725 1800 4795 quicun-
1836 4726 1880 4790 l)
1910 4736 2047 4790 opus
2078 4718 2240 4790 quale
2268 4720 2363 4785 sit,
2399 4719 2551 4789 ignis
2581 4718 2850 4787 probabit.
2877 4715 3355 4788 Uniuscujusque
3396 4732 3570 4788 opus,

160 4821 263 4876 que
284 4815 412 4880 post
434 4826 536 4866 me
563 4810 739 4866 venit.
773 4810 919 4866 Nam
944 4811 1211 4879 dicendo,
1246 4814 1416 4882 alius,
1448 4830 1653 4869 omnes
1685 4815 1809 4871 vult

162 4892 416 4971 intelligi,
438 4905 568 4955 tam
588 4900 796 4969 bonos,
820 4916 999 4971 quam
1021 4904 1207 4956 malos
1244 4902 1676 4972 praedicatores.
1702 4904 1808 4959 Su-

162 4988 501 5054 perzcdiﬁcia
516 5005 654 5060 ergo
674 4988 774 5044 illa
793 4989 1134 5060 accipienda
1164 4996 1323 5060 sunt,
1349 5008 1477 5061 qua:
1500 4992 1571 5046 ab
1590 4991 1803 5063 hujus-

164 5075 306 5130 modi
328 5078 673 5134 doctoribus
696 5079 913 5134 tradita
934 5084 1075 5135 sunt
1099 5078 1417 5135 Corinthiis
1442 5098 1456 5146 ;
1493 5082 1647 5135 unde
1673 5100 1805 5138 mox

163 5163 487 5235 admonens,
528 5167 762 5224 subdit:
800 5169 1177 5239 Unusquisque
1208 5178 1390 5224 autem
1427 5169 1609 5224 videat
1667 5187 1805 5241 quo-

162 5255 301 5311 modo
319 5257 747 5329 superarit/wet,
778 5256 835 5312 id
861 5261 971 5325 est,
1007 5258 1331 5329 perpendat
1360 5263 1418 5313 et
1474 5257 1806 5314 consideret

164 5346 435 5411 quomodo
466 5346 901 5418 supersedificia
932 5350 1263 5418 congruant
1295 5348 1702 5418 fundamento,
1744 5348 1801 5405 id

166 5436 263 5501 est,
291 5436 583 5506 quomodo
615 5451 703 5501 ea,
736 5452 864 5507 quea
909 5435 1205 5507 praedicat,
1264 5452 1404 5490 mese
1459 5437 1807 5492 conveniant

172 5519 447 5579 doctrina.
482 5524 635 5582 Nam
668 5523 717 5579 si
750 5523 1176 5597 superaedificia
1206 5522 1477 5594 distorta,
1510 5529 1565 5579 et
1599 5524 1805 5581 frivola

237 5698 376 5775 (ᾖξε)
402 5700 466 5775 In
498 5704 696 5774 autog.
728 5716 917 5774 marg.
952 5700 1050 5758 hic
1080 5700 1295 5775 legitur
1323 5717 1452 5775 cap.
1484 5702 1605 5775 XII.

237 5772 373 5844 (516)
404 5774 487 5832 En
521 5772 720 5847 ignem
748 5772 1123 5847 purgantem,
1142 5772 1212 5831 de
1236 5790 1351 5847 quo
1391 5772 1608 5835 clarius
1629 5775 1804 5845 paulo

1919 4809 1977 4863 id
2011 4813 2118 4875 est,
2151 4812 2207 4863 et
2235 4808 2422 4864 bonos
2445 4808 2765 4877 auditores,
2799 4813 2858 4863 et
2886 4806 3074 4863 malos
3097 4805 3252 4879 ignis
3275 4805 3569 4877 probabit,

1918 4897 2057 4969 quia
2087 4898 2273 4953 bonos
2307 4897 2583 4970 purgabit
2611 4898 2784 4967 (516),
2812 4895 2998 4951 malos
3029 4911 3161 4951 vero
3210 4899 3426 4949 aeterno
3473 4893 3572 4949 in-

1916 4988 2118 5043 ccndio
2151 4988 2564 5043 concremabit.

1985 5079 2049 5133 Si
2072 5080 2228 5150 cujus
2248 5094 2385 5150 Opus
2404 5076 2844 5148 manserit,quod
2889 5074 3365 5147 supermdiﬁeuvit,
3424 5090 3569 5129 mer-

1915 5168 2096 5223 cedem
2127 5170 2380 5241 accipiet.
2404 5169 2473 5223 Et
2496 5173 2584 5223 est
2615 5182 2859 5222 sensus:
2894 5164 2952 5220 Si
2992 5165 3197 5220 doctor
3244 5163 3567 5219 misericor-

1915 5258 2012 5313 dia
2036 5258 2159 5325 Dei,
2191 5257 2271 5312 ita
2303 5274 2442 5313 suos
2474 5256 2738 5312 lucratus
2782 5254 2958 5310 fuerit
2987 5252 3308 5321 auditores,
3361 5257 3425 5308 ut
3455 5252 3571 5325 ipsi

1915 5365 2147 5420 poenam
2169 5352 2395 5401 aeternae
2419 5342 2819 5401 damnationis
2840 5345 3108 5413 evadant,
3132 5348 3191 5399 et
3212 5343 3391 5398 vitam
3409 5346 3572 5397 aeter-

1915 5454 2052 5491 nam
2088 5435 2433 5508 percipiant,
2459 5434 2605 5506 ipse,
2631 5452 2733 5506 pro
2764 5450 2967 5489 eorum
3002 5431 3211 5499 salute,
3237 5446 3571 5487 remunera-

1915 5527 2133 5580 tionem
2157 5523 2652 5595 suscipiet,jnxta
2677 5523 2829 5595 quod
2848 5521 3134 5577 Dominus
3156 5520 3299 5576 dicit
3315 5522 3373 5576 in
3388 5522 3569 5577 Evan-

1914 5703 2010 5761 hic
2039 5703 2306 5761 inferius.
