3942 6418
360 480 477 544 319

1386 478 1720 541 ATTONIS
1766 476 2351 540 VEBCELLENSIS
2398 480 2752 543 EPISCOPI

3659 484 3796 548 320

365 618 519 691 gelio
551 621 878 676 secundum
910 618 1127 677 Lucam
1153 640 1166 689 ;
1193 623 1315 676 Esto
1344 628 1405 676 lu
1434 639 1598 692 super
1617 624 1857 692 quinque
1878 626 2010 677 (νίυί-
2040 611 2094 675 Α
2126 614 2237 670 nisi
2269 620 2434 668 caute
2463 632 2527 669 ac
2561 615 2753 671 sobrie
2783 616 3129 687 accipiatur,
3151 616 3331 673 errori
3382 616 3613 675 vicinus
3644 626 3745 675 est
3773 637 3789 677 :

362 714 535 770 tates;
566 720 617 766 et
645 718 703 767 tu
761 718 871 769 esto
929 730 1094 784 super
1144 714 1324 767 decem
1384 714 1533 782 (Luc.
1566 731 1681 775 x1x,
1720 716 1827 781 l7).
1866 714 2009 767 Nam

361 806 581 871 quanto
615 803 813 873 plures
844 804 1059 875 aliquis
1094 804 1355 859 lucratus
1387 804 1581 869 fuerit,
1615 808 1776 857 tanto
1829 804 2011 865 maio-

360 906 483 946 rem
517 895 845 948 mercedem
879 894 1152 949 inveniet.

431 980 493 1035 Si
519 984 674 1053 cujus
723 998 855 1053 Opus
898 987 1115 1045 arserit,
1177 985 1577 1036 detrimentum
1623 986 1887 1052 patietur.
1950 983 2011 1036 Id

364 1075 474 1136 est,
508 1071 554 1124 si
593 1070 732 1124 mali
765 1073 1083 1135 auditores,
1110 1072 1362 1142 propriis
1394 1073 1759 1139 exigentibus
1790 1072 2012 1125 meritis

368 1159 841 1213 damnabuntur:
878 1162 1098 1227 doctor,
1133 1161 1269 1231 quia
1310 1162 1506 1215 minus
1560 1160 1844 1213 sollicitus
1905 1163 2014 1213 fuit

364 1264 500 1318 erga
531 1265 733 1302 eorum
759 1249 1030 1311 salutem,
1066 1252 1347 1304 damnum
1377 1252 1650 1320 patietur,
1676 1251 1729 1303 id
1767 1255 1873 1306 est.
1902 1268 2014 1317 poe-

363 1352 469 1389 nas
502 1335 749 1397 luet,sed
777 1340 1144 1407 purgatorias
1169 1341 1337 1407 (517).
1374 1340 1535 1393 Unde
1555 1357 1687 1392 mox
1710 1340 2008 1391 subditur:

358 1426 474 1495 Ipse
502 1430 687 1479 autem
715 1429 899 1481 salvus
930 1430 1034 1481 erit
1061 1445 1073 1493 ;
1105 1431 1186 1481 sic
1215 1432 1397 1481 tamen.
1437 1431 1593 1496 quasi
1638 1445 1737 1497 per
1786 1430 1969 1489 ίῳηργη
1997 1444 2008 1489 ;

360 1514 500 1584 quia
526 1515 1024 1584 propriajustitia
1056 1521 1112 1571 et
1152 1518 1263 1569 fide
1325 1517 1667 1575 salvabitur,
1730 1521 2010 1586 purgatus

359 1618 463 1672 per
488 1602 701 1670 ignem.
735 1604 952 1659 Aliter:
990 1607 1125 1660 Tria
1158 1607 1212 1660 in
1248 1607 1355 1659 hoc
1386 1606 1509 1659 loco
1545 1605 1855 1671 Apostolus
1889 1621 2008 1657 me-

365 1696 571 1753 morat,
606 1710 733 1759 quae
770 1694 1021 1763 pretiosa
1052 1700 1109 1749 et
1140 1695 1415 1765 przeclara
1446 1700 1583 1747 sunt
1616 1696 1669 1747 in
1695 1694 2008 1751 mundo.id

364 1784 473 1845 est,
505 1796 736 1847 aurum,
770 1789 1101 1851 argentum,
1134 1788 1191 1837 et
1233 1783 1457 1854 lapides
1516 1783 1839 1852 pretiosos:
1901 1783 2012 1835 tria

364 1872 560 1923 autem
588 1886 739 1924 vana
795 1876 852 1924 et
882 1872 1106 1938 frivola,
1168 1872 1224 1926 id
1286 1878 1393 1940 est,
1450 1872 1625 1941 ligna,
1676 1872 1898 1934 fenum,
1954 1875 2012 1923 et

362 1957 664 2028 stipulam.
698 1958 881 2027 Unde,
914 1966 979 2015 ut
1009 1961 1245 2032 quidam
1277 1962 1497 2023 volunt,
1525 1979 1625 2031 per
1656 1978 1886 2024 aurum,
1922 1976 2008 2012 ar-
2038 1982 2085 2045 Β

359 2049 625 2117 gentem,
649 2048 872 2118 lapides
898 2050 1203 2119 pretiosos,
1232 2051 1575 2118 designatur
1596 2052 2003 2111 bona.sana,et

355 2135 642 2190 catholica
672 2138 973 2203 doctrina;
1012 2156 1113 2209 per
1146 2139 1322 2207 ligna,
1356 2139 1579 2202 fenum,
1606 2144 1661 2192 et
1693 2137 1999 2207 stipulam,

354 2223 528 2293 mala,
564 2241 857 2295 perversa,
891 2233 946 2280 et
971 2228 1255 2283 adultera.
1292 2230 1639 2297 Ergosupra
1700 2228 1830 2280 ﬁdei
1872 2228 1999 2279 tun-

356 2313 721 2379 damentum,
748 2332 982 2377 aurum.
1011 2323 1343 2385 argentum,
1376 2323 1431 2371 et
1462 2317 1684 2387 lapides
1718 2316 2001 2385 pretiosos

354 2401 621 2461 aediﬁcat.
645 2403 744 2473 qui
777 2405 923 2458 bene
955 2406 1159 2471 docet;
1192 2405 1355 2473 ligna
1388 2408 1612 2469 fenum,
1639 2410 1694 2457 et
1720 2403 1999 2473 stipulam

354 2488 455 2560 qui
488 2506 772 2560 perverse.

432 2565 869 2650 Uniuscujusque
897 2597 1028 2651 opus
1058 2585 1410 2651 manifestum
1468 2584 1616 2641 erit:
1649 2583 1787 2651 quia
1818 2583 1873 2634 in
1908 2580 2002 2633 die

346 2666 558 2738 judicii
589 2674 644 2724 et
666 2670 837 2731 bona,
864 2675 919 2725 et
946 2670 1209 2725 adultera
1233 2671 1499 2725 doctrina
1522 2672 1797 2726 omnibus
1821 2669 2002 2723 mani-

352 2755 684 2811 festabitur.
718 2758 880 2813 Unde
904 2763 960 2813 et
981 2759 1284 2830 sequitur:
1320 2762 1440 2814 Dies
1460 2763 1611 2815 enim
1640 2762 1859 2814 Domini
1915 2762 2003 2811 (ιθ-

351 2844 611 2910 clarabit,
646 2847 777 2915 quia
807 2850 868 2900 in
898 2851 1023 2916 igne
1048 2850 1420 2903 revelabitur:
1479 2851 1537 2903 in
1593 2851 1727 2919 igne
1786 2848 2003 2917 quippe

353 2936 494 2987 tunc
516 2934 792 2989 omnibus
823 2936 1175 2991 revelabitur
1198 2955 1372 3008 prava
1397 2938 1677 2993 doctrina.
1696 2955 1822 3007 qum
1847 2954 2002 2989 nunc

357 3023 643 3092 quosdam
666 3024 899 3097 decipit.
927 3027 989 3080 Et
1039 3030 1467 3098 uniuscujusque
1522 3044 1653 3096 Opus
1704 3028 1864 3097 quale
1910 3029 2000 3087 sit,

358 3113 506 3177 ignis
531 3113 787 3183 probabit
813 3132 825 3181 ;
848 3114 986 3183 quia
1015 3132 1118 3185 per
1147 3116 1339 3185 ignem
1377 3118 1438 3169 lit
1460 3116 1809 3169 examinatio
1835 3133 1846 3175 :
1875 3116 2002 3168 ideo

360 3200 513 3271 ignis
537 3202 805 3271 probabit
826 3203 1297 3275 uniuscujusque
1316 3206 1638 3259 doctrinam
1665 3221 1677 3258 :
1700 3206 1999 3272 quoniam,

359 3287 409 3345 8i
434 3288 580 3343 nihil
614 3289 919 3355 invenerit,
944 3293 1099 3362 quod
1121 3298 1343 3354 exurat.
1368 3294 1742 3348 manifestum
1769 3293 1879 3346 erit
1902 3294 2001 3346 bo-

358 3392 502 3431 num
537 3377 717 3432 fuisse
747 3379 1079 3446 doctorem;
1117 3399 1291 3451 prava
1334 3389 1526 3437 autem
1565 3370 1829 3436 doctrina
1872 3398 2000 3435 esca

356 3466 467 3520 erit
494 3464 683 3536 ignis;
713 3468 867 3522 unde
892 3477 1315 3540 consequenter
1336 3471 1701 3543 significatur
1723 3488 1823 3541 per
1844 3471 2004 3542 ligna

357 3553 556 3610 fenum
576 3559 632 3609 et
662 3555 964 3626 stipulam.

430 3643 491 3698 Si
518 3645 672 3714 cujus
701 3661 832 3715 opus
852 3648 1291 3716 manseril.qu0d
1350 3647 1833 3717 supermdiﬁmrit,
1859 3665 2002 3700 mer-

358 3731 539 3786 cedem
568 3734 813 3801 accipiet;
844 3733 901 3787 id
934 3739 1041 3797 est,
1076 3734 1123 3789 si
1157 3735 1349 3789 nullas
1380 3736 1435 3789 in
1474 3753 1538 3789 eo
1571 3738 1771 3789 sordes
1819 3753 2005 3805 pravre

361 3818 639 3874 doctrinae
668 3820 822 3888 ignis
846 3821 1149 3887 invenerit,
1176 3840 1324 3894 quas
1356 3829 1558 3877 exurat
1587 3843 1598 3890 ;
1634 3824 2008 3894 ctipse,sicut

362 3911 484 3963 tres
516 3908 676 3979 pueri
701 3910 859 3978 (Dan.
894 3910 999 3979 In),
1033 3910 1251 3965 illalsus
1275 3914 1344 3965 ab
1374 3913 1523 3981 igne,
1557 3914 1801 3983 accipiet
1858 3930 2007 3967 mer-

361 3998 598 4052 cedem:
632 3998 812 4054 vitam
845 3999 1047 4070 utique
1077 4007 1374 4067 aeternam,
1408 4019 1541 4057 cum
1577 4003 1761 4071 gloria
1808 4020 2006 4073 perpe-

360 4088 475 4141 tuae
508 4084 818 4142 felicitatis.

433 4173 500 4227 Si
526 4174 683 4242 cujus
709 4190 842 4243 opus
869 4177 1089 4241 arserit,
1109 4176 1500 4231 detrimentum
1531 4182 1793 4245 patietur.
1853 4180 2009 4248 Opus

370 4259 507 4315 mali
531 4260 786 4317 doctoris
807 4263 1053 4331 ardebit,
1088 4266 1225 4336 quia
1252 4283 1521 4335 perversa
1543 4269 1805 4321 doctrina
1834 4268 2012 4321 inter-

370 4347 478 4404 ibit
496 4367 508 4417 ;
526 4351 802 4419 quoniam
821 4368 933 4407 non
954 4357 1041 4407 est
1057 4355 1515 4421 substantia,scd
1532 4356 1802 4411 accidens
1816 4374 2010 4410 causa.

369 4438 581 4494 Omnia
600 4440 815 4513 quippe
838 4447 976 4497 tunc
1001 4442 1151 4497 mala
1177 4444 1463 4513 peribunt,
1490 4445 1641 4499 sicut
1666 4446 1771 4499 iter
1805 4448 2012 4515 impio-

368 4543 497 4582 rum
530 4530 700 4596 (Psal.
735 4532 885 4599 1,‘_6).
923 4534 1346 4587 Detrimentum
1376 4551 1506 4587 vero
1533 4536 1657 4604 pati
1704 4542 1788 4587 est
1813 4552 2013 4603 pcenas

364 4614 543 4670 luere.
578 4618 693 4686 Ipse
721 4626 904 4672 autem
930 4621 1113 4674 salvus
1144 4624 1249 4675 erit
1282 4641 1301 4684 ;
1330 4625 1409 4677 sic
1468 4631 1648 4676 tamen
1700 4640 1853 4691 quas:
1914 4640 2015 4691 per

2126 722 2235 759 non
2269 708 2423 759 enim
2460 714 2699 777 apparet
2721 709 3011 776 quomodo
3039 707 3132 761 hic
3163 709 3515 779 quandoque
3539 727 3571 763 a
3606 727 3789 781 pmna

2126 794 2422 859 liberetur,
2457 814 2587 849 cum
2624 797 2910 851 Dominus
2943 797 3131 851 dicat:
3162 798 3225 851 Et
3258 799 3412 852 ibunt
3438 799 3493 852 hi
3528 802 3583 853 iu
3644 817 3788 871 sup-

2120 886 2640 954 pliciumzrtcruum
2673 886 2881 953 (Matth.
2914 904 3042 949 xxv,
3100 888 3209 955 liti).
3275 887 3590 943 Sciendum
3641 906 3787 943 vero

2125 973 2282 1042 quia,
2318 978 2381 1026 ut
2410 975 2547 1028 dicit
2572 976 2777 1028 beatus
2803 976 3185 1037 Augustinus,
3218 975 3312 1029 ille
3339 977 3443 1030 hoc
3465 977 3588 1031 loco
3621 978 3786 1043 ignis

2123 1062 2542 1129 intelligendus
2567 1069 2673 1123 est,
2711 1081 2811 1132 per
2833 1082 3006 1133 quem
3036 1065 3208 1118 ambo
3234 1071 3554 1128 transeant,
3581 1068 3636 1120 id
3666 1071 3783 1133 est,

2123 1152 2221 1219 qui
2259 1153 2503 1205 auditu-at
2535 1170 2769 1218 aurum,
2796 1158 3127 1221 argentum,
3162 1154 3381 1222 lapides
3404 1155 3789 1225 pretiosos,et

2124 1241 2220 1309 qui
2248 1240 2422 1307 ligna,
2454 1243 2646 1293 l‘o-num
2677 1247 2732 1294 ct
2758 1243 3057 1311 stipulam.
3083 1243 3175 1296 Sic
3199 1242 3353 1295 enim
3375 1244 3545 1297 dicit:
3568 1246 3634 1297 Si
3655 1246 3788 1313 quis

2121 1331 2487 1395 aedi/imperil
2515 1348 2687 1399 supra
2714 1332 3132 1384 fundamentum
3182 1334 3297 1401 hoc,
3324 1350 3543 1394 aurum,
3583 1350 3788 1400 argen-

2124 1423 2258 1479 tum,
2292 1421 2503 1485 lapides
2532 1423 2812 1488 pretiosos,
2848 1424 3058 1489 fenum.
3091 1424 3378 1490 stipulam.
3430 1421 3586 1490 Ignis
3634 1439 3783 1492 ergo

2122 1507 2178 1560 in
2205 1508 2310 1560 boc
2340 1508 2483 1569 loco,
2507 1511 2746 1562 tcntatio
2772 1510 3169 1563 tribulationis
3190 1510 3633 1579 intelligitur,de
3659 1527 3786 1581 quo

2122 1596 2257 1650 alibi
2294 1598 2543 1650 dicitur:
2573 1600 2705 1651 l'asa
2728 1600 2886 1665 figuli
2910 1600 3110 1668 probat
3129 1602 3356 1667 fornax,
3418 1604 3467 1653 et
3522 1602 3786 1653 homines

2112 1686 2289 1755 justas
2324 1690 2553 1740 lenlalio
2603 1689 2981 1741 tribulationis
3042 1690 3228 1755 (Ecrli.
3288 1705 3463 1749 xxvu,
3522 1692 3599 1757 ti}.
3661 1689 3786 1743 Iste

2122 1774 2350 1843 ignisin
2386 1776 2493 1829 bac
2518 1776 2751 1829 interim
2783 1777 2901 1830 vita
2934 1778 3089 1841 facit,
3126 1778 3279 1845 quod
3314 1777 3407 1831 hic
3430 1778 3571 1830 dicit
3620 1780 3785 1846 Apo-

2120 1863 2305 1917 stolus
2334 1882 2345 1918 :
2381 1882 2494 1917 non
2532 1870 2727 1919 tamen
2761 1872 2850 1918 est
2884 1867 3243 1932 incredibile,
3278 1867 3431 1936 quod
3460 1872 3589 1937 post
3620 1867 3783 1921 hanc

2117 1952 2293 2005 vitam
2328 1953 2381 2005 id
2410 1954 2601 2022 ipsum
2638 1954 2827 2007 faciat.

2186 2048 2257 2093 Su
2272 2058 2370 2110 pra
2385 2044 2437 2095 t'u
2452 2043 2829 2096 adamenth
2849 2042 3025 2107 igitur
3040 2044 3169 2095 tidei
3190 2042 3780 2097 illezediticataurum

2114 2136 2443 2197 argentum,
2472 2130 2695 2199 lapides
2747 2132 3051 2200 pretiosos,
3078 2132 3173 2199 qui
3211 2133 3365 2197 cogit
3395 2149 3460 2186 ea
3484 2150 3612 2201 quae
3636 2136 3781 2185 sunt

2113 2219 2346 2279 Christi,
2380 2221 2650 2288 quomodo
2680 2222 2897 2289 placeat
2932 2225 3044 2273 Dm
3076 2222 3125 2289 (1
3157 2220 3276 2274 Cor.
3313 2238 3408 2281 vn,
3433 2222 3544 2289 32),
3580 2222 3635 2273 id
3663 2226 3776 2287 est,

2113 2308 2211 2377 qui
2245 2325 2309 2361 ea
2341 2315 2635 2378 operatur,
2664 2310 2719 2363 in
2746 2309 2962 2377 quibus
2987 2309 3311 2363 delectatur
3363 2311 3536 2364 Deus.
3601 2310 3770 2377 Nam,

2112 2397 2209 2466 qui
2247 2415 2388 2467 pure
2429 2398 2720 2463 intelligit,
2780 2404 3203 2466 consequenter
3258 2400 3385 2467 eius
3433 2399 3770 2452 intellectus

2113 2504 2213 2554 per
2244 2504 2451 2540 aurum
2488 2488 2847 2559 designatur,
2885 2489 3211 2540 secundum
3244 2487 3424 2542 illud:
3464 2489 3769 2541 T/a’saurus

2114 2575 2495 2630 desiderabilis
2528 2576 2836 2645 requiescit
2865 2576 2919 2628 in
2946 2592 3043 2629 ore
3071 2576 3353 2645 sapientis
3402 2577 3570 2645 (519).
3634 2575 3765 2629 Elo-

2114 2664 2351 2732 quentia
2381 2681 2512 2717 vero
2540 2664 2727 2733 ipsius
2752 2681 2853 2734 per
2873 2669 3176 2732 argentum
3206 2664 3589 2734 exprimitur;
3622 2664 3763 2733 quia

2112 2753 2445 2821 eloquentia
2469 2753 2721 2821 Domini,
2746 2752 3078 2823 eloquentia
3100 2760 3277 2819 casta,
3296 2759 3601 2823 argentum
3628 2754 3764 2823 igne

2112 2842 2507 2895 examinatum
2542 2843 2710 2911 (l’sal.
2746 2860 2823 2906 x1,
2856 2845 2949 2909 tl):
2984 2842 3248 2912 virtutes,
3283 2848 3341 2897 et
3370 2844 3522 2897 bona
3562 2859 3764 2913 opera,

2113 2948 2215 2998 per
2246 2930 2469 2999 lapides
2505 2932 2792 3000 pretiosos
2819 2949 2831 2995 ;
2863 2932 3163 3001 quoniam,
3199 2932 3351 2985 sicut
3377 2931 3600 3001 lapides
3631 2946 3765 3001 pre-

2111 3019 2293 3072 tiosos
2330 3019 2480 3087 ignis
2514 3036 2624 3071 non
2662 3020 3003 3089 corrumpit,
3060 3020 3140 3073 ita
3196 3020 3437 3073 virtutes
3498 3026 3555 3073 et
3611 3022 3767 3075 bona

2113 3125 2287 3178 Opera
2321 3109 2473 3175 ignis
2497 3108 2895 3162 tribulationis
2923 3126 3032 3163 non
3071 3110 3383 3163 consumit.
3420 3110 3607 3177 Hujus
3629 3125 3767 3180 ergo

2113 3214 2260 3267 opus
2294 3199 2444 3266 ignis
2480 3198 2768 3267 probabit.
2796 3198 3072 3268 quoniam
3102 3216 3214 3251 non
3234 3204 3454 3267 exuret,
3483 3199 3624 3269 quia
3649 3215 3769 3253 non

2114 3303 2181 3341 ea
2212 3287 2411 3340 dilexit
2444 3287 2499 3339 iu
2538 3289 2778 3347 mundo,
2816 3304 3064 3357 quorum
3101 3287 3416 3352 amissione
3453 3288 3770 3344 crucietur.

2119 3377 2244 3430 Dies
2266 3378 2480 3446 quippe
2501 3376 2751 3442 Domini,
2772 3377 2825 3430 id
2842 3383 2949 3444 cst,
2966 3378 3087 3431 dies
3103 3376 3499 3431 tribulationis
3514 3377 3774 3433 declara-

2114 3466 2199 3519 bit
2229 3467 2601 3534 splendidum
2630 3468 2757 3534 eius
2789 3484 2955 3535 opus,
2986 3471 3045 3519 ut
3068 3471 3155 3520 est
3186 3484 3419 3530 aurum,
3453 3467 3604 3537 quod
3669 3484 3770 3536 per

2115 3555 2309 3625 ignem
2336 3555 2639 3608 transit.l‘3t
2668 3558 2805 3625 quia
2830 3555 3202 3623 splendidum
3229 3556 3653 3623 ostendetur,et
3677 3556 3767 3610 in-

2114 3643 2386 3697 violabile
2420 3645 2804 3712 permanebit,
2834 3645 3049 3697 idcirco
3073 3646 3226 3713 quod
3258 3645 3767 3714 supermdiﬁcavit,

2118 3734 2443 3785 mercedem
2473 3732 2954 3800 accipietaiternze
2982 3734 3292 3788 felicitatis.
3313 3734 3455 3787 Illud
3485 3735 3769 3789 nimirum

2118 3822 2491 3889 sumet,quod
2523 3821 2813 3887 Cogitavit.
2834 3823 3171 3875 Econtrario
3200 3823 3295 3875 ille
3320 3825 3565 3877 aediticat
3587 3824 3768 3894 ligna,

2121 3911 2339 3974 fenum,
2376 3910 2673 3979 stipulam,
2708 3910 2805 3980 qui
2840 3913 3054 3979 cogitat
3085 3929 3150 3965 ea
3182 3929 3307 3981 qua:
3345 3918 3486 3966 sunt
3539 3914 3769 3980 mundi,

2119 4000 2413 4069 quomodo
2452 4000 2669 4067 placeat
2702 4000 2862 4053 uxori
2899 4002 2943 4069 (Ι
2975 4000 3096 4053 Cor.
3130 4018 3231 4063 VII,
3263 4002 3374 4065 3’1),
3409 4001 3465 4054 id
3499 4006 3607 4065 est,
3668 4003 3767 4071 qui

2120 4104 2186 4141 ea
2219 4095 2517 4158 operatur,
2551 4106 2678 4155 qua:
2713 4090 3084 4143 abominatur
3116 4095 3286 4143 Deus.
3352 4089 3772 4144 Convenienter

2122 4193 2258 4247 ergo
2284 4195 2383 4245 per
2406 4177 2785 4243 ligna,t'cnum
2813 4182 2867 4232 et
2901 4178 3179 4248 stipulam
3207 4179 3590 4247 designantur
3608 4196 3776 4233 mun-

2123 4266 2284 4318 danae
2313 4267 2714 4333 cogitationes.
2746 4272 2801 4319 et
2830 4266 2972 4319 tales
2994 4284 3188 4321 rerum
3212 4266 3579 4321 saecularium
3612 4268 3775 4338 cupi-

2123 4355 2334 4409 ditates
2362 4354 2647 4423 quaglieet
2672 4355 2787 4408 sint
2811 4355 3001 4421 licitae,
3028 4356 3217 4409 amitti
3242 4360 3436 4411 tamen
3462 4355 3588 4410 sine
3610 4374 3773 4411 men-

2124 4444 2199 4497 tis
2231 4444 2426 4497 dolore
2462 4460 2571 4496 non
2608 4449 2877 4513 possunt.
2914 4446 2980 4497 Et
3021 4442 3200 4514 hujus
3231 4462 3368 4505 ergo
3428 4461 3576 4515 opus
3622 4446 3777 4516 ignis

2124 4532 2411 4603 probabit,
2448 4532 2585 4599 quia
2612 4538 2811 4585 exuret
2833 4550 2965 4586 eum
2998 4534 3162 4587 dolor
3187 4551 3380 4587 rerum
3405 4534 3774 4589 smcularium

2124 4638 2272 4690 quas
2305 4621 2524 4683 dilexit,
2553 4623 2596 4673 si
2634 4622 2943 4689 contigerit
2969 4626 3029 4675 ut
3052 4639 3149 4675 eas
3171 4628 3429 4693 tempore
3452 4622 3777 4677 tribulatio-

364 4704 569 4771 ignem.
603 4704 839 4761 Salvum
870 4707 1037 4762 illum
1070 4710 1211 4764 dicit
1245 4712 1544 4779 futurum;
1584 4712 1721 4781 quia
1754 4730 1865 4765 non
1922 4712 2010 4765 in-
2041 4715 2089 4779 Β
2124 4710 2212 4763 nis
2240 4710 2489 4763 amittat.
2516 4710 2738 4779 Quippe
2763 4728 2874 4763 non
2908 4716 3155 4780 possunt
3180 4711 3305 4765 sine
3328 4728 3537 4781 magno
3584 4712 3775 4767 amitti

366 4793 564 4848 teribit
607 4796 961 4861 substantia,
1024 4815 1139 4867 qua
1185 4799 1474 4863 consistit,
1536 4804 1635 4854 sed
1692 4805 1819 4870 eius
1876 4803 2012 4855 doc-

366 4882 537 4936 trina.
600 4883 709 4938 Sed
787 4886 1138 4955 notandum,
1206 4889 1343 4957 quia
1426 4906 1539 4942 non
1628 4890 1751 4944 ait:
1807 4891 2014 4945 Salvus

366 4972 477 5024 erit
508 4989 609 5042 per
643 4972 857 5045 ignem,
892 4976 1061 5044 quasi
1105 4978 1475 5031 tundamenti
1534 4978 1740 5032 merito
1791 4978 2014 5033 incom-

370 5059 580 5115 bustus
611 5063 682 5116 ab
714 5064 850 5133 igne
881 5063 1179 5133 liberetur,
1230 5068 1601 5120 examinatus
1661 5085 1761 5135 per
1820 5069 2011 5135 ignem

367 5147 567 5201 volens
608 5152 932 5217 ostendere,
995 5154 1135 5223 quia
1186 5171 1388 5223 pcenas
1444 5154 1582 5218 luet,
1644 5172 1759 5209 non
1818 5162 2014 5211 tamen

370 5240 652 5292 internum
684 5240 1070 5308 torquebitur,
1106 5243 1257 5296 sicut
1296 5244 1497 5312 perﬁdi
1558 5249 1615 5297 et
1672 5244 1855 5315 impii,
1914 5248 2013 5299 sed

368 5323 722 5394 quandoque
745 5325 1089 5384 liberabitur
1118 5332 1189 5385 ab
1214 5331 1345 5399 igne
1378 5333 1544 5402 (ΜΗ),
1573 5338 1634 5387 ut
1656 5334 1729 5387 sit
1753 5333 1801 5387 ei
1828 5351 2014 5403 operas

370 5412 646 5482 pretium,
664 5414 820 5484 quod
838 5418 1083 5472 credidit
1102 5419 1421 5474 Christum.
1438 5422 1542 5475 llic
1563 5428 1755 5475 tamen
1782 5440 2013 5487 sensus,

445 5538 589 5607 (517)
626 5543 701 5615 En
737 5537 870 5615 luce
894 5540 1105 5615 clarius
1139 5543 1351 5613 dogma
1383 5544 1533 5611 ignis
1579 5546 1882 5615 purgantis
1943 5548 2014 5600 ad

374 5613 611 5685 tempus
643 5608 714 5661 ab
746 5608 1001 5665 Ecclesia
1032 5608 1305 5667 contixfue
1338 5608 1735 5685 pricdica'tuni.
1769 5618 2018 5671 Videant

377 5680 500 5755 haec
529 5684 853 5755 novatores,
886 5686 943 5755 et
976 5690 1184 5755 negent
1229 5680 1437 5753 adhuc,
1499 5690 1545 5741 si
1605 5691 1843 5755 audent,
1876 5691 2021 5744 anti-

375 5750 723 5826 quissimam
756 5767 884 5805 esse
916 5753 985 5807 de
1015 5750 1123 5810 hoc
1153 5750 1431 5826 dogmate
1453 5758 1716 5813 Ecclesia:
1759 5750 2020 5815 traditio-

376 5839 511 5882 nem
541 5826 598 5879 et
627 5821 823 5879 ﬁdem.

2125 4798 2342 4861 dolore,
2372 4817 2497 4867 qtae
2522 4816 2654 4853 cum
2681 4816 2890 4868 magno
2919 4800 3778 4868 possidebanturamore.Unde

2126 4888 2297 4958 paulo
2336 4894 2465 4957 post
2488 4889 2739 4943 dicitur:
2776 4889 2833 4942 Si
2864 4890 3023 4957 cujus
3054 4906 3185 4959 opus
3216 4891 3433 4959 arserit,
3478 4889 3774 4944 detrimen-

2126 4987 2237 5031 tum
2270 4981 2529 5047 palielur.
2559 4979 2717 5047 Upus
2748 4979 2993 5043 ardebit,
3025 4978 3159 5047 quia
3191 4979 3525 5033 substantia
3570 4980 3777 5033 mundi

2126 5068 2364 5137 peribit:
2391 5068 2435 5121 si
2463 5084 2597 5135 ergo
2620 5068 2897 5135 perierint
2914 5085 3004 5121 res
3019 5068 3776 5132 szcculares,detrimentum

2129 5155 2400 5225 patietur,
2437 5156 2491 5208 id
2528 5163 2637 5219 est,
2670 5157 2949 5210 damnum
2994 5156 3350 5227 temporale;
3387 5156 3527 5227 quia
3580 5158 3782 5212 amisit.

2128 5247 2280 5315 quod
2319 5243 2610 5313 cogitavit.
2660 5245 3074 5299 Verumtamen
3134 5245 3507 5299 fundamenti
3565 5246 3774 5301 merito

2128 5333 2490 5400 liberabitur,
2510 5334 2555 5388 si
2584 5335 2772 5403 magis
2799 5334 3036 5404 elegerit
3058 5334 3172 5388 illis
3196 5350 3599 5405 carere,quum
3623 5335 3781 5390 Chri-

2130 5428 2237 5486 sto,
2274 5424 2329 5476 id
2364 5428 2472 5489 est,
2507 5423 2551 5477 si
2590 5424 2797 5477 timore
2840 5424 3145 5477 amittendi
3206 5440 3324 5487 eas,
3385 5439 3500 5477 non
3561 5423 3779 5478 deserit

2144 5619 2158 5670 1
2201 5548 2344 5617 (5-18)
2378 5547 2652 5615 Sequitur
2673 5547 3113 5602 evidentissima
3135 5547 3427 5619 dogmatis
3451 5547 3775 5618 purgatorii

2170 5620 2568 5670 cumustratio.

2128 5620 2568 5671 dcumustratio.

2201 5692 2347 5759 (519}
2379 5692 2552 5744 Juxta
2586 5690 2725 5744 illud
2762 5692 3029 5745 Proverb.
3064 5708 3186 5761 cap.
3223 5707 3339 5757 xxx,
3384 5691 3474 5757 20,
3537 5690 3776 5746 Thesau-

2130 5780 2222 5816 rus
2253 5764 2650 5833 desiderabilis,
2683 5766 2731 5819 et
2763 5765 2943 5819 oleum
2974 5767 3034 5819 in
3064 5763 3375 5820 habitacula
3404 5763 3560 5831 iusti.
