3942 6406
149 396 255 456 329

704 398 1123 461 EXPOSITIO
1169 400 1246 460 ΙΝ
1294 402 1722 465 EPIS'I‘OLAS
1765 406 2027 469 PAULI.
2070 445 2146 453 —
2182 413 2260 472 lN
2306 415 2555 476 EPIST.
2604 416 2626 475 Ι
2672 419 2778 477 AD
2822 419 2998 481 COlt.

3444 428 3565 487 330

140 542 266 623 sima
292 526 433 596 quod
462 542 575 583 non
602 534 732 584 sunt
760 529 1043 602 condigne
1085 536 1376 603 passiones
1425 537 1586 607 hujus
1626 553 1793 591 mun-
1823 543 1877 605 Α
1910 541 2019 595 Sed
2055 543 2361 598 sciendum
2395 546 2533 618 quia
2554 563 2685 619 quae
2718 549 2964 620 probare
2992 551 3218 608 videtur
3246 556 3562 625 Apostolus

138 615 211 670 ait
239 616 413 687 (Rom.
446 634 572 684 vm,
605 619 712 685 18).
747 622 945 673 Potest
974 620 1152 676 etiam
1184 622 1431 695 intelligi
1464 629 1530 681 ut
1558 625 1804 683 novissie

143 719 261 760 mos
320 704 552 776 dixerit,
611 706 685 761 ad
740 709 1239 778 comparationem
1285 713 1597 784 priorum;
1661 731 1799 771 nam

144 809 284 866 quos
315 794 542 866 primos
563 793 758 868 elegit,
782 796 1080 853 direxitad
1110 800 1383 869 Judaeos;
1421 819 1569 873 quos
1599 809 1798 859 autem

142 881 503 951 novissimos,
554 884 873 941 destinavit
919 888 992 942 ad
1042 893 1296 959 gentes;
1355 890 1605 964 ideoque
1665 894 1794 949 ait:

142 977 445 1045 Tamquam
473 975 645 1028 morti
667 975 992 1044 destinatos,
1027 978 1084 1031 id
1136 984 1248 1043 est,
1296 980 1368 1034 ad
1403 985 1681 1047 mortem,
1724 984 1797 1038 ad

141 1062 438 1135 supplicia,
469 1064 542 1120 ad
574 1066 1013 1137 persecutiones
1043 1069 1327 1126 diversas.

206 1152 335 1220 Quia
386 1156 757 1223 spectaculum
809 1158 951 1227 facti
1004 1174 1197 1213 sumus
1257 1160 1483 1216 mundo.
1540 1161 1692 1217 Elias
1742 1165 1799 1217 et

144 1240 365 1297 Henoch
427 1245 569 1298 adeo
627 1245 1032 1315 spectaculum
1066 1248 1322 1302 eruntin
1355 1250 1605 1317 mundo,
1639 1254 1704 1305 ut
1736 1251 1795 1305 in

137 1336 439 1403 conspectu
470 1332 654 1387 totius
686 1334 884 1406 populi
910 1335 1166 1391 infidelis
1199 1338 1564 1408 occidantur,
1590 1344 1646 1395 et
1676 1356 1798 1394 cor-

136 1436 266 1490 pora
295 1436 499 1476 eorum
529 1419 916 1493 projiciantur
944 1424 1003 1479 in
1036 1423 1226 1495 platea
1255 1426 1327 1481 ad
1377 1427 1794 1484 confusionem

132 1508 406 1565 ﬁdelium.
459 1509 553 1565 Sic
608 1511 891 1567 nimirum
923 1512 1174 1584 apostoli
1220 1515 1623 1585 spectaculum
1657 1518 1797 1575 facti

132 1601 262 1654 sunt
280 1599 674 1667 mundo,dum
700 1600 760 1655 in
788 1607 1108 1673 conspectu
1132 1602 1550 1659 insultantium
1584 1610 1794 1660 contu-

135 1686 316 1744 meliis
345 1692 405 1745 et
434 1688 795 1745 cruciatibus
826 1697 967 1746 sunt
996 1691 1208 1747 all‘ecti.
1266 1693 1472 1749 Mundo
1502 1693 1646 1749 dicit
1678 1710 1794 1749 non

132 1776 268 1831 cmlo
302 1782 358 1833 et
386 1782 578 1844 terrae,
613 1778 713 1833 sed
757 1779 1162 1835 habitantibus
1195 1781 1524 1848 mundum;
1558 1787 1799 1854 propter

132 1866 277 1936 quod
309 1883 626 1939 exponens,
661 1868 916 1940 subjecit
949 1886 961 1923 :
1009 1873 1075 1925 Et
1102 1870 1338 1938 angelis,
1371 1876 1421 1926 et
1454 1870 1790 1927 hominibus.

130 1954 373 2025 Angelos
405 1960 603 2011 autem
638 1974 751 2012 non
785 1958 970 2013 bonos
1000 1958 1213 2025 ait,sed
1250 1958 1539 2029 malos,de
1570 1960 1788 2032 quibus

142 2043 274 2097 dicit
328 2044 666 2118 Propheta:
727 2048 1103 2103 Immissiones
1171 2065 1270 2118 per
1325 2048 1551 2118 angelos
1616 2050 1792 2105 malos

130 2132 299 2201 (Psal.
327 2150 530 2203 χχχιιι,
585 2135 660 2203 8).
695 2134 980 2192 Similiter
1008 2136 1300 2208 homines,
1336 2154 1449 2192 non
1497 2139 1788 2208 credulos,

130 2220 270 2293 (581)
326 2224 430 2278 sed
480 2222 770 2279 infideles.
830 2224 933 2279 His
987 2225 1144 2279 enim
1201 2225 1605 2296 spectaculum
1652 2225 1790 2280 facti

124 2310 424 2383 sunt,quia
454 2311 830 2368 exsultabant
858 2318 915 2367 et
943 2312 1294 2368 laetabantur
1321 2313 1393 2368 de
1425 2330 1628 2368 eorum
1662 2330 1791 2385 pas-

121 2397 382 2455 sionibus
414 2405 473 2456 et
504 2400 818 2456 mortibus.
845 2400 1059 2455 Beatus
1078 2417 1212 2456 vero
1245 2402 1615 2473 Augustinus
1647 2400 1792 2457 dicit

121 2487 358 2560 angelos
412 2492 472 2543 et
504 2488 776 2544 homines
807 2492 928 2543 tam
961 2489 1148 2545 bonos
1188 2506 1366 2560 quam
1398 2488 1586 2546 malos
1616 2507 1791 2562 posse

127 2575 398 2650 intelligi,
452 2581 518 2632 ut
567 2577 643 2632 sit
692 2594 904 2633 sensus
952 2596 964 2633 :
1015 2578 1380 2650 spetaculum
1415 2580 1546 2633 facti
1583 2596 1793 2636 sumus

123 2666 365 2732 mundo,
404 2666 630 2738 angelis
665 2672 721 2720 et
749 2666 1132 2734 hominibus;
1167 2685 1282 2722 non
1313 2669 1788 2740 vituperantibus

122 2753 443 2822 solum,scd
469 2756 643 2810 etiam
665 2754 1213 2827 laudantibus,quia
1230 2756 1521 2813 habemus
1540 2757 1598 2812 in
1621 2759 1789 2813 nobis

119 2844 266 2915 quod
300 2844 472 2899 bonis
504 2843 731 2917 angelis
787 2843 1036 2917 placeat,
1066 2845 1357 2901 habemus
1410 2847 1569 2918 quod
1617 2846 1790 2903 malis

122 2932 447 3005 displiceat.
481 2933 575 2988 Sic
606 2938 662 2988 et
690 2933 809 2990 vita
832 2938 1036 2989 nostra
1059 2934 1331 2991 ﬁdelibus
1364 2934 1574 3007 placet,
1610 2940 1667 2990 et
1698 2935 1786 2991 in-

121 3019 389 3077 fidelibus
421 3022 711 3094 displicet.

186 3114 293 3167 Nos
323 3112 490 3167 stulti
515 3116 736 3183 propter
786 3114 1093 3181 Christum,
1146 3129 1236 3168 vos
1266 3117 1455 3168 autem
1498 3113 1789 3185 prudentes

121 3202 175 3255 in
189 3202 428 3258 Christo.
463 3200 753 3273 Apostoli,
777 3203 915 3273 quia
933 3202 1233 3256 Christum
1259 3202 1787 3274 diligentes,eaque

122 3291 519 3361 praedicabant
541 3307 668 3361 quae
692 3290 1058 3362 sapientibus
1082 3291 1289 3345 mundi
1310 3290 1492 3346 stulta
1512 3292 1785 3346 videban-
1816 3275 1859 3342 C

120 3382 545 3452 tur,propterea
576 3378 743 3433 stulti
772 3379 1134 3434 vocabantur
1161 3385 1398 3451 propter
1428 3379 1729 3434 Christum
1768 3405 1782 3444 ;

123 3466 316 3535 Ebion,
367 3474 429 3524 et
488 3466 827 3534 Cerinthus,
878 3468 1018 3539 quia
1072 3468 1257 3523 Deum
1322 3467 1534 3523 Filium
1571 3468 1785 3523 habere

127 3558 429 3629 negabant,
466 3561 571 3612 aut
630 3556 814 3612 Deum
851 3557 1149 3611 hominem
1182 3556 1330 3624 fieri,
1370 3556 1458 3612 vel
1498 3556 1785 3628 virginem

129 3659 317 3713 parere
347 3646 655 3719 potuisse;
691 3644 900 3717 reliqui
952 3661 1185 3717 quoque
1237 3645 1338 3717 qui
1388 3650 1593 3700 contra
1625 3645 1787 3700 Chri-

131 3737 275 3790 stum
309 3734 1019 3808 predicabant,sapientes
1050 3734 1109 3788 in
1142 3733 1371 3790 Christo
1404 3736 1784 3789 vocabantur.

136 3821 251 3878 Haec
271 3839 408 3897 ergo
441 3824 738 3879 sententia
768 3823 1293 3895 pseudoapostolos
1320 3822 1640 3894 redarguit,
1664 3823 1787 3893 qui,

136 3910 471 3984 eloquentiae
504 3913 776 3968 humana:
819 3913 1068 3967 nitorem
1101 3915 1429 3983 quaerentes
1483 3928 1548 3966 ea
1580 3912 1787 3983 przedi-

88 3996 99 4007 “
136 4002 332 4057 cabant
371 4018 501 4074 quae
542 4000 753 4056 mundi
794 4000 1163 4072 sapientibus
1211 4017 1325 4055 non
1366 3999 1786 4072 displicerent;

136 4087 367 4163 ideoque
399 4091 721 4163 prudentes
755 4090 813 4145 in
847 4090 1080 4145 Christo
1109 4093 1279 4145 vocat
1309 4104 1430 4145 eos.

200 4180 297 4234 Nos
348 4182 593 4251 inﬁrmi.
654 4195 743 4234 vos
803 4187 989 4234 autem
1054 4187 1242 4250 fortes.
1313 4176 1593 4250 Apostoli,
1653 4178 1792 4249 quia

138 4263 303 4325 libere
323 4275 379 4325 et
395 4273 740 4325 constanter
755 4267 1054 4324 Christum
1079 4266 1631 4341 praedicabantﬁdeo
1655 4284 1792 4339 pro-

139 4354 254 4422 bra,
310 4357 636 4425 molestias,
696 4356 933 4428 vimque
996 4357 1393 4427 patiebantur,
1454 4372 1519 4409 ac
1552 4373 1653 4427 per
1683 4356 1793 4411 hoc

140 4443 791 4513 judicabanturinfirmi
819 4463 832 4512 ;
867 4453 1107 4501 econtra
1128 4444 1624 4516 pseudoapostoli,
1657 4444 1795 4516 quia

143 4531 218 4588 ita
270 4535 571 4593 Christum
608 4530 1050 4607 praedicabant,
1104 4538 1170 4588 ut
1226 4533 1494 4587 homines
1551 4550 1666 4588 non
1704 4534 1793 4588 of-

1910 636 2114 700 negat;
2152 638 2208 687 et
2238 650 2365 705 quae
2400 651 2611 708 negare
2651 637 2880 693 videtur
2911 640 3137 710 probat.
3188 641 3380 699 Verba
3408 646 3566 701 enim

1908 724 2048 774 sunt
2124 720 2504 794 increpantis,
2581 725 2682 796 qui
2760 726 3069 783 conﬁtetur
3148 731 3436 801 negando,
3508 737 3570 811 et

1908 809 2242 866 confitendo
2309 817 2503 883 negat,
2603 814 2820 886 quippe
2906 832 3005 888 per
3077 818 3327 875 ironiam
3412 809 3569 878 dicta

1909 902 2070 953 sunt.

1984 1006 2160 1076 Usque
2182 1006 2241 1061 in
2273 1006 2415 1062 hanc
2439 1008 2668 1076 horam;
2694 1026 2883 1081 usque
2912 1012 2983 1066 ad
3006 1011 3116 1068 hoc
3136 1014 3455 1085 tempus,id
3477 1018 3568 1072 est

1907 1092 2083 1149 etiam
2116 1095 2271 1166 apud
2304 1113 2426 1167 vos,
2458 1102 2510 1151 et
2541 1099 2838 1164 esurimus,
2867 1102 2919 1154 et
2961 1101 3197 1172 sitimus,
3228 1110 3281 1158 et
3306 1102 3446 1158 nudi
3471 1120 3567 1159 su-

1907 1198 2046 1249 mus,
2079 1190 2130 1237 et
2163 1185 2412 1257 colaphis
2460 1188 2763 1253 caedimur,
2808 1190 2859 1242 et
2914 1189 3199 1245 instabiles
3253 1207 3460 1263 sumus,
3514 1196 3569 1248 et

1906 1270 2222 1327 laboramus
2252 1284 2535 1345 operantes
2565 1276 2830 1331 manibus
2858 1278 3077 1333 noslris.
3112 1279 3395 1351 Apostoli,
3428 1279 3569 1352 quia

1906 1359 2034 1415 sine
2095 1361 2435 1418 adulatione
2491 1367 2548 1418 et
2593 1365 2921 1419 secundum
2981 1366 3156 1421 ﬁdem
3216 1366 3567 1424 catholicam

1905 1447 2200 1505 Christum
2240 1452 2657 1522 praedicabant,
2681 1453 2921 1524 gratiosi
2955 1470 3071 1509 non
3102 1461 3290 1522 erant,
3321 1455 3571 1529 ideoque

1907 1537 2056 1593 nihil
2090 1540 2161 1594 ab
2195 1540 2565 1596 auditoribus
2584 1542 2951 1613 accipiebant
2983 1544 3138 1599 unde
3163 1548 3567 1601 sustentaren-

1908 1631 2005 1681 tur
2030 1644 2043 1694 ;
2077 1644 2140 1682 ac
2172 1645 2276 1700 per
2306 1629 2415 1686 hoc
2445 1631 3173 1700 esuriebant,sitiebant,et
3198 1633 3342 1688 nudi
3362 1638 3566 1701 erant;

1906 1714 2169 1788 colaphis
2184 1718 2361 1773 etiam
2373 1719 2713 1775 caedebantu
2723 1719 2917 1791 r,quia
2928 1720 3571 1793 publiceirridebantur

1906 1808 1963 1859 et
1981 1807 2508 1876 exprobrabantur.
2528 1807 2839 1864 Instabiles
2860 1809 3195 1881 erant,quia
3211 1810 3572 1882 fugabantur

1822 1910 1871 1975 B
1906 1893 1977 1947 ab
2008 1892 2349 1950 infidelibus
2381 1895 2451 1950 de
2483 1894 2609 1951 loco
2640 1897 2698 1951 in
2730 1896 2949 1963 locum,
2983 1914 3055 1953 ne
3084 1898 3230 1953 forte
3261 1898 3312 1954 si
3341 1898 3569 1954 diutius

1903 1981 1961 2036 in
1993 1984 2198 2037 eodem
2233 1982 2359 2039 loco
2392 1990 2714 2052 manerent,
2758 1985 2957 2057 plures
3004 1986 3075 2041 ad
3126 1987 3299 2042 fidem
3351 1987 3568 2044 Christi

1900 2076 2320 2127 converterent.
2360 2074 2729 2128 Laborabant
2759 2079 3067 2146 operantes
3099 2075 3374 2131 manibus
3418 2075 3568 2143 suis,

1902 2161 2058 2216 unde
2089 2161 2307 2215 victum
2341 2162 2714 2232 acquirerent
2744 2178 2859 2232 quo
2891 2167 3368 2219 sustentarentur
3399 2180 3413 2218 :
3448 2180 3568 2220 non

1904 2248 2096 2303 solum
2128 2248 2270 2319 quia
2316 2265 2448 2303 cum
2483 2248 2723 2321 gratiosi
2758 2266 2874 2305 non
2907 2249 3281 2318 essent,nihil
3312 2251 3569 2323 accipie-

1902 2336 2065 2403 bant,
2101 2338 2201 2391 scd
2238 2337 2375 2408 quia
2408 2336 2719 2409 indignum
2739 2337 3092 2409 judicabant
3118 2337 3344 2411 aliquid
3374 2339 3447 2395 ab
3473 2339 3569 2396 his

1902 2424 2164 2496 accipere
2212 2441 2360 2496 quos
2422 2424 2482 2479 in
2532 2425 2714 2481 tantis
2789 2426 3031 2499 ﬂagitiis
3081 2444 3211 2483 esse
3264 2428 3563 2498 videbant,

1903 2519 2141 2585 propter
2172 2513 2317 2568 illud
2342 2529 2357 2570 :
2381 2515 2574 2570 Oleum
2598 2519 2899 2586 peccatoris
2930 2532 3041 2572 non
3071 2519 3376 2589 impinguet
3403 2526 3567 2589 caput

1898 2618 2082 2657 meum
2114 2604 2286 2670 (Psal.
2321 2619 2448 2671 cxn,
2505 2605 2582 2674 5).
2646 2604 2936 2661 Noverunt
2964 2606 3120 2661 enim
3149 2606 3288 2678 quia
3316 2606 3569 2679 graviter

1902 2696 2123 2763 peccat,
2157 2698 2213 2747 et
2243 2690 2571 2747 libertatem
2633 2694 2919 2764 arguendi
2969 2693 3208 2760 amittit,
3242 2693 3342 2766 qui
3374 2694 3447 2749 ab
3496 2709 3565 2749 eo

1900 2780 2125 2851 aliquid
2178 2781 2409 2853 accipit,
2470 2782 2573 2852 qui
2631 2786 2938 2853 propterea
2994 2782 3223 2851 tribuit,
3263 2799 3335 2838 ne
3367 2782 3564 2838 redar-

1899 2873 2043 2940 guat
2091 2870 2263 2940 (532).
2756 2889 2813 2927 ο

1969 2974 2248 3046 Sequitur
2281 2991 2295 3032 :
2326 2977 2743 3045 maledicimur,
2776 2980 2826 3031 et
2858 2976 3227 3032 benedicimus
3250 2993 3271 3038 .·
3301 2992 3567 3049 persecu-

1899 3065 2098 3120 tionem
2116 3066 2446 3135 patimur,et
2464 3065 2802 3120 sustinemus
2820 3083 2845 3129 ;
2866 3065 3391 3135 blasphemamur,et
3416 3066 3566 3122 obse-

1897 3168 2135 3208 cramus.
2168 3150 2687 3217 Maledicebantur,
2721 3156 2777 3206 et
2808 3152 3252 3219 benedicebant,
3285 3153 3426 3225 quia
3460 3170 3565 3226 pro

1900 3241 2072 3297 malis
2104 3241 2286 3296 vicem
2338 3257 2454 3296 non
2513 3241 2856 3307 reddebant,
2911 3246 2977 3295 ut
3017 3258 3115 3297 eos
3166 3241 3267 3313 qui
3299 3259 3361 3298 se
3412 3242 3566 3299 male

1900 3330 2230 3386 tractabant
2262 3346 2372 3385 sua
2404 3329 2686 3401 patientia
2715 3330 2787 3384 ad
2820 3330 2994 3385 ﬁdem
3027 3330 3240 3386 Christi
3272 3337 3567 3388 converte-

1901 3424 2050 3474 rent.
2086 3418 2553 3474 Perseeutionem
2598 3417 2994 3489 patiebantur,
3053 3424 3110 3474 et
3167 3420 3562 3489 sustinebant,

1901 3507 2040 3578 quia
2071 3506 2560 3578 persequentibus
2593 3523 2708 3561 non
2741 3507 3114 3561 resistebant.
3174 3507 3564 3580 Blasphema-

1901 3596 2137 3662 bantur,
2167 3599 2222 3649 et
2254 3594 3081 3666 obsecrabant,quia,injuriis
3102 3601 3159 3651 et
3187 3596 3564 3653 contumeliis

1900 3684 2111 3753 affecti,
2145 3681 2488 3754 suppliciter
2516 3683 2925 3751 obsecrabant,
2960 3688 3025 3738 ut
3054 3700 3116 3738 se
3146 3684 3566 3755 permitterent

1901 3773 2143 3829 reddere
2174 3771 2484 3837 rationem,
2518 3771 2769 3827 scientes
2800 3771 2940 3844 quia
2970 3771 3019 3827 si
3053 3771 3107 3827 id
3143 3773 3564 3839 fieret,facili_us

1900 3878 2000 3917 eos
2021 3862 2093 3916 ad
2128 3860 2302 3915 {idem
2334 3857 2547 3914 Christi
2575 3865 2999 3916 converterent.

1972 3976 2249 4048 Sequitur
2276 3991 2288 4029 :
2321 3985 2589 4045 tanquam
2616 3985 2983 4047 purgamenta
3012 3976 3173 4048 hujus
3204 3978 3403 4033 mundi
3427 3979 3566 4048 facti

1898 4065 2185 4121 sumus.Et
2213 4067 2302 4119 est
2328 4080 2539 4119 sensus
2577 4081 2589 4119 :
2615 4063 2761 4127 Quia
2791 4063 3184 4137 nosmetipsos
3215 4066 3563 4137 dejecimus,

1903 4155 2042 4227 quia
2098 4170 2216 4209 non
2272 4151 2760 4219 contradiximus,
2821 4153 3037 4210 idcirco
3088 4153 3565 4227 contemptibiles

1902 4242 2089 4299 habiti
2112 4246 2401 4310 sumus,et
2424 4239 2699 4296 vilissimi
2723 4242 3183 4299 omnium.Unde
3212 4260 3348 4299 mox
3368 4243 3567 4300 subdi-

1903 4338 2049 4388 tur:
2088 4331 2350 4386 Omnium
2401 4332 2707 4402 peripsima
2765 4331 2913 4401 (533)
2971 4348 3141 4402 usque
3189 4333 3393 4388 adhuc.
3426 4333 3568 4387 Per-

1903 4422 2118 4494 ipsima
2146 4421 2303 4476 enim
2338 4426 2477 4475 sunt
2497 4418 2776 4489 quaelibet
2798 4418 3119 4482 vilia.velut
3146 4419 3571 4490 depilaturse,et

1905 4527 2141 4574 rasurae,
2175 4513 2232 4564 et
2262 4523 2625 4579 quaecunque
2658 4505 2774 4561 alia
2804 4506 3152 4578 projectitia.
3189 4508 3361 4579 Usque
3382 4507 3571 4565 adhuc

144 4620 450 4695 fenderent,
514 4593 703 4680 securi
767 4593 1083 4678 manebant
1128 4647 1143 4689 ;
1189 4621 1437 4692 ideoque
1505 4621 1646 4676 dicit
1700 4639 1799 4678 eos
1830 4633 1875 4698 Ι)
1909 4599 2069 4664 die“!
2102 4598 2159 4652 id
2192 4600 2299 4664 θδίν
2334 4610 2523 4665 usque
2563 4595 2635 4649 ad
2669 4593 2779 4650 hoc
2810 4600 3067 4668 tempus-

143 4712 311 4778 fortes.

212 4803 301 4857 Vos
349 4814 537 4860 autem
594 4803 828 4869 nobiles,
913 4818 1010 4857 nos
1057 4810 1246 4856 autem
1332 4800 1627 4873 ignobiles.
1688 4800 1795 4863 Qui

146 4887 315 4946 Deum
346 4891 595 4947 Abrahae
623 4891 807 4947 fuisse
840 4890 1200 4963 promissum
1233 4894 1337 4945 aut
1364 4888 1666 4961 prophetis
1696 4905 1798 4943 an-

148 4980 467 5036 nuntiatum
522 4980 841 5053 negabant,
892 4978 1117 5034 nobiles
1160 4978 1627 5044 aestimabantur,
1661 4977 1802 5048 quia

151 5082 367 5125 omnem
399 5070 817 5141 antiquitatem
850 5067 1066 5123 Christi
1098 5066 1375 5139 promissi
1410 5083 1524 5121 non
1576 5066 1802 5121 Christo

151 5157 506 5215 ascribebant
539 5176 553 5223 ;
601 5157 933 5214 econtrario
965 5157 1065 5229 qui
1114 5157 1441 5223 Christum,
1475 5155 1800 5211 secundum

153 5246 692 5314 promissionem,ex
718 5245 962 5301 Abrahae
995 5244 1218 5300 semine
1250 5256 1455 5299 natum
1488 5247 1546 5298 et
1576 5261 1804 5298 annun-

154 5332 346 5392 tiatum
365 5354 398 5393 a
419 5335 724 5411 prophetis
742 5333 1403 5405 assercbant,ignobiles
1426 5331 1804 5387 vocabantur.

218 5516 358 5588 (531)
389 5516 452 5572 In
485 5520 688 5642 autog.
751 5516 873 5570 loco
916 5511 1171 5569 credulos
1223 5509 1531 5591 legebatur
1560 5509 1809 5591 crudelos

218 5589 300 5642 IOd
333 5589 624 5642 emendan
674 5601 772 5641 um
805 5586 1010 5641 censui
1066 5586 1258 5639 favore
1316 5580 1648 5642 antithesis.
1700 5598 1809 5636 non

162 5589 300 5657 quod
333 5589 772 5664 emendandum
805 5589 1010 5664 censui
1040 5589 1258 5664 favore
1316 5589 1658 5663 antithesis,
1700 5599 1749 5664 in

156 5656 406 5726 credulos,
432 5661 535 5715 sed
562 5657 840 5731 inﬁdeles,
901 5658 975 5713 ad
1038 5656 1431 5711 imitationem
1464 5656 1807 5726 snperioris,

160 5745 255 5786 non
288 5734 446 5789 bonos
476 5730 572 5789 sed
602 5730 794 5791 malos.

436 5859 683 5922 Parum,
754 5855 1073 5921 CXXXIV.

1977 4712 2255 4783 Sequitur
2287 4728 2300 4765 :
2335 4712 2474 4767 Nam
2502 4713 2555 4767 si
2581 4711 2762 4767 decem
2792 4713 2957 4768 milia
2983 4711 3433 4786 paedagogorum,
3456 4718 3569 4769 etc.

1908 4801 2242 4858 Notandum
2277 4800 2415 4873 quia
2435 4799 2531 4855 ille
2559 4801 2657 4872 qui
2681 4800 2940 4873 primum
2962 4802 3414 4858 fundamentum
3436 4800 3571 4857 fidei

1904 4892 2067 4964 jacit,
2102 4889 2199 4946 ille
2240 4894 2403 4962 pater
2432 4890 2686 4957 dicitur;
2720 4891 2820 4963 qui
2851 4907 2984 4946 vero
3018 4889 3182 4945 illum
3217 4894 3572 4962 sequuntur,

1913 4980 2237 5053 paedagogi.
2266 4981 2620 5052 Paedagogus
2651 4979 2887 5035 Griecus
2918 4996 3111 5035 sermo
3143 4983 3255 5043 est,
3286 4982 3343 5035 et
3375 4978 3574 5035 Latine

1912 5070 2129 5126 dicitur
2173 5070 2549 5142 perlisseqaus,
2599 5074 2656 5123 et
2698 5069 2960 5123 eruditor
3012 5084 3366 5139 puerorum;
3401 5072 3576 5140 atque

1917 5158 2189 5214 lascivam
2222 5162 2449 5213 mtatcm
2484 5157 2805 5212 refrenans.
2833 5156 2944 5210 Iste
2976 5172 3252 5228 namque,
3285 5155 3426 5228 quia
3447 5156 3577 5211 fun-

1915 5248 2262 5327 damentum
2294 5246 2425 5301 fidei
2464 5246 2764 5316 injecerat,
2797 5248 2963 5315 pater
2990 5249 3135 5301 erat.
3168 5244 3237 5301 Et
3266 5245 3397 5301 ideo
3427 5244 3580 5300 dice-

1918 5337 2020 5391 bat
2050 5354 2062 5392 :
2095 5337 2213 5391 Non
2242 5339 2421 5391 tamen
2454 5349 2640 5389 omnes
2669 5333 2818 5404 (534)
2846 5337 3053 5402 patres.

1992 5515 2139 5585 (532)
2221 5513 2305 5567 En
2375 5508 2540 5566 valde
2606 5513 2809 5566 notatu
2894 5509 3133 5583 dignam
3218 5510 3577 5568 observatio-

716 5601 772 5641 m
805 5586 1010 5641 censui
1066 5586 1258 5639 favore
1287 5580 1648 5645 “antithesis,
1700 5598 1811 5636 non
1920 5580 2077 5641 nem.

1999 5658 2141 5719 (533)
2173 5653 2345 5727 Vulg.
2379 5654 2708 5727 peripscma,
2742 5654 2930 5711 Crzece
2978 5654 3290 5727 Πεοιψῃμκ.

1997 5728 2147 5801 (534)
2179 5724 2348 5799 Vulg.
2380 5724 2600 5787 multos.

3221 5853 3289 5917 11
