3942 6434
404 415 512 479 331

1420 403 1760 466 ATTONIS
1807 400 2394 462 VEBCELLENSIS
2441 396 2796 459 EPISCOPI

3708 395 3869 453 332

469 545 539 599 Et
569 557 750 615 quare
778 541 889 597 hoc
920 540 1146 596 dixerat
1198 537 1472 595 subditur
1503 554 1515 591 :
1552 543 1658 591 Per
1684 535 2047 605 Evangelium
2078 543 2136 609 Α
2162 531 2288 586 Non
2318 530 2475 586 enim
2507 528 2652 585 satis
2686 528 2795 583 fuit
2826 526 3137 598 epistolam
3195 524 3465 598 dirigere,
3499 539 3606 581 nec
3646 524 3873 580 etiam

399 649 503 705 ego
530 648 621 687 vos
650 631 823 702 genui
869 629 1038 701 (535).
1071 629 1134 683 In
1165 644 1230 683 eo
1270 626 1423 696 quod
1469 624 1611 680 dicit
1638 626 1827 694 genui,
1857 628 2052 678 osten-

402 721 561 777 ditur
589 736 718 777 esse
748 718 930 791 pater.
964 719 1032 773 Et
1061 717 1190 772 ideo
1222 715 1381 781 dicit,
1416 717 1479 768 ut
1501 714 1644 767 dum
1674 712 1758 767 illi
1788 729 1925 768 eum
1957 728 2056 766 au-

403 808 597 865 dirent
625 814 871 880 patrem,
903 823 965 862 se
994 821 1121 862 esse
1165 807 1485 876 agnoscant
1530 801 1705 871 ﬁlios,
1736 806 1793 857 et
1835 798 2054 856 intelli-

406 902 601 970 ganta
631 896 864 952 nemine
892 896 973 949 ita
1000 892 1691 965 diligi,quemadmodum
1720 892 1791 946 ab
1824 889 1921 946 illo
1953 889 2055 959 qui

407 990 571 1059 pater
598 991 706 1052 est,
765 988 821 1039 et
877 982 1154 1038 libentius
1192 996 1326 1036 eum
1384 980 1674 1035 audirent.
1706 979 1915 1034 Nullus
1945 978 2055 1033 ita-

408 1090 524 1147 que
574 1079 981 1129 extraneorum
1030 1070 1286 1126 ﬁliorum
1318 1086 1579 1125 amorem
1615 1068 1743 1125 suis
1776 1066 2060 1140 praeponit

410 1161 570 1217 ﬁliis.

478 1252 621 1318 Rogo
649 1256 834 1304 autem
878 1262 988 1311 vos,
1017 1248 1355 1318 fratres,ete.
1396 1244 1731 1301 Videndum
1763 1248 1852 1300 est
1881 1259 2061 1315 quare

405 1337 719 1411 Apostolus
747 1335 959 1391 dixerit
983 1335 1107 1391 suis
1137 1334 1526 1402 auditoribus,
1571 1332 1661 1387 vel
1690 1333 1847 1388 unde
1880 1350 1892 1387 :
1924 1334 2063 1387 Imi-

409 1434 605 1483 tatores
632 1426 743 1481 mei
769 1427 954 1480 estote.
978 1424 1312 1479 Notandum
1344 1423 1483 1494 quia
1512 1421 1773 1477 diversas
1800 1420 2063 1476 adversi-

409 1519 583 1586 tates,
614 1519 673 1569 et
699 1510 1231 1578 incommoditates,
1264 1514 1320 1565 et
1352 1510 1587 1577 famem,
1611 1513 1667 1563 et
1696 1510 1855 1565 sitim
1887 1525 2065 1565 causa

412 1602 625 1660 salutis
644 1601 876 1657 illorum
899 1598 1213 1667 sustinuit;
1239 1603 1297 1655 et
1316 1599 1445 1653 ideo
1468 1598 1697 1657 dicebat
1719 1613 1732 1653 :
1758 1598 2065 1653 Imitatores

412 1693 526 1747 mei
572 1693 758 1758 estote,
800 1688 971 1762 quasi
1018 1688 1270 1743 diceret:
1303 1687 1463 1742 Sicut
1518 1703 1623 1759 ego
1655 1703 1832 1743 causa
1860 1690 2064 1741 vestrm

416 1779 625 1836 salutis
657 1778 875 1834 multas
902 1777 1414 1833 incommoditates
1445 1775 1725 1840 sustinui,
1746 1775 1826 1829 ita
1856 1778 1913 1829 et
1940 1790 2064 1839 vos,

418 1867 632 1941 spretis
654 1863 1419 1939 pseudoapostolis,illorum
1438 1863 1858 1918 detractionem
1884 1864 2068 1935 parvi-

418 1955 687 2029 pendatis
719 1973 732 2010 :
766 1970 903 2010 nam
936 1969 1138 2008 corum
1170 1952 1591 2007 detractionem
1624 1951 1736 2023 ipsi
1783 1952 2069 2006 formida-

418 2046 598 2113 bant;
632 2042 798 2117 quasi
831 2042 1048 2098 diceret
1089 2058 1103 2096 :
1153 2041 1209 2096 Si
1254 2040 1361 2095 ﬁlii
1389 2042 1552 2111 estis,
1595 2041 1859 2096 debitum
1890 2040 2073 2096 hono-

418 2150 543 2190 rem
575 2131 799 2189 debetis
819 2131 1157 2203 impendere
1179 2130 1354 2202 patri,
1375 2134 1432 2185 et
1454 2130 1779 2185 imitatores
1802 2130 2071 2185 existere.

416 2222 609 2278 Variis
639 2221 795 2276 enim
829 2219 972 2275 locis
1001 2218 1160 2275 varia
1188 2223 1277 2274 est
1305 2219 1548 2274 intentio
1586 2218 1846 2291 Apostoli
1876 2219 2072 2274 dicen-

417 2311 497 2367 tis
530 2327 543 2366 :
574 2311 879 2366 Imitatores
906 2310 1018 2364 mei
1043 2308 1336 2375 es!ote,sed
1372 2311 1565 2363 tamen
1603 2308 1658 2362 in
1693 2307 1801 2362 hoc
1832 2307 1956 2363 loco
1990 2312 2072 2362 ta-

416 2399 494 2454 lis
524 2403 615 2454 est
642 2398 911 2453 intentio.

490 2487 618 2543 Ideo
673 2486 861 2540 direxi
913 2486 1059 2556 (536)
1132 2486 1489 2550 Timotheum,
1555 2488 1663 2539 etc.
1724 2484 1865 2550 Quis
1918 2482 2074 2541 enirn

423 2580 621 2632 mente
649 2573 1139 2646 comprehendere
1169 2578 1274 2629 aut
1316 2573 1507 2627 verbis
1546 2572 1833 2644 explicare
1865 2571 2078 2644 poterit

423 2664 694 2721 affectum
725 2662 886 2718 illius
915 2661 943 2716 ?
972 2662 1095 2717 Non
1126 2660 1283 2716 enim
1314 2661 1460 2715 satis
1490 2659 1600 2714 fuit
1631 2660 1715 2715 eis
1765 2659 2073 2731 epistolam

422 2752 800 2826 dirigere,sed
825 2749 1002 2806 etiam
1018 2766 1195 2806 suum
1220 2748 1411 2803 ﬁlium
1438 2748 1815 2804 Timotheum
1843 2749 2076 2804 studuit

425 2842 715 2913 dirigere;
746 2844 804 2895 et
833 2856 949 2894 non
999 2854 1383 2913 quaacpnque,
1441 2838 1541 2893 sed
1586 2838 1761 2892 etiam
1817 2838 2076 2893 charissi-

423 2900 598 2986 mam.
629 2900 774 2984 Nam
796 2900 1451 2983 multos-habuitﬁlios.
1485 2924 1631 2980 alios
1660 2925 1891 2993 charos,
1932 2924 2078 2981 alios

426 3018 741 3089 ehariores,
772 3015 918 3072 alios
945 3013 1326 3070 charissimos
1357 3030 1371 3069 ε
1407 3014 1515 3068 iste
1534 3029 1668 3070 vero
1691 3013 2077 3069 charissimus

424 3110 571 3173 erat,
604 3105 743 3177 quia
799 3121 903 3176 pro
960 3101 1205 3169 ﬁdelior,
1259 3118 1324 3157 eo
1374 3102 1620 3157 charior.
1665 3103 1734 3157 Et
1762 3102 1857 3156 his
1887 3103 2079 3158 verbis

425 3194 559 3251 illos
587 3193 797 3267 tangit,
831 3192 933 3264 qui
963 3193 1035 3247 ab
1069 3192 1198 3262 ejus
1230 3191 1637 3262 praedicatione
1669 3196 2029 3246 recesserant
2059 3207 2073 3245 :

2164 620 2350 675 ﬁlium
2384 635 2560 674 suum
2582 615 2999 672 charissimum
3024 633 3039 682 ;
3072 616 3144 670 ad
3166 619 3495 671 extremum
3517 630 3653 670 vero
3676 632 3863 686 pra-

2164 708 2416 763 sentiam
2446 708 2537 764 sui
2570 706 2880 776 promittit,
2903 705 3149 760 dicendo
3184 722 3196 760 :
3235 707 3466 761 Veniam
3485 704 3557 759 ad
3580 721 3671 760 vos
3696 706 3861 759 cito-

2165 797 2277 853 Sed
2326 795 2454 851 vide
2484 812 2662 867 quam
2693 796 2941 850 discreta
2988 798 3043 848 et
3076 810 3255 865 quam
3304 799 3473 849 caute
3513 794 3814 865 loquatur
3841 810 3864 856 ;

2166 886 2321 940 dicet
2352 884 2507 939 enim
2542 902 2555 940 :
2588 884 2650 938 Si
2681 885 2952 939 Dominus
3006 883 3263 938 voluerit.
3323 884 3513 948 Quare
3542 882 3677 948 hoc,
3713 881 3868 936 nisi

2165 973 2307 1044 quia
2337 977 2689 1045 cognoverat
2742 973 2925 1027 Deum
2958 972 3143 1043 magis
3205 970 3354 1027 scire
3386 972 3542 1043 quod
3577 975 3746 1027 esset
3778 969 3865 1024 in

2168 1062 2406 1117 homine
2464 1077 2642 1132 quam
2675 1060 2975 1116 hominem
3006 1063 3028 1114 ἓ
3068 1061 3201 1115 Ideo
3232 1059 3342 1115 hoc
3374 1060 3625 1126 dicebat,
3687 1063 3761 1114 ut
3794 1058 3869 1113 si

2167 1150 2319 1206 Deus
2350 1150 2744 1221 disposuisset
2769 1148 2937 1205 illum
2969 1149 3311 1215 venire,non
3342 1148 3542 1219 Paulo,
3575 1149 3681 1204 sed
3716 1148 3867 1204 Deo

2169 1238 2657 1310 ascriberent,qui
2681 1255 2815 1294 cum
2846 1238 3043 1293 venire
3062 1238 3376 1309 disposuit,
3401 1242 3458 1293 et
3478 1254 3673 1309 operae
3697 1252 3857 1309 pre-

2169 1329 2318 1383 tium
2340 1333 2496 1383 esset
2526 1326 2715 1399 gratia
2745 1326 2845 1382 Dei
2874 1327 3158 1382 adventus
3184 1345 3197 1394 ;
3240 1327 3291 1382 si
3319 1342 3455 1382 vero
3484 1342 3604 1382 non
3634 1326 3869 1382 venis-

2171 1421 2279 1481 set,
2313 1434 2429 1472 non
2468 1416 2607 1481 Deo,
2638 1415 2726 1471 vel
2748 1414 2948 1486 Paulo,
2982 1416 3086 1471 sed
3115 1416 3242 1472 suis
3272 1415 3497 1472 meritis
3527 1415 3867 1488 disputas-

2174 1511 2324 1572 sent,
2386 1505 2689 1576 quoniam,
2750 1504 3122 1576 exigentibus
3179 1504 3427 1572 meritis,
3469 1520 3606 1559 eum
3634 1504 3873 1560 venise

2177 1593 2426 1649 distulit.
2457 1593 2518 1647 Id
2550 1609 2665 1664 quo
2697 1593 2846 1648 facto
2869 1609 3179 1649 monemur
3200 1598 3265 1649 ut
3286 1610 3421 1649 cum
3441 1593 3672 1665 aliquid
3707 1609 3872 1665 pro-

2183 1682 2477 1737 mittimus
2506 1682 2683 1737 etiam
2707 1681 3266 1753 spiritale,dicamus
3299 1701 3313 1739 :
3346 1682 3397 1738 si
3418 1682 3715 1739 Dominus
3746 1699 3868 1737 vo-

2175 1770 2370 1837 luerit,
2406 1770 2461 1824 id
2493 1774 2583 1826 est
2614 1770 2965 1842 permiserit.

2101 1913 2146 1976 Β
2248 1903 2642 1974 SequiturzEt
2660 1919 2977 1974 cognoscam
3007 1921 3111 1960 non
3148 1920 3458 1961 sermonem
3478 1921 3698 1970 eorum,
3734 1914 3859 1959 etc.

2185 1992 2517 2047 Notandum
2550 1992 2688 2064 quia
2714 1994 2915 2048 tandiu
2949 1994 3359 2051 manifestatur
3379 1994 3528 2050 lalsa
3553 1993 3863 2059 doctrina,

2186 2097 2493 2152 quousque
2518 2098 2652 2137 vera
2672 2089 2949 2154 appareat
2972 2104 2986 2152 ;
3020 2100 3153 2138 cum
3175 2099 3308 2139 vero
3329 2100 3463 2139 vera
3482 2083 3863 2156 apparuerit,

2186 2170 2555 2226 obscuratur.
2583 2170 2671 2226 Ita
2700 2176 2758 2226 et
2788 2171 2901 2227 hic.
2929 2177 2990 2226 In
3023 2173 3277 2228 adventu
3299 2190 3556 2245 namque
3578 2171 3865 2244 Apostoli

2187 2258 2333 2314 falsa
2350 2260 2614 2315 doctrina
2631 2260 2947 2332 disparuit;
2974 2266 3032 2316 et
3053 2261 3184 2317 ideo
3206 2261 3376 2317 dicit:
3394 2264 3469 2317 Et
3497 2278 3855 2333 cognoscam,

2185 2353 2292 2403 etc.
2324 2350 2639 2404 Sermonem
2661 2349 2915 2422 appellat
2942 2349 3334 2421 eloquentiam
3359 2368 3372 2418 ;
3397 2352 3664 2405 virtutem
3688 2367 3854 2405 vero.

2186 2436 2489 2509 signorum
2520 2443 2579 2493 et
2606 2456 2870 2510 operum.
2905 2439 2971 2494 Et
2999 2456 3180 2511 quare
3221 2439 3429 2494 dixerit
3460 2456 3474 2493 :
3510 2439 3855 2510 Cognoscam

2183 2542 2269 2581 eos
2300 2529 2395 2596 qui
2425 2530 2765 2597 inﬂammati
2808 2528 2956 2600 (539)
2988 2538 3136 2600 sunt,
3172 2545 3285 2584 non
3304 2545 3583 2594 sermone,
3605 2529 3701 2584 sed
3732 2531 3852 2583 vir-

2183 2618 2319 2682 tute,
2344 2616 2699 2683 manifestat,
2728 2633 2863 2672 cum
2884 2618 3088 2672 subdit
3117 2634 3129 2672 :
3165 2619 3406 2689 Regnum
3430 2619 3529 2673 Dei
3546 2633 3659 2672 non
3676 2620 3757 2672 est
3788 2618 3856 2673 in

2184 2719 2449 2773 sermone,
2506 2705 2595 2758 sed
2625 2705 2683 2758 in
2714 2706 2913 2760 virtute
2933 2722 2953 2765 ;
3006 2705 3062 2759 id
3095 2709 3203 2775 est,
3235 2706 3294 2760 in
3333 2706 3544 2761 virtute
3575 2722 3853 2778 operum,

2187 2791 2324 2863 quia
2345 2792 2497 2846 sicut
2519 2792 2784 2847 doctrina
2797 2792 3131 2864 evangelica
3147 2810 3262 2848 non
3280 2798 3370 2849 est
3386 2794 3445 2849 in
3469 2796 3857 2868 monte(540),

2188 2880 2288 2934 sed
2316 2879 2374 2933 in
2406 2879 2643 2944 virtute,
2676 2879 2758 2936 ita
2785 2885 2842 2936 et
2871 2897 3116 2953 regnum
3151 2883 3270 2936 Dei.

2260 3010 2537 3082 Sequitur
2569 3030 2583 3066 :
2616 3013 2756 3080 Quid
2785 3014 2947 3068 vultis
2969 3017 2993 3066 .9
3026 3016 3081 3069 ιη
3114 3016 3405 3085 virga,etc.
3440 3014 3664 3087 Duplex
3687 3017 3856 3072 enim

2189 3104 2313 3154 erat
2343 3101 2585 3155 affectus
2642 3101 2972 3172 apostolicae
3030 3104 3264 3169 mentis,
3313 3104 3370 3158 id
3400 3109 3490 3159 est
3528 3104 3766 3176 pietatis
3798 3111 3861 3161 et

2188 3187 2534 3243 severitatis.
2570 3189 2851 3261 Superius
2883 3190 3147 3258 dixerat;
3184 3193 3249 3248 Ut
3274 3193 3420 3262 ﬁlios
3450 3208 3600 3248 meos
3628 3194 3858 3249 charis-

428 3283 551 3357 qui,
584 3282 635 3338 si
665 3281 1043 3351 mansissent,
1077 3280 1222 3336 forte
1275 3283 1332 3335 et
1378 3279 1491 3350 ipsi
1524 3278 1856 3335 charissimi
1887 3281 2076 3336 efﬁce-
2109 3269 2152 3337 C
2188 3278 2363 3332 simas
2388 3292 2583 3333 moneo
2611 3279 2659 3348 (Ι
2687 3277 2806 3334 Cor.
2838 3296 2913 3344 ιν,
2946 3280 3070 3351 14);
3112 3298 3268 3335 nunc
3298 3298 3433 3337 vero
3462 3281 3636 3354 virga
3664 3283 3858 3338 mins.-

429 3375 653 3428 rentur.

499 3460 607 3516 Sed
639 3476 819 3532 quare
874 3459 1056 3514 istum
1116 3457 1381 3513 direxit?
1413 3459 1580 3514 Forte
1632 3458 1782 3525 ideo,
1825 3458 1964 3530 quia
1994 3458 2081 3513 illi

429 3548 707 3606 oblivioni
736 3546 1106 3603 tradiderunt
1149 3563 1275 3618 quas
1306 3546 1392 3602 eis
1434 3546 1682 3617 apostoli
1728 3547 2079 3618 praedicave-

428 3642 583 3693 rant.
619 3637 684 3691 Et
710 3637 840 3691 ideo
871 3636 1050 3691 istum
1083 3634 1417 3704 direxit,qui
1446 3640 1585 3688 nota
1616 3639 1739 3688 erat
1767 3635 1897 3705 ejus
1929 3652 2079 3705 prae-

432 3725 664 3796 dicatio,
697 3729 756 3780 et
776 3725 905 3795 ejus
935 3722 1211 3794 epistolas,
1245 3726 1310 3776 ut
1340 3738 1408 3777 ea
1438 3738 1565 3793 quae
1597 3721 1874 3776 oblivioni
1897 3724 2080 3777 tradi-

428 3815 639 3869 derant
668 3812 740 3867 ad
774 3811 1116 3866 memoriam
1147 3815 1460 3865 revocaret.
1510 3810 1572 3864 In
1605 3826 1719 3881 quo
1751 3810 1901 3866 facto
1957 3828 2079 3866 mo-

431 3906 645 3957 nentur
676 3899 1080 3972 pradicatores
1113 3903 1177 3953 ut
1206 3899 1476 3953 affectum
1518 3899 1749 3970 pietatis
1781 3903 1852 3954 ab
1892 3900 2008 3955 illis
2048 3918 2083 3956 a

429 3990 650 4062 quibus
679 3994 1113 4061 persequuntur
1142 4004 1257 4042 non
1289 3987 1854 4055 subtrahunt,sed,si
1881 4006 2080 4045 neces-

430 4078 573 4136 sitas
605 4077 800 4148 fuerit,
832 4093 936 4149 pro
967 4076 1083 4132 illis
1106 4074 1254 4131 mori
1284 4077 1577 4131 studeant.

501 4166 571 4220 Et
597 4180 777 4236 quare
817 4165 997 4219 istum
1028 4163 1303 4218 direxerit
1332 4164 1687 4231 manifestat,
1726 4166 2031 4221 subdendo
2065 4184 2079 4222 :

431 4255 541 4321 Qui
567 4269 659 4309 vos
687 4251 1144 4325 commonefaciat
1170 4252 1287 4306 vias
1317 4268 1465 4306 meas
1485 4269 1506 4314 ;
1536 4253 1594 4306 id
1627 4258 1718 4307 est
1754 4255 2083 4309 commoni-

428 4349 519 4399 tos
552 4358 657 4398 vos
687 4342 911 4397 reddat.
948 4341 1103 4396 Viam
1128 4357 1296 4396 suam
1327 4340 1579 4412 appellat
1609 4342 2078 4413 praedicationem

428 4438 487 4490 et
516 4432 914 4503 operationem
946 4446 1137 4486 suam.
1189 4431 1325 4499 Quae
1369 4438 1497 4485 sunt
1554 4432 1616 4484 in
1673 4430 1889 4485 Christo
1933 4433 2077 4487 Iesu.

424 4521 574 4577 Cum
603 4521 760 4576 enim
792 4520 953 4587 dicit,
978 4522 1035 4574 in
1065 4519 1285 4574 Christo
1313 4519 1461 4589 Iesu,
1488 4523 1541 4573 et
1569 4520 1712 4574 sicut
1742 4521 1803 4574 in
1834 4521 2082 4576 omnibus

428 4610 686 4665 Ecclesiis
713 4608 1157 4677 doceo,ostendit
1187 4625 1249 4663 se
1279 4607 1360 4662 nil
1385 4608 1682 4676 contrarii,
1707 4608 1789 4663 nil
1827 4610 2080 4681 perversi

430 4713 532 4753 eos
561 4695 831 4752 docuisse
864 4713 877 4761 ;
932 4701 989 4750 et
1018 4696 1158 4751 dum
1217 4695 1302 4749 illi
1330 4697 1599 4752 audirent
1640 4698 2083 4768 generalitatem

428 4786 757 4854 observare,
795 4784 1039 4855 puderet
1064 4799 1163 4839 eos
1192 4800 1306 4838 non
1339 4801 1466 4839 esse
1497 4787 1912 4854 observatores,
1948 4786 2085 4858 quia

432 4891 547 4946 quo
568 4873 757 4946 magis
780 4871 1115 4945 specialitas
1137 4871 1293 4926 videt
1315 4873 1751 4943 generalitatem
1776 4876 2081 4932 observare

431 4962 674 5035 aliquid,
710 4962 898 5035 magis
942 4965 1289 5034 provocatur
1312 4961 1738 5016 observandum
1771 4964 1938 5034 (537).

503 5051 782 5122 Sequitur
818 5068 830 5105 :
869 5051 1089 5106 Veniam
1120 5049 1190 5104 ad
1221 5064 1310 5104 vos
1340 5049 1431 5118 (53
1452 5050 1511 5118 ν),
1532 5054 1642 5103 etc.
1671 5050 2083 5108 Animadverte

429 5143 660 5210 quantis
681 5137 1099 5194 sollicitudinis
1122 5138 1295 5193 fuerit
1308 5137 1414 5192 iste
1431 5136 1702 5208 egregius
1718 5140 2078 5209 praedicator.

504 5347 650 5418 (535)
682 5346 852 5425 Vulg.
886 5366 1012 5405 nam
1044 5352 1103 5405 in
1165 5350 1374 5407 Christo
1422 5352 1547 5406 Iesu
1574 5367 1673 5423 per
1720 5352 2084 5425 Evangelium

430 5433 529 5487 ego
557 5434 647 5472 vos
674 5422 861 5488 genui.

501 5489 646 5556 (5‘36)
680 5491 848 5561 Vulg.
881 5491 1006 5546 ideo
1034 5492 1164 5546 misi
1182 5491 1253 5546 ad
1279 5507 1385 5547 vos.

500 5561 742 5642 (53:7)"Ip
792 5566 987 5642 antog.
1031 5578 1215 5634 marg.
1251 5564 1344 5617 hic
1377 5562 1590 5634 legitur
1619 5582 1743 5638 cap.
1781 5566 1873 5622 ΧΧ
1904 5586 1918 5639 ;
1951 5587 2078 5642 cap.

427 5643 564 5689 vero
595 5630 714 5685 XIX
742 5630 969 5686 nullibi.

498 5700 645 5786 (538)
685 5700 943 5778 Vulgatee
1000 5706 1197 5760 autem
1268 5702 1589 5764 versiculus
1635 5708 1722 5779 18,
1784 5710 2010 5770 scilicet
2063 5728 2077 5771 :

2190 3369 2307 3419 tur.
2340 3365 2487 3431 Quid
2520 3368 2910 3437 mansuetius,
2947 3368 3085 3439 quid
3110 3369 3761 3442 misericordiuaquam
3783 3376 3857 3428 ut

2190 3454 2342 3509 ﬁlios
2374 3472 2534 3511 meos
2565 3455 2948 3513 charissimos
2977 3458 3251 3514 monere?
3274 3459 3344 3513 Et
3374 3459 3515 3529 quid
3547 3460 3855 3516 crudelius

2190 3560 2368 3614 quam
2395 3544 2558 3616 virga
2588 3545 2848 3600 minari?
2881 3552 2943 3601 In
2976 3564 3089 3617 quo
3122 3548 3274 3603 facto
3300 3552 3612 3603 monentur
3642 3550 3857 3619 pradi-

2189 3638 2411 3687 catores
2444 3638 2508 3687 ut
2567 3638 2883 3705 utrumque
2915 3636 3185 3691 affectum
3216 3653 3354 3708 erga
3383 3654 3522 3692 suos
3560 3636 3848 3707 habeant,

2191 3719 2247 3772 id
2280 3725 2370 3773 est
2402 3720 2728 3777 severitatis
2786 3729 2843 3777 et
2875 3723 3107 3794 pietatis
3166 3742 3180 3779 :
3243 3726 3343 3780 sed
3375 3725 3475 3793 ita,
3510 3730 3574 3780 ut
3621 3743 3741 3782 non
3774 3728 3854 3783 sit

2190 3806 2445 3863 crudelis
2466 3825 2668 3864 eorum
2698 3812 3281 3884 severitas,quoniam
3303 3814 3352 3868 si
3383 3814 3621 3883 talis,ad
3642 3816 3850 3887 despe-

2191 3896 2473 3951 rationem
2503 3898 2683 3954 trahit
2707 3917 2720 3966 ;
2754 3901 2802 3954 si
2824 3917 2955 3956 vero
2984 3901 3234 3956 remissa
3255 3901 3460 3973 pietas,
3484 3902 3851 3975 negligentes

2193 3985 2349 4040 facit.
2408 3986 2477 4040 Et
2530 3987 2660 4041 ideo
2719 3988 2903 4059 pietas
2936 4006 3071 4044 cum
3105 3990 3434 4060 severitate,
3484 3994 3541 4046 et
3571 3993 3851 4049 severitas

2190 4090 2325 4128 cum
2369 4074 2582 4145 pietate
2613 4076 2785 4131 debet
2833 4094 2982 4133 esse.
3020 4078 3164 4133 Hinc
3222 4083 3311 4134 est
3341 4078 3497 4151 quod
3549 4080 3660 4135 sub
3701 4080 3849 4136 mari

2191 4179 2348 4217 aeneo
2380 4180 2495 4218 non
2555 4163 2745 4219 solum
2802 4166 2997 4233 boves,
3052 4168 3154 4223 sed
3206 4167 3382 4223 etiam
3440 4167 3635 4225 leones
3666 4170 3849 4226 fuisse

2191 4249 2468 4321 leguntur
2524 4252 2625 4322 (III
2682 4259 2810 4324 Reg.
2864 4272 2965 4320 v11,
3024 4256 3136 4325 29).
3196 4256 3346 4320 Quid
3397 4273 3501 4328 per
3530 4257 3704 4313 boves
3733 4258 3848 4314 nisi

2192 4338 2378 4409 pietas
2411 4341 2894 4411 praedicatorum;
2936 4343 3073 4415 quid
3102 4361 3208 4416 per
3239 4344 3457 4414 leones,
3500 4345 3615 4401 nisi
3666 4352 3847 4403 terror

2193 4427 2517 4483 severitatis
2549 4430 2817 4501 signatur
2846 4431 2874 4484 ‘?
2906 4432 3198 4488 Discimus
3230 4433 3387 4487 enim
3419 4432 3477 4488 in
3511 4435 3844 4504 prmfatione

2191 4515 2444 4571 similem
2503 4534 2633 4574 esse
2686 4519 2932 4575 Paulum
2989 4522 3208 4593 Moysi:
3242 4522 3398 4593 quod
3432 4525 3609 4578 etiam
3641 4524 3699 4579 in
3738 4523 3845 4580 hoc

2193 4602 2317 4660 loco
2337 4607 2676 4662 manifestat
2700 4628 2712 4676 ς
2732 4625 2869 4663 nam
2892 4609 3047 4665 sicut
3066 4609 3281 4682 duplex
3306 4611 3551 4667 affectus
3573 4614 3845 4683 possede-

2195 4698 2283 4747 rat
2312 4696 2570 4750 animam
2606 4697 2887 4763 istius,ita
2918 4703 2975 4753 et
3004 4698 3211 4768 ipsius.
3242 4700 3481 4771 Legitur
3510 4698 3666 4755 enlm
3691 4702 3845 4773 quia,

2195 4798 2329 4837 cum
2363 4785 2723 4842 ascendisset
2780 4786 2838 4842 in
2872 4792 3127 4843 montem
3162 4788 3336 4856 (Exod
3363 4790 3563 4859 xxxu),
3606 4795 3674 4845 ut
3700 4792 3843 4846 acci-

2193 4877 2353 4942 peret
2392 4872 2603 4944 legem,
2645 4875 2790 4930 dixit
2829 4876 2882 4931 ei
2923 4877 3078 4932 Deus
3113 4894 3125 4933 :
3160 4878 3455 4934 Descende
3501 4879 3572 4934 de
3628 4885 3836 4951 monte,

2192 4960 2329 5030 quia
2371 4963 2625 5031 peccavit
2656 4963 2907 5035 populus
2936 4970 3163 5037 tuus,et
3189 4972 3460 5039 precante
3491 4966 3591 5023 illo
3622 4968 3841 5024 dimisit

2191 5048 2346 5103 Deus
2379 5066 2585 5105 noxam
2643 5052 2878 5124 populo,
2932 5060 2986 5109 et
3017 5056 3405 5111 descendente
3457 5055 3579 5123 illo,
3607 5058 3840 5130 triginta

2193 5137 2380 5192 millia
2409 5140 2556 5211 (541)
2587 5140 2913 5198 interﬁcere
2936 5144 3295 5213 jussit.Vide
3326 5146 3465 5217 quia
3495 5143 3596 5201 ille
3620 5147 3720 5218 qui
3742 5148 3837 5203 mi-

2193 5366 2455 5431 tanquam
2473 5371 2591 5431 non
2622 5360 2892 5413 venturus
2944 5361 3051 5414 sim
3107 5359 3177 5415 ad
3233 5377 3347 5427 vos,
3393 5362 3473 5415 sic
3502 5361 3697 5431 inﬂati
3721 5366 3835 5418 sunt

2190 5427 2671 5503 qui'giam,_i_n_hoc
2697 5435 2897 5503 nostro
2930 5448 2999 5485 au
3014 5438 3128 5503 tog.
3163 5432 3550 5488 desideratur.

2262 5500 2412 5571 (539)
2441 5498 2615 5570 Vulg.
2650 5500 2849 5571 inﬂati.

2262 5570 2410 5639 (540)
2439 5572 2645 5641 Autog.
2682 5570 2739 5626 in
2770 5580 2969 5628 monte.
3000 5573 3251 5630 fortasse
3278 5575 3337 5630 in
3368 5590 3640 5631 sermone.

2255 5641 2409 5722 (541‘)
2442 5643 2620 5722 Exed.
2652 5646 2947 5722 vxxn,_
3007 5644 3225 5722 legitur
3270 5646 3440 5722 quasi
3491 5647 3705 5721 viginti
3731 5648 3833 5707 tria

2190 5712 2353 5770 milia
2381 5711 2691 5775 hominum
2721 5715 3002 5774 cecidisse
3030 5711 3097 5774 in'
3121 5716 3224 5777 illa
3258 5711 3372 5777 die.
