3942 6408
125 422 232 482 333

677 427 1093 491 EXPOSITIO
1136 431 1215 490 IN
1264 431 1691 493 EPISTOLAS
1741 435 1997 495 PAULI.
2033 437 2221 495 -ΙΝ
2274 437 2520 498 EPIST.
2569 438 2588 496 l
2640 439 2743 498 AD
2789 440 2964 500 COR.

3413 447 3531 505 334

124 554 490 613 sericorditer
519 559 823 629 optaverat
854 563 924 617 de
958 562 1106 618 libro
1147 564 1346 631 deleri,
1403 567 1763 623 descendens
1792 572 1846 638 Α
1878 569 2243 639 Specialitate
2274 570 2466 637 fuerit,
2501 570 3528 645 abjiciendumest,quemadmodum

124 662 309 718 quam,
343 647 662 703 crudeliter
690 650 826 722 egit.

192 735 341 806 (ΟΑΡ.
375 735 473 803 ν.)
505 739 747 795 Omnino
776 740 1006 796 auditur
1033 744 1181 797 inter
1208 760 1297 799 vos
1320 746 1635 813 fornicatio,
1653 750 1759 801 etc.

120 824 510 894 (552).Dicitur
540 841 554 881 :
588 828 830 882 Auditur
846 830 1146 899 fornicatio
1180 834 1346 893 talis;
1377 840 1433 888 et
1454 834 1642 904 qualis
1664 835 1761 901 sit,

1876 657 1970 712 hic
2002 658 2143 713 dicit
2172 660 2511 732 Apostolus.

1946 748 2228 819 Sequitur
2256 766 2269 802 :
2297 751 2408 819 Ego
2437 748 2654 819 quidem
2671 750 2870 804 absens
2885 754 3395 826 corpore,etc.(5!i3)
3418 755 3533 810 Ab-

1876 851 2011 891 sens
2042 844 2166 891 erat
2196 837 2350 892 enim
2381 838 2493 892 iste
2516 853 2710 906 carne,
2758 839 2859 893 sed
2890 842 3088 894 tamen
3119 857 3373 912 praesens
3403 846 3530 899 erat

121 913 413 969 subdendo
447 916 809 981 manifestat,
843 935 977 973 cum
1011 920 1191 975 dicit:
1228 923 1420 990 Qualis
1460 939 1558 976 nec
1615 925 1766 978 inter
1873 924 1973 979 illo
2006 924 2238 995 spiritu,
2271 927 2370 997 qui
2404 926 2587 996 replet
2616 926 2815 981 orbem
2848 931 3138 983 terrarum
3169 930 3526 998 virtute,non

117 1007 319 1073 gentes;
373 1003 433 1058 id
491 1009 600 1073 est,
664 1005 818 1061 inter
852 1007 987 1063 illos
1016 1010 1115 1080 qui
1151 1026 1183 1064 a
1231 1010 1562 1082 cognitione
1588 1011 1762 1067 alieni

118 1091 403 1148 existunt:
439 1094 597 1149 unde
626 1096 805 1150 etiam
837 1097 1090 1168 gentiles
1123 1100 1419 1165 dicuntur,
1452 1100 1622 1179 quasi
1672 1118 1764 1173 ge-

1875 1015 2047 1069 mole.
2071 1013 2201 1069 Alio
2232 1032 2365 1071 vero
2400 1032 2579 1071 sensu
2610 1014 2712 1070 illo
2734 1015 2943 1086 spiritu
2974 1010 3232 1087 praesens
3253 1022 3521 1091 erat,quo

1873 1102 2103 1157 Eliseus
2135 1102 2311 1169 Giezi,
2346 1121 2480 1159 cum
2513 1104 2781 1158 dicebat:
2813 1105 2955 1159 Nam
2974 1120 3083 1160 non
3112 1120 3357 1176 praesens
3377 1108 3527 1180 (544)

117 1181 217 1236 niti
247 1180 414 1237 tales.
448 1183 518 1238 Et
544 1184 852 1241 sciendum
877 1187 1016 1257 quia
1046 1191 1451 1259 exaggerando
1500 1189 1763 1262 loquitur
1870 1207 2044 1258 eram,
2077 1193 2296 1263 quando
2319 1182 2687 1247 occurrit'tibi
2732 1192 2911 1259 homo,
2943 1203 2996 1248 et
3044 1194 3181 1249 talia
3202 1195 3445 1251 tribuit?
3464 1197 3529 1251 Et

118 1270 450 1342 Apostolus,
484 1277 550 1326 ut
595 1271 680 1327 illi
732 1282 1117 1347 agnoscentes
1170 1294 1451 1349 magnum
1510 1279 1757 1346 facinus,

1872 1296 1988 1350 quo
2003 1280 2217 1351 spiritu
2233 1281 2579 1336 benedictus
2594 1281 2664 1336 ad
2674 1281 2785 1336 fuit
2799 1281 3225 1353 suis,sequitur
3248 1299 3261 1339 :
3285 1286 3529 1354 Congre-

118 1359 457 1431 pceniterent
486 1365 543 1416 et
574 1362 958 1419 salvarentur.
993 1365 1058 1419 In
1100 1382 1214 1436 quo
1248 1366 1396 1422 facto
1447 1373 1762 1423 monentur
1869 1370 2016 1436 gatis
2044 1370 2492 1437 vobis,etc.Bene
2517 1370 2659 1423 dicit
2691 1369 2747 1423 in
2780 1370 3017 1425 nomine
3067 1371 3300 1426 Domini
3354 1372 3530 1431 Jesus

113 1449 517 1520 praedicatores
550 1455 614 1506 ut
643 1468 778 1507 cum
803 1454 873 1509 de
904 1453 1101 1525 aliquo
1134 1455 1390 1510 facinore
1410 1454 1755 1527 loquuntur,

1868 1457 2008 1527 quia
2038 1457 2185 1512 nihil
2212 1458 2449 1528 prodest
2480 1462 2799 1512 conventus
2831 1457 2958 1512 sine
2976 1457 3222 1515 Domino
3245 1459 3269 1515 J
3280 1475 3406 1517 esu.
3432 1461 3532 1516 Se-

114 1540 510 1611 exaggerando
540 1539 878 1613 loquantur,
912 1543 1051 1614 quia
1077 1548 1216 1597 sunt
1247 1544 1490 1599 nonnuli
1524 1545 1759 1614 mali,et
1867 1546 2108 1617 quitur:
2140 1546 2412 1614 Iudicavi,
2454 1550 2564 1602 etc.
2594 1564 2607 1613 ;
2640 1547 2808 1616 quasi
2842 1545 3035 1601 dicat:
3065 1547 3195 1602 .lam
3247 1547 3529 1616 judicavi;

112 1628 374 1699 perversi,
402 1629 656 1684 maxime
688 1630 1006 1701 simplices,
1044 1631 1262 1703 quibus
1292 1633 1340 1688 si
1375 1632 1621 1688 remisso
1663 1651 1752 1689 oro

1867 1638 1932 1689 ut
1960 1634 2201 1690 tollatur
2230 1636 2300 1690 de
2324 1636 2517 1691 medio
2549 1641 2830 1703 vestrum,
2862 1641 2914 1689 et
2934 1636 3127 1706 judico
3158 1636 3514 1705 tradere,etc.

111 1715 236 1771 dine
264 1718 475 1773 vitium
502 1719 869 1791 increpetur,
914 1737 1159 1792 parvum
1192 1722 1569 1778 considerant
1624 1738 1754 1778 esse
1864 1722 2037 1778 Varie
2061 1724 2216 1779 enim
2245 1725 2360 1779 iste
2390 1724 2553 1779 locus
2577 1741 2612 1778 a
2635 1723 2974 1779 doctoribus
3004 1722 3337 1794 exponitur.
3371 1724 3527 1779 Non-

114 1804 391 1877 ﬂagitium
420 1832 435 1876 ;
457 1825 593 1863 nam
613 1809 941 1865 secundum
967 1811 1207 1865 modum
1232 1810 1753 1882 locutionis,quan-

1865 1810 2013 1867 nulli
2038 1812 2244 1867 dicunt
2265 1828 2400 1867 eum
2424 1813 2659 1868 Satanas
2677 1812 2965 1867 traditum
2990 1811 3259 1881 fuisse,id
3282 1812 3524 1879 est,dia-

109 1896 324 2001 titatem
356 1896 699 2001 intelligunt
719 1914 847 1953 esse
866 1900 1181 2001 peccatiEt
1202 1900 1329 1956 ideo
1347 1901 1753 1972 exaggerando
1782 1936 1830 2001 Β
1864 1900 2017 1967 bolo,
2055 1901 2128 1955 ad
2159 1901 2514 2001 vexandum,
2550 1905 2615 1955 ut
2648 1905 2895 2001 vexatus
2923 1904 3268 2001 agnosceret
3293 1900 3525 1972 culpam

106 1982 255 2055 loqui
285 1985 521 2054 debent,
554 1992 620 2041 ut
648 1987 790 2042 dum
821 1989 1092 2055 audiunt,
1120 1993 1444 2061 agnoscant
1466 2006 1748 2061 magnum

104 2070 342 2140 facinus,
370 2080 427 2129 et
457 2076 737 2146 paeniteat
767 2092 867 2132 eos
900 2077 1033 2131 facti
1060 2077 1172 2143 sui,
1207 2083 1264 2132 et
1306 2078 1622 2134 salventur.

169 2162 484 2233 Sequitur:
517 2166 608 2219 Ita.
636 2174 696 2220 ut
726 2167 846 2235 quis
868 2182 1100 2220 uxorem.
1128 2169 1308 2237 patris
1339 2167 1554 2222 habeat.
1590 2166 1752 2221 Dixe-

102 2257 181 2306 rat
209 2252 366 2307 enim
402 2254 677 2325 superius
697 2255 921 2309 crimen
942 2256 1347 2310 fornicationis
1369 2255 1749 2327 generaliter;

102 2356 225 2396 nam
242 2341 552 2397 fornicatio
586 2342 991 2397 multasbabet
1017 2344 1476 2415 significationes
1507 2361 1520 2411 ;
1552 2342 1750 2399 etideo

98 2429 343 2497 speciem
378 2430 689 2500 subjunxit
713 2448 725 2485 :
752 2432 834 2485 Ita
862 2437 922 2485 ut
952 2434 1051 2501 qui
1081 2448 1305 2487 uxorem
1320 2434 1503 2502 patris
1525 2432 1747 2488 habeat.

99 2517 199 2572 Iste
215 2519 381 2573 enim
405 2518 637 2589 publice
661 2536 968 2574 novercam
993 2537 1162 2575 suam
1188 2526 1490 2592 acceperat
1513 2538 1526 2587 ;
1546 2526 1603 2577 et
1618 2522 1748 2578 ideo

98 2606 339 2663 dicebat.
376 2606 488 2662 Sed
522 2612 660 2662 nota
689 2608 827 2680 quia
858 2610 1324 2680 unumquodque
1350 2610 1598 2675 facinus,
1632 2627 1749 2681 quo

96 2696 276 2751 rarius
309 2700 600 2767 patratur,
634 2714 699 2751 eo
731 2698 989 2752 deterius
1026 2698 1516 2753 habetur.Rarius
1547 2703 1750 2770 peccat

99 2783 261 2841 homo
291 2784 354 2839 in
388 2786 880 2858 consanguineis:
916 2791 973 2840 et
1004 2803 1119 2857 quo
1151 2787 1360 2856 rarius,
1397 2803 1463 2842 eo
1487 2788 1746 2844 deterius

100 2873 284 2945 ipsum
317 2875 527 2929 vitium
559 2875 824 2929 habetur.
860 2879 977 2930 Iste
1008 2876 1164 2930 enim
1196 2875 1255 2930 in
1308 2876 1747 2949 consanguinea

100 2968 453 3034 peccaverat,
488 2963 627 3036 quia
658 2980 894 3019 uxorem
928 2965 1112 3035 patris
1144 2970 1464 3037 acceperat“.

162 3054 478 3126 Sequitur:
515 3058 579 3109 Et
610 3069 700 3109 vos
728 3055 915 3123 inﬂati
941 3056 1096 3120 estis,
1131 3058 1238 3109 etc.
1264 3057 1406 3109 Cum
1439 3055 1596 3111 enim
1655 3055 1744 3110 in-

100 3148 179 3198 ter
207 3144 352 3199 istos
372 3147 496 3197 tam
524 3159 803 3214 magnum
824 3143 1050 3197 facinus
1075 3143 1284 3207 fuisset
1303 3146 1745 3213 patratum,non

103 3232 278 3303 magis
310 3230 540 3286 luctum
573 3230 928 3295 habuerunt,
962 3230 1061 3284 sed
1095 3230 1493 3300 potiusinﬂa’ti
1518 3230 1748 3285 exstite-

1863 2006 2057 2054 suam,
2116 1994 2173 2044 et
2232 1990 2537 2061 paeniteret
2567 2006 2700 2045 eum
2764 1988 2898 2045 tacti
2942 1988 3057 2056 sui,
3090 1994 3147 2044 et
3176 1988 3523 2045 salvaretur.

1861 2078 2116 2134 Nonnuli
2147 2080 2351 2133 dicunt
2397 2095 2533 2133 eum
2572 2095 2606 2132 a
2666 2076 3082 2132 communione
3112 2077 3428 2149 privatum,
3456 2081 3527 2132 ut

1861 2167 2388 2222 excommunicatio
2420 2164 2786 2237 intelligatur
2817 2180 2920 2237 per
2939 2164 3528 2220 Satanam.Nonnulli

1860 2254 2503 2324 intelliguntcarcerem
2535 2254 2711 2324 :quod
2734 2253 2984 2308 maxime
3028 2252 3388 2308 credendum
3413 2257 3525 2321 est,

1861 2342 2001 2414 quia
2029 2344 2276 2398 Satanas
2307 2342 2505 2413 aliqua
2534 2341 2918 2397 contrarietas
2936 2338 3022 2394 vel
3056 2340 3379 2395 adversitas
3401 2345 3514 2396 est.

1861 2433 1926 2487 Et
1957 2436 2115 2493 nota,
2150 2432 2290 2502 quia
2319 2431 2427 2486 hoc
2451 2430 2748 2501 judicium
2779 2446 2894 2483 non
2932 2444 3001 2483 ex
3021 2426 3384 2497 crudelitate,
3421 2429 3525 2485 sed

1859 2536 1929 2576 ex
1960 2521 2171 2591 pietate
2199 2520 2534 2595 descendit;
2595 2524 2651 2573 et
2711 2517 2914 2573 subdit
2949 2532 2961 2570 :
2999 2518 3063 2574 Ut
3123 2517 3354 2587 spiritus
3402 2517 3523 2574 sat-

1857 2626 1955 2664 vus
1986 2614 2061 2664 sit
2083 2626 2102 2668 .·
2133 2612 2189 2663 et
2217 2608 2357 2662 alibi
2384 2626 2396 2663 :
2431 2610 2545 2678 Qui
2565 2604 2880 2662 inobediens
2908 2605 3070 2661 verba
3102 2612 3290 2661 nostro
3329 2606 3523 2675 fuerit,

1860 2698 2005 2753 hunc
2035 2715 2133 2768 per
2161 2698 2454 2768 epistolam
2478 2699 2747 2765 notate,ut
2774 2709 2885 2749 non
2906 2695 3329 2766 conjungamini
3354 2695 3426 2761 ei,
3450 2703 3521 2750 ut

1865 2787 2249 2857 confundatur
2271 2803 2292 2849 ,'
2320 2794 2693 2841 verumtamen
2725 2799 2837 2839 non
2866 2787 2926 2837 ut
2977 2784 3269 2837 inimicum
3319 2783 3522 2838 existi-

1861 2882 2033 2931 mate.
2065 2877 2164 2931 sed
2192 2877 2461 2945 corrigito
2484 2878 2543 2929 ut
2572 2878 2810 2945 fratrem
2847 2873 2920 2945 (II
2952 2872 3131 2927 Thess.
3166 2888 3251 2939 ιιι,
3286 2870 3394 2942 14).

1930 2966 2163 3021 Dixerat
2191 2964 2363 3035 paulo
2394 2963 2667 3035 superius
2700 2978 2801 3017 eos
2832 2960 3089 3025 inﬂatos,
3122 2976 3256 3015 cum
3329 2959 3520 3033 magis

1856 3054 2080 3108 luctum
2114 3052 2327 3107 habere
2359 3049 2798 3107 debuissent.Et
2827 3049 2937 3104 hoc
2970 3047 3103 3102 aliis
3132 3047 3328 3103 verbis
3358 3063 3522 3118 repe-

1858 3143 1947 3211 tit,
1981 3158 2114 3197 cum
2138 3140 2318 3195 dicit:
2354 3142 2472 3195 Non
2506 3141 2645 3194 bona
2673 3136 2933 3205 gloriatio
2972 3138 3173 3191 vestra.
3237 3136 3342 3191 Pro
3403 3150 3521 3206 quo

1858 3231 2108 3286 habetur
2126 3228 2182 3283 in
2218 3229 2414 3283 Graeco
2436 3246 2454 3282 :
2479 3229 2631 3283 bona
2655 3224 2922 3297 gloriatio
2944 3229 3138 3280 vestra
3162 3241 3175 3292 ;
3202 3224 3258 3278 id
3280 3228 3519 3291 est,non

104 3299 268 3386 runt;
302 3326 362 3376 et
394 3321 524 3375 ideo
555 3319 695 3374 dicit
726 3318 1047 3389 Apostolus
1074 3299 1173 3375 {Et
1206 3334 1293 3372 vos
1318 3319 1506 3386 inﬂati
1531 3320 1746 3387 cslts,et
1777 3299 1819 3364 Ο
1860 3321 2013 3375 bona
2040 3336 2052 3385 ;
2088 3316 2271 3372 inﬂati
2300 3332 2557 3387 namque
2587 3319 2771 3383 erant,
2805 3329 2941 3368 cum
2984 3312 3173 3385 magis
3218 3317 3516 3383 oporteret

105 3425 197 3463 non
226 3413 410 3479 magis
443 3410 650 3464 luctum
680 3408 969 3463 habuistis.
1005 3406 1227 3462 Accidit
1256 3406 1412 3461 enim
1437 3408 1588 3461 inter
1619 3407 1747 3463 illos

104 3499 225 3554 talis
253 3498 588 3565 fornicatio,
622 3497 818 3565 qualis
848 3513 953 3551 nec
984 3496 1134 3551 inter
1162 3500 1366 3566 gentes
1395 3512 1408 3552 :
1432 3500 1489 3550 et
1510 3495 1604 3550 isti
1631 3512 1748 3551 non

105 3584 384 3656 luxerunt,
422 3588 526 3643 sed
558 3587 742 3642 inﬂati
778 3585 1164 3651 exstiterunt;
1206 3590 1264 3640 et
1313 3584 1441 3639 ideo
1474 3586 1582 3640 hoc
1605 3585 1748 3639 dicit

105 3678 425 3747 Apostolus.
487 3676 633 3731 Nam
694 3680 1029 3731 sanctorum
1089 3679 1177 3729 est
1234 3672 1482 3729 aliorum
1512 3678 1747 3745 peccata

107 3767 318 3836 deﬂere,
355 3776 417 3823 ul
448 3765 736 3823 Jeremias
760 3781 771 3818 :
808 3765 939 3831 Quis
966 3764 1119 3818 dabit
1148 3764 1321 3833 capiti
1349 3779 1466 3817 aveo
1494 3779 1701 3834 aquam
1720 3763 1747 3817 ‘I

108 3858 223 3921 (Jer.
257 3875 335 3925 rx,
367 3858 445 3924 1),
475 3859 621 3920 etc.;
651 3858 708 3909 et
735 3852 966 3908 Samuel
997 3852 1210 3924 legitur
1236 3852 1463 3906 ﬂevisse
1510 3852 1746 3907 Saulem

108 3945 147 4014 (Ι
173 3948 298 4020 Reg.
332 3963 425 4012 xv,
457 3942 1050 4015 35).Dominusetiam
1071 3941 1229 3996 ﬂevit
1250 3941 1479 3995 ruinam
1514 3941 1745 4011 perﬁdae

110 4034 362 4104 civitatis,
409 4034 699 4089 dicendo:
762 4032 822 4086 Si
876 4032 1213 4099 cognovisses
1241 4033 1291 4084 et
1322 4033 1382 4084 tu
1436 4031 1571 4100 (Luc
1627 4046 1744 4083 xxx.

116 4123 192 4195 42)
222 4122 617 4195 (subauditur.
651 4122 866 4191 ﬂeres).
902 4119 1063 4175 Unde
1122 4119 1264 4173 dicit
1292 4118 1499 4174 beatus
1532 4120 1746 4189 Grego-

112 4214 256 4281 rius;
288 4215 430 4270 Cum
480 4213 640 4268 enim
691 4210 922 4283 perﬁdae
975 4209 1229 4263 civitatis
1288 4209 1518 4263 ruinam
1570 4208 1743 4272 ﬂevit,

112 4300 426 4356 ostenditur
455 4298 722 4371 quotidie
737 4298 871 4351 ﬁere
892 4300 1126 4368 peccata
1147 4295 1239 4350 sui
1262 4295 1461 4367 p0puli
1484 4311 1587 4366 per
1609 4310 1747 4349 suos

114 4390 531 4457 praedicatores,
562 4388 673 4443 Sed
707 4386 805 4442 isti
836 4402 952 4440 non
986 4388 1152 4440 erant
1184 4384 1353 4451 tales,
1386 4389 1441 4439 et
1472 4384 1600 4439 ideo
1658 4384 1746 4440 in-

115 4476 349 4535 ﬂabantu
358 4498 403 4535 r.

174 4568 478 4641 Sequitur:
550 4567 611 4623 Ut
662 4566 895 4621 tollatur
943 4564 1006 4619 de
1036 4563 1211 4617 medio
1254 4570 1513 4617 vestrum.
1548 4565 1654 4617 ctc.
1688 4561 1748 4617 Si

1859 3426 1958 3463 eos
1988 3408 2215 3461 luctum
2242 3405 2477 3469 habere,
2511 3404 2668 3474 quod
2697 3406 2929 3457 tantum
2962 3401 3117 3456 inter
3143 3417 3243 3456 eos
3300 3400 3516 3457 accidit

1859 3497 2101 3550 crimen.
2136 3496 2395 3559 Quorum
2427 3491 2599 3546 multi
2628 3489 3008 3545 inveniuntur
3037 3489 3383 3555 imitatores,
3414 3488 3516 3560 qui

1860 3601 1963 3640 nec
1987 3598 2291 3651 suam,nec
2312 3581 2559 3636 aliorum
2582 3576 3222 3649 mortemlugent.Nam
3237 3576 3511 3632 nonnulli

1858 3674 2000 3727 adeo
2032 3671 2257 3742 decepti
2290 3674 2431 3724 sunt
2460 3667 2713 3734 diabolo,
2748 3671 2811 3721 ut
2841 3683 2957 3721 non
2989 3665 3181 3721 solum
3242 3681 3356 3720 non
3417 3663 3508 3720 lu-

1857 3765 2033 3833 geant
2060 3759 2147 3815 vel
2180 3776 2306 3828 sua,
2339 3757 2425 3812 vel
2458 3757 2704 3813 aliorum
2730 3758 2987 3827 peccata,
3022 3754 3122 3811 sed
3145 3770 3260 3826 quo
3281 3754 3506 3824 majora

1856 3849 1943 3904 vel
1978 3849 2089 3919 ipsi
2117 3846 2511 3913 commitiunt,
2542 3844 2630 3899 vel
2656 3843 2802 3899 alios
2831 3842 3085 3898 videant.
3140 3859 3206 3897 eo
3259 3840 3509 3897 laetiores

1858 3938 2129 4005 existant,
2164 3937 2234 3991 de
2262 3935 2478 4005 quibus
2499 3932 2773 3988 Salomon
2798 3948 2811 3985 :
2838 3933 3120 3987 Lwtantur
3150 3929 3361 4001 inquit,
3384 3945 3511 3985 cum

1857 4028 2001 4081 male
2030 4026 2264 4097 fecerint
2294 4024 2472 4093 (Prov.
2509 4039 2569 4087 ιι,
2605 4022 2715 4088 14),
2749 4024 2825 4074 et.
2857 4019 3134 4090 Sequitur
3161 4036 3174 4072 :
3220 4018 3369 4088 (445)
3402 4019 3512 4073 Ne-

1856 4116 2014 4170 scitis
2075 4116 2217 4184 quia
2250 4112 2523 4167 modieum
2550 4105 3226 4180 fermentum,etc.Quasi
3250 4106 3508 4161 diceret:

1856 4204 2027 4259 Scitis
2058 4203 2215 4273 quia,
2250 4218 2363 4255 non
2401 4198 2589 4255 solum
2623 4198 2672 4252 si
2707 4212 2921 4267 magna
2951 4212 3086 4268 pars
3107 4194 3375 4250 fermenti
3401 4194 3506 4249 ad-

1851 4294 2059 4364 juncta
2080 4307 2287 4345 massas
2311 4286 2636 4357 corrumpit
2665 4285 2920 4353 eam,scd
2952 4284 3127 4339 etiam
3159 4284 3206 4338 si
3228 4284 3280 4337 ei
3308 4282 3510 4354 aliqua

1857 4378 2253 4453 particula,vel
2271 4376 2527 4432 scintilla
2546 4375 3026 4438 admisceatur;et
3051 4388 3187 4426 cum
3210 4372 3320 4426 boc
3351 4371 3513 4425 scia-

1858 4471 1956 4538 tis,
1990 4486 2094 4523 cur
2123 4473 2351 4522 tantum
2386 4464 2629 4529 crimen,
2661 4461 2817 4533 quod
2857 4464 3110 4514 vestram
3171 4457 3511 4514 societatem

1859 4559 2123 4615 scindere
2138 4550 2703 4627 potest,nonavobis
2718 4545 3003 4620 repellitis
3023 4546 3051 4601 ‘I
3085 4545 3243 4602 Solet
3274 4546 3515 4602 nomine

116 4634 396 4714 enim-non
428 4657 617 4712 babes
648 4659 996 4727 potestatem
1022 4650 1348 4722 corrigendi
1373 4650 1538 4709 illum
1573 4667 1746 4722 quem
1781 4664 1828 4729 D
1858 4644 2128 4703 fermenti
2160 4659 2337 4715 prava
2365 4637 2658 4711 designari
2690 4636 2976 4729 doctrina,
3009 4640 3077 4691 ut
3104 4635 3285 4729 illud:
3322 4634 3516 4729 Cavete

118 4745 167 4798 in
221 4746 431 4820 ﬂagitio
465 4744 794 4817 cognoscis,
829 4741 1057 4798 alienus
1087 4740 1289 4796 existis
1321 4756 1355 4794 a
1384 4744 1615 4810 peccato
1654 4756 1665 4793 :
1701 4738 1750 4794 si

120 4850 235 4891 vero
265 4838 440 4892 babes
465 4836 906 4904 potestatem,et
936 4847 1050 4885 non
1076 4829 1340 4900 corrigis,
1370 4827 1660 4898 particeps
1691 4843 1753 4882 es

122 4922 281 4981 illius.
310 4926 367 4981 Si
399 4930 601 4981 autem
626 4922 807 4978 babes
830 4924 1175 4992 potestatem
1210 4916 1634 4988 corrigendi,et
1654 4917 1751 4970 de-

124 5016 368 5086 sunt,qui
384 5030 519 5071 eum
541 5008 1206 5077 condemnent,tolerare
1221 5023 1351 5061 eum
1374 5006 1753 5075 debes,quem

123 5102 415 5160 admodum
438 5100 729 5159 Dominus
750 5099 979 5155 facinus
994 5098 1360 5168 Judae,quem
1400 5094 1755 5166 proditorem

125 5206 234 5247 esse
263 5194 502 5248 sciebat.
538 5191 609 5245 Et
638 5188 966 5244 notandum
999 5186 1154 5257 quod
1190 5186 1235 5239 si
1269 5184 1476 5239 vitium
1510 5184 1565 5237 in
1590 5198 1761 5255 gene-

128 5278 330 5337 ralitate
358 5281 559 5345 fuerit,
591 5276 924 5333 exeundum
958 5279 1046 5329 est
1072 5293 1085 5342 ;
1115 5273 1268 5345 quod
1303 5273 1485 5328 Isaias
1517 5270 1759 5326 manife-

128 5370 247 5435 stat,
278 5386 406 5425 cum
439 5368 621 5424 dicit:
656 5368 889 5437 Propter
918 5363 1065 5435 quod
1095 5364 1240 5416 exite
1262 5362 1327 5415 de
1351 5360 1756 5430 mediocorum,

127 5460 171 5512 et
197 5459 539 5517 immundum
593 5473 663 5512 ne
718 5455 1009 5525 tetigerilis
1037 5454 1166 5525 (lsa.
1191 5468 1286 5517 LII,
1323 5451 1430 5518 11);
1452 5450 1502 5506 si
1533 5464 1667 5505 vero
1698 5448 1760 5504 in

192 5696 327 5770 (542)
360 5670 422 5755 ni
453 5701 654 5770 autog.
689 5710 875 5770 marg.
911 5688 1007 5748 hic
1038 5686 1250 5759 legitur
1280 5704 1408 5759 cap.

196 5758 331 5847 (543)
366 5771 465 5828 Hic
496 5758 711 5844 legitur
738 5767 801 5825 in
822 5758 1028 5839 iutog,
1062 5758 1247 5836 marg.
1283 5758 1409 5834 cap.
1431 5758 1600 5816 XXII.

1862 4754 1894 4792 a
1922 4738 2187 4807 fermento
2218 4730 2544 4786 Scribarum
2585 4733 2635 4782 et
2668 4726 3081 4783 Pharisaeorum
3118 4726 3270 4794 (Luc.
3311 4740 3412 4791 ιιι,
3446 4725 3513 4793 1;

1864 4826 1998 4879 Mar.
2030 4839 2153 4890 Vlll,
2190 4821 2287 4889 l5).
2324 4819 2392 4873 Et
2422 4814 2663 4890 pulchre
2695 4815 2955 4887 quidem,
3008 4813 3147 4886 quia
3196 4813 3347 4869 sicut
3395 4813 3515 4868 fer-

1866 4916 2127 4969 mentum
2162 4923 2436 4979 magnam
2472 4921 2731 4961 massam
2763 4902 3087 4974 corrumpit
3111 4901 3329 4972 farinae,
3345 4900 3428 4957 sic
3458 4905 3518 4956 et

1866 5018 2042 5073 prava
2073 4998 2340 5053 doctrina
2372 5010 2647 5066 magnam
2681 5008 2941 5048 massam
2964 4990 3120 5056 ﬁdei,
3141 4994 3516 5045 ceterarum-

1868 5107 1979 5163 que
2009 5080 2814 5158 corrumpitvirtutum.Solet
2835 5080 3010 5135 etiam
3027 5078 3322 5150 designari
3338 5094 3519 5151 prava

1867 5179 2039 5235 actio.
2072 5177 2235 5241 Quod
2258 5180 2315 5230 et
2341 5174 2619 5243 bicjuxta
2637 5170 3029 5242 inceptionem
3061 5185 3095 5224 a
3116 5167 3519 5240 populointel-

1867 5267 1999 5338 lige.
2040 5266 2108 5320 Et
2137 5266 2304 5326 bene,
2340 5262 2480 5334 quia
2508 5265 2565 5316 et
2595 5261 2816 5315 crimen
2856 5273 3008 5328 saepe
3064 5273 3339 5329 magnam
3371 5256 3520 5313 solet

1870 5358 2086 5411 sanctas
2117 5350 2575 5408 conversationis
2594 5354 2651 5403 et
2669 5347 2962 5403 societatis
2979 5362 3237 5401 massam
3255 5361 3520 5402 corrum-

1870 5459 2026 5516 pere.
2064 5441 2226 5507 Quod
2260 5440 2475 5513 saepius
2504 5438 2565 5494 in
2593 5435 2810 5511 populo
2855 5435 3193 5492 Judsaorum
3254 5435 3521 5492 evenisse

1949 5681 2099 5752 (544)
2131 5676 2199 5752 ιν
2228 5674 2366 5749 Reg.
2395 5693 2449 5743 ν,
2478 5676 2575 5743 26,
2602 5670 3046 5752 Vulgi-praesens
3076 5672 3194 5729 erat
3220 5683 3313 5727 cor
3340 5679 3526 5726 meum

1948 5743 2096 5834 (545)
2127 5750 2190 5809 In
2221 5743 2418 5822 aut'og.
2454 5763 2639 5822 marg.
2669 5743 2942 5807 οῘΧΧῙΙΙ.
