3942 6392
489 439 603 497 335

1514 430 1851 491 ATTONIS
1899 427 2481 488 VERCELLENSIS
2528 416 2880 487 EPISCOPi

3784 425 3893 484 336

487 570 874 637 monstratur,
898 570 963 620 ut
991 564 1179 620 Achaz
1202 561 1674 636 peccante,multi
1705 560 1976 633 prostrati
1995 562 2134 615 sunt
2162 561 2217 627 Α
2244 562 2361 615 tiae.
2385 568 2437 613 et
2468 560 2726 627 nequitia?
2752 576 2764 613 :
2799 558 2898 612 sed
2925 556 3024 611 ubi
3059 554 3354 616 ostendit;
3384 555 3449 610 In
3478 556 3692 626 azymis
3721 556 3888 611 since-

488 671 683 711 coram
711 654 977 710 hostibus
1008 653 1076 724 (II
1104 654 1217 707 Par
1245 668 1441 721 xxvm,
1473 651 1548 720 5).

560 744 923 815 Quapropter
953 746 1149 796 monet
1205 745 1262 795 et
1319 739 1620 795 hortatur:
1675 742 2007 809 Expurgate,
2042 736 2130 791 in-

486 831 633 904 quit,
664 841 817 887 vetus
841 835 1202 902 fermentum:
1240 828 1295 882 id
1327 832 1415 882 est
1443 826 1673 894 ,veteris
1703 827 1962 882 hominis
1993 841 2130 880 con-

484 920 894 976 versationem.
930 921 991 975 Ut
1020 921 1141 973 sitis
1168 933 1307 971 nova
1353 918 1655 988 conspersio
1714 917 1932 971 Novam
1990 930 2127 968 con-

486 1010 847 1081 spersionem
879 1007 1035 1074 dicit,
1069 1006 1407 1061 societatem
1437 1005 1845 1061 ecclesiasticae
1874 1003 2130 1075 pacis.Et

486 1096 730 1169 pulchre
740 1095 1075 1166 conspersio
1089 1094 1303 1148 dicitur
1329 1094 1678 1165 ;quia,sicut
1700 1111 1767 1148 ex
1784 1112 1833 1147 in
1845 1111 1876 1147 u
1888 1093 1984 1145 ltis
2002 1109 2129 1162 gra-

484 1187 595 1251 nis,
628 1201 730 1257 per
758 1200 921 1255 aquas
952 1183 1458 1251 admistionem,ﬁt
1488 1200 1606 1237 una
1634 1198 1848 1253 magna
1890 1197 2123 1247 massa;

481 1274 568 1329 sic
597 1291 664 1328 ex
694 1272 896 1328 multis
923 1272 1179 1338 sexibus,
1212 1272 1579 1338 mtatibus,ac
1600 1271 2037 1326 conditionibus
2067 1272 2127 1322 lit

480 1380 599 1418 una
627 1362 874 1417 societas
905 1360 1194 1416 Ecclesiae.
1228 1360 1541 1431 Sequitur:
1580 1360 1733 1415 Sicut
1762 1361 1887 1412 estis
1916 1360 2123 1429 azymi.

476 1458 698 1523 Azyma
726 1450 1056 1521 quippepro
1083 1447 1463 1519 simplicitate
1483 1447 1850 1519 ponitur:ﬁlii
1870 1462 2125 1517 namque

478 1539 677 1607 Israel,
710 1538 1051 1609 cogentibus
1082 1537 1385 1608 ZEgyptiis,
1420 1536 1604 1591 solam
1641 1535 1887 1591 farinam
1924 1552 2120 1590 secum

479 1632 881 1700 sumpserunt,
915 1626 1068 1681 unde
1098 1642 1331 1697 azymos
1354 1641 1534 1696 panes
1567 1624 2124 1695 comederunt,quia

476 1716 771 1772 licentiam
788 1713 1172 1770 fermentandi
1190 1730 1306 1768 non
1327 1712 1658 1767 habuerunt
1678 1710 1990 1781 (Exodxn,
2009 1712 2121 1777 39).

477 1804 636 1861 Talis
666 1808 756 1860 est
778 1820 1008 1872 sensus,
1038 1802 1207 1873 quasi
1237 1800 1512 1856 dixisset:
1540 1800 1694 1866 Jam,
1728 1798 1867 1870 quia
1912 1799 2123 1855 veteris

2242 646 2424 699 ritatis
2453 648 2501 699 et
2533 646 2801 699 veritatis.
2835 642 3148 698 Sinceritas
3178 647 3290 708 est,
3338 659 3457 714 qua
3514 641 3709 698 omnis
3767 661 3886 699 cor-

2242 734 2436 804 ruptio
2468 734 2782 803 abjicitur;
2811 732 3046 798 veritas,
3078 749 3195 803 qua
3224 731 3420 786 omnis
3453 730 3688 787 fallacia
3716 732 3886 804 repel-

2241 822 2401 877 litur.

2312 912 2519 983 Scripsi
2545 913 2697 967 vobis
2720 914 2777 966 in
2790 913 3162 982 epistolamon
3182 912 3524 965 commisceri
3545 912 3879 981 fornicariis'

2241 1001 2340 1056 His
2364 1002 2550 1056 verbis
2571 1000 2883 1071 Apostolus
2907 1000 3201 1070 signiﬁcat
3218 1016 3279 1053 se
3302 1000 3884 1070 scripsissezsedquia

2240 1090 2349 1160 ipsi
2384 1108 2495 1144 non
2532 1090 2943 1143 intellexerunt
2974 1089 3045 1143 de
3067 1088 3283 1159 quibus
3306 1088 3635 1143 fornicariis
3661 1088 3879 1153 dixerit,

2237 1178 2365 1232 ideo
2396 1179 2541 1232 forte
2573 1194 2685 1231 non
2712 1178 3020 1247 istum,qui
3044 1176 3263 1231 crimen
3287 1178 3783 1249 admiserat,a3gre
3807 1179 3877 1232 fe-

2239 1268 2461 1337 rebant,
2494 1272 2549 1320 ct
2579 1285 2612 1321 a
2642 1286 2702 1321 sc
2735 1284 2848 1321 non
2882 1265 3387 1336 rcpcllebant.Scd
3423 1266 3729 1321 sciendum
3753 1266 3883 1339 quia

2236 1362 2300 1410 ut
2333 1355 2894 1423 nonnullivolunt,in
2910 1355 3017 1409 hac
3042 1354 3299 1425 Epistola
3320 1355 3441 1409 hanc
3479 1356 3878 1428 descripserat,

2235 1444 2328 1499 alii
2364 1460 2494 1500 vero
2526 1461 2640 1498 non
2676 1443 2732 1498 in
2763 1444 2869 1498 hac
2900 1442 3179 1514 Epistola,
3210 1444 3311 1499 sed
3344 1443 3403 1498 in
3448 1443 3670 1512 altera;
3732 1445 3879 1516 quod

2236 1532 2487 1588 nobilius
2519 1537 2610 1587 est
2640 1533 2808 1602 (547).
2840 1532 3082 1596 Verum,
3114 1532 3254 1603 quia
3284 1532 3397 1602 ipsi
3440 1549 3554 1588 non
3581 1531 3875 1589 intellexe-

2235 1627 2373 1676 runt
2404 1624 2472 1676 de
2503 1621 2719 1692 quibus
2752 1621 3076 1675 fornicariis
3108 1621 3335 1688 dixerit,
3390 1622 3520 1677 ideo
3578 1639 3713 1678 mox
3763 1622 3877 1693 ipse

2233 1711 2571 1781 exponendo
2602 1710 2939 1781 subjunxit:
2972 1711 3085 1764 Non
3117 1712 3301 1782 utique
3344 1713 3673 1781 fornicariis
3725 1711 3879 1782 hujus

2231 1799 2445 1867 mundi,
2478 1804 2610 1867 etc.,
2644 1800 2959 1855 ostendens
2989 1800 3144 1870 quod
3176 1816 3287 1853 non
3324 1800 3395 1855 de
3425 1800 3790 1869 inﬁdelibus,
3812 1806 3870 1855 ut

478 1892 738 1949 hominis
770 1893 1119 1947 fermentum
1150 1889 1468 1961 abjecistis,
1530 1893 1585 1943 et
1643 1887 1897 1943 renovati
1959 1888 2119 1955 estis,
2153 1931 2199 1995 Β
2230 1888 2341 1960 ipsi
2374 1888 2800 1953 intellexerunt,
2835 1888 3063 1954 dixerit,
3080 1889 3180 1942 sed
3210 1889 3279 1943 de
3301 1889 3675 1944 credentibus
3713 1890 3871 1959 (548).

479 1997 683 2053 azyma
738 1984 959 2047 estote;
1000 1979 1058 2033 id
1106 1983 1213 2045 est,
1261 1978 1319 2033 in
1350 1978 1555 2033 eadem
1587 1978 1837 2032 novitate
1868 1982 2115 2032 manele.

479 2070 625 2127 Hinc
654 2074 777 2126 est:
814 2070 1187 2139 Primogenita
1216 2069 1376 2123 asini
1398 2068 1635 2121 mutabis
1654 2083 1747 2121 ove
1775 2066 1970 2134 (Exod.
1995 2083 2116 2121 xm.

477 2158 587 2229 13).
619 2157 1016 2228 Primogenita
1042 2156 1192 2211 asini
1232 2171 1336 2211 ove
1369 2161 1616 2221 mutare,
1649 2160 1738 2210 est
1786 2155 1844 2209 in
1901 2157 2121 2210 mundo

473 2247 600 2302 vitae
622 2244 1294 2318 primordia,sanctitatis
1321 2248 1379 2299 et
1403 2243 2120 2310 castimonizeﬂnnocentia

472 2339 837 2407 superare,et
864 2332 1156 2389 laudabile
1187 2331 1538 2388 sacriﬁcium
1573 2336 1683 2388 Deo
1715 2332 1920 2387 offerre
1945 2350 1958 2399 ;
1980 2332 2120 2402 quia

473 2423 622 2479 nihil
635 2422 1009 2477 immundum
1027 2421 1247 2476 mundo
1262 2421 1379 2476 Deo
1390 2421 1581 2475 oﬁ‘erri
1597 2421 1958 2491 potest.Nam
1977 2420 2117 2491 quia

472 2512 686 2568 fecerat
716 2510 985 2567 fermenti
1014 2515 1072 2565 et
1100 2527 1313 2582 azyma:
1345 2510 1724 2577 mentionem,
1780 2514 1843 2564 ut
1902 2508 2116 2565 intueri

471 2600 709 2657 Pascha
737 2604 948 2656 nostris
970 2598 1362 2655 renovationis
1392 2598 1725 2654 ostenderet
1746 2598 2117 2669 mysterium,

473 2690 775 2746 subdidit:
804 2691 1018 2744 Etenim
1044 2688 1264 2743 Pascha
1293 2690 1560 2755 nostrum,
1602 2690 1711 2741 etc.
1746 2687 1814 2740 Et
1842 2691 1931 2741 est
1986 2703 2117 2741 sen-

475 2795 617 2835 sus:
650 2779 775 2833 Non
808 2776 1462 2849 pecus,nonagnus,sed
1485 2774 1752 2831 Christus
1790 2781 1877 2829 est
1905 2776 2118 2831 immo-

471 2864 649 2936 latus,
683 2866 853 2936 cujus
882 2864 984 2920 illa
1014 2865 1261 2936 ﬁguram
1291 2864 1589 2933 gerebant.
1609 2862 1832 2918 Pascha
1847 2868 1905 2918 et
1938 2863 2119 2934 phase

473 2970 659 3011 unum
685 2969 898 3009 nomen
929 2957 1037 3023 est,
1066 2957 1122 3007 et
1140 2951 1357 3007 dicitur
1388 2968 1420 3007 a
1440 2953 1682 3006 transitu
1714 2956 1771 3006 et
1800 2968 1833 3006 a
1858 2955 2119 3023 passione

472 3046 538 3097 ut
579 3040 816 3114 quidem
869 3039 1194 3110 voluerunt,
1224 3039 1365 3110 quia
1416 3039 1649 3111 paschin
1680 3038 1875 3095 Graece
1901 3040 2117 3094 dicitur

461 3132 647 3202 passio
676 3130 1120 3201 (546).Attamen
1150 3128 1680 3201 congruentissima
1719 3128 1971 3183 duarum
2004 3127 2114 3183 lin-

465 3233 718 3291 guarum
749 3221 1069 3273 mostratur
1097 3216 1449 3288 conjunctio,
1475 3216 1614 3287 quia
1643 3233 1760 3288 qua
1788 3216 1882 3271 die
1906 3233 2115 3289 passus

2232 1978 2544 2049 Sequitur:
2600 1978 2858 2048 Alioquin
2900 1978 3207 2033 debueratis
3239 1978 3307 2033 de
3337 1978 3437 2033 hoc
3462 1979 3666 2034 mundo
3710 1981 3870 2045 exire,

2229 2068 2298 2121 Et
2326 2072 2415 2122 est
2445 2084 2689 2123 sensus:
2726 2068 2784 2121 Si
2816 2083 2917 2121 vos
2948 2068 3259 2122 consortiis
3287 2068 3579 2124 malorum
3630 2068 3870 2124 contenti

2228 2172 2356 2211 esse
2388 2156 2691 2222 deberetis,
2725 2156 3029 2227 prodesset
3047 2156 3211 2210 vobis
3244 2157 3316 2211 de
3345 2159 3565 2213 mundo
3622 2158 3790 2224 exire,
3819 2156 3867 2210 id

2228 2249 2316 2300 est
2349 2246 2516 2300 mori.
2549 2244 2693 2299 Nam
2727 2245 2834 2299 hoc
2866 2245 2995 2299 ideo
3025 2245 3166 2299 dicit
3194 2246 3679 2318 Apostolus,quia
3710 2245 3865 2317 quasi

2228 2335 2689 2406 reeompensatio
2720 2338 2809 2388 est
2838 2333 3031 2398 malis,
3065 2334 3115 2389 si
3146 2334 3259 2390 cito
3290 2336 3364 2390 ab
3395 2334 3504 2390 hac
3563 2335 3688 2390 vita
3719 2349 3869 2406 egre-

2228 2423 2488 2487 diantur,
2522 2438 2592 2477 ne
2626 2423 2790 2488 forte,
2826 2422 2873 2477 si
2907 2422 3130 2477 diutius
3162 2427 3523 2490 maneant,et
3558 2424 3728 2479 bonis
3749 2422 3864 2494 qui-

2226 2511 2359 2566 dem
2393 2516 2656 2575 noceant,
2690 2516 2745 2564 ct
2775 2516 2976 2582 postea
3004 2511 3295 2578 atrociori,
3329 2528 3500 2583 poma
3521 2512 3854 2583 plectantur,

2227 2604 2294 2653 Et
2323 2600 2463 2669 quia
2488 2603 2767 2653 noverant
2788 2599 2975 2653 sancti
3000 2598 3170 2654 malis
3192 2604 3497 2670 peccatum
3520 2602 3862 2671 obesse,non

2229 2691 2477 2740 mortem
2510 2686 2679 2756 (549),
2715 2686 2844 2740 ideo
2876 2686 3197 2741 nonnullos
3221 2689 3430 2744 mortis
3453 2690 3749 2746 sententia
3770 2704 3863 2759 pu-

2228 2775 2479 2829 nierunt.

2298 2863 2378 2918 De
2409 2862 2624 2934 quibus
2655 2878 2865 2939 nempe
2896 2863 3224 2919 fornicariis
3254 2864 3857 2930 dixerit,manifestare

2226 2951 2488 3016 curavit;
2524 2955 2580 3005 et
2606 2950 2734 3005 ideo
2766 2950 3104 3021 subjunxit:
3138 2954 3187 3006 Is
3214 2955 3310 3023 qui
3336 2954 3511 3021 frater
3527 2955 3855 3017 nominatur,

2224 3049 2303 3096 est
2328 3041 2635 3109 fornicator
2665 3041 2837 3111 (550),
2868 3044 2979 3095 etc.
3014 3040 3114 3094 His
3153 3041 3344 3096 verbis
3402 3059 3516 3097 non
3582 3041 3857 3101 interdicit

2223 3129 2539 3202 Apostolus
2569 3146 2702 3184 cum
2732 3128 3067 3184 inﬁdelibus
3098 3130 3296 3185 cibum
3329 3148 3440 3186 non
3474 3149 3609 3190 esse
3637 3147 3851 3190 sumen-

2226 3220 2389 3282 dum,
2424 3218 2562 3290 quia
2587 3218 2711 3289 ipse
2742 3217 2880 3272 alibi
2906 3218 3079 3273 dicit:
3117 3218 3175 3273 Si
3203 3222 3322 3290 quis
3352 3220 3667 3289 inﬁdelium
3719 3228 3854 3278 vocat

465 3312 574 3375 est,
616 3306 886 3362 transivit
915 3306 986 3361 ad
1034 3304 1300 3372 Patrem;
1357 3306 1514 3361 unde
1566 3311 1623 3361 et
1662 3309 1915 3361 Joanes:
1957 3308 2109 3363 Venit
2139 3298 2183 3362 C
2222 3325 2311 3364 vos
2338 3309 2411 3363 ad
2440 3324 2645 3363 uenam
2677 3308 2846 3379 (551),
2875 3311 2930 3362 et
2958 3310 3129 3363 vultis
3152 3310 3250 3375 ire,
3286 3311 3474 3365 omnia
3522 3328 3653 3383 quae
3703 3332 3854 3387 appo-

465 3394 604 3450 hora
632 3394 769 3466 ejus,
791 3396 852 3448 ut
882 3396 1127 3448 transeat
1155 3392 1338 3463 (Joan.
1370 3408 1493 3463 xm,
1528 3393 1601 3460 1).

538 3484 1026 3556 Sequiturzltaque
1053 3481 1647 3552 eputemur.Quaedam
1680 3480 1898 3537 habent
1927 3498 2117 3537 exem-

470 3572 658 3645 plaria
682 3590 695 3627 :
713 3574 869 3627 Festa
884 3570 1212 3627 celebremus
1233 3587 1247 3636 ;
1270 3571 1540 3641 quaedam
1562 3586 1693 3624 vero
1712 3571 1867 3641 quod
1890 3576 2114 3625 utrum-

468 3676 584 3734 que
612 3659 866 3732 exponit,
900 3659 1290 3715 lmtemurSed
1324 3658 1431 3712 rite
1450 3656 1631 3712 laetari
1656 3674 1771 3713 non
1795 3674 2113 3728 possumus

2222 3405 2423 3453 nentur
2452 3398 2597 3452 vobis
2623 3396 2953 3451 manducate
2971 3413 3079 3452 non
3103 3400 3501 3469 interrogantes
3526 3422 3545 3467 ,-
3577 3404 3677 3459 sed
3701 3405 3853 3460 inter-

2223 3487 2363 3543 dicit
2383 3504 2516 3541 cum
2552 3486 2744 3556 fratre,
2779 3486 2834 3539 id
2868 3491 2974 3553 est,
3009 3487 3299 3554 credente,
3335 3487 3383 3541 si
3418 3488 3596 3545 fuerit
3624 3496 3721 3547 aut
3752 3494 3848 3547 for-

2222 3577 2464 3640 nicator,
2499 3579 2599 3629 aut
2628 3573 2849 3644 aliquid
2882 3574 2996 3629 tale
3034 3575 3207 3645 quale
3265 3576 3388 3646 ipse
3447 3586 3847 3637 commemorat

2223 3665 2255 3717 h
2267 3663 2638 3733 abuerit,non
2653 3663 2843 3717 solum
2859 3668 3291 3719 sacramentum
3316 3665 3594 3723 dominici
3609 3670 3844 3741 corporis

469 3750 583 3805 nisi
615 3766 702 3818 ea,
732 3764 858 3819 quae
888 3746 973 3801 illi
1001 3746 1057 3800 in
1093 3751 1225 3817 typo
1255 3745 1525 3816 agebant,
1588 3745 1659 3799 ad
1719 3746 2108 3804 imitationem

465 3834 1036 3906 trahamus.Legitur
1072 3835 1229 3889 enim
1262 3834 1815 3889 Paschacomesuris
1842 3836 2062 3892 dictum
2093 3855 2105 3893 :

463 3924 687 3981 Sument
715 3924 783 3980 de
813 3926 1089 3995 sanguine
1117 3925 1253 3993 agni
1281 3922 1473 3995 (Exod.
1509 3940 1611 3987 κη,
1657 3924 1733 3993 7),
1795 3928 1902 3978 etc-
1967 3927 2111 3981 Dicit
2220 3935 2581 4001 segregatur,
2614 3930 3027 3999 confundatur,
3059 3934 3115 3984 et
3143 3932 3473 3999 erubescat,
3508 3940 3567 3990 et
3597 3934 3844 3991 emende-

457 4012 669 4070 beatus
702 4031 851 4087 papa
881 4012 1231 4085 Gregorius:
1265 4012 1412 4076 Quid
1440 4013 1517 4067 sit
1544 4012 1654 4067 iste
1693 4013 1935 4084 sanguis
1993 4032 2107 4071 non
2216 4023 2333 4074 tur.
2366 4019 2510 4073 Nam
2544 4017 2712 4073 multi
2740 4018 2994 4089 suntqui
3017 4035 3131 4073 non
3159 4019 3498 4093 intelligunt
3520 4039 3583 4079 se
3616 4022 3842 4079 multum

449 4104 577 4174 jam
596 4103 1015 4173 audiendo,sed
1040 4101 1290 4157 bibendo
1312 4101 1743 4173 cognoscimus.
1773 4103 2109 4172 Sequuntur
2216 4124 2507 4179 peccasse,
2541 4106 2653 4161 nisi
2686 4123 2720 4161 a
2748 4108 3041 4162 consortio
3076 4115 3496 4180 seggregentur
3556 4113 3840 4172 bonorum.

454 4197 511 4246 et
544 4196 769 4255 czetera,
803 4207 929 4262 quae
963 4191 1020 4245 in
1053 4190 1184 4260 ejus
1216 4189 1364 4245 libro
1392 4190 1688 4260 leguntur.
2285 4198 2434 4266 (552)
2466 4194 2774 4266 Sequitur:
2812 4195 2953 4263 Quid
2986 4198 3137 4251 enim
3169 4198 3309 4251 mihi
3334 4200 3402 4254 de
3430 4198 3519 4255 his
3574 4205 3670 4273 qui
3718 4200 3841 4272 foris

525 4285 592 4336 Et
620 4280 788 4352 quasi
814 4279 1275 4351 interrogassent
1306 4278 1404 4333 ubi
1435 4277 1658 4348 epulari
1690 4278 1987 4347 deberent,
2024 4296 2104 4335 re-
2212 4283 2612 4355 suntjudicare
2632 4287 2657 4337 .9
2688 4285 2872 4349 Quare
2906 4283 3015 4338 hoc
3044 4284 3185 4339 dicit
3212 4285 3548 4358 Apostolus,
3581 4289 3691 4345 nisi
3720 4286 3838 4360 quia

450 4369 689 4443 spondit
716 4386 727 4423 :
760 4368 883 4424 Non
911 4370 973 4422 in
1000 4370 1265 4439 fermento
1284 4366 1585 4422 veteri.Ubi
1611 4368 2103 4440 notandum,quia
2214 4374 2285 4428 ad
2318 4372 2658 4444 episcopum
2692 4389 2805 4427 non
2839 4374 3325 4443 attinetjudicarc
3350 4375 3699 4444 incredulos,
3749 4373 3832 4430 sed

447 4458 553 4514 ﬁlii
587 4456 763 4514 Israel
795 4458 1147 4512 fermentum
1193 4456 1566 4527 objiciebant,
1600 4460 1656 4510 et
1714 4472 1817 4527 per
1877 4463 2099 4529 septem
2211 4461 2499 4525 credulos,
2535 4462 2936 4526 fornicatores,
2972 4479 3195 4533 avaros,
3228 4469 3331 4519 aut
3356 4464 3579 4536 aliquid
3611 4466 3717 4523 tale
3744 4466 3829 4519 ha-

440 4563 644 4619 azyma
672 4546 1055 4601 comedebant
1084 4545 1537 4616 (Ibid.,15).Nam
1568 4549 1625 4600 et
1663 4562 1769 4600 nos
1795 4562 1896 4617 per
1917 4563 2090 4602 omne
2211 4552 2409 4606 bentes
2436 4555 2457 4605 Ξ³
2487 4551 2553 4604 Et
2583 4567 2696 4606 non
2729 4550 2917 4606 solum
2950 4552 3019 4605 ad
3054 4554 3416 4623 episcopum,
3443 4557 3544 4611 sed
3587 4550 3831 4625 congruit

441 4638 677 4706 tempus
705 4635 832 4688 vitae
866 4639 1074 4689 nostrzn
1104 4638 1329 4705 oportet
1358 4638 1558 4689 sancte
1589 4638 1645 4689 et
1674 4633 1924 4690 innocue
1956 4652 2094 4690 con-
2126 4647 2173 4712 Ι)
2205 4639 2381 4694 etiam
2418 4639 2707 4695 ﬁdelibus.
2743 4640 2810 4694 Et
2841 4639 2969 4695 ideo
3001 4642 3345 4713 subjungit:
3377 4643 3443 4698 de
3470 4644 3558 4700 his
3593 4646 3685 4717 qui
3702 4643 3829 4697 intus

440 4723 683 4778 versari.
719 4722 784 4776 Et
813 4727 880 4776 ut
900 4724 1232 4777 ostenderet
1262 4722 1415 4793 quod
1442 4727 1596 4778 esset
1628 4723 1981 4778 fermentum
2006 4740 2096 4779 ve-
2202 4738 2329 4783 sunt
2352 4728 3076 4801 vosjudica/is,Unicuique
3108 4747 3363 4803 namque
3385 4749 3621 4789 necesse
3645 4732 3828 4801 singu-

440 4815 559 4880 tus,
593 4827 727 4867 mox
746 4810 1073 4882 subjunxit,
1106 4810 1338 4866 dicens:
1370 4812 1488 4866 Non
1520 4812 1579 4865 in
1606 4813 1879 4882 fermento
1920 4814 2087 4868 mali-
2202 4816 2392 4873 lorum
2416 4823 2504 4873 est
2531 4818 2593 4873 in
2617 4817 2871 4873 Ecclesia
2894 4819 3244 4888 judicare,id
3281 4821 3618 4886 est,discere
3656 4832 3825 4876 mores

2220 3760 2276 3808 et
2305 3752 2610 3823 sanguinis
2641 3767 2755 3806 non
2788 3751 3103 3823 percipere,
3126 3768 3326 3808 verum
3360 3770 3464 3810 nec
3490 3773 3845 3813 communem

2219 3842 2415 3897 cibum
2439 3856 2684 3906 sumere,
2719 3845 3028 3911 quatenus,
3053 3842 3195 3896 dum
3228 3858 3261 3896 a
3309 3846 3604 3901 consortio
3664 3853 3841 3903 nostro

511 4955 660 5025 (546)
692 4957 735 5005 Δ
763 4952 938 5008 verbo
968 4970 1188 5025 πασχω,
1221 4953 1426 5024 patior.

511 5026 641 5091 547)
676 5026 941 5080 Fortasse
969 5026 1313 5095 probabilius
1341 5033 1439 5078 est.

512 5095 665 5167 (548)
696 5095 859 5165 Vulg.
886 5102 1021 5167 post
1048 5095 1400 5167 versiculum
1430 5112 1442 5149 :
1478 5096 1591 5149 Non
1623 5098 1813 5165 utique
1838 5100 2081 5167 fornica-

438 5166 542 5219 riis
572 5165 731 5239 hujus
762 5167 978 5235 mundi,
1006 5165 1220 5239 habet;
1252 5170 1347 5219 aut
1374 5168 1580 5239 avaris;
1612 5172 1709 5220 aut
1766 5165 2077 5239 rapacibus,

436 5236 722 5307 antidotis
749 5237 1132 5291 servientibus.
1166 5237 1226 5291 V.
1262 5239 1345 5292 10.
1382 5238 1747 5292 Versiculum
1799 5236 1976 5307 hunc,
2014 5236 2079 5295 ut

435 5306 581 5359 mihi
612 5306 1072 5380 videtur,auc_tor
1097 5307 1533 5380 nostersilentio
1556 5308 1849 5380 praeteriit,
1875 5306 2074 5379 pancis

438 5376 659 5446 exeptis
688 5377 898 5441 verbis,
931 5378 1195 5447 alioquin.
1226 5385 1336 5432 etc.
1371 5379 1513 5433 Hinc
1556 5376 1843 5446 fortasse,
1875 5376 2069 5435 'diver-

431 5447 515 5501 sis
548 5463 757 5517 nempe
790 5446 1423 5509 lectionibus,versiculi
1448 5450 1669 5506 scilicet
1709 5450 1884 5506 noni:
1918 5457 2068 5518 scri-

425 5520 518 5589 psi
545 5518 689 5589 vobis
714 5520 779 5589 in
807 5518 1030 5587 epistoti
1060 5543 1073 5572 :
1106 5520 1181 5573 Ne
1209 5524 1760 5589 commisceamini,et
1796 5524 2066 5578 versiculi

429 5588 764 5663 undecimi:
794 5591 955 5663 Nunc
968 5593 1148 5642 autem
1178 5594 1374 5661 scripsi
1404 5595 1549 5647 vobis
1580 5588 1689 5648 non
1707 5596 2061 5663 commisceri,

2197 4961 2267 5013 de
2294 4977 2416 5037 qua
2441 4960 2498 5037 in
2522 4964 3163 5037 _auto_g.nostro,utrum
3196 4963 3253 5037 in
3288 4963 3673 5037 hacqipsamet
3696 4957 3815 5037 Epi-

2194 5031 2365 5108 _s_t_ola,
2399 5032 2487 5108 vel
2518 5031 2577 5085 in
2630 5031 2741 5108 alia
2772 5033 2879 5087 hoc
2926 5031 3466 5108 idernuscripserit'
3495 5033 3810 5108 Apostolus.

2192 5102 2336 5157 Hinc
2367 5103 2564 5170 etiam,
2599 5104 2819 5158 scilicet
2848 5120 2916 5157 ex
2946 5102 3333 5161 similitudine
3364 5102 3625 5163 textuum
3658 5103 3813 5160 unius

2190 5174 2538 5249 cumaltcro
2570 5175 2771 5249 ve_rsi_c.
2797 5182 2923 5229 orta
2953 5182 3043 5230 est
3076 5176 3134 5231 in
3168 5182 3362 5249 autog.
3418 5186 3617 5235 nostro
3661 5188 3804 5232 com-

2190 5244 2386 5298 mistio
2419 5249 2476 5299 et
2509 5246 2795 5301 confusio.

2257 5318 2406 5385 (549)
2440 5321 2648 5387 Autog.
2686 5322 2879 5372 morte.

2252 5388 2401 5456 (550)
2436 5384 3103 5458 νυΙεῘοοηᾱίιίοῑιαιίιθτ
3134 5390 3253 5447 haec
3287 5393 3465 5448 habet
3493 5410 3505 5460 ;
3547 5394 3611 5448 Si
3638 5392 3699 5460 is,
3728 5384 3812 5460 qui

2176 5458 2357 5526 frater
2385 5457 2727 5535 nominatur,
2763 5466 2838 5514 est
2876 5464 3220 5535 fornicator,
3271 5469 3327 5518 et
3384 5457 3811 5535 sequiturzlay’

2176 5539 2524 5607 avarus,gaut
2554 5531 2714 5586 idolis
2738 5534 2997 5598 serviens,
3024 5537 3124 5588 aut
3150 5529 3486 5607 maledicus;
3513 5542 3617 5591 aut
3659 5529 3810 5587 ebrio-

429 5604 722 5644 unnecnmi
750 5604 764 5642 :
794 5604 955 5640 .‘vunc
968 5604 1148 5642 autem
1178 5606 1373 5661 scripsi
1404 5604 1549 5647 vocis
1580 5610 1687 5648 non
1707 5604 2061 5663 commisceri,

425 5664 484 5715 et
508 5674 577 5713 ex
598 5657 1004 5713 similutudine
1016 5663 1418 5716 contentorum
1443 5663 1501 5716 in
1522 5664 1825 5719 versiculis
1838 5665 2061 5720 decimo

425 5734 483 5815 et
502 5727 836 5800 undecimo,
868 5727 967 5785 ubi
999 5729 1069 5787 de
1098 5730 1308 5803 avaris,
1362 5737 1494 5804 etc.,
1517 5739 1643 5793 orta
1671 5739 1762 5793 est
1789 5734 2055 5809 quaestio,

2222 5604 2685 5742 ίδὲέιίηιινῖῗῗῖϊὲ,
2716 5674 2807 5739 27,
2860 5673 2965 5728 Vul
3015 5715 3029 5729 .
3069 5674 3139 5729 ad
3194 5693 3401 5733 canam
3460 5694 3573 5733 non
3629 5671 3800 5730 habet.

2240 5674 2390 5821 (552)
2421 5742 2484 5799 In
2516 5749 2715 5819 autog.
2751 5760 2938 5821 marg.
2971 5690 3066 5804 gic
3096 5745 3313 5821 legitur
3339 5766 3468 5821 cap.
3493 5748 3678 5809 XXIV.

3015 5762 3066 5804 10

422 5734 483 5815 et
502 5727 836 5800 undecimo,
868 5727 967 5785 ubi
999 5729 1069 5787 de
1098 5730 1308 5803 avaris,
1362 5737 1494 5804 etc.,
1517 5739 1643 5793 orta
1671 5739 1762 5793 est
1789 5734 2055 5809 quaestio,
2421 5742 2484 5799 In
2516 5727 2715 5819 autog.
2751 5727 3678 5833 marg.hiclegiturwcapriili.
