  <div class='ocr_page' id='page_1' title='image "/cluster/home/n/w/nwhite01/storage/ocr_20150623/134-135/uc1.31175013627537/180.png"; bbox 0 0 3942 6406; ppageno 0'>
   <div class='ocr_carea' id='block_1_1' title="bbox 141 508 257 570">
    <p class='ocr_par' dir='ltr' id='par_1_1' title="bbox 141 508 257 570">
     <span class='ocr_line' id='line_1_1' title="bbox 141 508 257 570; baseline 0 -1"><span class='ocrx_word' id='word_1_1' title='bbox 141 508 257 570; x_wconf 76' lang='grc'>345</span> 
     </span>
    </p>
   </div>
   <div class='ocr_carea' id='block_1_2' title="bbox 713 511 2991 579">
    <p class='ocr_par' dir='ltr' id='par_1_2' title="bbox 713 511 2991 579">
     <span class='ocr_line' id='line_1_2' title="bbox 713 511 2991 579; baseline 0.001 -7"><span class='ocrx_word' id='word_1_2' title='bbox 713 511 1126 576; x_wconf 85' lang='lat' dir='ltr'>EXPOSITIO</span> <span class='ocrx_word' id='word_1_3' title='bbox 1170 512 1248 576; x_wconf 82' lang='lat' dir='ltr'>IN</span> <span class='ocrx_word' id='word_1_4' title='bbox 1293 514 1725 576; x_wconf 84' lang='lat' dir='ltr'>EPlS&#39;l‘OLAS</span> <span class='ocrx_word' id='word_1_5' title='bbox 1769 515 2025 579; x_wconf 77' lang='lat' dir='ltr'>PAULI.</span> <span class='ocrx_word' id='word_1_6' title='bbox 2064 551 2141 562; x_wconf 93' lang='lat'><strong>—</strong></span> <span class='ocrx_word' id='word_1_7' title='bbox 2178 518 2257 578; x_wconf 90' lang='lat' dir='ltr'>IN</span> <span class='ocrx_word' id='word_1_8' title='bbox 2299 516 2550 578; x_wconf 87' lang='lat' dir='ltr'>EPIST.</span> <span class='ocrx_word' id='word_1_9' title='bbox 2596 515 2621 578; x_wconf 92' lang='grc' dir='ltr'><strong>Ι</strong></span> <span class='ocrx_word' id='word_1_10' title='bbox 2666 517 2771 578; x_wconf 82' lang='lat' dir='ltr'>AD</span> <span class='ocrx_word' id='word_1_11' title='bbox 2816 516 2991 578; x_wconf 82' lang='lat' dir='ltr'>COR.</span> 
     </span>
    </p>
   </div>
   <div class='ocr_carea' id='block_1_3' title="bbox 3440 511 3558 575">
    <p class='ocr_par' dir='ltr' id='par_1_3' title="bbox 3440 511 3558 575">
     <span class='ocr_line' id='line_1_3' title="bbox 3440 511 3558 575; baseline -0.034 0"><span class='ocrx_word' id='word_1_12' title='bbox 3440 511 3558 575; x_wconf 73' lang='lat'>346</span> 
     </span>
    </p>
   </div>
   <div class='ocr_carea' id='block_1_4' title="bbox 139 648 3562 723">
    <p class='ocr_par' dir='ltr' id='par_1_4' title="bbox 139 648 3562 723">
     <span class='ocr_line' id='line_1_4' title="bbox 139 648 3562 723; baseline 0.001 -22"><span class='ocrx_word' id='word_1_13' title='bbox 139 659 512 712; x_wconf 84' lang='lat' dir='ltr'>concessum,</span> <span class='ocrx_word' id='word_1_14' title='bbox 538 649 594 701; x_wconf 88' lang='lat' dir='ltr'>et</span> <span class='ocrx_word' id='word_1_15' title='bbox 618 663 732 702; x_wconf 90' lang='lat' dir='ltr'>non</span> <span class='ocrx_word' id='word_1_16' title='bbox 760 648 1092 704; x_wconf 80' lang='lat' dir='ltr'>considerat</span> <span class='ocrx_word' id='word_1_17' title='bbox 1118 649 1330 721; x_wconf 87' lang='lat' dir='ltr'>qualis,</span> <span class='ocrx_word' id='word_1_18' title='bbox 1354 655 1408 706; x_wconf 94' lang='lat' dir='ltr'>et</span> <span class='ocrx_word' id='word_1_19' title='bbox 1440 655 1699 721; x_wconf 90' lang='lat' dir='ltr'>quantus</span> <span class='ocrx_word' id='word_1_20' title='bbox 1720 651 1798 705; x_wconf 90' lang='lat' dir='ltr'>sit</span> <span class='ocrx_word' id='word_1_21' title='bbox 1827 653 1880 718; x_wconf 80' lang='grc' dir='ltr'>Α</span> <span class='ocrx_word' id='word_1_22' title='bbox 1912 652 2086 706; x_wconf 91' lang='lat' dir='ltr'>modo</span> <span class='ocrx_word' id='word_1_23' title='bbox 2108 657 2162 707; x_wconf 92' lang='lat' dir='ltr'>te</span> <span class='ocrx_word' id='word_1_24' title='bbox 2180 659 2371 723; x_wconf 89' lang='lat' dir='ltr'>putas,</span> <span class='ocrx_word' id='word_1_25' title='bbox 2389 653 2619 723; x_wconf 86' lang='lat' dir='ltr'>impure</span> <span class='ocrx_word' id='word_1_26' title='bbox 2632 649 3114 716; x_wconf 71' lang='lat' dir='ltr'>vivendo,cmlum</span> <span class='ocrx_word' id='word_1_27' title='bbox 3135 649 3333 705; x_wconf 90' lang='lat' dir='ltr'>subire</span> <span class='ocrx_word' id='word_1_28' title='bbox 3352 648 3562 720; x_wconf 82' lang='lat' dir='ltr'>posse?</span> 
     </span>
    </p>
   </div>
   <div class='ocr_carea' id='block_1_5' title="bbox 140 734 1793 809">
    <p class='ocr_par' dir='ltr' id='par_1_5' title="bbox 140 734 1793 809">
     <span class='ocr_line' id='line_1_5' title="bbox 140 734 1793 809; baseline 0.003 -20"><span class='ocrx_word' id='word_1_29' title='bbox 140 734 272 805; x_wconf 85' lang='lat' dir='ltr'>iste,</span> <span class='ocrx_word' id='word_1_30' title='bbox 297 735 399 806; x_wconf 88' lang='lat' dir='ltr'>qui</span> <span class='ocrx_word' id='word_1_31' title='bbox 433 750 632 791; x_wconf 89' lang='lat' dir='ltr'>servos</span> <span class='ocrx_word' id='word_1_32' title='bbox 663 754 777 791; x_wconf 88' lang='lat' dir='ltr'>non</span> <span class='ocrx_word' id='word_1_33' title='bbox 803 737 994 793; x_wconf 89' lang='lat' dir='ltr'>solum</span> <span class='ocrx_word' id='word_1_34' title='bbox 1021 740 1243 809; x_wconf 52' lang='lat' dir='ltr'>fratres,</span> <span class='ocrx_word' id='word_1_35' title='bbox 1269 740 1370 794; x_wconf 89' lang='lat' dir='ltr'>sed</span> <span class='ocrx_word' id='word_1_36' title='bbox 1403 743 1577 794; x_wconf 88' lang='lat' dir='ltr'>etiam</span> <span class='ocrx_word' id='word_1_37' title='bbox 1610 756 1793 794; x_wconf 91' lang='lat' dir='ltr'>mem-</span> 
     </span>
    </p>
   </div>
   <div class='ocr_carea' id='block_1_6' title="bbox 139 825 1794 895">
    <p class='ocr_par' dir='ltr' id='par_1_6' title="bbox 139 825 1794 895">
     <span class='ocr_line' id='line_1_6' title="bbox 139 825 1794 895; baseline 0.002 -17"><span class='ocrx_word' id='word_1_38' title='bbox 139 825 247 879; x_wconf 88' lang='lat' dir='ltr'>bra</span> <span class='ocrx_word' id='word_1_39' title='bbox 276 825 524 880; x_wconf 90' lang='lat' dir='ltr'>vocavit.</span> <span class='ocrx_word' id='word_1_40' title='bbox 561 825 677 881; x_wconf 92' lang='lat' dir='ltr'>Hoc</span> <span class='ocrx_word' id='word_1_41' title='bbox 707 827 919 882; x_wconf 79' lang='lat' dir='ltr'>etenim</span> <span class='ocrx_word' id='word_1_42' title='bbox 954 829 1196 895; x_wconf 88' lang='lat' dir='ltr'>donum,</span> <span class='ocrx_word' id='word_1_43' title='bbox 1227 830 1275 884; x_wconf 90' lang='lat' dir='ltr'>si</span> <span class='ocrx_word' id='word_1_44' title='bbox 1310 845 1424 883; x_wconf 91' lang='lat' dir='ltr'>non</span> <span class='ocrx_word' id='word_1_45' title='bbox 1461 829 1794 895; x_wconf 77' lang='lat' dir='ltr'>haberetur,</span> 
     </span>
    </p>
   </div>
   <div class='ocr_carea' id='block_1_7' title="bbox 143 911 1793 987">
    <p class='ocr_par' dir='ltr' id='par_1_7' title="bbox 143 911 1793 987">
     <span class='ocr_line' id='line_1_7' title="bbox 143 911 1793 987; baseline 0.003 -21"><span class='ocrx_word' id='word_1_46' title='bbox 143 911 579 968; x_wconf 80' lang='lat' dir='ltr'>desideraretur</span> <span class='ocrx_word' id='word_1_47' title='bbox 599 957 612 981; x_wconf 88' lang='lat'>,</span> <span class='ocrx_word' id='word_1_48' title='bbox 642 915 742 969; x_wconf 90' lang='lat' dir='ltr'>sed</span> <span class='ocrx_word' id='word_1_49' title='bbox 776 915 915 987; x_wconf 89' lang='lat' dir='ltr'>quia</span> <span class='ocrx_word' id='word_1_50' title='bbox 940 916 1206 985; x_wconf 89' lang='lat' dir='ltr'>habetur,</span> <span class='ocrx_word' id='word_1_51' title='bbox 1231 918 1312 972; x_wconf 87' lang='lat' dir='ltr'>ita</span> <span class='ocrx_word' id='word_1_52' title='bbox 1344 918 1657 973; x_wconf 90' lang='lat' dir='ltr'>vivendum</span> <span class='ocrx_word' id='word_1_53' title='bbox 1685 923 1793 983; x_wconf 89' lang='lat' dir='ltr'>est,</span> 
     </span>
    </p>
   </div>
   <div class='ocr_carea' id='block_1_8' title="bbox 143 1001 1471 1076">
    <p class='ocr_par' dir='ltr' id='par_1_8' title="bbox 143 1001 1471 1076">
     <span class='ocr_line' id='line_1_8' title="bbox 143 1001 1471 1076; baseline 0.005 -21"><span class='ocrx_word' id='word_1_54' title='bbox 143 1006 206 1056; x_wconf 89' lang='lat' dir='ltr'>ut</span> <span class='ocrx_word' id='word_1_55' title='bbox 235 1018 351 1056; x_wconf 93' lang='lat' dir='ltr'>non</span> <span class='ocrx_word' id='word_1_56' title='bbox 386 1001 694 1058; x_wconf 88' lang='lat' dir='ltr'>amittatur</span> <span class='ocrx_word' id='word_1_57' title='bbox 721 1009 777 1058; x_wconf 88' lang='lat' dir='ltr'>et</span> <span class='ocrx_word' id='word_1_58' title='bbox 804 1012 998 1076; x_wconf 82' lang='lat' dir='ltr'>grates</span> <span class='ocrx_word' id='word_1_59' title='bbox 1031 1006 1081 1061; x_wconf 92' lang='lat' dir='ltr'>ei</span> <span class='ocrx_word' id='word_1_60' title='bbox 1124 1008 1471 1062; x_wconf 89' lang='lat' dir='ltr'>referantur.</span> 
     </span>
    </p>
   </div>
   <div class='ocr_carea' id='block_1_9' title="bbox 213 1090 1796 1166">
    <p class='ocr_par' dir='ltr' id='par_1_9' title="bbox 213 1090 1796 1166">
     <span class='ocr_line' id='line_1_9' title="bbox 213 1090 1796 1166; baseline 0.003 -20"><span class='ocrx_word' id='word_1_61' title='bbox 213 1090 324 1146; x_wconf 87' lang='lat' dir='ltr'>Sed</span> <span class='ocrx_word' id='word_1_62' title='bbox 361 1091 601 1147; x_wconf 87' lang='lat' dir='ltr'>fuerunt</span> <span class='ocrx_word' id='word_1_63' title='bbox 631 1094 918 1160; x_wconf 87' lang='lat' dir='ltr'>nonnulli,</span> <span class='ocrx_word' id='word_1_64' title='bbox 952 1097 1050 1166; x_wconf 85' lang='lat' dir='ltr'>qui</span> <span class='ocrx_word' id='word_1_65' title='bbox 1085 1097 1359 1152; x_wconf 85' lang='lat' dir='ltr'>dixerunt</span> <span class='ocrx_word' id='word_1_66' title='bbox 1399 1098 1638 1166; x_wconf 81' lang='lat' dir='ltr'>majoris</span> <span class='ocrx_word' id='word_1_67' title='bbox 1687 1097 1796 1152; x_wconf 85' lang='lat' dir='ltr'>cri-</span> 
     </span>
    </p>
   </div>
   <div class='ocr_carea' id='block_1_10' title="bbox 143 1180 1798 1255">
    <p class='ocr_par' dir='ltr' id='par_1_10' title="bbox 143 1180 1798 1255">
     <span class='ocr_line' id='line_1_10' title="bbox 143 1180 1798 1255; baseline 0.005 -22"><span class='ocrx_word' id='word_1_68' title='bbox 143 1180 320 1234; x_wconf 89' lang='lat' dir='ltr'>minis</span> <span class='ocrx_word' id='word_1_69' title='bbox 343 1197 474 1236; x_wconf 90' lang='lat' dir='ltr'>esse</span> <span class='ocrx_word' id='word_1_70' title='bbox 505 1181 812 1238; x_wconf 87' lang='lat' dir='ltr'>mulierem</span> <span class='ocrx_word' id='word_1_71' title='bbox 836 1184 960 1239; x_wconf 85' lang='lat' dir='ltr'>viro</span> <span class='ocrx_word' id='word_1_72' title='bbox 991 1202 1003 1251; x_wconf 93' lang='lat'><strong>;</strong></span> <span class='ocrx_word' id='word_1_73' title='bbox 1038 1185 1137 1240; x_wconf 91' lang='lat' dir='ltr'>sed</span> <span class='ocrx_word' id='word_1_74' title='bbox 1173 1203 1245 1240; x_wconf 89' lang='lat' dir='ltr'>ne</span> <span class='ocrx_word' id='word_1_75' title='bbox 1267 1186 1508 1255; x_wconf 86' lang='lat' dir='ltr'>majoris</span> <span class='ocrx_word' id='word_1_76' title='bbox 1532 1186 1798 1242; x_wconf 85' lang='lat' dir='ltr'>criminis</span> 
     </span>
    </p>
   </div>
   <div class='ocr_carea' id='block_1_11' title="bbox 138 1269 1797 1344">
    <p class='ocr_par' dir='ltr' id='par_1_11' title="bbox 138 1269 1797 1344">
     <span class='ocr_line' id='line_1_11' title="bbox 138 1269 1797 1344; baseline 0.003 -20"><span class='ocrx_word' id='word_1_77' title='bbox 138 1269 456 1338; x_wconf 88' lang='lat' dir='ltr'>videretur,</span> <span class='ocrx_word' id='word_1_78' title='bbox 490 1271 616 1326; x_wconf 89' lang='lat' dir='ltr'>ideo</span> <span class='ocrx_word' id='word_1_79' title='bbox 648 1271 789 1326; x_wconf 86' lang='lat' dir='ltr'>dicit</span> <span class='ocrx_word' id='word_1_80' title='bbox 818 1273 1133 1344; x_wconf 80' lang='lat' dir='ltr'>Apostolus</span> <span class='ocrx_word' id='word_1_81' title='bbox 1167 1292 1179 1329; x_wconf 89' lang='lat'><strong>:</strong></span> <span class='ocrx_word' id='word_1_82' title='bbox 1232 1277 1455 1330; x_wconf 85' lang='lat' dir='ltr'>Faciens</span> <span class='ocrx_word' id='word_1_83' title='bbox 1491 1275 1797 1330; x_wconf 84' lang='lat' dir='ltr'>membrum</span> 
     </span>
    </p>
   </div>
   <div class='ocr_carea' id='block_1_12' title="bbox 139 1362 1797 1437">
    <p class='ocr_par' dir='ltr' id='par_1_12' title="bbox 139 1362 1797 1437">
     <span class='ocr_line' id='line_1_12' title="bbox 139 1362 1797 1437; baseline 0.002 -22"><span class='ocrx_word' id='word_1_84' title='bbox 139 1362 462 1415; x_wconf 74' lang='lat' dir='ltr'>meretricis.</span> <span class='ocrx_word' id='word_1_85' title='bbox 496 1362 771 1431; x_wconf 80' lang='lat' dir='ltr'>Sequitur</span> <span class='ocrx_word' id='word_1_86' title='bbox 805 1378 818 1415; x_wconf 90' lang='lat'><strong>:</strong></span> <span class='ocrx_word' id='word_1_87' title='bbox 877 1365 956 1416; x_wconf 81' lang='lat' dir='ltr'>An</span> <span class='ocrx_word' id='word_1_88' title='bbox 987 1366 1210 1419; x_wconf 73' lang='lat' dir='ltr'>nescitis</span> <span class='ocrx_word' id='word_1_89' title='bbox 1241 1367 1375 1436; x_wconf 83' lang='lat' dir='ltr'>quia</span> <span class='ocrx_word' id='word_1_90' title='bbox 1402 1367 1499 1437; x_wconf 86' lang='lat' dir='ltr'>qui</span> <span class='ocrx_word' id='word_1_91' title='bbox 1543 1365 1797 1421; x_wconf 67' lang='lat' dir='ltr'>adhaeret</span> 
     </span>
    </p>
   </div>
   <div class='ocr_carea' id='block_1_13' title="bbox 142 1450 1799 1521">
    <p class='ocr_par' dir='ltr' id='par_1_13' title="bbox 142 1450 1799 1521">
     <span class='ocr_line' id='line_1_13' title="bbox 142 1450 1799 1521; baseline 0.004 -18"><span class='ocrx_word' id='word_1_92' title='bbox 142 1451 440 1515; x_wconf 81' lang='lat' dir='ltr'>meretrici,</span> <span class='ocrx_word' id='word_1_93' title='bbox 473 1455 581 1505; x_wconf 90' lang='lat' dir='ltr'>etc.</span> <span class='ocrx_word' id='word_1_94' title='bbox 607 1450 781 1514; x_wconf 84' lang='lat' dir='ltr'>Quasi</span> <span class='ocrx_word' id='word_1_95' title='bbox 810 1452 1028 1507; x_wconf 86' lang='lat' dir='ltr'>diceret</span> <span class='ocrx_word' id='word_1_96' title='bbox 1053 1469 1064 1506; x_wconf 91' lang='lat'><strong>:</strong></span> <span class='ocrx_word' id='word_1_97' title='bbox 1099 1453 1224 1508; x_wconf 89' lang='lat' dir='ltr'>Non</span> <span class='ocrx_word' id='word_1_98' title='bbox 1253 1455 1492 1509; x_wconf 88' lang='lat' dir='ltr'>nescitis</span> <span class='ocrx_word' id='word_1_99' title='bbox 1519 1473 1530 1521; x_wconf 85' lang='lat'>;</span> <span class='ocrx_word' id='word_1_100' title='bbox 1567 1456 1663 1509; x_wconf 89' lang='lat' dir='ltr'>sed</span> <span class='ocrx_word' id='word_1_101' title='bbox 1692 1455 1799 1508; x_wconf 91' lang='lat' dir='ltr'>sci-</span> 
     </span>
    </p>
   </div>
   <div class='ocr_carea' id='block_1_14' title="bbox 142 1538 1798 1614">
    <p class='ocr_par' dir='ltr' id='par_1_14' title="bbox 142 1538 1798 1614">
     <span class='ocr_line' id='line_1_14' title="bbox 142 1538 1798 1614; baseline 0.004 -22"><span class='ocrx_word' id='word_1_102' title='bbox 142 1538 236 1604; x_wconf 84' lang='lat' dir='ltr'>tis,</span> <span class='ocrx_word' id='word_1_103' title='bbox 272 1540 430 1594; x_wconf 89' lang='lat' dir='ltr'>Bene</span> <span class='ocrx_word' id='word_1_104' title='bbox 459 1539 600 1593; x_wconf 90' lang='lat' dir='ltr'>dicit</span> <span class='ocrx_word' id='word_1_105' title='bbox 633 1558 644 1594; x_wconf 91' lang='lat'>:</span> <span class='ocrx_word' id='word_1_106' title='bbox 698 1542 876 1598; x_wconf 89' lang='lat' dir='ltr'>Unum</span> <span class='ocrx_word' id='word_1_107' title='bbox 905 1557 1140 1612; x_wconf 82' lang='lat' dir='ltr'>corpus;</span> <span class='ocrx_word' id='word_1_108' title='bbox 1184 1544 1341 1614; x_wconf 87' lang='lat' dir='ltr'>quia,</span> <span class='ocrx_word' id='word_1_109' title='bbox 1377 1544 1530 1598; x_wconf 89' lang='lat' dir='ltr'>sicut</span> <span class='ocrx_word' id='word_1_110' title='bbox 1561 1561 1678 1598; x_wconf 90' lang='lat' dir='ltr'>una</span> <span class='ocrx_word' id='word_1_111' title='bbox 1709 1549 1798 1598; x_wconf 90' lang='lat' dir='ltr'>est</span> 
     </span>
    </p>
   </div>
   <div class='ocr_carea' id='block_1_15' title="bbox 143 1629 1800 1702">
    <p class='ocr_par' dir='ltr' id='par_1_15' title="bbox 143 1629 1800 1702">
     <span class='ocr_line' id='line_1_15' title="bbox 143 1629 1800 1702; baseline 0.003 -19"><span class='ocrx_word' id='word_1_112' title='bbox 143 1634 375 1693; x_wconf 89' lang='lat' dir='ltr'>natura,</span> <span class='ocrx_word' id='word_1_113' title='bbox 409 1629 490 1684; x_wconf 90' lang='lat' dir='ltr'>ita</span> <span class='ocrx_word' id='word_1_114' title='bbox 519 1646 636 1684; x_wconf 89' lang='lat' dir='ltr'>una</span> <span class='ocrx_word' id='word_1_115' title='bbox 667 1633 757 1685; x_wconf 90' lang='lat' dir='ltr'>est</span> <span class='ocrx_word' id='word_1_116' title='bbox 783 1629 988 1702; x_wconf 84' lang='lat' dir='ltr'>culpa;</span> <span class='ocrx_word' id='word_1_117' title='bbox 1026 1635 1082 1686; x_wconf 93' lang='lat' dir='ltr'>et</span> <span class='ocrx_word' id='word_1_118' title='bbox 1112 1633 1266 1688; x_wconf 89' lang='lat' dir='ltr'>sicut</span> <span class='ocrx_word' id='word_1_119' title='bbox 1297 1650 1415 1688; x_wconf 89' lang='lat' dir='ltr'>una</span> <span class='ocrx_word' id='word_1_120' title='bbox 1443 1639 1531 1689; x_wconf 90' lang='lat' dir='ltr'>est</span> <span class='ocrx_word' id='word_1_121' title='bbox 1560 1633 1710 1688; x_wconf 89' lang='lat' dir='ltr'>actio</span> <span class='ocrx_word' id='word_1_122' title='bbox 1742 1639 1800 1688; x_wconf 90' lang='lat' dir='ltr'>et</span> 
     </span>
    </p>
   </div>
   <div class='ocr_carea' id='block_1_16' title="bbox 142 1717 1796 1793">
    <p class='ocr_par' dir='ltr' id='par_1_16' title="bbox 142 1717 1796 1793">
     <span class='ocr_line' id='line_1_16' title="bbox 142 1717 1796 1793; baseline 0.003 -21"><span class='ocrx_word' id='word_1_123' title='bbox 142 1718 470 1787; x_wconf 88' lang='lat' dir='ltr'>delectatio,</span> <span class='ocrx_word' id='word_1_124' title='bbox 499 1717 581 1772; x_wconf 91' lang='lat' dir='ltr'>ita</span> <span class='ocrx_word' id='word_1_125' title='bbox 611 1736 779 1790; x_wconf 63' lang='lat' dir='ltr'>aequa</span> <span class='ocrx_word' id='word_1_126' title='bbox 807 1726 895 1775; x_wconf 88' lang='lat' dir='ltr'>est</span> <span class='ocrx_word' id='word_1_127' title='bbox 927 1723 1188 1777; x_wconf 73' lang='lat' dir='ltr'>offensio.</span> <span class='ocrx_word' id='word_1_128' title='bbox 1240 1722 1519 1793; x_wconf 87' lang='lat' dir='ltr'>Sequitur</span> <span class='ocrx_word' id='word_1_129' title='bbox 1551 1740 1563 1777; x_wconf 96' lang='lat'>:</span> <span class='ocrx_word' id='word_1_130' title='bbox 1618 1724 1796 1777; x_wconf 84' lang='lat' dir='ltr'>Erunt</span> 
     </span>
    </p>
   </div>
   <div class='ocr_carea' id='block_1_17' title="bbox 141 1806 1797 1882">
    <p class='ocr_par' dir='ltr' id='par_1_17' title="bbox 141 1806 1797 1882">
     <span class='ocr_line' id='line_1_17' title="bbox 141 1806 1797 1882; baseline 0.004 -22"><span class='ocrx_word' id='word_1_131' title='bbox 141 1806 246 1861; x_wconf 86' lang='lat' dir='ltr'>duo</span> <span class='ocrx_word' id='word_1_132' title='bbox 276 1809 338 1862; x_wconf 89' lang='lat' dir='ltr'>in</span> <span class='ocrx_word' id='word_1_133' title='bbox 368 1823 538 1862; x_wconf 83' lang='lat' dir='ltr'>carne</span> <span class='ocrx_word' id='word_1_134' title='bbox 557 1825 689 1864; x_wconf 88' lang='lat' dir='ltr'>una.</span> <span class='ocrx_word' id='word_1_135' title='bbox 715 1809 832 1864; x_wconf 90' lang='lat' dir='ltr'>Hoc</span> <span class='ocrx_word' id='word_1_136' title='bbox 863 1810 1075 1865; x_wconf 86' lang='lat' dir='ltr'>etenim</span> <span class='ocrx_word' id='word_1_137' title='bbox 1114 1811 1301 1882; x_wconf 91' lang='lat' dir='ltr'>primo</span> <span class='ocrx_word' id='word_1_138' title='bbox 1325 1811 1548 1866; x_wconf 89' lang='lat' dir='ltr'>homini</span> <span class='ocrx_word' id='word_1_139' title='bbox 1573 1811 1797 1866; x_wconf 90' lang='lat' dir='ltr'>dictum</span> 
     </span>
    </p>
   </div>
   <div class='ocr_carea' id='block_1_18' title="bbox 141 1898 1795 1972">
    <p class='ocr_par' dir='ltr' id='par_1_18' title="bbox 141 1898 1795 1972">
     <span class='ocr_line' id='line_1_18' title="bbox 141 1898 1795 1972; baseline 0.002 -22"><span class='ocrx_word' id='word_1_140' title='bbox 141 1901 228 1951; x_wconf 91' lang='lat' dir='ltr'>est</span> <span class='ocrx_word' id='word_1_141' title='bbox 262 1913 274 1950; x_wconf 91' lang='lat'><strong>:</strong></span> <span class='ocrx_word' id='word_1_142' title='bbox 329 1899 562 1968; x_wconf 83' lang='lat' dir='ltr'>Propter</span> <span class='ocrx_word' id='word_1_143' title='bbox 591 1898 692 1952; x_wconf 85' lang='lat' dir='ltr'>hoc</span> <span class='ocrx_word' id='word_1_144' title='bbox 720 1900 993 1970; x_wconf 82' lang='lat' dir='ltr'>relinquet</span> <span class='ocrx_word' id='word_1_145' title='bbox 1037 1901 1194 1955; x_wconf 84' lang='lat' dir='ltr'>homo</span> <span class='ocrx_word' id='word_1_146' title='bbox 1236 1905 1453 1972; x_wconf 75' lang='lat' dir='ltr'>patrem</span> <span class='ocrx_word' id='word_1_147' title='bbox 1483 1905 1536 1956; x_wconf 90' lang='lat' dir='ltr'>et</span> <span class='ocrx_word' id='word_1_148' title='bbox 1563 1910 1795 1956; x_wconf 78' lang='lat' dir='ltr'>matrem</span> 
     </span>
    </p>
   </div>
   <div class='ocr_carea' id='block_1_19' title="bbox 1907 738 3558 811">
    <p class='ocr_par' dir='ltr' id='par_1_19' title="bbox 1907 738 3558 811">
     <span class='ocr_line' id='line_1_19' title="bbox 1907 738 3558 811; baseline -0.001 -16"><span class='ocrx_word' id='word_1_149' title='bbox 1907 741 1962 795; x_wconf 91' lang='lat' dir='ltr'>Si</span> <span class='ocrx_word' id='word_1_150' title='bbox 1981 742 2261 797; x_wconf 91' lang='lat' dir='ltr'>enimNoe</span> <span class='ocrx_word' id='word_1_151' title='bbox 2279 743 2759 810; x_wconf 90' lang='lat' dir='ltr'>solus,malorum</span> <span class='ocrx_word' id='word_1_152' title='bbox 2779 740 3163 811; x_wconf 89' lang='lat' dir='ltr'>relinquendo</span> <span class='ocrx_word' id='word_1_153' title='bbox 3177 738 3558 808; x_wconf 87' lang='lat' dir='ltr'>consortium,</span> 
     </span>
    </p>
   </div>
   <div class='ocr_carea' id='block_1_20' title="bbox 1906 827 3559 900">
    <p class='ocr_par' dir='ltr' id='par_1_20' title="bbox 1906 827 3559 900">
     <span class='ocr_line' id='line_1_20' title="bbox 1906 827 3559 900; baseline -0.003 -14"><span class='ocrx_word' id='word_1_154' title='bbox 1906 837 1963 887; x_wconf 90' lang='lat' dir='ltr'>et</span> <span class='ocrx_word' id='word_1_155' title='bbox 1992 848 2187 886; x_wconf 90' lang='lat' dir='ltr'>arcam</span> <span class='ocrx_word' id='word_1_156' title='bbox 2219 832 2609 896; x_wconf 83' lang='lat' dir='ltr'>ascendendo,</span> <span class='ocrx_word' id='word_1_157' title='bbox 2645 847 2958 885; x_wconf 86' lang='lat' dir='ltr'>commune</span> <span class='ocrx_word' id='word_1_158' title='bbox 2993 828 3323 900; x_wconf 88' lang='lat' dir='ltr'>periculum</span> <span class='ocrx_word' id='word_1_159' title='bbox 3357 827 3559 882; x_wconf 90' lang='lat' dir='ltr'>diluvii</span> 
     </span>
    </p>
   </div>
   <div class='ocr_carea' id='block_1_21' title="bbox 1907 920 3558 993">
    <p class='ocr_par' dir='ltr' id='par_1_21' title="bbox 1907 920 3558 993">
     <span class='ocr_line' id='line_1_21' title="bbox 1907 920 3558 993; baseline -0.004 -16"><span class='ocrx_word' id='word_1_160' title='bbox 1907 921 2089 977; x_wconf 85' lang='lat' dir='ltr'>evasit</span> <span class='ocrx_word' id='word_1_161' title='bbox 2112 923 2261 993; x_wconf 84' lang='lat' dir='ltr'>(Gen.</span> <span class='ocrx_word' id='word_1_162' title='bbox 2285 939 2362 987; x_wconf 85' lang='lat' dir='ltr'>v1,</span> <span class='ocrx_word' id='word_1_163' title='bbox 2389 923 2443 991; x_wconf 90' lang='lat'>7,</span> <span class='ocrx_word' id='word_1_164' title='bbox 2469 921 2524 990; x_wconf 83' lang='lat'>8)</span> <span class='ocrx_word' id='word_1_165' title='bbox 2547 937 2560 985; x_wconf 90' lang='lat'><strong>;</strong></span> <span class='ocrx_word' id='word_1_166' title='bbox 2589 920 2882 991; x_wconf 89' lang='lat' dir='ltr'>quomodo</span> <span class='ocrx_word' id='word_1_167' title='bbox 2907 924 2962 973; x_wconf 87' lang='lat' dir='ltr'>te</span> <span class='ocrx_word' id='word_1_168' title='bbox 2987 923 3160 989; x_wconf 90' lang='lat' dir='ltr'>putas</span> <span class='ocrx_word' id='word_1_169' title='bbox 3182 932 3558 973; x_wconf 87' lang='lat' dir='ltr'>communem</span> 
     </span>
    </p>
   </div>
   <div class='ocr_carea' id='block_1_22' title="bbox 1907 1005 3561 1075">
    <p class='ocr_par' dir='ltr' id='par_1_22' title="bbox 1907 1005 3561 1075">
     <span class='ocr_line' id='line_1_22' title="bbox 1907 1005 3561 1075; baseline -0.002 -11"><span class='ocrx_word' id='word_1_170' title='bbox 1907 1010 2236 1075; x_wconf 88' lang='lat' dir='ltr'>interitum,</span> <span class='ocrx_word' id='word_1_171' title='bbox 2291 1009 2602 1065; x_wconf 86' lang='lat' dir='ltr'>consortiis</span> <span class='ocrx_word' id='word_1_172' title='bbox 2661 1008 2952 1063; x_wconf 89' lang='lat' dir='ltr'>malorum</span> <span class='ocrx_word' id='word_1_173' title='bbox 3008 1007 3272 1070; x_wconf 90' lang='lat' dir='ltr'>fruendo,</span> <span class='ocrx_word' id='word_1_174' title='bbox 3305 1005 3561 1061; x_wconf 87' lang='lat' dir='ltr'>transire</span> 
     </span>
    </p>
   </div>
   <div class='ocr_carea' id='block_1_23' title="bbox 1910 1094 3557 1170">
    <p class='ocr_par' dir='ltr' id='par_1_23' title="bbox 1910 1094 3557 1170">
     <span class='ocr_line' id='line_1_23' title="bbox 1910 1094 3557 1170; baseline -0.004 -15"><span class='ocrx_word' id='word_1_175' title='bbox 1910 1100 2128 1170; x_wconf 87' lang='lat' dir='ltr'>posse?</span> <span class='ocrx_word' id='word_1_176' title='bbox 2157 1099 2216 1154; x_wconf 88' lang='lat' dir='ltr'>Si</span> <span class='ocrx_word' id='word_1_177' title='bbox 2266 1099 2423 1154; x_wconf 90' lang='lat' dir='ltr'>enim</span> <span class='ocrx_word' id='word_1_178' title='bbox 2478 1097 2776 1152; x_wconf 83' lang='lat' dir='ltr'>Abraham</span> <span class='ocrx_word' id='word_1_179' title='bbox 2810 1095 2994 1162; x_wconf 91' lang='lat' dir='ltr'>solus,</span> <span class='ocrx_word' id='word_1_180' title='bbox 3028 1096 3106 1151; x_wconf 92' lang='lat' dir='ltr'>Ur</span> <span class='ocrx_word' id='word_1_181' title='bbox 3152 1094 3557 1151; x_wconf 71' lang='lat' dir='ltr'>Chaldaeorum</span> 
     </span>
    </p>
   </div>
   <div class='ocr_carea' id='block_1_24' title="bbox 1908 1183 3560 1260">
    <p class='ocr_par' dir='ltr' id='par_1_24' title="bbox 1908 1183 3560 1260">
     <span class='ocr_line' id='line_1_24' title="bbox 1908 1183 3560 1260; baseline -0.003 -17"><span class='ocrx_word' id='word_1_182' title='bbox 1908 1189 2059 1260; x_wconf 87' lang='lat' dir='ltr'>(Gen.</span> <span class='ocrx_word' id='word_1_183' title='bbox 2103 1207 2183 1253; x_wconf 73' lang='lat' dir='ltr'>x1,</span> <span class='ocrx_word' id='word_1_184' title='bbox 2233 1189 2346 1256; x_wconf 85' lang='grc'>31),</span> <span class='ocrx_word' id='word_1_185' title='bbox 2379 1189 2436 1242; x_wconf 92' lang='lat' dir='ltr'>id</span> <span class='ocrx_word' id='word_1_186' title='bbox 2487 1192 2594 1254; x_wconf 89' lang='lat' dir='ltr'>est,</span> <span class='ocrx_word' id='word_1_187' title='bbox 2630 1187 2828 1258; x_wconf 82' lang='lat' dir='ltr'>ignem</span> <span class='ocrx_word' id='word_1_188' title='bbox 2859 1185 3261 1256; x_wconf 90' lang='lat' dir='ltr'>relinquendo,</span> <span class='ocrx_word' id='word_1_189' title='bbox 3297 1183 3560 1239; x_wconf 84' lang='lat' dir='ltr'>benedici</span> 
     </span>
    </p>
   </div>
   <div class='ocr_carea' id='block_1_25' title="bbox 1911 1273 3560 1350">
    <p class='ocr_par' dir='ltr' id='par_1_25' title="bbox 1911 1273 3560 1350">
     <span class='ocr_line' id='line_1_25' title="bbox 1911 1273 3560 1350; baseline -0.003 -18"><span class='ocrx_word' id='word_1_190' title='bbox 1911 1279 2554 1350; x_wconf 87' lang='lat' dir='ltr'>promeruit,quomodo</span> <span class='ocrx_word' id='word_1_191' title='bbox 2573 1282 2634 1331; x_wconf 89' lang='lat' dir='ltr'>tu</span> <span class='ocrx_word' id='word_1_192' title='bbox 2655 1276 2712 1330; x_wconf 92' lang='lat' dir='ltr'>in</span> <span class='ocrx_word' id='word_1_193' title='bbox 2731 1277 2864 1348; x_wconf 88' lang='lat' dir='ltr'>igne</span> <span class='ocrx_word' id='word_1_194' title='bbox 2881 1274 3133 1330; x_wconf 84' lang='lat' dir='ltr'>carnalis</span> <span class='ocrx_word' id='word_1_195' title='bbox 3156 1273 3560 1329; x_wconf 83' lang='lat' dir='ltr'>delectationis</span> 
     </span>
    </p>
   </div>
   <div class='ocr_carea' id='block_1_26' title="bbox 1909 1364 3562 1437">
    <p class='ocr_par' dir='ltr' id='par_1_26' title="bbox 1909 1364 3562 1437">
     <span class='ocr_line' id='line_1_26' title="bbox 1909 1364 3562 1437; baseline -0.004 -15"><span class='ocrx_word' id='word_1_196' title='bbox 1909 1368 2306 1435; x_wconf 88' lang='lat' dir='ltr'>consistendo,</span> <span class='ocrx_word' id='word_1_197' title='bbox 2323 1366 2588 1422; x_wconf 89' lang='lat' dir='ltr'>benedici</span> <span class='ocrx_word' id='word_1_198' title='bbox 2608 1367 2818 1437; x_wconf 85' lang='lat' dir='ltr'>putas?</span> <span class='ocrx_word' id='word_1_199' title='bbox 2838 1366 2893 1419; x_wconf 88' lang='lat' dir='ltr'>Si</span> <span class='ocrx_word' id='word_1_200' title='bbox 2913 1366 3070 1420; x_wconf 85' lang='lat' dir='ltr'>Isaac</span> <span class='ocrx_word' id='word_1_201' title='bbox 3089 1365 3159 1420; x_wconf 93' lang='lat' dir='ltr'>de</span> <span class='ocrx_word' id='word_1_202' title='bbox 3181 1364 3355 1418; x_wconf 91' lang='lat' dir='ltr'>domo</span> <span class='ocrx_word' id='word_1_203' title='bbox 3372 1379 3562 1435; x_wconf 90' lang='lat' dir='ltr'>egres-</span> 
     </span>
    </p>
   </div>
   <div class='ocr_carea' id='block_1_27' title="bbox 1909 1452 3556 1528">
    <p class='ocr_par' dir='ltr' id='par_1_27' title="bbox 1909 1452 3556 1528">
     <span class='ocr_line' id='line_1_27' title="bbox 1909 1452 3556 1528; baseline -0.004 -17"><span class='ocrx_word' id='word_1_204' title='bbox 1909 1474 2010 1512; x_wconf 92' lang='lat' dir='ltr'>sus</span> <span class='ocrx_word' id='word_1_205' title='bbox 2042 1457 2100 1509; x_wconf 91' lang='lat' dir='ltr'>in</span> <span class='ocrx_word' id='word_1_206' title='bbox 2125 1473 2329 1528; x_wconf 85' lang='lat' dir='ltr'>agrum</span> <span class='ocrx_word' id='word_1_207' title='bbox 2363 1456 2433 1510; x_wconf 87' lang='lat' dir='ltr'>ad</span> <span class='ocrx_word' id='word_1_208' title='bbox 2469 1454 2873 1509; x_wconf 86' lang='lat' dir='ltr'>meditandum</span> <span class='ocrx_word' id='word_1_209' title='bbox 2904 1453 3062 1508; x_wconf 87' lang='lat' dir='ltr'>venit</span> <span class='ocrx_word' id='word_1_210' title='bbox 3083 1453 3236 1520; x_wconf 85' lang='lat' dir='ltr'>(Gen.</span> <span class='ocrx_word' id='word_1_211' title='bbox 3266 1469 3418 1517; x_wconf 76' lang='lat' dir='ltr'>xxiv,</span> <span class='ocrx_word' id='word_1_212' title='bbox 3441 1452 3556 1519; x_wconf 85' lang='lat'>63),</span> 
     </span>
    </p>
   </div>
   <div class='ocr_carea' id='block_1_28' title="bbox 1909 1539 3561 1617">
    <p class='ocr_par' dir='ltr' id='par_1_28' title="bbox 1909 1539 3561 1617">
     <span class='ocr_line' id='line_1_28' title="bbox 1909 1539 3561 1617; baseline -0.005 -17"><span class='ocrx_word' id='word_1_213' title='bbox 1909 1546 2200 1617; x_wconf 88' lang='lat' dir='ltr'>quomodo</span> <span class='ocrx_word' id='word_1_214' title='bbox 2223 1545 2356 1599; x_wconf 89' lang='lat' dir='ltr'>tuin</span> <span class='ocrx_word' id='word_1_215' title='bbox 2374 1545 2546 1599; x_wconf 87' lang='lat' dir='ltr'>domo</span> <span class='ocrx_word' id='word_1_216' title='bbox 2577 1543 2830 1599; x_wconf 90' lang='lat' dir='ltr'>carnalis</span> <span class='ocrx_word' id='word_1_217' title='bbox 2859 1540 3264 1598; x_wconf 85' lang='lat' dir='ltr'>delectationis</span> <span class='ocrx_word' id='word_1_218' title='bbox 3300 1539 3561 1594; x_wconf 73' lang='lat' dir='ltr'>coelestia</span> 
     </span>
    </p>
   </div>
   <div class='ocr_carea' id='block_1_29' title="bbox 1909 1627 3563 1702">
    <p class='ocr_par' dir='ltr' id='par_1_29' title="bbox 1909 1627 3563 1702">
     <span class='ocr_line' id='line_1_29' title="bbox 1909 1627 3563 1702; baseline -0.004 -14"><span class='ocrx_word' id='word_1_219' title='bbox 1909 1634 2144 1689; x_wconf 91' lang='lat' dir='ltr'>rimaris</span> <span class='ocrx_word' id='word_1_220' title='bbox 2165 1635 2192 1688; x_wconf 86' lang='lat'><strong>?</strong></span> <span class='ocrx_word' id='word_1_221' title='bbox 2221 1634 2277 1688; x_wconf 89' lang='lat' dir='ltr'>Si</span> <span class='ocrx_word' id='word_1_222' title='bbox 2311 1634 2468 1689; x_wconf 91' lang='lat' dir='ltr'>enim</span> <span class='ocrx_word' id='word_1_223' title='bbox 2499 1633 2679 1689; x_wconf 88' lang='lat' dir='ltr'>Jacob</span> <span class='ocrx_word' id='word_1_224' title='bbox 2712 1636 2769 1687; x_wconf 90' lang='lat' dir='ltr'>et</span> <span class='ocrx_word' id='word_1_225' title='bbox 2811 1631 2913 1686; x_wconf 84' lang='lat' dir='ltr'>ﬁlii</span> <span class='ocrx_word' id='word_1_226' title='bbox 2959 1632 3085 1701; x_wconf 88' lang='lat' dir='ltr'>ejus</span> <span class='ocrx_word' id='word_1_227' title='bbox 3119 1646 3270 1702; x_wconf 67' lang='lat' dir='ltr'>aegre</span> <span class='ocrx_word' id='word_1_228' title='bbox 3298 1627 3563 1684; x_wconf 87' lang='lat' dir='ltr'>tulerunt</span> 
     </span>
    </p>
   </div>
   <div class='ocr_carea' id='block_1_30' title="bbox 1907 1717 3560 1795">
    <p class='ocr_par' dir='ltr' id='par_1_30' title="bbox 1907 1717 3560 1795">
     <span class='ocr_line' id='line_1_30' title="bbox 1907 1717 3560 1795; baseline -0.005 -15"><span class='ocrx_word' id='word_1_229' title='bbox 1907 1728 2180 1795; x_wconf 82' lang='lat' dir='ltr'>stuprum</span> <span class='ocrx_word' id='word_1_230' title='bbox 2216 1725 2370 1777; x_wconf 72' lang='lat' dir='ltr'>Dina:</span> <span class='ocrx_word' id='word_1_231' title='bbox 2401 1724 2554 1795; x_wconf 85' lang='lat' dir='ltr'>(Gen.</span> <span class='ocrx_word' id='word_1_232' title='bbox 2586 1739 2778 1788; x_wconf 73' lang='lat' dir='ltr'>xxxrv,</span> <span class='ocrx_word' id='word_1_233' title='bbox 2810 1723 2888 1792; x_wconf 91' lang='lat'>7),</span> <span class='ocrx_word' id='word_1_234' title='bbox 2921 1720 3216 1793; x_wconf 85' lang='lat' dir='ltr'>quomodo</span> <span class='ocrx_word' id='word_1_235' title='bbox 3246 1723 3308 1774; x_wconf 90' lang='lat' dir='ltr'>tu</span> <span class='ocrx_word' id='word_1_236' title='bbox 3340 1717 3400 1773; x_wconf 91' lang='lat' dir='ltr'>in</span> <span class='ocrx_word' id='word_1_237' title='bbox 3433 1721 3560 1772; x_wconf 89' lang='lat' dir='ltr'>stu-</span> 
     </span>
    </p>
   </div>
   <div class='ocr_carea' id='block_1_31' title="bbox 1907 1806 3559 1885">
    <p class='ocr_par' dir='ltr' id='par_1_31' title="bbox 1907 1806 3559 1885">
     <span class='ocr_line' id='line_1_31' title="bbox 1907 1806 3559 1885; baseline -0.005 -17"><span class='ocrx_word' id='word_1_238' title='bbox 1907 1815 2171 1885; x_wconf 87' lang='lat' dir='ltr'>pratione</span> <span class='ocrx_word' id='word_1_239' title='bbox 2197 1813 2417 1884; x_wconf 91' lang='lat' dir='ltr'>proprii</span> <span class='ocrx_word' id='word_1_240' title='bbox 2441 1813 2703 1884; x_wconf 90' lang='lat' dir='ltr'>corporis</span> <span class='ocrx_word' id='word_1_241' title='bbox 2727 1810 2939 1866; x_wconf 74' lang='lat' dir='ltr'>laetaris</span> <span class='ocrx_word' id='word_1_242' title='bbox 2959 1810 2987 1864; x_wconf 76' lang='lat' dir='ltr'>‘I</span> <span class='ocrx_word' id='word_1_243' title='bbox 3019 1810 3077 1865; x_wconf 91' lang='lat' dir='ltr'>Si</span> <span class='ocrx_word' id='word_1_244' title='bbox 3109 1809 3328 1880; x_wconf 87' lang='lat' dir='ltr'>Joseph</span> <span class='ocrx_word' id='word_1_245' title='bbox 3357 1806 3559 1862; x_wconf 85' lang='lat' dir='ltr'>lauda-</span> 
     </span>
    </p>
   </div>
   <div class='ocr_carea' id='block_1_32' title="bbox 1908 1897 3564 1971">
    <p class='ocr_par' dir='ltr' id='par_1_32' title="bbox 1908 1897 3564 1971">
     <span class='ocr_line' id='line_1_32' title="bbox 1908 1897 3564 1971; baseline -0.004 -13"><span class='ocrx_word' id='word_1_246' title='bbox 1908 1902 2044 1959; x_wconf 92' lang='lat' dir='ltr'>bilis</span> <span class='ocrx_word' id='word_1_247' title='bbox 2062 1902 2214 1957; x_wconf 90' lang='lat' dir='ltr'>inter</span> <span class='ocrx_word' id='word_1_248' title='bbox 2237 1905 2444 1958; x_wconf 86' lang='lat' dir='ltr'>fratres</span> <span class='ocrx_word' id='word_1_249' title='bbox 2469 1902 2763 1968; x_wconf 90' lang='lat' dir='ltr'>inventus,</span> <span class='ocrx_word' id='word_1_250' title='bbox 2786 1905 2844 1954; x_wconf 90' lang='lat' dir='ltr'>et</span> <span class='ocrx_word' id='word_1_251' title='bbox 2864 1900 3116 1971; x_wconf 83' lang='lat' dir='ltr'>figuram</span> <span class='ocrx_word' id='word_1_252' title='bbox 3139 1897 3352 1954; x_wconf 90' lang='lat' dir='ltr'>Christi</span> <span class='ocrx_word' id='word_1_253' title='bbox 3376 1901 3564 1969; x_wconf 90' lang='lat' dir='ltr'>gesta-</span> 
     </span>
    </p>
   </div>
   <div class='ocr_carea' id='block_1_33' title="bbox 141 1984 3560 2088">
    <p class='ocr_par' dir='ltr' id='par_1_33' title="bbox 141 1984 3560 2088">
     <span class='ocr_line' id='line_1_33' title="bbox 141 1984 3560 2088; baseline 0 -49"><span class='ocrx_word' id='word_1_254' title='bbox 141 1984 293 2088; x_wconf 68' lang='lat' dir='ltr'>(Gen.</span> <span class='ocrx_word' id='word_1_255' title='bbox 320 2001 387 2051; x_wconf 84' lang='grc' dir='ltr'>ιι,</span> <span class='ocrx_word' id='word_1_256' title='bbox 408 1987 520 2057; x_wconf 80' lang='grc'>24),</span> <span class='ocrx_word' id='word_1_257' title='bbox 544 1992 654 2042; x_wconf 88' lang='lat' dir='ltr'>etc.</span> <span class='ocrx_word' id='word_1_258' title='bbox 679 1987 826 2051; x_wconf 88' lang='lat' dir='ltr'>Quia</span> <span class='ocrx_word' id='word_1_259' title='bbox 853 1988 1006 2043; x_wconf 89' lang='lat' dir='ltr'>sicut</span> <span class='ocrx_word' id='word_1_260' title='bbox 1036 2006 1139 2060; x_wconf 88' lang='lat' dir='ltr'>per</span> <span class='ocrx_word' id='word_1_261' title='bbox 1169 1989 1394 2044; x_wconf 91' lang='lat' dir='ltr'>licitum</span> <span class='ocrx_word' id='word_1_262' title='bbox 1418 1990 1796 2045; x_wconf 89' lang='lat' dir='ltr'>concubitum</span> <span class='ocrx_word' id='word_1_263' title='bbox 1831 2024 1878 2088; x_wconf 80' lang='grc' dir='ltr'><strong>Β</strong></span> <span class='ocrx_word' id='word_1_264' title='bbox 1906 1991 1988 2046; x_wconf 88' lang='lat' dir='ltr'>vit</span> <span class='ocrx_word' id='word_1_265' title='bbox 2031 1993 2102 2046; x_wconf 92' lang='lat' dir='ltr'>ob</span> <span class='ocrx_word' id='word_1_266' title='bbox 2155 1991 2285 2061; x_wconf 90' lang='lat' dir='ltr'>hoc,</span> <span class='ocrx_word' id='word_1_267' title='bbox 2318 1993 2458 2062; x_wconf 86' lang='lat' dir='ltr'>quia</span> <span class='ocrx_word' id='word_1_268' title='bbox 2497 1990 2719 2046; x_wconf 90' lang='lat' dir='ltr'>crimen</span> <span class='ocrx_word' id='word_1_269' title='bbox 2749 1988 3152 2046; x_wconf 86' lang='lat' dir='ltr'>fornicationis</span> <span class='ocrx_word' id='word_1_270' title='bbox 3183 1986 3385 2054; x_wconf 87' lang='lat' dir='ltr'>evasit,</span> <span class='ocrx_word' id='word_1_271' title='bbox 3419 1985 3560 2057; x_wconf 91' lang='lat' dir='ltr'>quid</span> 
     </span>
    </p>
   </div>
   <div class='ocr_carea' id='block_1_34' title="bbox 141 2075 1796 2150">
    <p class='ocr_par' dir='ltr' id='par_1_34' title="bbox 141 2075 1796 2150">
     <span class='ocr_line' id='line_1_34' title="bbox 141 2075 1796 2150; baseline 0.003 -21"><span class='ocrx_word' id='word_1_272' title='bbox 141 2075 256 2129; x_wconf 89' lang='lat' dir='ltr'>duo</span> <span class='ocrx_word' id='word_1_273' title='bbox 286 2091 476 2130; x_wconf 90' lang='lat' dir='ltr'>unum</span> <span class='ocrx_word' id='word_1_274' title='bbox 510 2081 649 2131; x_wconf 91' lang='lat' dir='ltr'>sunt</span> <span class='ocrx_word' id='word_1_275' title='bbox 678 2093 914 2149; x_wconf 86' lang='lat' dir='ltr'>corpus;</span> <span class='ocrx_word' id='word_1_276' title='bbox 948 2080 1029 2132; x_wconf 91' lang='lat' dir='ltr'>ita</span> <span class='ocrx_word' id='word_1_277' title='bbox 1080 2096 1182 2150; x_wconf 90' lang='lat' dir='ltr'>per</span> <span class='ocrx_word' id='word_1_278' title='bbox 1234 2078 1502 2134; x_wconf 90' lang='lat' dir='ltr'>illicitum</span> <span class='ocrx_word' id='word_1_279' title='bbox 1537 2096 1796 2134; x_wconf 89' lang='lat' dir='ltr'>amorem</span> 
     </span>
    </p>
   </div>
   <div class='ocr_carea' id='block_1_35' title="bbox 142 2163 1010 2222">
    <p class='ocr_par' dir='ltr' id='par_1_35' title="bbox 142 2163 1010 2222">
     <span class='ocr_line' id='line_1_35' title="bbox 142 2163 1010 2222; baseline 0.006 -5"><span class='ocrx_word' id='word_1_280' title='bbox 142 2163 259 2218; x_wconf 92' lang='lat' dir='ltr'>duo</span> <span class='ocrx_word' id='word_1_281' title='bbox 290 2165 388 2220; x_wconf 89' lang='lat' dir='ltr'>isti</span> <span class='ocrx_word' id='word_1_282' title='bbox 437 2182 622 2221; x_wconf 90' lang='lat' dir='ltr'>unum</span> <span class='ocrx_word' id='word_1_283' title='bbox 657 2167 1010 2222; x_wconf 85' lang='lat' dir='ltr'>efficiuntur.</span> 
     </span>
    </p>
   </div>
   <div class='ocr_carea' id='block_1_36' title="bbox 211 2253 1798 2326">
    <p class='ocr_par' dir='ltr' id='par_1_36' title="bbox 211 2253 1798 2326">
     <span class='ocr_line' id='line_1_36' title="bbox 211 2253 1798 2326; baseline 0.001 -18"><span class='ocrx_word' id='word_1_284' title='bbox 211 2253 496 2325; x_wconf 89' lang='lat' dir='ltr'>Sequitur</span> <span class='ocrx_word' id='word_1_285' title='bbox 522 2271 534 2309; x_wconf 93' lang='lat'><strong>:</strong></span> <span class='ocrx_word' id='word_1_286' title='bbox 570 2257 674 2323; x_wconf 84' lang='lat' dir='ltr'>Qui</span> <span class='ocrx_word' id='word_1_287' title='bbox 703 2255 952 2311; x_wconf 62' lang='lat' dir='ltr'>adhaeret</span> <span class='ocrx_word' id='word_1_288' title='bbox 984 2257 1234 2325; x_wconf 88' lang='lat' dir='ltr'>Domino,</span> <span class='ocrx_word' id='word_1_289' title='bbox 1267 2273 1411 2310; x_wconf 87' lang='lat' dir='ltr'>unus</span> <span class='ocrx_word' id='word_1_290' title='bbox 1439 2258 1668 2326; x_wconf 75' lang='lat' dir='ltr'>spiritus</span> <span class='ocrx_word' id='word_1_291' title='bbox 1702 2260 1798 2310; x_wconf 90' lang='lat' dir='ltr'>est.</span> 
     </span>
    </p>
   </div>
   <div class='ocr_carea' id='block_1_37' title="bbox 139 2341 1803 2415">
    <p class='ocr_par' dir='ltr' id='par_1_37' title="bbox 139 2341 1803 2415">
     <span class='ocr_line' id='line_1_37' title="bbox 139 2341 1803 2415; baseline 0.003 -21"><span class='ocrx_word' id='word_1_292' title='bbox 139 2341 356 2412; x_wconf 90' lang='lat' dir='ltr'>Supra,</span> <span class='ocrx_word' id='word_1_293' title='bbox 383 2343 455 2398; x_wconf 93' lang='lat' dir='ltr'>de</span> <span class='ocrx_word' id='word_1_294' title='bbox 488 2344 722 2398; x_wconf 90' lang='lat' dir='ltr'>duobus</span> <span class='ocrx_word' id='word_1_295' title='bbox 743 2343 1085 2398; x_wconf 90' lang='lat' dir='ltr'>hominibus</span> <span class='ocrx_word' id='word_1_296' title='bbox 1110 2343 1376 2415; x_wconf 90' lang='lat' dir='ltr'>loquens,</span> <span class='ocrx_word' id='word_1_297' title='bbox 1401 2345 1585 2399; x_wconf 82' lang='lat' dir='ltr'>dixit:</span> <span class='ocrx_word' id='word_1_298' title='bbox 1625 2347 1803 2400; x_wconf 85' lang='lat' dir='ltr'>Unum</span> 
     </span>
    </p>
   </div>
   <div class='ocr_carea' id='block_1_38' title="bbox 136 2431 1800 2509">
    <p class='ocr_par' dir='ltr' id='par_1_38' title="bbox 136 2431 1800 2509">
     <span class='ocr_line' id='line_1_38' title="bbox 136 2431 1800 2509; baseline 0.002 -25"><span class='ocrx_word' id='word_1_299' title='bbox 136 2446 337 2501; x_wconf 87' lang='lat' dir='ltr'>corpus</span> <span class='ocrx_word' id='word_1_300' title='bbox 359 2448 380 2490; x_wconf 88' lang='grc'><em>;</em></span> <span class='ocrx_word' id='word_1_301' title='bbox 432 2447 590 2486; x_wconf 89' lang='lat' dir='ltr'>nunc</span> <span class='ocrx_word' id='word_1_302' title='bbox 620 2447 754 2509; x_wconf 79' lang='lat' dir='ltr'>vero</span> <span class='ocrx_word' id='word_1_303' title='bbox 798 2431 868 2486; x_wconf 91' lang='lat' dir='ltr'>de</span> <span class='ocrx_word' id='word_1_304' title='bbox 914 2433 1162 2486; x_wconf 89' lang='lat' dir='ltr'>diversis</span> <span class='ocrx_word' id='word_1_305' title='bbox 1193 2432 1501 2503; x_wconf 90' lang='lat' dir='ltr'>spiritibus</span> <span class='ocrx_word' id='word_1_306' title='bbox 1534 2433 1800 2504; x_wconf 91' lang='lat' dir='ltr'>loquens,</span> 
     </span>
    </p>
   </div>
   <div class='ocr_carea' id='block_1_39' title="bbox 133 2518 1805 2592">
    <p class='ocr_par' dir='ltr' id='par_1_39' title="bbox 133 2518 1805 2592">
     <span class='ocr_line' id='line_1_39' title="bbox 133 2518 1805 2592; baseline 0.003 -20"><span class='ocrx_word' id='word_1_307' title='bbox 133 2518 189 2574; x_wconf 91' lang='lat' dir='ltr'>id</span> <span class='ocrx_word' id='word_1_308' title='bbox 247 2523 344 2574; x_wconf 91' lang='lat' dir='ltr'>est</span> <span class='ocrx_word' id='word_1_309' title='bbox 398 2519 520 2583; x_wconf 89' lang='lat' dir='ltr'>Dei,</span> <span class='ocrx_word' id='word_1_310' title='bbox 553 2524 610 2574; x_wconf 90' lang='lat' dir='ltr'>et</span> <span class='ocrx_word' id='word_1_311' title='bbox 657 2519 936 2586; x_wconf 88' lang='lat' dir='ltr'>hominis,</span> <span class='ocrx_word' id='word_1_312' title='bbox 971 2537 1085 2575; x_wconf 90' lang='lat' dir='ltr'>non</span> <span class='ocrx_word' id='word_1_313' title='bbox 1136 2521 1304 2588; x_wconf 86' lang='lat' dir='ltr'>dixit,</span> <span class='ocrx_word' id='word_1_314' title='bbox 1338 2538 1517 2576; x_wconf 92' lang='lat' dir='ltr'>unum</span> <span class='ocrx_word' id='word_1_315' title='bbox 1549 2526 1706 2592; x_wconf 90' lang='lat' dir='ltr'>sunt,</span> <span class='ocrx_word' id='word_1_316' title='bbox 1740 2527 1805 2577; x_wconf 92' lang='lat' dir='ltr'>ut</span> 
     </span>
    </p>
   </div>
   <div class='ocr_carea' id='block_1_40' title="bbox 131 2608 1802 2682">
    <p class='ocr_par' dir='ltr' id='par_1_40' title="bbox 131 2608 1802 2682">
     <span class='ocr_line' id='line_1_40' title="bbox 131 2608 1802 2682; baseline 0.002 -20"><span class='ocrx_word' id='word_1_317' title='bbox 131 2624 340 2678; x_wconf 86' lang='lat' dir='ltr'>supra.</span> <span class='ocrx_word' id='word_1_318' title='bbox 379 2608 491 2662; x_wconf 90' lang='lat' dir='ltr'>Sed</span> <span class='ocrx_word' id='word_1_319' title='bbox 527 2624 742 2680; x_wconf 89' lang='lat' dir='ltr'>magna</span> <span class='ocrx_word' id='word_1_320' title='bbox 773 2608 1052 2664; x_wconf 88' lang='lat' dir='ltr'>distantia</span> <span class='ocrx_word' id='word_1_321' title='bbox 1083 2617 1171 2664; x_wconf 89' lang='lat' dir='ltr'>est</span> <span class='ocrx_word' id='word_1_322' title='bbox 1206 2610 1357 2665; x_wconf 89' lang='lat' dir='ltr'>inter</span> <span class='ocrx_word' id='word_1_323' title='bbox 1385 2611 1667 2682; x_wconf 88' lang='lat' dir='ltr'>Spiritum</span> <span class='ocrx_word' id='word_1_324' title='bbox 1707 2611 1802 2666; x_wconf 89' lang='lat' dir='ltr'>Dei</span> 
     </span>
    </p>
   </div>
   <div class='ocr_carea' id='block_1_41' title="bbox 135 2696 1802 2772">
    <p class='ocr_par' dir='ltr' id='par_1_41' title="bbox 135 2696 1802 2772">
     <span class='ocr_line' id='line_1_41' title="bbox 135 2696 1802 2772; baseline 0.003 -21"><span class='ocrx_word' id='word_1_325' title='bbox 135 2700 191 2751; x_wconf 89' lang='lat' dir='ltr'>et</span> <span class='ocrx_word' id='word_1_326' title='bbox 222 2696 493 2752; x_wconf 86' lang='lat' dir='ltr'>hominis</span> <span class='ocrx_word' id='word_1_327' title='bbox 528 2713 540 2750; x_wconf 94' lang='lat'><strong>:</strong></span> <span class='ocrx_word' id='word_1_328' title='bbox 597 2697 851 2768; x_wconf 89' lang='lat' dir='ltr'>Spiritus</span> <span class='ocrx_word' id='word_1_329' title='bbox 884 2714 1139 2770; x_wconf 82' lang='lat' dir='ltr'>namque</span> <span class='ocrx_word' id='word_1_330' title='bbox 1168 2699 1269 2754; x_wconf 92' lang='lat' dir='ltr'>Dei</span> <span class='ocrx_word' id='word_1_331' title='bbox 1306 2700 1534 2767; x_wconf 90' lang='lat' dir='ltr'>beatus,</span> <span class='ocrx_word' id='word_1_332' title='bbox 1566 2706 1624 2756; x_wconf 90' lang='lat' dir='ltr'>et</span> <span class='ocrx_word' id='word_1_333' title='bbox 1667 2717 1802 2772; x_wconf 83' lang='lat' dir='ltr'>per-</span> 
     </span>
    </p>
   </div>
   <div class='ocr_carea' id='block_1_42' title="bbox 139 2785 1798 2859">
    <p class='ocr_par' dir='ltr' id='par_1_42' title="bbox 139 2785 1798 2859">
     <span class='ocr_line' id='line_1_42' title="bbox 139 2785 1798 2859; baseline 0.002 -19"><span class='ocrx_word' id='word_1_334' title='bbox 139 2785 332 2841; x_wconf 88' lang='lat' dir='ltr'>fectus</span> <span class='ocrx_word' id='word_1_335' title='bbox 364 2785 588 2858; x_wconf 88' lang='lat' dir='ltr'>absque</span> <span class='ocrx_word' id='word_1_336' title='bbox 620 2786 829 2858; x_wconf 88' lang='lat' dir='ltr'>spiritu</span> <span class='ocrx_word' id='word_1_337' title='bbox 865 2787 1124 2842; x_wconf 90' lang='lat' dir='ltr'>hominis</span> <span class='ocrx_word' id='word_1_338' title='bbox 1156 2793 1246 2843; x_wconf 91' lang='lat' dir='ltr'>est</span> <span class='ocrx_word' id='word_1_339' title='bbox 1275 2806 1287 2854; x_wconf 93' lang='lat'><strong>;</strong></span> <span class='ocrx_word' id='word_1_340' title='bbox 1340 2789 1599 2846; x_wconf 84' lang='lat' dir='ltr'>hominis</span> <span class='ocrx_word' id='word_1_341' title='bbox 1642 2806 1798 2859; x_wconf 90' lang='lat' dir='ltr'>vero,</span> 
     </span>
    </p>
   </div>
   <div class='ocr_carea' id='block_1_43' title="bbox 141 2874 1798 2948">
    <p class='ocr_par' dir='ltr' id='par_1_43' title="bbox 141 2874 1798 2948">
     <span class='ocr_line' id='line_1_43' title="bbox 141 2874 1798 2948; baseline 0.002 -18"><span class='ocrx_word' id='word_1_342' title='bbox 141 2875 373 2946; x_wconf 85' lang='lat' dir='ltr'>absque</span> <span class='ocrx_word' id='word_1_343' title='bbox 391 2874 485 2930; x_wconf 90' lang='lat' dir='ltr'>Dei</span> <span class='ocrx_word' id='word_1_344' title='bbox 507 2891 636 2930; x_wconf 88' lang='lat' dir='ltr'>esse</span> <span class='ocrx_word' id='word_1_345' title='bbox 659 2892 771 2931; x_wconf 92' lang='lat' dir='ltr'>non</span> <span class='ocrx_word' id='word_1_346' title='bbox 797 2881 1007 2948; x_wconf 90' lang='lat' dir='ltr'>potest.</span> <span class='ocrx_word' id='word_1_347' title='bbox 1023 2878 1184 2942; x_wconf 87' lang='lat' dir='ltr'>Quod</span> <span class='ocrx_word' id='word_1_348' title='bbox 1207 2895 1341 2934; x_wconf 91' lang='lat' dir='ltr'>vero</span> <span class='ocrx_word' id='word_1_349' title='bbox 1357 2882 1612 2934; x_wconf 88' lang='lat' dir='ltr'>Joannes</span> <span class='ocrx_word' id='word_1_350' title='bbox 1636 2879 1798 2948; x_wconf 85' lang='lat' dir='ltr'>dicit,</span> 
     </span>
    </p>
   </div>
   <div class='ocr_carea' id='block_1_44' title="bbox 142 2962 1804 3039">
    <p class='ocr_par' dir='ltr' id='par_1_44' title="bbox 142 2962 1804 3039">
     <span class='ocr_line' id='line_1_44' title="bbox 142 2962 1804 3039; baseline 0.004 -22"><span class='ocrx_word' id='word_1_351' title='bbox 142 2962 395 3035; x_wconf 90' lang='lat' dir='ltr'>loquens</span> <span class='ocrx_word' id='word_1_352' title='bbox 433 2965 503 3019; x_wconf 91' lang='lat' dir='ltr'>de</span> <span class='ocrx_word' id='word_1_353' title='bbox 546 2964 771 3020; x_wconf 88' lang='lat' dir='ltr'>unitate</span> <span class='ocrx_word' id='word_1_354' title='bbox 802 2967 1062 3038; x_wconf 87' lang='lat' dir='ltr'>corporis</span> <span class='ocrx_word' id='word_1_355' title='bbox 1092 2967 1241 3037; x_wconf 88' lang='grc'>(570)</span> <span class='ocrx_word' id='word_1_356' title='bbox 1277 2983 1289 3020; x_wconf 90' lang='lat'>:</span> <span class='ocrx_word' id='word_1_357' title='bbox 1352 2969 1494 3032; x_wconf 84' lang='lat' dir='ltr'>Volo,</span> <span class='ocrx_word' id='word_1_358' title='bbox 1526 2971 1710 3039; x_wconf 81' lang='lat' dir='ltr'>Pater,</span> <span class='ocrx_word' id='word_1_359' title='bbox 1744 2972 1804 3024; x_wconf 85' lang='lat' dir='ltr'>ut</span> 
     </span>
    </p>
   </div>
   <div class='ocr_carea' id='block_1_45' title="bbox 143 3055 1799 3128">
    <p class='ocr_par' dir='ltr' id='par_1_45' title="bbox 143 3055 1799 3128">
     <span class='ocr_line' id='line_1_45' title="bbox 143 3055 1799 3128; baseline 0.002 -20"><span class='ocrx_word' id='word_1_360' title='bbox 143 3055 283 3108; x_wconf 85' lang='lat' dir='ltr'>sicut</span> <span class='ocrx_word' id='word_1_361' title='bbox 301 3069 421 3124; x_wconf 85' lang='lat' dir='ltr'>ego,</span> <span class='ocrx_word' id='word_1_362' title='bbox 439 3065 490 3108; x_wconf 82' lang='lat' dir='ltr'>et</span> <span class='ocrx_word' id='word_1_363' title='bbox 513 3059 576 3108; x_wconf 86' lang='lat' dir='ltr'>tu</span> <span class='ocrx_word' id='word_1_364' title='bbox 596 3070 771 3109; x_wconf 84' lang='lat' dir='ltr'>unum</span> <span class='ocrx_word' id='word_1_365' title='bbox 789 3071 1003 3123; x_wconf 86' lang='lat' dir='ltr'>sumus,</span> <span class='ocrx_word' id='word_1_366' title='bbox 1019 3056 1098 3110; x_wconf 89' lang='lat' dir='ltr'>ita</span> <span class='ocrx_word' id='word_1_367' title='bbox 1119 3060 1170 3110; x_wconf 84' lang='lat' dir='ltr'>et</span> <span class='ocrx_word' id='word_1_368' title='bbox 1191 3057 1291 3111; x_wconf 87' lang='lat' dir='ltr'>isti</span> <span class='ocrx_word' id='word_1_369' title='bbox 1309 3073 1482 3110; x_wconf 88' lang='lat' dir='ltr'>unum</span> <span class='ocrx_word' id='word_1_370' title='bbox 1505 3059 1614 3111; x_wconf 88' lang='lat' dir='ltr'>sint</span> <span class='ocrx_word' id='word_1_371' title='bbox 1628 3058 1799 3128; x_wconf 89' lang='grc'>(571),</span> 
     </span>
    </p>
   </div>
   <div class='ocr_carea' id='block_1_46' title="bbox 147 3144 1806 3218">
    <p class='ocr_par' dir='ltr' id='par_1_46' title="bbox 147 3144 1806 3218">
     <span class='ocr_line' id='line_1_46' title="bbox 147 3144 1806 3218; baseline 0.002 -21"><span class='ocrx_word' id='word_1_372' title='bbox 147 3158 263 3198; x_wconf 89' lang='lat' dir='ltr'>non</span> <span class='ocrx_word' id='word_1_373' title='bbox 322 3149 414 3198; x_wconf 91' lang='lat' dir='ltr'>est</span> <span class='ocrx_word' id='word_1_374' title='bbox 461 3144 820 3199; x_wconf 88' lang='lat' dir='ltr'>contrarium</span> <span class='ocrx_word' id='word_1_375' title='bbox 870 3144 1006 3198; x_wconf 92' lang='lat' dir='ltr'>huic</span> <span class='ocrx_word' id='word_1_376' title='bbox 1058 3144 1231 3200; x_wconf 86' lang='lat' dir='ltr'>loco:</span> <span class='ocrx_word' id='word_1_377' title='bbox 1289 3161 1425 3200; x_wconf 89' lang='lat' dir='ltr'>nam</span> <span class='ocrx_word' id='word_1_378' title='bbox 1459 3146 1537 3200; x_wconf 86' lang='lat' dir='ltr'>ibi</span> <span class='ocrx_word' id='word_1_379' title='bbox 1571 3151 1806 3218; x_wconf 90' lang='lat' dir='ltr'>propter</span> 
     </span>
    </p>
   </div>
   <div class='ocr_carea' id='block_1_47' title="bbox 147 3231 1803 3304">
    <p class='ocr_par' dir='ltr' id='par_1_47' title="bbox 147 3231 1803 3304">
     <span class='ocr_line' id='line_1_47' title="bbox 147 3231 1803 3304; baseline 0.002 -18"><span class='ocrx_word' id='word_1_380' title='bbox 147 3231 436 3304; x_wconf 90' lang='lat' dir='ltr'>imparem</span> <span class='ocrx_word' id='word_1_381' title='bbox 470 3238 746 3288; x_wconf 88' lang='lat' dir='ltr'>naturam</span> <span class='ocrx_word' id='word_1_382' title='bbox 781 3233 924 3287; x_wconf 90' lang='lat' dir='ltr'>dicit</span> <span class='ocrx_word' id='word_1_383' title='bbox 959 3250 970 3287; x_wconf 90' lang='lat'>:</span> <span class='ocrx_word' id='word_1_384' title='bbox 1030 3235 1206 3290; x_wconf 89' lang='lat' dir='ltr'>Unum</span> <span class='ocrx_word' id='word_1_385' title='bbox 1236 3236 1350 3288; x_wconf 88' lang='lat' dir='ltr'>sint</span> <span class='ocrx_word' id='word_1_386' title='bbox 1379 3236 1524 3289; x_wconf 80' lang='lat' dir='ltr'>sicut</span> <span class='ocrx_word' id='word_1_387' title='bbox 1569 3244 1620 3290; x_wconf 90' lang='lat' dir='ltr'>et</span> <span class='ocrx_word' id='word_1_388' title='bbox 1656 3251 1754 3290; x_wconf 86' lang='lat' dir='ltr'>nos</span> <span class='ocrx_word' id='word_1_389' title='bbox 1783 3252 1803 3297; x_wconf 88' lang='grc'>.·</span> 
     </span>
    </p>
   </div>
   <div class='ocr_carea' id='block_1_48' title="bbox 1911 2077 3558 2151">
    <p class='ocr_par' dir='ltr' id='par_1_48' title="bbox 1911 2077 3558 2151">
     <span class='ocr_line' id='line_1_48' title="bbox 1911 2077 3558 2151; baseline -0.004 -15"><span class='ocrx_word' id='word_1_390' title='bbox 1911 2081 2017 2136; x_wconf 90' lang='lat' dir='ltr'>tibi</span> <span class='ocrx_word' id='word_1_391' title='bbox 2039 2081 2370 2136; x_wconf 90' lang='lat' dir='ltr'>faciendum</span> <span class='ocrx_word' id='word_1_392' title='bbox 2392 2085 2481 2135; x_wconf 88' lang='lat' dir='ltr'>est</span> <span class='ocrx_word' id='word_1_393' title='bbox 2499 2081 2528 2134; x_wconf 70' lang='lat' dir='ltr'>‘I</span> <span class='ocrx_word' id='word_1_394' title='bbox 2560 2080 2796 2151; x_wconf 82' lang='lat' dir='ltr'>Legitur</span> <span class='ocrx_word' id='word_1_395' title='bbox 2816 2078 2974 2133; x_wconf 87' lang='lat' dir='ltr'>enim</span> <span class='ocrx_word' id='word_1_396' title='bbox 2997 2077 3137 2148; x_wconf 88' lang='lat' dir='ltr'>quia</span> <span class='ocrx_word' id='word_1_397' title='bbox 3159 2077 3346 2132; x_wconf 79' lang='lat' dir='ltr'>relicto</span> <span class='ocrx_word' id='word_1_398' title='bbox 3364 2077 3558 2148; x_wconf 76' lang='lat' dir='ltr'>pallio,</span> 
     </span>
    </p>
   </div>
   <div class='ocr_carea' id='block_1_49' title="bbox 1909 2164 3561 2239">
    <p class='ocr_par' dir='ltr' id='par_1_49' title="bbox 1909 2164 3561 2239">
     <span class='ocr_line' id='line_1_49' title="bbox 1909 2164 3561 2239; baseline -0.004 -14"><span class='ocrx_word' id='word_1_399' title='bbox 1909 2173 2060 2239; x_wconf 84' lang='lat' dir='ltr'>foras</span> <span class='ocrx_word' id='word_1_400' title='bbox 2088 2171 2236 2238; x_wconf 81' lang='lat' dir='ltr'>fugit</span> <span class='ocrx_word' id='word_1_401' title='bbox 2274 2169 2342 2224; x_wconf 89' lang='lat' dir='ltr'>ab</span> <span class='ocrx_word' id='word_1_402' title='bbox 2393 2185 2456 2222; x_wconf 87' lang='lat' dir='ltr'>ea</span> <span class='ocrx_word' id='word_1_403' title='bbox 2488 2168 2640 2237; x_wconf 85' lang='lat' dir='ltr'>(Gen.</span> <span class='ocrx_word' id='word_1_404' title='bbox 2672 2185 2862 2234; x_wconf 81' lang='lat' dir='ltr'>xxxix,</span> <span class='ocrx_word' id='word_1_405' title='bbox 2896 2167 3003 2232; x_wconf 87' lang='grc'>12).</span> <span class='ocrx_word' id='word_1_406' title='bbox 3036 2166 3162 2220; x_wconf 92' lang='lat' dir='ltr'>Non</span> <span class='ocrx_word' id='word_1_407' title='bbox 3194 2164 3379 2220; x_wconf 90' lang='lat' dir='ltr'>aliter.</span> <span class='ocrx_word' id='word_1_408' title='bbox 3413 2164 3561 2220; x_wconf 88' lang='lat' dir='ltr'>Nam</span> 
     </span>
    </p>
   </div>
   <div class='ocr_carea' id='block_1_50' title="bbox 1914 2252 3564 2316">
    <p class='ocr_par' dir='ltr' id='par_1_50' title="bbox 1914 2252 3564 2316">
     <span class='ocr_line' id='line_1_50' title="bbox 1914 2252 3564 2316; baseline -0.002 -7"><span class='ocrx_word' id='word_1_409' title='bbox 1914 2255 1962 2309; x_wconf 88' lang='lat' dir='ltr'>si</span> <span class='ocrx_word' id='word_1_410' title='bbox 1986 2255 2094 2310; x_wconf 89' lang='lat' dir='ltr'>hoc</span> <span class='ocrx_word' id='word_1_411' title='bbox 2111 2255 2250 2309; x_wconf 90' lang='lat' dir='ltr'>vitio</span> <span class='ocrx_word' id='word_1_412' title='bbox 2272 2253 2704 2316; x_wconf 89' lang='lat' dir='ltr'>succubuisset,</span> <span class='ocrx_word' id='word_1_413' title='bbox 2720 2257 3066 2308; x_wconf 87' lang='lat' dir='ltr'>moreretur.</span> <span class='ocrx_word' id='word_1_414' title='bbox 3081 2252 3293 2307; x_wconf 88' lang='lat' dir='ltr'>Anima</span> <span class='ocrx_word' id='word_1_415' title='bbox 3316 2269 3564 2307; x_wconf 87' lang='lat' dir='ltr'>morere-</span> 
     </span>
    </p>
   </div>
   <div class='ocr_carea' id='block_1_51' title="bbox 1912 2341 3560 2414">
    <p class='ocr_par' dir='ltr' id='par_1_51' title="bbox 1912 2341 3560 2414">
     <span class='ocr_line' id='line_1_51' title="bbox 1912 2341 3560 2414; baseline -0.001 -16"><span class='ocrx_word' id='word_1_416' title='bbox 1912 2348 2028 2408; x_wconf 89' lang='lat' dir='ltr'>tur,</span> <span class='ocrx_word' id='word_1_417' title='bbox 2063 2347 2128 2397; x_wconf 92' lang='lat' dir='ltr'>ut</span> <span class='ocrx_word' id='word_1_418' title='bbox 2173 2342 2319 2397; x_wconf 91' lang='lat' dir='ltr'>illud</span> <span class='ocrx_word' id='word_1_419' title='bbox 2354 2361 2367 2398; x_wconf 90' lang='lat'>:</span> <span class='ocrx_word' id='word_1_420' title='bbox 2420 2344 2619 2397; x_wconf 85' lang='lat' dir='ltr'>Anima</span> <span class='ocrx_word' id='word_1_421' title='bbox 2668 2359 2788 2414; x_wconf 73' lang='lat' dir='ltr'>qua:</span> <span class='ocrx_word' id='word_1_422' title='bbox 2834 2343 3141 2413; x_wconf 84' lang='lat' dir='ltr'>peccaverit</span> <span class='ocrx_word' id='word_1_423' title='bbox 3177 2341 3368 2412; x_wconf 91' lang='lat' dir='ltr'>(Levit.</span> <span class='ocrx_word' id='word_1_424' title='bbox 3402 2357 3560 2410; x_wconf 83' lang='lat' dir='ltr'>xvnl,</span> 
     </span>
    </p>
   </div>
   <div class='ocr_carea' id='block_1_52' title="bbox 1911 2430 3566 2503">
    <p class='ocr_par' dir='ltr' id='par_1_52' title="bbox 1911 2430 3566 2503">
     <span class='ocr_line' id='line_1_52' title="bbox 1911 2430 3566 2503; baseline -0.001 -17"><span class='ocrx_word' id='word_1_425' title='bbox 1911 2434 2024 2500; x_wconf 83' lang='lat'>29),</span> <span class='ocrx_word' id='word_1_426' title='bbox 2056 2438 2165 2488; x_wconf 89' lang='lat' dir='ltr'>etc.</span> <span class='ocrx_word' id='word_1_427' title='bbox 2198 2433 2311 2487; x_wconf 89' lang='lat' dir='ltr'>Nec</span> <span class='ocrx_word' id='word_1_428' title='bbox 2356 2432 2462 2488; x_wconf 89' lang='lat' dir='ltr'>rite</span> <span class='ocrx_word' id='word_1_429' title='bbox 2495 2432 2787 2487; x_wconf 89' lang='lat' dir='ltr'>diceretur</span> <span class='ocrx_word' id='word_1_430' title='bbox 2817 2431 2967 2503; x_wconf 89' lang='lat' dir='ltr'>patri</span> <span class='ocrx_word' id='word_1_431' title='bbox 3003 2447 3014 2485; x_wconf 93' lang='lat'>:</span> <span class='ocrx_word' id='word_1_432' title='bbox 3066 2430 3244 2485; x_wconf 81' lang='lat' dir='ltr'>Filius</span> <span class='ocrx_word' id='word_1_433' title='bbox 3275 2434 3401 2484; x_wconf 84' lang='lat' dir='ltr'>tuus</span> <span class='ocrx_word' id='word_1_434' title='bbox 3430 2432 3566 2485; x_wconf 87' lang='lat' dir='ltr'>vivit</span> 
     </span>
    </p>
   </div>
   <div class='ocr_carea' id='block_1_53' title="bbox 1914 2519 3563 2594">
    <p class='ocr_par' dir='ltr' id='par_1_53' title="bbox 1914 2519 3563 2594">
     <span class='ocr_line' id='line_1_53' title="bbox 1914 2519 3563 2594; baseline -0.001 -17"><span class='ocrx_word' id='word_1_435' title='bbox 1914 2522 2064 2594; x_wconf 89' lang='lat' dir='ltr'>(Gen.</span> <span class='ocrx_word' id='word_1_436' title='bbox 2116 2539 2244 2589; x_wconf 68' lang='lat' dir='ltr'>xcv,</span> <span class='ocrx_word' id='word_1_437' title='bbox 2292 2523 2388 2588; x_wconf 88' lang='lat'>6);</span> <span class='ocrx_word' id='word_1_438' title='bbox 2442 2538 2545 2576; x_wconf 89' lang='lat' dir='ltr'>nec</span> <span class='ocrx_word' id='word_1_439' title='bbox 2593 2520 2766 2576; x_wconf 90' lang='lat' dir='ltr'>etiam</span> <span class='ocrx_word' id='word_1_440' title='bbox 2817 2519 3110 2576; x_wconf 90' lang='lat' dir='ltr'>diceretur</span> <span class='ocrx_word' id='word_1_441' title='bbox 3158 2519 3447 2576; x_wconf 90' lang='lat' dir='ltr'>dominari</span> <span class='ocrx_word' id='word_1_442' title='bbox 3501 2519 3563 2576; x_wconf 89' lang='lat' dir='ltr'>in</span> 
     </span>
    </p>
   </div>
   <div class='ocr_carea' id='block_1_54' title="bbox 1911 2608 3563 2683">
    <p class='ocr_par' dir='ltr' id='par_1_54' title="bbox 1911 2608 3563 2683">
     <span class='ocr_line' id='line_1_54' title="bbox 1911 2608 3563 2683; baseline -0.002 -16"><span class='ocrx_word' id='word_1_443' title='bbox 1911 2615 2032 2667; x_wconf 83' lang='lat' dir='ltr'>tota</span> <span class='ocrx_word' id='word_1_444' title='bbox 2060 2616 2216 2666; x_wconf 87' lang='lat' dir='ltr'>terra</span> <span class='ocrx_word' id='word_1_445' title='bbox 2245 2611 2471 2683; x_wconf 63' lang='lat' dir='ltr'>zEgypti</span> <span class='ocrx_word' id='word_1_446' title='bbox 2505 2610 2710 2680; x_wconf 63' lang='lat' dir='ltr'>(Ibid),</span> <span class='ocrx_word' id='word_1_447' title='bbox 2743 2609 2843 2665; x_wconf 92' lang='lat' dir='ltr'>sed</span> <span class='ocrx_word' id='word_1_448' title='bbox 2877 2609 2936 2664; x_wconf 90' lang='lat' dir='ltr'>in</span> <span class='ocrx_word' id='word_1_449' title='bbox 2969 2610 3225 2680; x_wconf 85' lang='lat' dir='ltr'>quadam</span> <span class='ocrx_word' id='word_1_450' title='bbox 3255 2614 3440 2681; x_wconf 90' lang='lat' dir='ltr'>parte.</span> <span class='ocrx_word' id='word_1_451' title='bbox 3474 2608 3563 2665; x_wconf 87' lang='lat' dir='ltr'>Illi</span> 
     </span>
    </p>
   </div>
   <div class='ocr_carea' id='block_1_55' title="bbox 1912 2697 3564 2772">
    <p class='ocr_par' dir='ltr' id='par_1_55' title="bbox 1912 2697 3564 2772">
     <span class='ocr_line' id='line_1_55' title="bbox 1912 2697 3564 2772; baseline -0.001 -17"><span class='ocrx_word' id='word_1_452' title='bbox 1912 2700 2150 2768; x_wconf 90' lang='lat' dir='ltr'>etenim,</span> <span class='ocrx_word' id='word_1_453' title='bbox 2197 2701 2296 2772; x_wconf 89' lang='lat' dir='ltr'>qui</span> <span class='ocrx_word' id='word_1_454' title='bbox 2347 2700 2547 2755; x_wconf 90' lang='lat' dir='ltr'>omnia</span> <span class='ocrx_word' id='word_1_455' title='bbox 2597 2699 2736 2755; x_wconf 90' lang='lat' dir='ltr'>vitia</span> <span class='ocrx_word' id='word_1_456' title='bbox 2795 2698 3200 2771; x_wconf 88' lang='lat' dir='ltr'>supplantant,</span> <span class='ocrx_word' id='word_1_457' title='bbox 3249 2697 3330 2752; x_wconf 92' lang='lat' dir='ltr'>illi</span> <span class='ocrx_word' id='word_1_458' title='bbox 3380 2698 3564 2754; x_wconf 89' lang='lat' dir='ltr'>totius</span> 
     </span>
    </p>
   </div>
   <div class='ocr_carea' id='block_1_56' title="bbox 1909 2787 3566 2862">
    <p class='ocr_par' dir='ltr' id='par_1_56' title="bbox 1909 2787 3566 2862">
     <span class='ocr_line' id='line_1_56' title="bbox 1909 2787 3566 2862; baseline -0.002 -17"><span class='ocrx_word' id='word_1_459' title='bbox 1909 2790 2138 2862; x_wconf 67' lang='lat' dir='ltr'>Egypti</span> <span class='ocrx_word' id='word_1_460' title='bbox 2162 2790 2563 2845; x_wconf 90' lang='lat' dir='ltr'>dominantur.</span> <span class='ocrx_word' id='word_1_461' title='bbox 2588 2792 2656 2843; x_wconf 89' lang='lat' dir='ltr'>Et</span> <span class='ocrx_word' id='word_1_462' title='bbox 2684 2789 2839 2860; x_wconf 91' lang='lat' dir='ltr'>quod</span> <span class='ocrx_word' id='word_1_463' title='bbox 2871 2787 2978 2854; x_wconf 92' lang='lat' dir='ltr'>illi,</span> <span class='ocrx_word' id='word_1_464' title='bbox 3003 2787 3103 2859; x_wconf 92' lang='lat' dir='ltr'>qui</span> <span class='ocrx_word' id='word_1_465' title='bbox 3134 2787 3245 2844; x_wconf 93' lang='lat' dir='ltr'>hoc</span> <span class='ocrx_word' id='word_1_466' title='bbox 3268 2787 3406 2843; x_wconf 87' lang='lat' dir='ltr'>vitio</span> <span class='ocrx_word' id='word_1_467' title='bbox 3437 2803 3566 2842; x_wconf 88' lang='lat' dir='ltr'>suc-</span> 
     </span>
    </p>
   </div>
   <div class='ocr_carea' id='block_1_57' title="bbox 1911 2878 3560 2949">
    <p class='ocr_par' dir='ltr' id='par_1_57' title="bbox 1911 2878 3560 2949">
     <span class='ocr_line' id='line_1_57' title="bbox 1911 2878 3560 2949; baseline -0.002 -14"><span class='ocrx_word' id='word_1_468' title='bbox 1911 2881 2219 2947; x_wconf 90' lang='lat' dir='ltr'>cumbunt,</span> <span class='ocrx_word' id='word_1_469' title='bbox 2254 2880 2600 2945; x_wconf 90' lang='lat' dir='ltr'>moriantur,</span> <span class='ocrx_word' id='word_1_470' title='bbox 2634 2879 2802 2935; x_wconf 88' lang='lat' dir='ltr'>testis</span> <span class='ocrx_word' id='word_1_471' title='bbox 2831 2883 2921 2934; x_wconf 90' lang='lat' dir='ltr'>est</span> <span class='ocrx_word' id='word_1_472' title='bbox 2948 2878 3239 2944; x_wconf 88' lang='lat' dir='ltr'>Susanna,</span> <span class='ocrx_word' id='word_1_473' title='bbox 3272 2894 3400 2949; x_wconf 77' lang='lat' dir='ltr'>quae</span> <span class='ocrx_word' id='word_1_474' title='bbox 3431 2892 3560 2948; x_wconf 89' lang='lat' dir='ltr'>pre-</span> 
     </span>
    </p>
   </div>
   <div class='ocr_carea' id='block_1_58' title="bbox 1912 2965 3562 3042">
    <p class='ocr_par' dir='ltr' id='par_1_58' title="bbox 1912 2965 3562 3042">
     <span class='ocr_line' id='line_1_58' title="bbox 1912 2965 3562 3042; baseline -0.004 -16"><span class='ocrx_word' id='word_1_475' title='bbox 1912 2970 2164 3042; x_wconf 87' lang='lat' dir='ltr'>sbyteris</span> <span class='ocrx_word' id='word_1_476' title='bbox 2187 2968 2417 3025; x_wconf 88' lang='lat' dir='ltr'>dicebat</span> <span class='ocrx_word' id='word_1_477' title='bbox 2442 2986 2454 3022; x_wconf 92' lang='lat'>:</span> <span class='ocrx_word' id='word_1_478' title='bbox 2488 2970 2553 3024; x_wconf 88' lang='lat' dir='ltr'>Si</span> <span class='ocrx_word' id='word_1_479' title='bbox 2581 2971 2732 3024; x_wconf 85' lang='lat' dir='ltr'>enim</span> <span class='ocrx_word' id='word_1_480' title='bbox 2761 2969 2858 3024; x_wconf 84' lang='lat' dir='ltr'>hoc</span> <span class='ocrx_word' id='word_1_481' title='bbox 2885 2983 3038 3038; x_wconf 85' lang='lat' dir='ltr'>egero</span> <span class='ocrx_word' id='word_1_482' title='bbox 3060 2968 3226 3038; x_wconf 88' lang='grc'>(573),</span> <span class='ocrx_word' id='word_1_483' title='bbox 3254 2971 3364 3021; x_wconf 90' lang='lat' dir='ltr'>etc.</span> <span class='ocrx_word' id='word_1_484' title='bbox 3387 2965 3562 3021; x_wconf 87' lang='lat' dir='ltr'>Vide-</span> 
     </span>
    </p>
   </div>
   <div class='ocr_carea' id='block_1_59' title="bbox 1914 3053 3560 3128">
    <p class='ocr_par' dir='ltr' id='par_1_59' title="bbox 1914 3053 3560 3128">
     <span class='ocr_line' id='line_1_59' title="bbox 1914 3053 3560 3128; baseline -0.003 -14"><span class='ocrx_word' id='word_1_485' title='bbox 1914 3064 2004 3114; x_wconf 90' lang='lat' dir='ltr'>rat</span> <span class='ocrx_word' id='word_1_486' title='bbox 2034 3063 2281 3113; x_wconf 91' lang='lat' dir='ltr'>mortem</span> <span class='ocrx_word' id='word_1_487' title='bbox 2306 3059 2516 3112; x_wconf 73' lang='lat' dir='ltr'>animae</span> <span class='ocrx_word' id='word_1_488' title='bbox 2546 3062 2605 3112; x_wconf 82' lang='lat' dir='ltr'>et</span> <span class='ocrx_word' id='word_1_489' title='bbox 2634 3057 2916 3128; x_wconf 88' lang='lat' dir='ltr'>corporis,</span> <span class='ocrx_word' id='word_1_490' title='bbox 2941 3056 3040 3111; x_wconf 87' lang='lat' dir='ltr'>sed</span> <span class='ocrx_word' id='word_1_491' title='bbox 3074 3053 3248 3126; x_wconf 83' lang='lat' dir='ltr'>elegit</span> <span class='ocrx_word' id='word_1_492' title='bbox 3276 3053 3377 3110; x_wconf 88' lang='lat' dir='ltr'>illa</span> <span class='ocrx_word' id='word_1_493' title='bbox 3405 3071 3560 3110; x_wconf 90' lang='lat' dir='ltr'>mor-</span> 
     </span>
    </p>
   </div>
   <div class='ocr_carea' id='block_1_60' title="bbox 1915 3143 3562 3216">
    <p class='ocr_par' dir='ltr' id='par_1_60' title="bbox 1915 3143 3562 3216">
     <span class='ocr_line' id='line_1_60' title="bbox 1915 3143 3562 3216; baseline -0.002 -14"><span class='ocrx_word' id='word_1_494' title='bbox 1915 3151 2030 3203; x_wconf 91' lang='lat' dir='ltr'>tem</span> <span class='ocrx_word' id='word_1_495' title='bbox 2054 3147 2263 3202; x_wconf 65' lang='lat' dir='ltr'>animaa</span> <span class='ocrx_word' id='word_1_496' title='bbox 2284 3146 2487 3213; x_wconf 89' lang='lat' dir='ltr'>vitare,</span> <span class='ocrx_word' id='word_1_497' title='bbox 2511 3151 2570 3200; x_wconf 90' lang='lat' dir='ltr'>et</span> <span class='ocrx_word' id='word_1_498' title='bbox 2591 3148 2764 3201; x_wconf 91' lang='lat' dir='ltr'>morti</span> <span class='ocrx_word' id='word_1_499' title='bbox 2784 3144 3044 3216; x_wconf 89' lang='lat' dir='ltr'>corporis</span> <span class='ocrx_word' id='word_1_500' title='bbox 3070 3143 3473 3199; x_wconf 87' lang='lat' dir='ltr'>succumbere.</span> <span class='ocrx_word' id='word_1_501' title='bbox 3493 3144 3562 3198; x_wconf 86' lang='lat' dir='ltr'>Et</span> 
     </span>
    </p>
   </div>
   <div class='ocr_carea' id='block_1_61' title="bbox 1915 3229 3564 3307">
    <p class='ocr_par' dir='ltr' id='par_1_61' title="bbox 1915 3229 3564 3307">
     <span class='ocr_line' id='line_1_61' title="bbox 1915 3229 3564 3307; baseline -0.004 -17"><span class='ocrx_word' id='word_1_502' title='bbox 1915 3235 2252 3307; x_wconf 90' lang='lat' dir='ltr'>quicunque</span> <span class='ocrx_word' id='word_1_503' title='bbox 2265 3235 2336 3290; x_wconf 89' lang='lat' dir='ltr'>ad</span> <span class='ocrx_word' id='word_1_504' title='bbox 2356 3233 2689 3305; x_wconf 85' lang='lat' dir='ltr'>exemplum</span> <span class='ocrx_word' id='word_1_505' title='bbox 2706 3233 2894 3305; x_wconf 88' lang='lat' dir='ltr'>ipsius</span> <span class='ocrx_word' id='word_1_506' title='bbox 2914 3237 3159 3288; x_wconf 92' lang='lat' dir='ltr'>mortem</span> <span class='ocrx_word' id='word_1_507' title='bbox 3176 3229 3383 3286; x_wconf 71' lang='lat' dir='ltr'>animae</span> <span class='ocrx_word' id='word_1_508' title='bbox 3399 3231 3564 3296; x_wconf 84' lang='lat' dir='ltr'>vitat,</span> 
     </span>
    </p>
   </div>
   <div class='ocr_carea' id='block_1_62' title="bbox 149 3320 3566 3395">
    <p class='ocr_par' dir='ltr' id='par_1_62' title="bbox 149 3320 3566 3395">
     <span class='ocr_line' id='line_1_62' title="bbox 149 3320 3566 3395; baseline 0 -21"><span class='ocrx_word' id='word_1_509' title='bbox 149 3336 259 3375; x_wconf 89' lang='lat' dir='ltr'>non</span> <span class='ocrx_word' id='word_1_510' title='bbox 294 3321 462 3386; x_wconf 89' lang='lat' dir='ltr'>dicit,</span> <span class='ocrx_word' id='word_1_511' title='bbox 499 3337 704 3376; x_wconf 89' lang='lat' dir='ltr'>omnes</span> <span class='ocrx_word' id='word_1_512' title='bbox 736 3337 920 3377; x_wconf 89' lang='lat' dir='ltr'>unum</span> <span class='ocrx_word' id='word_1_513' title='bbox 954 3338 1164 3377; x_wconf 91' lang='lat' dir='ltr'>sumus</span> <span class='ocrx_word' id='word_1_514' title='bbox 1197 3339 1209 3376; x_wconf 89' lang='lat'>:</span> <span class='ocrx_word' id='word_1_515' title='bbox 1268 3322 1360 3376; x_wconf 91' lang='lat' dir='ltr'>hic</span> <span class='ocrx_word' id='word_1_516' title='bbox 1404 3340 1536 3378; x_wconf 91' lang='lat' dir='ltr'>vero</span> <span class='ocrx_word' id='word_1_517' title='bbox 1569 3329 1807 3395; x_wconf 87' lang='lat' dir='ltr'>propter</span> <span class='ocrx_word' id='word_1_518' title='bbox 1849 3393 1874 3395; x_wconf 34' lang='grc' dir='ltr'><strong>ι</strong></span> <span class='ocrx_word' id='word_1_519' title='bbox 1918 3342 2033 3380; x_wconf 92' lang='lat' dir='ltr'>non</span> <span class='ocrx_word' id='word_1_520' title='bbox 2065 3325 2378 3379; x_wconf 88' lang='lat' dir='ltr'>immemor</span> <span class='ocrx_word' id='word_1_521' title='bbox 2407 3329 2496 3378; x_wconf 90' lang='lat' dir='ltr'>est</span> <span class='ocrx_word' id='word_1_522' title='bbox 2524 3322 2703 3378; x_wconf 89' lang='lat' dir='ltr'>David</span> <span class='ocrx_word' id='word_1_523' title='bbox 2738 3322 2975 3378; x_wconf 89' lang='lat' dir='ltr'>Saulem</span> <span class='ocrx_word' id='word_1_524' title='bbox 3008 3320 3288 3393; x_wconf 80' lang='lat' dir='ltr'>fugientis</span> <span class='ocrx_word' id='word_1_525' title='bbox 3317 3324 3375 3377; x_wconf 88' lang='lat' dir='ltr'>et</span> <span class='ocrx_word' id='word_1_526' title='bbox 3405 3337 3566 3375; x_wconf 88' lang='lat' dir='ltr'>mor-</span> 
     </span>
    </p>
   </div>
   <div class='ocr_carea' id='block_1_63' title="bbox 150 3393 3566 3483">
    <p class='ocr_par' dir='ltr' id='par_1_63' title="bbox 150 3393 3566 3483">
     <span class='ocr_line' id='line_1_63' title="bbox 150 3393 3566 3483; baseline 0 -20"><span class='ocrx_word' id='word_1_527' title='bbox 150 3409 423 3480; x_wconf 88' lang='lat' dir='ltr'>gratiam,</span> <span class='ocrx_word' id='word_1_528' title='bbox 448 3425 625 3480; x_wconf 91' lang='lat' dir='ltr'>quam</span> <span class='ocrx_word' id='word_1_529' title='bbox 652 3410 875 3479; x_wconf 90' lang='lat' dir='ltr'>accepit</span> <span class='ocrx_word' id='word_1_530' title='bbox 900 3410 1144 3480; x_wconf 85' lang='lat' dir='ltr'>spiritus</span> <span class='ocrx_word' id='word_1_531' title='bbox 1167 3409 1444 3476; x_wconf 92' lang='lat' dir='ltr'>hominis,</span> <span class='ocrx_word' id='word_1_532' title='bbox 1471 3416 1534 3465; x_wconf 91' lang='lat' dir='ltr'>ut</span> <span class='ocrx_word' id='word_1_533' title='bbox 1557 3393 1806 3482; x_wconf 76' lang='lat' dir='ltr'>junctus</span> <span class='ocrx_word' id='word_1_534' title='bbox 1835 3393 1878 3460; x_wconf 69' lang='grc' dir='ltr'>Ο</span> <span class='ocrx_word' id='word_1_535' title='bbox 1917 3419 2035 3469; x_wconf 91' lang='lat' dir='ltr'>tem</span> <span class='ocrx_word' id='word_1_536' title='bbox 2094 3412 2442 3468; x_wconf 89' lang='lat' dir='ltr'>declinantis</span> <span class='ocrx_word' id='word_1_537' title='bbox 2492 3413 2539 3483; x_wconf 88' lang='lat' dir='ltr'>(I</span> <span class='ocrx_word' id='word_1_538' title='bbox 2588 3414 2711 3483; x_wconf 86' lang='lat' dir='ltr'>Reg.</span> <span class='ocrx_word' id='word_1_539' title='bbox 2762 3413 2946 3482; x_wconf 86' lang='lat' dir='ltr'>xxm).</span> <span class='ocrx_word' id='word_1_540' title='bbox 2987 3415 3135 3465; x_wconf 88' lang='lat' dir='ltr'>Nam</span> <span class='ocrx_word' id='word_1_541' title='bbox 3186 3425 3290 3481; x_wconf 88' lang='lat' dir='ltr'>per</span> <span class='ocrx_word' id='word_1_542' title='bbox 3332 3408 3566 3464; x_wconf 86' lang='lat' dir='ltr'>Saulem</span> 
     </span>
    </p>
   </div>
   <div class='ocr_carea' id='block_1_64' title="bbox 149 3483 1808 3572">
    <p class='ocr_par' dir='ltr' id='par_1_64' title="bbox 149 3483 1808 3572">
     <span class='ocr_line' id='line_1_64' title="bbox 149 3483 1808 3572; baseline 0.003 -20"><span class='ocrx_word' id='word_1_543' title='bbox 149 3499 388 3570; x_wconf 91' lang='lat' dir='ltr'>Spiritui</span> <span class='ocrx_word' id='word_1_544' title='bbox 409 3499 509 3554; x_wconf 90' lang='lat' dir='ltr'>Dei</span> <span class='ocrx_word' id='word_1_545' title='bbox 533 3498 642 3554; x_wconf 91' lang='lat' dir='ltr'>hoc</span> <span class='ocrx_word' id='word_1_546' title='bbox 670 3499 828 3563; x_wconf 87' lang='lat' dir='ltr'>velit,</span> <span class='ocrx_word' id='word_1_547' title='bbox 845 3499 1000 3570; x_wconf 90' lang='lat' dir='ltr'>quod</span> <span class='ocrx_word' id='word_1_548' title='bbox 1024 3499 1150 3571; x_wconf 86' lang='lat' dir='ltr'>ipse</span> <span class='ocrx_word' id='word_1_549' title='bbox 1173 3483 1346 3555; x_wconf 81' lang='lat' dir='ltr'>dicit:</span> <span class='ocrx_word' id='word_1_550' title='bbox 1372 3503 1520 3557; x_wconf 84' lang='lat' dir='ltr'>Unus</span> <span class='ocrx_word' id='word_1_551' title='bbox 1540 3510 1618 3556; x_wconf 87' lang='lat' dir='ltr'>est</span> <span class='ocrx_word' id='word_1_552' title='bbox 1635 3502 1808 3572; x_wconf 86' lang='lat' dir='ltr'>Spiri-</span> 
     </span>
    </p>
   </div>
   <div class='ocr_carea' id='block_1_65' title="bbox 149 3587 1806 3662">
    <p class='ocr_par' dir='ltr' id='par_1_65' title="bbox 149 3587 1806 3662">
     <span class='ocr_line' id='line_1_65' title="bbox 149 3587 1806 3662; baseline 0.002 -20"><span class='ocrx_word' id='word_1_553' title='bbox 149 3590 230 3643; x_wconf 86' lang='lat' dir='ltr'>tus</span> <span class='ocrx_word' id='word_1_554' title='bbox 244 3606 264 3649; x_wconf 90' lang='grc'><em>;</em></span> <span class='ocrx_word' id='word_1_555' title='bbox 287 3589 433 3660; x_wconf 88' lang='lat' dir='ltr'>quia</span> <span class='ocrx_word' id='word_1_556' title='bbox 454 3587 699 3660; x_wconf 89' lang='lat' dir='ltr'>spiritus</span> <span class='ocrx_word' id='word_1_557' title='bbox 725 3588 984 3643; x_wconf 89' lang='lat' dir='ltr'>hominis</span> <span class='ocrx_word' id='word_1_558' title='bbox 1013 3589 1110 3643; x_wconf 91' lang='lat' dir='ltr'>Dei</span> <span class='ocrx_word' id='word_1_559' title='bbox 1134 3589 1377 3660; x_wconf 88' lang='lat' dir='ltr'>Spiritui</span> <span class='ocrx_word' id='word_1_560' title='bbox 1405 3591 1806 3662; x_wconf 88' lang='lat' dir='ltr'>conjungitur,</span> 
     </span>
    </p>
   </div>
   <div class='ocr_carea' id='block_1_66' title="bbox 153 3676 1134 3749">
    <p class='ocr_par' dir='ltr' id='par_1_66' title="bbox 153 3676 1134 3749">
     <span class='ocr_line' id='line_1_66' title="bbox 153 3676 1134 3749; baseline 0.003 -19"><span class='ocrx_word' id='word_1_561' title='bbox 153 3691 262 3732; x_wconf 87' lang='lat' dir='ltr'>non</span> <span class='ocrx_word' id='word_1_562' title='bbox 295 3682 361 3732; x_wconf 92' lang='lat' dir='ltr'>ut</span> <span class='ocrx_word' id='word_1_563' title='bbox 395 3676 554 3731; x_wconf 89' lang='lat' dir='ltr'>aliud</span> <span class='ocrx_word' id='word_1_564' title='bbox 587 3676 746 3746; x_wconf 89' lang='lat' dir='ltr'>velit,</span> <span class='ocrx_word' id='word_1_565' title='bbox 779 3693 958 3747; x_wconf 89' lang='lat' dir='ltr'>quam</span> <span class='ocrx_word' id='word_1_566' title='bbox 990 3677 1134 3749; x_wconf 89' lang='lat' dir='ltr'>ipse.</span> 
     </span>
    </p>
   </div>
   <div class='ocr_carea' id='block_1_67' title="bbox 220 3765 1805 3837">
    <p class='ocr_par' dir='ltr' id='par_1_67' title="bbox 220 3765 1805 3837">
     <span class='ocr_line' id='line_1_67' title="bbox 220 3765 1805 3837; baseline 0.003 -16"><span class='ocrx_word' id='word_1_567' title='bbox 220 3766 366 3837; x_wconf 87' lang='grc'>(572)</span> <span class='ocrx_word' id='word_1_568' title='bbox 397 3765 710 3836; x_wconf 88' lang='lat' dir='ltr'>Sequitur:</span> <span class='ocrx_word' id='word_1_569' title='bbox 741 3767 930 3836; x_wconf 86' lang='lat' dir='ltr'>Fugite</span> <span class='ocrx_word' id='word_1_570' title='bbox 953 3767 1392 3837; x_wconf 82' lang='lat' dir='ltr'>fornicationem,</span> <span class='ocrx_word' id='word_1_571' title='bbox 1415 3769 1607 3825; x_wconf 88' lang='lat' dir='ltr'>Monet</span> <span class='ocrx_word' id='word_1_572' title='bbox 1631 3771 1805 3825; x_wconf 89' lang='lat' dir='ltr'>etiam</span> 
     </span>
    </p>
   </div>
   <div class='ocr_carea' id='block_1_68' title="bbox 154 3853 1809 3930">
    <p class='ocr_par' dir='ltr' id='par_1_68' title="bbox 154 3853 1809 3930">
     <span class='ocr_line' id='line_1_68' title="bbox 154 3853 1809 3930; baseline 0.004 -23"><span class='ocrx_word' id='word_1_573' title='bbox 154 3855 470 3926; x_wconf 78' lang='lat' dir='ltr'>Apostolus</span> <span class='ocrx_word' id='word_1_574' title='bbox 495 3853 834 3925; x_wconf 84' lang='lat' dir='ltr'>fugiendam</span> <span class='ocrx_word' id='word_1_575' title='bbox 865 3871 993 3910; x_wconf 90' lang='lat' dir='ltr'>esse</span> <span class='ocrx_word' id='word_1_576' title='bbox 1019 3855 1460 3912; x_wconf 87' lang='lat' dir='ltr'>fornicationem</span> <span class='ocrx_word' id='word_1_577' title='bbox 1489 3876 1501 3926; x_wconf 89' lang='lat'><strong>;</strong></span> <span class='ocrx_word' id='word_1_578' title='bbox 1537 3859 1668 3930; x_wconf 88' lang='lat' dir='ltr'>quia</span> <span class='ocrx_word' id='word_1_579' title='bbox 1701 3859 1809 3914; x_wconf 92' lang='lat' dir='ltr'>hoc</span> 
     </span>
    </p>
   </div>
   <div class='ocr_carea' id='block_1_69' title="bbox 156 3942 1810 4014">
    <p class='ocr_par' dir='ltr' id='par_1_69' title="bbox 156 3942 1810 4014">
     <span class='ocr_line' id='line_1_69' title="bbox 156 3942 1810 4014; baseline 0.005 -18"><span class='ocrx_word' id='word_1_580' title='bbox 156 3942 354 4000; x_wconf 88' lang='lat' dir='ltr'>vitium</span> <span class='ocrx_word' id='word_1_581' title='bbox 387 3943 506 4000; x_wconf 88' lang='lat' dir='ltr'>tale</span> <span class='ocrx_word' id='word_1_582' title='bbox 552 3948 662 4014; x_wconf 90' lang='lat' dir='ltr'>est,</span> <span class='ocrx_word' id='word_1_583' title='bbox 695 3947 761 3998; x_wconf 90' lang='lat' dir='ltr'>ut</span> <span class='ocrx_word' id='word_1_584' title='bbox 813 3942 965 3999; x_wconf 89' lang='lat' dir='ltr'>filios</span> <span class='ocrx_word' id='word_1_585' title='bbox 1011 3945 1111 4000; x_wconf 90' lang='lat' dir='ltr'>Dei</span> <span class='ocrx_word' id='word_1_586' title='bbox 1145 3945 1361 4001; x_wconf 91' lang='lat' dir='ltr'>diaboli</span> <span class='ocrx_word' id='word_1_587' title='bbox 1397 3947 1588 4002; x_wconf 86' lang='lat' dir='ltr'>faciat.</span> <span class='ocrx_word' id='word_1_588' title='bbox 1623 3948 1689 4002; x_wconf 88' lang='lat' dir='ltr'>Et</span> <span class='ocrx_word' id='word_1_589' title='bbox 1719 3950 1810 4004; x_wconf 88' lang='lat' dir='ltr'>bis</span> 
     </span>
    </p>
   </div>
   <div class='ocr_carea' id='block_1_70' title="bbox 159 4031 1809 4106">
    <p class='ocr_par' dir='ltr' id='par_1_70' title="bbox 159 4031 1809 4106">
     <span class='ocr_line' id='line_1_70' title="bbox 159 4031 1809 4106; baseline 0.005 -22"><span class='ocrx_word' id='word_1_590' title='bbox 159 4031 289 4086; x_wconf 87' lang='lat' dir='ltr'>dicit</span> <span class='ocrx_word' id='word_1_591' title='bbox 321 4032 633 4106; x_wconf 82' lang='lat' dir='ltr'>Apostolus</span> <span class='ocrx_word' id='word_1_592' title='bbox 659 4049 670 4086; x_wconf 90' lang='lat'><strong>:</strong></span> <span class='ocrx_word' id='word_1_593' title='bbox 703 4035 944 4100; x_wconf 85' lang='lat' dir='ltr'>Fugite;</span> <span class='ocrx_word' id='word_1_594' title='bbox 974 4034 1115 4104; x_wconf 89' lang='lat' dir='ltr'>quia</span> <span class='ocrx_word' id='word_1_595' title='bbox 1145 4035 1216 4089; x_wconf 91' lang='lat' dir='ltr'>ad</span> <span class='ocrx_word' id='word_1_596' title='bbox 1250 4041 1456 4090; x_wconf 67' lang='lat' dir='ltr'>caetera</span> <span class='ocrx_word' id='word_1_597' title='bbox 1485 4037 1628 4091; x_wconf 87' lang='lat' dir='ltr'>vitia</span> <span class='ocrx_word' id='word_1_598' title='bbox 1657 4037 1809 4094; x_wconf 89' lang='lat' dir='ltr'>bella</span> 
     </span>
    </p>
   </div>
   <div class='ocr_carea' id='block_1_71' title="bbox 159 4122 1813 4195">
    <p class='ocr_par' dir='ltr' id='par_1_71' title="bbox 159 4122 1813 4195">
     <span class='ocr_line' id='line_1_71' title="bbox 159 4122 1813 4195; baseline 0.005 -21"><span class='ocrx_word' id='word_1_599' title='bbox 159 4126 292 4176; x_wconf 87' lang='lat' dir='ltr'>sunt</span> <span class='ocrx_word' id='word_1_600' title='bbox 313 4122 648 4178; x_wconf 87' lang='lat' dir='ltr'>adhibenda</span> <span class='ocrx_word' id='word_1_601' title='bbox 674 4140 687 4190; x_wconf 91' lang='lat'><strong>;</strong></span> <span class='ocrx_word' id='word_1_602' title='bbox 723 4122 879 4177; x_wconf 91' lang='lat' dir='ltr'>istud</span> <span class='ocrx_word' id='word_1_603' title='bbox 904 4139 1037 4177; x_wconf 89' lang='lat' dir='ltr'>vero</span> <span class='ocrx_word' id='word_1_604' title='bbox 1065 4124 1312 4194; x_wconf 91' lang='lat' dir='ltr'>pedibus</span> <span class='ocrx_word' id='word_1_605' title='bbox 1335 4125 1681 4195; x_wconf 89' lang='lat' dir='ltr'>fugiendum</span> <span class='ocrx_word' id='word_1_606' title='bbox 1711 4144 1724 4181; x_wconf 90' lang='lat'><strong>:</strong></span> <span class='ocrx_word' id='word_1_607' title='bbox 1755 4132 1813 4183; x_wconf 86' lang='lat' dir='ltr'>et</span> 
     </span>
    </p>
   </div>
   <div class='ocr_carea' id='block_1_72' title="bbox 161 4211 1810 4284">
    <p class='ocr_par' dir='ltr' id='par_1_72' title="bbox 161 4211 1810 4284">
     <span class='ocr_line' id='line_1_72' title="bbox 161 4211 1810 4284; baseline 0.005 -22"><span class='ocrx_word' id='word_1_608' title='bbox 161 4215 353 4267; x_wconf 91' lang='lat' dir='ltr'>contra</span> <span class='ocrx_word' id='word_1_609' title='bbox 382 4212 500 4267; x_wconf 88' lang='lat' dir='ltr'>alia</span> <span class='ocrx_word' id='word_1_610' title='bbox 522 4211 760 4281; x_wconf 91' lang='lat' dir='ltr'>quidem</span> <span class='ocrx_word' id='word_1_611' title='bbox 795 4211 1053 4267; x_wconf 90' lang='lat' dir='ltr'>brachiis</span> <span class='ocrx_word' id='word_1_612' title='bbox 1076 4213 1460 4284; x_wconf 90' lang='lat' dir='ltr'>pugnandum</span> <span class='ocrx_word' id='word_1_613' title='bbox 1487 4233 1499 4280; x_wconf 93' lang='lat'><strong>;</strong></span> <span class='ocrx_word' id='word_1_614' title='bbox 1535 4214 1645 4270; x_wconf 92' lang='lat' dir='ltr'>hoc</span> <span class='ocrx_word' id='word_1_615' title='bbox 1677 4233 1810 4272; x_wconf 91' lang='lat' dir='ltr'>vero</span> 
     </span>
    </p>
   </div>
   <div class='ocr_carea' id='block_1_73' title="bbox 161 4298 1812 4374">
    <p class='ocr_par' dir='ltr' id='par_1_73' title="bbox 161 4298 1812 4374">
     <span class='ocr_line' id='line_1_73' title="bbox 161 4298 1812 4374; baseline 0.006 -23"><span class='ocrx_word' id='word_1_616' title='bbox 161 4298 398 4366; x_wconf 88' lang='lat' dir='ltr'>pedibus</span> <span class='ocrx_word' id='word_1_617' title='bbox 447 4300 775 4355; x_wconf 89' lang='lat' dir='ltr'>vitandum.</span> <span class='ocrx_word' id='word_1_618' title='bbox 812 4300 960 4355; x_wconf 91' lang='lat' dir='ltr'>Dicit</span> <span class='ocrx_word' id='word_1_619' title='bbox 1013 4300 1404 4374; x_wconf 82' lang='lat' dir='ltr'>Hieronymus</span> <span class='ocrx_word' id='word_1_620' title='bbox 1438 4321 1449 4359; x_wconf 93' lang='lat'>:</span> <span class='ocrx_word' id='word_1_621' title='bbox 1501 4307 1675 4373; x_wconf 86' lang='lat' dir='ltr'>Mors,</span> <span class='ocrx_word' id='word_1_622' title='bbox 1711 4311 1812 4361; x_wconf 87' lang='lat' dir='ltr'>aut</span> 
     </span>
    </p>
   </div>
   <div class='ocr_carea' id='block_1_74' title="bbox 163 4389 1811 4460">
    <p class='ocr_par' dir='ltr' id='par_1_74' title="bbox 163 4389 1811 4460">
     <span class='ocr_line' id='line_1_74' title="bbox 163 4389 1811 4460; baseline 0.005 -20"><span class='ocrx_word' id='word_1_623' title='bbox 163 4392 338 4455; x_wconf 89' lang='lat' dir='ltr'>scuto,</span> <span class='ocrx_word' id='word_1_624' title='bbox 366 4395 474 4445; x_wconf 87' lang='lat' dir='ltr'>aut</span> <span class='ocrx_word' id='word_1_625' title='bbox 502 4389 752 4460; x_wconf 89' lang='lat' dir='ltr'>pedibus</span> <span class='ocrx_word' id='word_1_626' title='bbox 781 4389 1018 4444; x_wconf 87' lang='lat' dir='ltr'>vitatur.</span> <span class='ocrx_word' id='word_1_627' title='bbox 1043 4389 1258 4445; x_wconf 89' lang='lat' dir='ltr'>Contra</span> <span class='ocrx_word' id='word_1_628' title='bbox 1285 4396 1492 4448; x_wconf 60' lang='lat' dir='ltr'>caetera</span> <span class='ocrx_word' id='word_1_629' title='bbox 1511 4393 1652 4448; x_wconf 90' lang='lat' dir='ltr'>vitia</span> <span class='ocrx_word' id='word_1_630' title='bbox 1683 4411 1811 4449; x_wconf 88' lang='lat' dir='ltr'>scu-</span> 
     </span>
    </p>
   </div>
   <div class='ocr_carea' id='block_1_75' title="bbox 162 4477 1809 4553">
    <p class='ocr_par' dir='ltr' id='par_1_75' title="bbox 162 4477 1809 4553">
     <span class='ocr_line' id='line_1_75' title="bbox 162 4477 1809 4553; baseline 0.007 -27"><span class='ocrx_word' id='word_1_631' title='bbox 162 4477 277 4529; x_wconf 91' lang='lat' dir='ltr'>tum</span> <span class='ocrx_word' id='word_1_632' title='bbox 308 4483 392 4533; x_wconf 89' lang='lat' dir='ltr'>est</span> <span class='ocrx_word' id='word_1_633' title='bbox 420 4478 770 4550; x_wconf 84' lang='lat' dir='ltr'>erigendum</span> <span class='ocrx_word' id='word_1_634' title='bbox 802 4493 815 4532; x_wconf 90' lang='lat'>:</span> <span class='ocrx_word' id='word_1_635' title='bbox 850 4477 960 4531; x_wconf 90' lang='lat' dir='ltr'>hoc</span> <span class='ocrx_word' id='word_1_636' title='bbox 990 4494 1124 4532; x_wconf 91' lang='lat' dir='ltr'>vero</span> <span class='ocrx_word' id='word_1_637' title='bbox 1156 4479 1406 4550; x_wconf 86' lang='lat' dir='ltr'>pedibus</span> <span class='ocrx_word' id='word_1_638' title='bbox 1439 4481 1809 4553; x_wconf 87' lang='lat' dir='ltr'>fugiendum.</span> 
     </span>
    </p>
   </div>
   <div class='ocr_carea' id='block_1_76' title="bbox 163 4562 1812 4642">
    <p class='ocr_par' dir='ltr' id='par_1_76' title="bbox 163 4562 1812 4642">
     <span class='ocr_line' id='line_1_76' title="bbox 163 4562 1812 4642; baseline 0.005 -24"><span class='ocrx_word' id='word_1_639' title='bbox 163 4562 469 4624; x_wconf 86' lang='lat' dir='ltr'>Sciendum</span> <span class='ocrx_word' id='word_1_640' title='bbox 493 4567 634 4639; x_wconf 87' lang='lat' dir='ltr'>quia</span> <span class='ocrx_word' id='word_1_641' title='bbox 653 4567 1059 4640; x_wconf 86' lang='lat' dir='ltr'>exaggerando</span> <span class='ocrx_word' id='word_1_642' title='bbox 1081 4565 1226 4622; x_wconf 90' lang='lat' dir='ltr'>dicit</span> <span class='ocrx_word' id='word_1_643' title='bbox 1245 4569 1558 4640; x_wconf 87' lang='lat' dir='ltr'>Apostolus</span> <span class='ocrx_word' id='word_1_644' title='bbox 1580 4586 1592 4625; x_wconf 89' lang='lat'><strong>:</strong></span> <span class='ocrx_word' id='word_1_645' title='bbox 1617 4575 1812 4642; x_wconf 84' lang='lat' dir='ltr'>Fugite</span> 
     </span>
    </p>
   </div>
   <div class='ocr_carea' id='block_1_77' title="bbox 161 4652 1811 4728">
    <p class='ocr_par' dir='ltr' id='par_1_77' title="bbox 161 4652 1811 4728">
     <span class='ocr_line' id='line_1_77' title="bbox 161 4652 1811 4728; baseline 0.006 -22"><span class='ocrx_word' id='word_1_646' title='bbox 161 4652 608 4720; x_wconf 79' lang='lat' dir='ltr'>fornicationem:</span> <span class='ocrx_word' id='word_1_647' title='bbox 621 4655 798 4711; x_wconf 90' lang='lat' dir='ltr'>ethoc</span> <span class='ocrx_word' id='word_1_648' title='bbox 809 4656 1089 4711; x_wconf 91' lang='lat' dir='ltr'>adversus</span> <span class='ocrx_word' id='word_1_649' title='bbox 1102 4655 1234 4712; x_wconf 91' lang='lat' dir='ltr'>illos</span> <span class='ocrx_word' id='word_1_650' title='bbox 1249 4656 1348 4728; x_wconf 92' lang='lat' dir='ltr'>qui</span> <span class='ocrx_word' id='word_1_651' title='bbox 1363 4658 1462 4712; x_wconf 92' lang='lat' dir='ltr'>diu</span> <span class='ocrx_word' id='word_1_652' title='bbox 1479 4659 1539 4713; x_wconf 89' lang='lat' dir='ltr'>in</span> <span class='ocrx_word' id='word_1_653' title='bbox 1553 4659 1662 4715; x_wconf 88' lang='lat' dir='ltr'>hoc</span> <span class='ocrx_word' id='word_1_654' title='bbox 1674 4660 1811 4716; x_wconf 90' lang='lat' dir='ltr'>vitio</span> 
     </span>
    </p>
   </div>
   <div class='ocr_carea' id='block_1_78' title="bbox 1919 3498 3568 3573">
    <p class='ocr_par' dir='ltr' id='par_1_78' title="bbox 1919 3498 3568 3573">
     <span class='ocr_line' id='line_1_78' title="bbox 1919 3498 3568 3573; baseline -0.004 -15"><span class='ocrx_word' id='word_1_655' title='bbox 1919 3503 2210 3567; x_wconf 90' lang='lat' dir='ltr'>diabolus,</span> <span class='ocrx_word' id='word_1_656' title='bbox 2244 3507 2302 3557; x_wconf 89' lang='lat' dir='ltr'>et</span> <span class='ocrx_word' id='word_1_657' title='bbox 2348 3503 2530 3568; x_wconf 82' lang='lat' dir='ltr'>vitia;</span> <span class='ocrx_word' id='word_1_658' title='bbox 2577 3519 2680 3573; x_wconf 91' lang='lat' dir='ltr'>per</span> <span class='ocrx_word' id='word_1_659' title='bbox 2728 3501 2929 3567; x_wconf 90' lang='lat' dir='ltr'>David,</span> <span class='ocrx_word' id='word_1_660' title='bbox 2963 3499 3162 3555; x_wconf 90' lang='lat' dir='ltr'>anima</span> <span class='ocrx_word' id='word_1_661' title='bbox 3205 3498 3408 3566; x_wconf 87' lang='lat' dir='ltr'>electa,</span> <span class='ocrx_word' id='word_1_662' title='bbox 3439 3515 3568 3569; x_wconf 77' lang='lat' dir='ltr'>quae</span> 
     </span>
    </p>
   </div>
   <div class='ocr_carea' id='block_1_79' title="bbox 1916 3585 3566 3660">
    <p class='ocr_par' dir='ltr' id='par_1_79' title="bbox 1916 3585 3566 3660">
     <span class='ocr_line' id='line_1_79' title="bbox 1916 3585 3566 3660; baseline -0.005 -12"><span class='ocrx_word' id='word_1_663' title='bbox 1916 3592 2212 3660; x_wconf 88' lang='lat' dir='ltr'>certando,</span> <span class='ocrx_word' id='word_1_664' title='bbox 2246 3590 2554 3646; x_wconf 89' lang='lat' dir='ltr'>suasiones</span> <span class='ocrx_word' id='word_1_665' title='bbox 2594 3589 2912 3646; x_wconf 83' lang='lat' dir='ltr'>diabolicae</span> <span class='ocrx_word' id='word_1_666' title='bbox 2963 3587 3241 3660; x_wconf 90' lang='lat' dir='ltr'>fugiendo</span> <span class='ocrx_word' id='word_1_667' title='bbox 3292 3585 3566 3642; x_wconf 90' lang='lat' dir='ltr'>declinat.</span> 
     </span>
    </p>
   </div>
   <div class='ocr_carea' id='block_1_80' title="bbox 1989 3677 3572 3751">
    <p class='ocr_par' dir='ltr' id='par_1_80' title="bbox 1989 3677 3572 3751">
     <span class='ocr_line' id='line_1_80' title="bbox 1989 3677 3572 3751; baseline -0.003 -16"><span class='ocrx_word' id='word_1_668' title='bbox 1989 3681 2318 3751; x_wconf 88' lang='lat' dir='ltr'>Sequitur:</span> <span class='ocrx_word' id='word_1_669' title='bbox 2381 3680 2551 3736; x_wconf 84' lang='lat' dir='ltr'>Omne</span> <span class='ocrx_word' id='word_1_670' title='bbox 2599 3683 2910 3751; x_wconf 82' lang='lat' dir='ltr'>peccatum,</span> <span class='ocrx_word' id='word_1_671' title='bbox 2966 3677 3322 3749; x_wconf 85' lang='lat' dir='ltr'>quodcunque</span> <span class='ocrx_word' id='word_1_672' title='bbox 3376 3677 3572 3747; x_wconf 81' lang='lat' dir='ltr'>fecerit</span> 
     </span>
    </p>
   </div>
   <div class='ocr_carea' id='block_1_81' title="bbox 1918 3764 3572 3841">
    <p class='ocr_par' dir='ltr' id='par_1_81' title="bbox 1918 3764 3572 3841">
     <span class='ocr_line' id='line_1_81' title="bbox 1918 3764 3572 3841; baseline -0.003 -17"><span class='ocrx_word' id='word_1_673' title='bbox 1918 3769 2096 3835; x_wconf 84' lang='lat' dir='ltr'>homo,</span> <span class='ocrx_word' id='word_1_674' title='bbox 2127 3772 2287 3824; x_wconf 76' lang='lat' dir='ltr'>extra</span> <span class='ocrx_word' id='word_1_675' title='bbox 2334 3785 2527 3841; x_wconf 85' lang='lat' dir='ltr'>corpus</span> <span class='ocrx_word' id='word_1_676' title='bbox 2577 3771 2694 3830; x_wconf 87' lang='lat' dir='ltr'>est;</span> <span class='ocrx_word' id='word_1_677' title='bbox 2747 3769 2843 3839; x_wconf 87' lang='lat' dir='ltr'>qui</span> <span class='ocrx_word' id='word_1_678' title='bbox 2893 3775 3073 3823; x_wconf 89' lang='lat' dir='ltr'>autem</span> <span class='ocrx_word' id='word_1_679' title='bbox 3120 3764 3456 3839; x_wconf 82' lang='lat' dir='ltr'>fornicatur,</span> <span class='ocrx_word' id='word_1_680' title='bbox 3510 3767 3572 3820; x_wconf 89' lang='lat' dir='ltr'>in</span> 
     </span>
    </p>
   </div>
   <div class='ocr_carea' id='block_1_82' title="bbox 1916 3849 3576 3929">
    <p class='ocr_par' dir='ltr' id='par_1_82' title="bbox 1916 3849 3576 3929">
     <span class='ocr_line' id='line_1_82' title="bbox 1916 3849 3576 3929; baseline -0.005 -14"><span class='ocrx_word' id='word_1_681' title='bbox 1916 3874 2112 3929; x_wconf 85' lang='lat' dir='ltr'>corpus</span> <span class='ocrx_word' id='word_1_682' title='bbox 2159 3874 2324 3912; x_wconf 87' lang='lat' dir='ltr'>suum</span> <span class='ocrx_word' id='word_1_683' title='bbox 2369 3865 2570 3928; x_wconf 84' lang='lat' dir='ltr'>peccat.</span> <span class='ocrx_word' id='word_1_684' title='bbox 2605 3857 2708 3912; x_wconf 87' lang='lat' dir='ltr'>Hic</span> <span class='ocrx_word' id='word_1_685' title='bbox 2747 3849 2912 3912; x_wconf 76' lang='lat' dir='ltr'>locus</span> <span class='ocrx_word' id='word_1_686' title='bbox 2943 3855 3100 3911; x_wconf 91' lang='lat' dir='ltr'>varie</span> <span class='ocrx_word' id='word_1_687' title='bbox 3150 3853 3576 3927; x_wconf 82' lang='lat' dir='ltr'>intelligitur&#39;a</span> 
     </span>
    </p>
   </div>
   <div class='ocr_carea' id='block_1_83' title="bbox 1918 3942 3577 4017">
    <p class='ocr_par' dir='ltr' id='par_1_83' title="bbox 1918 3942 3577 4017">
     <span class='ocr_line' id='line_1_83' title="bbox 1918 3942 3577 4017; baseline -0.002 -15"><span class='ocrx_word' id='word_1_688' title='bbox 1918 3946 2256 4003; x_wconf 90' lang='lat' dir='ltr'>doctoribus</span> <span class='ocrx_word' id='word_1_689' title='bbox 2270 3947 2438 4017; x_wconf 74' lang='grc'>(574).</span> <span class='ocrx_word' id='word_1_690' title='bbox 2454 3946 2711 4001; x_wconf 87' lang='lat' dir='ltr'>Novatus</span> <span class='ocrx_word' id='word_1_691' title='bbox 2730 3961 2963 4017; x_wconf 92' lang='lat' dir='ltr'>quoque</span> <span class='ocrx_word' id='word_1_692' title='bbox 2987 3945 3097 4000; x_wconf 91' lang='lat' dir='ltr'>sub</span> <span class='ocrx_word' id='word_1_693' title='bbox 3120 3942 3577 4016; x_wconf 86' lang='lat' dir='ltr'>interrogatione</span> 
     </span>
    </p>
   </div>
   <div class='ocr_carea' id='block_1_84' title="bbox 1919 4031 3574 4108">
    <p class='ocr_par' dir='ltr' id='par_1_84' title="bbox 1919 4031 3574 4108">
     <span class='ocr_line' id='line_1_84' title="bbox 1919 4031 3574 4108; baseline -0.004 -17"><span class='ocrx_word' id='word_1_694' title='bbox 1919 4037 2178 4108; x_wconf 88' lang='lat' dir='ltr'>proferre</span> <span class='ocrx_word' id='word_1_695' title='bbox 2196 4035 2400 4090; x_wconf 92' lang='lat' dir='ltr'>voluit.</span> <span class='ocrx_word' id='word_1_696' title='bbox 2422 4034 2697 4090; x_wconf 90' lang='lat' dir='ltr'>Nonnulli</span> <span class='ocrx_word' id='word_1_697' title='bbox 2733 4034 2843 4088; x_wconf 94' lang='lat' dir='ltr'>hoc</span> <span class='ocrx_word' id='word_1_698' title='bbox 2876 4034 3048 4088; x_wconf 90' lang='lat' dir='ltr'>modo</span> <span class='ocrx_word' id='word_1_699' title='bbox 3073 4031 3451 4103; x_wconf 88' lang='lat' dir='ltr'>intelligunt:</span> <span class='ocrx_word' id='word_1_700' title='bbox 3485 4031 3574 4086; x_wconf 82' lang='lat' dir='ltr'>di-</span> 
     </span>
    </p>
   </div>
   <div class='ocr_carea' id='block_1_85' title="bbox 1919 4119 3574 4196">
    <p class='ocr_par' dir='ltr' id='par_1_85' title="bbox 1919 4119 3574 4196">
     <span class='ocr_line' id='line_1_85' title="bbox 1919 4119 3574 4196; baseline -0.003 -16"><span class='ocrx_word' id='word_1_701' title='bbox 1919 4130 2061 4181; x_wconf 89' lang='lat' dir='ltr'>cunt</span> <span class='ocrx_word' id='word_1_702' title='bbox 2082 4125 2237 4181; x_wconf 90' lang='lat' dir='ltr'>enim</span> <span class='ocrx_word' id='word_1_703' title='bbox 2263 4125 2416 4196; x_wconf 88' lang='lat' dir='ltr'>quod</span> <span class='ocrx_word' id='word_1_704' title='bbox 2443 4123 2749 4180; x_wconf 88' lang='lat' dir='ltr'>fornicatio</span> <span class='ocrx_word' id='word_1_705' title='bbox 2775 4140 2888 4179; x_wconf 88' lang='lat' dir='ltr'>non</span> <span class='ocrx_word' id='word_1_706' title='bbox 2913 4121 3025 4178; x_wconf 91' lang='lat' dir='ltr'>nisi</span> <span class='ocrx_word' id='word_1_707' title='bbox 3058 4138 3092 4176; x_wconf 85' lang='lat' dir='ltr'>a</span> <span class='ocrx_word' id='word_1_708' title='bbox 3121 4121 3356 4177; x_wconf 89' lang='lat' dir='ltr'>duobus</span> <span class='ocrx_word' id='word_1_709' title='bbox 3377 4119 3574 4192; x_wconf 87' lang='lat' dir='ltr'>peragi</span> 
     </span>
    </p>
   </div>
   <div class='ocr_carea' id='block_1_86' title="bbox 1919 4209 3572 4287">
    <p class='ocr_par' dir='ltr' id='par_1_86' title="bbox 1919 4209 3572 4287">
     <span class='ocr_line' id='line_1_86' title="bbox 1919 4209 3572 4287; baseline -0.004 -18"><span class='ocrx_word' id='word_1_710' title='bbox 1919 4214 2148 4287; x_wconf 90' lang='lat' dir='ltr'>possit;</span> <span class='ocrx_word' id='word_1_711' title='bbox 2199 4218 2406 4269; x_wconf 62' lang='lat' dir='ltr'>caetera</span> <span class='ocrx_word' id='word_1_712' title='bbox 2434 4230 2568 4268; x_wconf 81' lang='lat' dir='ltr'>vero</span> <span class='ocrx_word' id='word_1_713' title='bbox 2600 4217 2837 4284; x_wconf 88' lang='lat' dir='ltr'>peccata</span> <span class='ocrx_word' id='word_1_714' title='bbox 2867 4212 3044 4267; x_wconf 89' lang='lat' dir='ltr'>etiam</span> <span class='ocrx_word' id='word_1_715' title='bbox 3077 4211 3149 4266; x_wconf 91' lang='lat' dir='ltr'>ab</span> <span class='ocrx_word' id='word_1_716' title='bbox 3184 4227 3321 4266; x_wconf 91' lang='lat' dir='ltr'>uno.</span> <span class='ocrx_word' id='word_1_717' title='bbox 3356 4209 3572 4274; x_wconf 89' lang='lat' dir='ltr'>Unum,</span> 
     </span>
    </p>
   </div>
   <div class='ocr_carea' id='block_1_87' title="bbox 1921 4296 3573 4375">
    <p class='ocr_par' dir='ltr' id='par_1_87' title="bbox 1921 4296 3573 4375">
     <span class='ocr_line' id='line_1_87' title="bbox 1921 4296 3573 4375; baseline -0.005 -16"><span class='ocrx_word' id='word_1_718' title='bbox 1921 4303 2032 4359; x_wconf 92' lang='lat' dir='ltr'>dici</span> <span class='ocrx_word' id='word_1_719' title='bbox 2057 4319 2271 4375; x_wconf 89' lang='lat' dir='ltr'>corpus</span> <span class='ocrx_word' id='word_1_720' title='bbox 2295 4319 2409 4358; x_wconf 88' lang='lat' dir='ltr'>non</span> <span class='ocrx_word' id='word_1_721' title='bbox 2435 4306 2652 4374; x_wconf 82' lang='lat' dir='ltr'>potest;</span> <span class='ocrx_word' id='word_1_722' title='bbox 2677 4302 2794 4357; x_wconf 91' lang='lat' dir='ltr'>duo</span> <span class='ocrx_word' id='word_1_723' title='bbox 2814 4300 3208 4372; x_wconf 88' lang='lat' dir='ltr'>quoque,jam</span> <span class='ocrx_word' id='word_1_724' title='bbox 3232 4314 3443 4369; x_wconf 89' lang='lat' dir='ltr'>corpus</span> <span class='ocrx_word' id='word_1_725' title='bbox 3461 4296 3573 4352; x_wconf 92' lang='lat' dir='ltr'>dici</span> 
     </span>
    </p>
   </div>
   <div class='ocr_carea' id='block_1_88' title="bbox 1920 4383 3574 4464">
    <p class='ocr_par' dir='ltr' id='par_1_88' title="bbox 1920 4383 3574 4464">
     <span class='ocr_line' id='line_1_88' title="bbox 1920 4383 3574 4464; baseline -0.006 -17"><span class='ocrx_word' id='word_1_726' title='bbox 1920 4396 2191 4464; x_wconf 89' lang='lat' dir='ltr'>possunt,</span> <span class='ocrx_word' id='word_1_727' title='bbox 2215 4397 2272 4446; x_wconf 91' lang='lat' dir='ltr'>et</span> <span class='ocrx_word' id='word_1_728' title='bbox 2303 4392 2432 4446; x_wconf 91' lang='lat' dir='ltr'>ideo</span> <span class='ocrx_word' id='word_1_729' title='bbox 2464 4391 2564 4462; x_wconf 90' lang='lat' dir='ltr'>qui</span> <span class='ocrx_word' id='word_1_730' title='bbox 2599 4390 2941 4454; x_wconf 90' lang='lat' dir='ltr'>fornicatur,</span> <span class='ocrx_word' id='word_1_731' title='bbox 2977 4388 3035 4442; x_wconf 87' lang='lat' dir='ltr'>in</span> <span class='ocrx_word' id='word_1_732' title='bbox 3067 4402 3281 4455; x_wconf 79' lang='lat' dir='ltr'>corpus</span> <span class='ocrx_word' id='word_1_733' title='bbox 3304 4383 3574 4440; x_wconf 61' lang='lat' dir='ltr'>Ecclesia:</span> 
     </span>
    </p>
   </div>
   <div class='ocr_carea' id='block_1_89' title="bbox 1921 4473 3578 4552">
    <p class='ocr_par' dir='ltr' id='par_1_89' title="bbox 1921 4473 3578 4552">
     <span class='ocr_line' id='line_1_89' title="bbox 1921 4473 3578 4552; baseline -0.006 -16"><span class='ocrx_word' id='word_1_734' title='bbox 1921 4485 2143 4552; x_wconf 89' lang='lat' dir='ltr'>peccat.</span> <span class='ocrx_word' id='word_1_735' title='bbox 2174 4479 2284 4534; x_wconf 83' lang='lat' dir='ltr'>Alii</span> <span class='ocrx_word' id='word_1_736' title='bbox 2316 4479 2552 4551; x_wconf 89' lang='lat' dir='ltr'>quidem</span> <span class='ocrx_word' id='word_1_737' title='bbox 2604 4479 2713 4532; x_wconf 86' lang='lat' dir='ltr'>hoc</span> <span class='ocrx_word' id='word_1_738' title='bbox 2757 4475 3095 4547; x_wconf 89' lang='lat' dir='ltr'>intelligunt</span> <span class='ocrx_word' id='word_1_739' title='bbox 3143 4475 3200 4528; x_wconf 87' lang='lat' dir='ltr'>in</span> <span class='ocrx_word' id='word_1_740' title='bbox 3255 4473 3487 4539; x_wconf 87' lang='lat' dir='ltr'>marito,</span> <span class='ocrx_word' id='word_1_741' title='bbox 3520 4477 3578 4526; x_wconf 91' lang='lat' dir='ltr'>et</span> 
     </span>
    </p>
   </div>
   <div class='ocr_carea' id='block_1_90' title="bbox 1921 4563 3578 4639">
    <p class='ocr_par' dir='ltr' id='par_1_90' title="bbox 1921 4563 3578 4639">
     <span class='ocr_line' id='line_1_90' title="bbox 1921 4563 3578 4639; baseline -0.006 -15"><span class='ocrx_word' id='word_1_742' title='bbox 1921 4585 2118 4637; x_wconf 83' lang='lat' dir='ltr'>uxore,</span> <span class='ocrx_word' id='word_1_743' title='bbox 2152 4569 2251 4639; x_wconf 90' lang='lat' dir='ltr'>qui</span> <span class='ocrx_word' id='word_1_744' title='bbox 2287 4584 2470 4622; x_wconf 89' lang='lat' dir='ltr'>unum</span> <span class='ocrx_word' id='word_1_745' title='bbox 2503 4584 2715 4638; x_wconf 89' lang='lat' dir='ltr'>corpus</span> <span class='ocrx_word' id='word_1_746' title='bbox 2747 4569 2924 4633; x_wconf 90' lang='lat' dir='ltr'>sunt;</span> <span class='ocrx_word' id='word_1_747' title='bbox 2959 4564 3112 4620; x_wconf 91' lang='lat' dir='ltr'>unde</span> <span class='ocrx_word' id='word_1_748' title='bbox 3144 4580 3325 4635; x_wconf 90' lang='lat' dir='ltr'>supra</span> <span class='ocrx_word' id='word_1_749' title='bbox 3353 4578 3365 4616; x_wconf 92' lang='lat'><strong>:</strong></span> <span class='ocrx_word' id='word_1_750' title='bbox 3399 4563 3578 4618; x_wconf 87' lang='lat' dir='ltr'>Erunt</span> 
     </span>
    </p>
   </div>
   <div class='ocr_carea' id='block_1_91' title="bbox 1919 4653 3576 4728">
    <p class='ocr_par' dir='ltr' id='par_1_91' title="bbox 1919 4653 3576 4728">
     <span class='ocr_line' id='line_1_91' title="bbox 1919 4653 3576 4728; baseline -0.004 -15"><span class='ocrx_word' id='word_1_751' title='bbox 1919 4658 2027 4714; x_wconf 85' lang='lat' dir='ltr'>duo</span> <span class='ocrx_word' id='word_1_752' title='bbox 2075 4659 2134 4713; x_wconf 85' lang='lat' dir='ltr'>in</span> <span class='ocrx_word' id='word_1_753' title='bbox 2182 4673 2349 4712; x_wconf 85' lang='lat' dir='ltr'>carne</span> <span class='ocrx_word' id='word_1_754' title='bbox 2395 4674 2528 4712; x_wconf 87' lang='lat' dir='ltr'>una.</span> <span class='ocrx_word' id='word_1_755' title='bbox 2565 4657 2712 4728; x_wconf 86' lang='lat' dir='ltr'>Ergo</span> <span class='ocrx_word' id='word_1_756' title='bbox 2759 4654 2859 4726; x_wconf 90' lang='lat' dir='ltr'>qui</span> <span class='ocrx_word' id='word_1_757' title='bbox 2893 4654 3236 4722; x_wconf 85' lang='lat' dir='ltr'>fornicatur,</span> <span class='ocrx_word' id='word_1_758' title='bbox 3269 4653 3330 4709; x_wconf 90' lang='lat' dir='ltr'>in</span> <span class='ocrx_word' id='word_1_759' title='bbox 3361 4668 3576 4724; x_wconf 88' lang='lat' dir='ltr'>corpus</span> 
     </span>
    </p>
   </div>
   <div class='ocr_carea' id='block_1_92' title="bbox 166 4740 3576 4830">
    <p class='ocr_par' dir='ltr' id='par_1_92' title="bbox 166 4740 3576 4830">
     <span class='ocr_line' id='line_1_92' title="bbox 166 4740 3576 4830; baseline -0.001 -32"><span class='ocrx_word' id='word_1_760' title='bbox 166 4751 459 4830; x_wconf 79' lang='lat' dir='ltr'>morantur</span> <span class='ocrx_word' id='word_1_761' title='bbox 485 4750 576 4814; x_wconf 88' lang='lat' dir='ltr'>;et</span> <span class='ocrx_word' id='word_1_762' title='bbox 605 4745 742 4817; x_wconf 89' lang='lat' dir='ltr'>quia</span> <span class='ocrx_word' id='word_1_763' title='bbox 775 4745 1003 4801; x_wconf 90' lang='lat' dir='ltr'>diutius</span> <span class='ocrx_word' id='word_1_764' title='bbox 1037 4762 1281 4817; x_wconf 91' lang='lat' dir='ltr'>parvum</span> <span class='ocrx_word' id='word_1_765' title='bbox 1315 4751 1546 4818; x_wconf 87' lang='lat' dir='ltr'>putant,</span> <span class='ocrx_word' id='word_1_766' title='bbox 1580 4749 1812 4805; x_wconf 90' lang='lat' dir='ltr'>etiamsi</span> <span class='ocrx_word' id='word_1_767' title='bbox 1843 4765 1889 4830; x_wconf 82' lang='lat' dir='ltr'><strong>D</strong></span> <span class='ocrx_word' id='word_1_768' title='bbox 1923 4763 2097 4802; x_wconf 86' lang='lat' dir='ltr'>suum</span> <span class='ocrx_word' id='word_1_769' title='bbox 2122 4750 2340 4818; x_wconf 87' lang='lat' dir='ltr'>peccat,</span> <span class='ocrx_word' id='word_1_770' title='bbox 2365 4745 2422 4800; x_wconf 91' lang='lat' dir='ltr'>id</span> <span class='ocrx_word' id='word_1_771' title='bbox 2457 4750 2564 4813; x_wconf 92' lang='lat' dir='ltr'>est,</span> <span class='ocrx_word' id='word_1_772' title='bbox 2593 4751 2696 4800; x_wconf 83' lang='lat' dir='ltr'>aut</span> <span class='ocrx_word' id='word_1_773' title='bbox 2723 4745 2812 4799; x_wconf 86' lang='lat' dir='ltr'>vir</span> <span class='ocrx_word' id='word_1_774' title='bbox 2842 4744 2901 4799; x_wconf 89' lang='lat' dir='ltr'>in</span> <span class='ocrx_word' id='word_1_775' title='bbox 2928 4760 3188 4808; x_wconf 89' lang='lat' dir='ltr'>uxorem,</span> <span class='ocrx_word' id='word_1_776' title='bbox 3211 4747 3313 4798; x_wconf 89' lang='lat' dir='ltr'>aut</span> <span class='ocrx_word' id='word_1_777' title='bbox 3343 4757 3487 4796; x_wconf 81' lang='lat' dir='ltr'>uxor</span> <span class='ocrx_word' id='word_1_778' title='bbox 3515 4740 3576 4794; x_wconf 89' lang='lat' dir='ltr'>in</span> 
     </span>
    </p>
   </div>
   <div class='ocr_carea' id='block_1_93' title="bbox 165 4829 1808 4908">
    <p class='ocr_par' dir='ltr' id='par_1_93' title="bbox 165 4829 1808 4908">
     <span class='ocr_line' id='line_1_93' title="bbox 165 4829 1808 4908; baseline 0.005 -25"><span class='ocrx_word' id='word_1_779' title='bbox 165 4829 231 4884; x_wconf 89' lang='lat' dir='ltr'>ab</span> <span class='ocrx_word' id='word_1_780' title='bbox 249 4831 437 4907; x_wconf 89' lang='lat' dir='ltr'>aliquo</span> <span class='ocrx_word' id='word_1_781' title='bbox 464 4835 702 4890; x_wconf 91' lang='lat' dir='ltr'>doctore</span> <span class='ocrx_word' id='word_1_782' title='bbox 724 4834 1250 4906; x_wconf 88' lang='lat' dir='ltr'>reprehendantur,</span> <span class='ocrx_word' id='word_1_783' title='bbox 1273 4851 1388 4890; x_wconf 90' lang='lat' dir='ltr'>non</span> <span class='ocrx_word' id='word_1_784' title='bbox 1411 4835 1808 4908; x_wconf 88' lang='lat' dir='ltr'>corriguntur.</span> 
     </span>
    </p>
   </div>
   <div class='ocr_carea' id='block_1_94' title="bbox 232 4919 1812 4996">
    <p class='ocr_par' dir='ltr' id='par_1_94' title="bbox 232 4919 1812 4996">
     <span class='ocr_line' id='line_1_94' title="bbox 232 4919 1812 4996; baseline 0.004 -22"><span class='ocrx_word' id='word_1_785' title='bbox 232 4919 288 4974; x_wconf 86' lang='lat' dir='ltr'>Ei</span> <span class='ocrx_word' id='word_1_786' title='bbox 309 4925 445 4994; x_wconf 88' lang='lat' dir='ltr'>quia</span> <span class='ocrx_word' id='word_1_787' title='bbox 473 4924 584 4979; x_wconf 92' lang='lat' dir='ltr'>hoc</span> <span class='ocrx_word' id='word_1_788' title='bbox 609 4923 815 4978; x_wconf 91' lang='lat' dir='ltr'>vitium</span> <span class='ocrx_word' id='word_1_789' title='bbox 843 4924 1169 4978; x_wconf 91' lang='lat' dir='ltr'>cavendum</span> <span class='ocrx_word' id='word_1_790' title='bbox 1194 4923 1290 4992; x_wconf 91' lang='lat' dir='ltr'>sit,</span> <span class='ocrx_word' id='word_1_791' title='bbox 1320 4923 1603 4996; x_wconf 86' lang='lat' dir='ltr'>exemplis</span> <span class='ocrx_word' id='word_1_792' title='bbox 1625 4929 1812 4980; x_wconf 88' lang='lat' dir='ltr'>osten-</span> 
     </span>
    </p>
   </div>
   <div class='ocr_carea' id='block_1_95' title="bbox 169 5005 1808 5085">
    <p class='ocr_par' dir='ltr' id='par_1_95' title="bbox 169 5005 1808 5085">
     <span class='ocr_line' id='line_1_95' title="bbox 169 5005 1808 5085; baseline 0.006 -26"><span class='ocrx_word' id='word_1_793' title='bbox 169 5005 330 5065; x_wconf 90' lang='lat' dir='ltr'>ditur.</span> <span class='ocrx_word' id='word_1_794' title='bbox 361 5013 419 5068; x_wconf 91' lang='lat' dir='ltr'>Si</span> <span class='ocrx_word' id='word_1_795' title='bbox 469 5013 627 5069; x_wconf 88' lang='lat' dir='ltr'>enim</span> <span class='ocrx_word' id='word_1_796' title='bbox 660 5013 821 5080; x_wconf 78' lang='lat' dir='ltr'>Cain,</span> <span class='ocrx_word' id='word_1_797' title='bbox 859 5013 1112 5068; x_wconf 89' lang='lat' dir='ltr'>fraterno</span> <span class='ocrx_word' id='word_1_798' title='bbox 1143 5013 1430 5085; x_wconf 86' lang='lat' dir='ltr'>sanguine</span> <span class='ocrx_word' id='word_1_799' title='bbox 1462 5018 1676 5069; x_wconf 89' lang='lat' dir='ltr'>terram</span> <span class='ocrx_word' id='word_1_800' title='bbox 1711 5015 1808 5069; x_wconf 79' lang='lat' dir='ltr'>foe-</span> 
     </span>
    </p>
   </div>
   <div class='ocr_carea' id='block_1_96' title="bbox 170 5093 1809 5174">
    <p class='ocr_par' dir='ltr' id='par_1_96' title="bbox 170 5093 1809 5174">
     <span class='ocr_line' id='line_1_96' title="bbox 170 5093 1809 5174; baseline 0.005 -24"><span class='ocrx_word' id='word_1_801' title='bbox 170 5093 345 5156; x_wconf 82' lang='lat' dir='ltr'>dando</span> <span class='ocrx_word' id='word_1_802' title='bbox 366 5103 522 5174; x_wconf 89' lang='lat' dir='ltr'>(Gen.</span> <span class='ocrx_word' id='word_1_803' title='bbox 549 5119 626 5170; x_wconf 86' lang='lat' dir='ltr'>iv,</span> <span class='ocrx_word' id='word_1_804' title='bbox 648 5103 724 5172; x_wconf 90' lang='lat'>8),</span> <span class='ocrx_word' id='word_1_805' title='bbox 751 5119 784 5156; x_wconf 77' lang='grc' dir='ltr'>ιι</span> <span class='ocrx_word' id='word_1_806' title='bbox 808 5101 1056 5158; x_wconf 92' lang='lat' dir='ltr'>Domino</span> <span class='ocrx_word' id='word_1_807' title='bbox 1082 5103 1450 5174; x_wconf 89' lang='lat' dir='ltr'>reprobatus,</span> <span class='ocrx_word' id='word_1_808' title='bbox 1477 5107 1534 5158; x_wconf 91' lang='lat' dir='ltr'>et</span> <span class='ocrx_word' id='word_1_809' title='bbox 1568 5104 1624 5158; x_wconf 91' lang='lat' dir='ltr'>in</span> <span class='ocrx_word' id='word_1_810' title='bbox 1649 5105 1809 5159; x_wconf 88' lang='lat' dir='ltr'>omni</span> 
     </span>
    </p>
   </div>
   <div class='ocr_carea' id='block_1_97' title="bbox 169 5191 1811 5264">
    <p class='ocr_par' dir='ltr' id='par_1_97' title="bbox 169 5191 1811 5264">
     <span class='ocr_line' id='line_1_97' title="bbox 169 5191 1811 5264; baseline 0.007 -27"><span class='ocrx_word' id='word_1_811' title='bbox 169 5198 319 5244; x_wconf 85' lang='lat' dir='ltr'>sacra</span> <span class='ocrx_word' id='word_1_812' title='bbox 331 5194 633 5264; x_wconf 86' lang='lat' dir='ltr'>Scriptura</span> <span class='ocrx_word' id='word_1_813' title='bbox 650 5191 948 5246; x_wconf 88' lang='lat' dir='ltr'>fratricida</span> <span class='ocrx_word' id='word_1_814' title='bbox 968 5196 1057 5247; x_wconf 90' lang='lat' dir='ltr'>est</span> <span class='ocrx_word' id='word_1_815' title='bbox 1078 5197 1476 5264; x_wconf 87' lang='lat' dir='ltr'>nuncupatus,</span> <span class='ocrx_word' id='word_1_816' title='bbox 1495 5210 1611 5264; x_wconf 91' lang='lat' dir='ltr'>qua</span> <span class='ocrx_word' id='word_1_817' title='bbox 1633 5197 1811 5248; x_wconf 87' lang='lat' dir='ltr'>teme-</span> 
     </span>
    </p>
   </div>
   <div class='ocr_carea' id='block_1_98' title="bbox 171 5272 1812 5353">
    <p class='ocr_par' dir='ltr' id='par_1_98' title="bbox 171 5272 1812 5353">
     <span class='ocr_line' id='line_1_98' title="bbox 171 5272 1812 5353; baseline 0.009 -29"><span class='ocrx_word' id='word_1_818' title='bbox 171 5272 342 5349; x_wconf 87' lang='lat' dir='ltr'>ritate,</span> <span class='ocrx_word' id='word_1_819' title='bbox 366 5282 702 5339; x_wconf 79' lang='lat' dir='ltr'>membrum</span> <span class='ocrx_word' id='word_1_820' title='bbox 726 5281 938 5336; x_wconf 89' lang='lat' dir='ltr'>Christi</span> <span class='ocrx_word' id='word_1_821' title='bbox 968 5281 1262 5348; x_wconf 70' lang='lat' dir='ltr'>foedando,</span> <span class='ocrx_word' id='word_1_822' title='bbox 1289 5287 1461 5353; x_wconf 86' lang='lat' dir='ltr'>putas</span> <span class='ocrx_word' id='word_1_823' title='bbox 1486 5287 1542 5337; x_wconf 89' lang='lat' dir='ltr'>te</span> <span class='ocrx_word' id='word_1_824' title='bbox 1575 5282 1812 5338; x_wconf 88' lang='lat' dir='ltr'>societa-</span> 
     </span>
    </p>
   </div>
   <div class='ocr_carea' id='block_1_99' title="bbox 169 5363 1813 5442">
    <p class='ocr_par' dir='ltr' id='par_1_99' title="bbox 169 5363 1813 5442">
     <span class='ocr_line' id='line_1_99' title="bbox 169 5363 1813 5442; baseline 0.008 -27"><span class='ocrx_word' id='word_1_825' title='bbox 169 5363 275 5419; x_wconf 86' lang='lat' dir='ltr'>tem</span> <span class='ocrx_word' id='word_1_826' title='bbox 299 5367 452 5428; x_wconf 89' lang='lat' dir='ltr'>illius</span> <span class='ocrx_word' id='word_1_827' title='bbox 475 5371 720 5427; x_wconf 90' lang='lat' dir='ltr'>evadere</span> <span class='ocrx_word' id='word_1_828' title='bbox 747 5371 961 5442; x_wconf 85' lang='lat' dir='ltr'>posse?</span> <span class='ocrx_word' id='word_1_829' title='bbox 985 5371 1043 5426; x_wconf 90' lang='lat' dir='ltr'>Si</span> <span class='ocrx_word' id='word_1_830' title='bbox 1067 5371 1222 5425; x_wconf 89' lang='lat' dir='ltr'>enim</span> <span class='ocrx_word' id='word_1_831' title='bbox 1243 5371 1500 5437; x_wconf 90' lang='lat' dir='ltr'>Henoch,</span> <span class='ocrx_word' id='word_1_832' title='bbox 1519 5372 1738 5427; x_wconf 89' lang='lat' dir='ltr'>munde</span> <span class='ocrx_word' id='word_1_833' title='bbox 1756 5377 1813 5428; x_wconf 92' lang='lat' dir='ltr'>et</span> 
     </span>
    </p>
   </div>
   <div class='ocr_carea' id='block_1_100' title="bbox 173 5459 1809 5532">
    <p class='ocr_par' dir='ltr' id='par_1_100' title="bbox 173 5459 1809 5532">
     <span class='ocr_line' id='line_1_100' title="bbox 173 5459 1809 5532; baseline -0.001 -14"><span class='ocrx_word' id='word_1_834' title='bbox 173 5463 304 5518; x_wconf 75' lang='lat' dir='ltr'>Pure</span> <span class='ocrx_word' id='word_1_835' title='bbox 331 5461 748 5529; x_wconf 89' lang='lat' dir='ltr'>conversando,</span> <span class='ocrx_word' id='word_1_836' title='bbox 773 5459 1098 5516; x_wconf 88' lang='lat' dir='ltr'>translatus</span> <span class='ocrx_word' id='word_1_837' title='bbox 1128 5464 1216 5515; x_wconf 89' lang='lat' dir='ltr'>est</span> <span class='ocrx_word' id='word_1_838' title='bbox 1246 5460 1402 5531; x_wconf 84' lang='lat' dir='ltr'>(Gen.</span> <span class='ocrx_word' id='word_1_839' title='bbox 1436 5477 1492 5526; x_wconf 86' lang='grc' dir='ltr'>ν,</span> <span class='ocrx_word' id='word_1_840' title='bbox 1524 5461 1638 5532; x_wconf 84' lang='grc'>24),</span> <span class='ocrx_word' id='word_1_841' title='bbox 1672 5478 1809 5532; x_wconf 91' lang='lat' dir='ltr'>quo-</span> 
     </span>
    </p>
   </div>
   <div class='ocr_carea' id='block_1_101' title="bbox 238 5633 1806 5718">
    <p class='ocr_par' dir='ltr' id='par_1_101' title="bbox 238 5633 1806 5718">
     <span class='ocr_line' id='line_1_101' title="bbox 238 5633 1806 5718; baseline -0.001 -22"><span class='ocrx_word' id='word_1_842' title='bbox 238 5633 713 5718; x_wconf 61' lang='lat' dir='ltr'>(579)_Joa_n__xvu,</span> <span class='ocrx_word' id='word_1_843' title='bbox 745 5641 832 5709; x_wconf 89' lang='grc'>11,</span> <span class='ocrx_word' id='word_1_844' title='bbox 860 5641 924 5694; x_wconf 89' lang='grc'>21</span> <span class='ocrx_word' id='word_1_845' title='bbox 959 5642 1016 5694; x_wconf 92' lang='lat' dir='ltr'>et</span> <span class='ocrx_word' id='word_1_846' title='bbox 1043 5639 1133 5710; x_wconf 84' lang='grc'>24,</span> <span class='ocrx_word' id='word_1_847' title='bbox 1165 5639 1235 5694; x_wconf 92' lang='lat' dir='ltr'>de</span> <span class='ocrx_word' id='word_1_848' title='bbox 1268 5638 1494 5694; x_wconf 86' lang='lat' dir='ltr'>unitate</span> <span class='ocrx_word' id='word_1_849' title='bbox 1525 5641 1806 5712; x_wconf 88' lang='lat' dir='ltr'>corporis,</span> 
     </span>
    </p>
   </div>
   <div class='ocr_carea' id='block_1_102' title="bbox 179 5710 707 5773">
    <p class='ocr_par' dir='ltr' id='par_1_102' title="bbox 179 5710 707 5773">
     <span class='ocr_line' id='line_1_102' title="bbox 179 5710 707 5773; baseline 0.021 -18"><span class='ocrx_word' id='word_1_850' title='bbox 179 5710 387 5773; x_wconf 84' lang='lat' dir='ltr'>mystici</span> <span class='ocrx_word' id='word_1_851' title='bbox 423 5710 707 5768; x_wconf 85' lang='lat' dir='ltr'>videlicet.</span> 
     </span>
    </p>
   </div>
   <div class='ocr_carea' id='block_1_103' title="bbox 242 5777 1806 5858">
    <p class='ocr_par' dir='ltr' id='par_1_103' title="bbox 242 5777 1806 5858">
     <span class='ocr_line' id='line_1_103' title="bbox 242 5777 1806 5858; baseline -0.001 -16"><span class='ocrx_word' id='word_1_852' title='bbox 242 5777 378 5858; x_wconf 58' lang='lat'>(511)</span> <span class='ocrx_word' id='word_1_853' title='bbox 409 5783 568 5840; x_wconf 85' lang='lat' dir='ltr'>Fidei</span> <span class='ocrx_word' id='word_1_854' title='bbox 592 5783 833 5850; x_wconf 87' lang='lat' dir='ltr'>scilicet,</span> <span class='ocrx_word' id='word_1_855' title='bbox 851 5786 909 5838; x_wconf 92' lang='lat' dir='ltr'>et</span> <span class='ocrx_word' id='word_1_856' title='bbox 929 5782 1232 5858; x_wconf 76' lang='lat' dir='ltr'>charitatis</span> <span class='ocrx_word' id='word_1_857' title='bbox 1255 5781 1487 5858; x_wconf 74' lang='lat' dir='ltr'>vinculo</span> <span class='ocrx_word' id='word_1_858' title='bbox 1511 5783 1806 5853; x_wconf 87' lang='lat' dir='ltr'>conjuncti</span> 
     </span>
    </p>
   </div>
   <div class='ocr_carea' id='block_1_104' title="bbox 181 5843 1520 5927">
    <p class='ocr_par' dir='ltr' id='par_1_104' title="bbox 181 5843 1520 5927">
     <span class='ocr_line' id='line_1_104' title="bbox 181 5843 1520 5927; baseline 0.007 -28"><span class='ocrx_word' id='word_1_859' title='bbox 181 5843 242 5899; x_wconf 80' lang='lat' dir='ltr'>ad</span> <span class='ocrx_word' id='word_1_860' title='bbox 271 5843 595 5912; x_wconf 83' lang='lat' dir='ltr'>divinarum</span> <span class='ocrx_word' id='word_1_861' title='bbox 627 5843 1014 5927; x_wconf 82' lang='lat' dir='ltr'>personarum</span> <span class='ocrx_word' id='word_1_862' title='bbox 1048 5853 1520 5912; x_wconf 87' lang='lat' dir='ltr'>similitudinem.</span> 
     </span>
    </p>
   </div>
   <div class='ocr_carea' id='block_1_105' title="bbox 1919 4829 3578 4907">
    <p class='ocr_par' dir='ltr' id='par_1_105' title="bbox 1919 4829 3578 4907">
     <span class='ocr_line' id='line_1_105' title="bbox 1919 4829 3578 4907; baseline -0.004 -17"><span class='ocrx_word' id='word_1_863' title='bbox 1919 4837 2134 4891; x_wconf 91' lang='lat' dir='ltr'>virum.</span> <span class='ocrx_word' id='word_1_864' title='bbox 2172 4836 2386 4890; x_wconf 90' lang='lat' dir='ltr'>Beatus</span> <span class='ocrx_word' id='word_1_865' title='bbox 2430 4852 2563 4891; x_wconf 90' lang='lat' dir='ltr'>vero</span> <span class='ocrx_word' id='word_1_866' title='bbox 2612 4835 2988 4907; x_wconf 84' lang='lat' dir='ltr'>Augustinus</span> <span class='ocrx_word' id='word_1_867' title='bbox 3027 4831 3378 4905; x_wconf 84' lang='lat' dir='ltr'>profundius</span> <span class='ocrx_word' id='word_1_868' title='bbox 3425 4829 3578 4884; x_wconf 87' lang='lat' dir='ltr'>hanc</span> 
     </span>
    </p>
   </div>
   <div class='ocr_carea' id='block_1_106' title="bbox 1921 4918 3577 4997">
    <p class='ocr_par' dir='ltr' id='par_1_106' title="bbox 1921 4918 3577 4997">
     <span class='ocr_line' id='line_1_106' title="bbox 1921 4918 3577 4997; baseline -0.005 -17"><span class='ocrx_word' id='word_1_869' title='bbox 1921 4925 2302 4997; x_wconf 68' lang='lat' dir='ltr'>quaestionem</span> <span class='ocrx_word' id='word_1_870' title='bbox 2335 4925 2609 4997; x_wconf 83' lang='lat' dir='ltr'>inspexit,</span> <span class='ocrx_word' id='word_1_871' title='bbox 2644 4925 2787 4980; x_wconf 89' lang='lat' dir='ltr'>adeo</span> <span class='ocrx_word' id='word_1_872' title='bbox 2821 4929 2888 4978; x_wconf 92' lang='lat' dir='ltr'>ut</span> <span class='ocrx_word' id='word_1_873' title='bbox 2917 4923 3156 4987; x_wconf 89' lang='lat' dir='ltr'>diceret,</span> <span class='ocrx_word' id='word_1_874' title='bbox 3189 4918 3383 4975; x_wconf 89' lang='lat' dir='ltr'>nescio</span> <span class='ocrx_word' id='word_1_875' title='bbox 3417 4918 3465 4974; x_wconf 88' lang='lat' dir='ltr'>si</span> <span class='ocrx_word' id='word_1_876' title='bbox 3504 4919 3577 4972; x_wconf 92' lang='lat' dir='ltr'>ad</span> 
     </span>
    </p>
   </div>
   <div class='ocr_carea' id='block_1_107' title="bbox 1922 5008 3575 5088">
    <p class='ocr_par' dir='ltr' id='par_1_107' title="bbox 1922 5008 3575 5088">
     <span class='ocr_line' id='line_1_107' title="bbox 1922 5008 3575 5088; baseline -0.004 -19"><span class='ocrx_word' id='word_1_877' title='bbox 1922 5014 2238 5086; x_wconf 89' lang='lat' dir='ltr'>liquidum,</span> <span class='ocrx_word' id='word_1_878' title='bbox 2291 5033 2418 5088; x_wconf 85' lang='lat' dir='ltr'>quae</span> <span class='ocrx_word' id='word_1_879' title='bbox 2466 5015 2550 5070; x_wconf 90' lang='lat' dir='ltr'>ait</span> <span class='ocrx_word' id='word_1_880' title='bbox 2592 5031 2604 5068; x_wconf 90' lang='lat'><strong>:</strong></span> <span class='ocrx_word' id='word_1_881' title='bbox 2657 5018 3084 5077; x_wconf 86' lang='lat' dir='ltr'>verumtamen,</span> <span class='ocrx_word' id='word_1_882' title='bbox 3137 5011 3392 5064; x_wconf 79' lang='lat' dir='ltr'>donante</span> <span class='ocrx_word' id='word_1_883' title='bbox 3438 5008 3575 5077; x_wconf 91' lang='lat' dir='ltr'>Deo,</span> 
     </span>
    </p>
   </div>
   <div class='ocr_carea' id='block_1_108' title="bbox 1922 5097 3576 5176">
    <p class='ocr_par' dir='ltr' id='par_1_108' title="bbox 1922 5097 3576 5176">
     <span class='ocr_line' id='line_1_108' title="bbox 1922 5097 3576 5176; baseline -0.005 -16"><span class='ocrx_word' id='word_1_884' title='bbox 1922 5103 2111 5160; x_wconf 85' lang='lat' dir='ltr'>multa</span> <span class='ocrx_word' id='word_1_885' title='bbox 2139 5105 2210 5159; x_wconf 93' lang='lat' dir='ltr'>de</span> <span class='ocrx_word' id='word_1_886' title='bbox 2258 5120 2324 5160; x_wconf 91' lang='lat' dir='ltr'>ea</span> <span class='ocrx_word' id='word_1_887' title='bbox 2355 5102 2742 5176; x_wconf 88' lang='lat' dir='ltr'>probabiliter</span> <span class='ocrx_word' id='word_1_888' title='bbox 2772 5105 3022 5174; x_wconf 87' lang='lat' dir='ltr'>possunt</span> <span class='ocrx_word' id='word_1_889' title='bbox 3052 5100 3188 5155; x_wconf 90' lang='lat' dir='ltr'>dici.</span> <span class='ocrx_word' id='word_1_890' title='bbox 3221 5097 3576 5168; x_wconf 86' lang='lat' dir='ltr'>Videndum,</span> 
     </span>
    </p>
   </div>
   <div class='ocr_carea' id='block_1_109' title="bbox 1920 5185 3582 5265">
    <p class='ocr_par' dir='ltr' id='par_1_109' title="bbox 1920 5185 3582 5265">
     <span class='ocr_line' id='line_1_109' title="bbox 1920 5185 3582 5265; baseline -0.005 -16"><span class='ocrx_word' id='word_1_891' title='bbox 1920 5193 2136 5265; x_wconf 88' lang='lat' dir='ltr'>inquit,</span> <span class='ocrx_word' id='word_1_892' title='bbox 2183 5195 2335 5249; x_wconf 90' lang='lat' dir='ltr'>unde</span> <span class='ocrx_word' id='word_1_893' title='bbox 2385 5193 2630 5248; x_wconf 89' lang='lat' dir='ltr'>intentio</span> <span class='ocrx_word' id='word_1_894' title='bbox 2680 5191 2942 5263; x_wconf 84' lang='lat' dir='ltr'>Apostoli</span> <span class='ocrx_word' id='word_1_895' title='bbox 2994 5187 3380 5247; x_wconf 88' lang='lat' dir='ltr'>descenderit.</span> <span class='ocrx_word' id='word_1_896' title='bbox 3434 5185 3582 5242; x_wconf 82' lang='lat' dir='ltr'>Dicit</span> 
     </span>
    </p>
   </div>
   <div class='ocr_carea' id='block_1_110' title="bbox 1921 5279 3581 5355">
    <p class='ocr_par' dir='ltr' id='par_1_110' title="bbox 1921 5279 3581 5355">
     <span class='ocr_line' id='line_1_110' title="bbox 1921 5279 3581 5355; baseline -0.004 -19"><span class='ocrx_word' id='word_1_897' title='bbox 1921 5282 2093 5355; x_wconf 88' lang='lat' dir='ltr'>paulo</span> <span class='ocrx_word' id='word_1_898' title='bbox 2131 5283 2463 5354; x_wconf 78' lang='lat' dir='ltr'>superius:</span> <span class='ocrx_word' id='word_1_899' title='bbox 2521 5281 2753 5336; x_wconf 77' lang='lat' dir='ltr'>Nescitis</span> <span class='ocrx_word' id='word_1_900' title='bbox 2806 5281 3071 5352; x_wconf 86' lang='lat' dir='ltr'>quoniam</span> <span class='ocrx_word' id='word_1_901' title='bbox 3117 5293 3346 5350; x_wconf 86' lang='lat' dir='ltr'>corpora</span> <span class='ocrx_word' id='word_1_902' title='bbox 3402 5279 3581 5331; x_wconf 86' lang='lat' dir='ltr'>vestra</span> 
     </span>
    </p>
   </div>
   <div class='ocr_carea' id='block_1_111' title="bbox 1917 5366 3578 5442">
    <p class='ocr_par' dir='ltr' id='par_1_111' title="bbox 1917 5366 3578 5442">
     <span class='ocr_line' id='line_1_111' title="bbox 1917 5366 3578 5442; baseline -0.005 -14"><span class='ocrx_word' id='word_1_903' title='bbox 1917 5373 2166 5428; x_wconf 88' lang='lat' dir='ltr'>membra</span> <span class='ocrx_word' id='word_1_904' title='bbox 2199 5373 2414 5428; x_wconf 85' lang='lat' dir='ltr'>Christi</span> <span class='ocrx_word' id='word_1_905' title='bbox 2440 5375 2620 5425; x_wconf 79' lang='lat' dir='ltr'>sunt?</span> <span class='ocrx_word' id='word_1_906' title='bbox 2649 5376 2786 5435; x_wconf 89' lang='lat' dir='ltr'>etc.,</span> <span class='ocrx_word' id='word_1_907' title='bbox 2822 5385 3013 5442; x_wconf 88' lang='lat' dir='ltr'>usque</span> <span class='ocrx_word' id='word_1_908' title='bbox 3055 5369 3127 5425; x_wconf 91' lang='lat' dir='ltr'>ad</span> <span class='ocrx_word' id='word_1_909' title='bbox 3162 5367 3329 5423; x_wconf 89' lang='lat' dir='ltr'>illum</span> <span class='ocrx_word' id='word_1_910' title='bbox 3361 5366 3578 5429; x_wconf 90' lang='lat' dir='ltr'>locum,</span> 
     </span>
    </p>
   </div>
   <div class='ocr_carea' id='block_1_112' title="bbox 1921 5457 3577 5531">
    <p class='ocr_par' dir='ltr' id='par_1_112' title="bbox 1921 5457 3577 5531">
     <span class='ocr_line' id='line_1_112' title="bbox 1921 5457 3577 5531; baseline -0.005 -14"><span class='ocrx_word' id='word_1_911' title='bbox 1921 5461 2022 5517; x_wconf 91' lang='lat' dir='ltr'>ubi</span> <span class='ocrx_word' id='word_1_912' title='bbox 2055 5463 2172 5517; x_wconf 88' lang='lat' dir='ltr'>ait:</span> <span class='ocrx_word' id='word_1_913' title='bbox 2206 5459 2516 5529; x_wconf 79' lang='lat' dir='ltr'>Gtoriﬁcate</span> <span class='ocrx_word' id='word_1_914' title='bbox 2543 5467 2594 5515; x_wconf 89' lang='lat' dir='ltr'>et</span> <span class='ocrx_word' id='word_1_915' title='bbox 2618 5461 2834 5531; x_wconf 88' lang='lat' dir='ltr'>portate</span> <span class='ocrx_word' id='word_1_916' title='bbox 2854 5459 3026 5514; x_wconf 86' lang='lat' dir='ltr'>Deum</span> <span class='ocrx_word' id='word_1_917' title='bbox 3048 5460 3110 5514; x_wconf 84' lang='lat' dir='ltr'>in</span> <span class='ocrx_word' id='word_1_918' title='bbox 3139 5471 3363 5529; x_wconf 88' lang='lat' dir='ltr'>corpore</span> <span class='ocrx_word' id='word_1_919' title='bbox 3385 5457 3577 5511; x_wconf 85' lang='lat' dir='ltr'>vestro.</span> 
     </span>
    </p>
   </div>
   <div class='ocr_carea' id='block_1_113' title="bbox 1993 5635 3430 5711">
    <p class='ocr_par' dir='ltr' id='par_1_113' title="bbox 1993 5635 3430 5711">
     <span class='ocr_line' id='line_1_113' title="bbox 1993 5635 3430 5711; baseline -0.003 -17"><span class='ocrx_word' id='word_1_920' title='bbox 1993 5641 2140 5711; x_wconf 87' lang='lat'>(572)</span> <span class='ocrx_word' id='word_1_921' title='bbox 2174 5639 2237 5694; x_wconf 92' lang='lat' dir='ltr'>In</span> <span class='ocrx_word' id='word_1_922' title='bbox 2269 5642 2465 5710; x_wconf 89' lang='lat' dir='ltr'>autog.</span> <span class='ocrx_word' id='word_1_923' title='bbox 2500 5654 2686 5711; x_wconf 87' lang='lat' dir='ltr'>marg.</span> <span class='ocrx_word' id='word_1_924' title='bbox 2721 5637 2816 5693; x_wconf 90' lang='lat' dir='ltr'>hic</span> <span class='ocrx_word' id='word_1_925' title='bbox 2848 5637 3067 5710; x_wconf 85' lang='lat' dir='ltr'>legitur</span> <span class='ocrx_word' id='word_1_926' title='bbox 3104 5655 3231 5711; x_wconf 87' lang='lat' dir='ltr'>cap.</span> <span class='ocrx_word' id='word_1_927' title='bbox 3267 5635 3430 5692; x_wconf 81' lang='lat' dir='ltr'>XXX.</span> 
     </span>
    </p>
   </div>
   <div class='ocr_carea' id='block_1_114' title="bbox 1985 5711 3574 5798">
    <p class='ocr_par' dir='ltr' id='par_1_114' title="bbox 1985 5711 3574 5798">
     <span class='ocr_line' id='line_1_114' title="bbox 1985 5711 3574 5798; baseline -0.003 -33"><span class='ocrx_word' id='word_1_928' title='bbox 1985 5713 2138 5798; x_wconf 60' lang='lat'>(573)</span> <span class='ocrx_word' id='word_1_929' title='bbox 2177 5717 2317 5772; x_wconf 72' lang='lat' dir='ltr'>Dan,</span> <span class='ocrx_word' id='word_1_930' title='bbox 2373 5727 2494 5778; x_wconf 84' lang='lat' dir='ltr'>xm,</span> <span class='ocrx_word' id='word_1_931' title='bbox 2543 5711 2615 5764; x_wconf 85' lang='grc'>22</span> <span class='ocrx_word' id='word_1_932' title='bbox 2656 5727 2668 5767; x_wconf 93' lang='lat'><strong>:</strong></span> <span class='ocrx_word' id='word_1_933' title='bbox 2731 5712 2784 5766; x_wconf 89' lang='lat' dir='ltr'>si</span> <span class='ocrx_word' id='word_1_934' title='bbox 2837 5714 2993 5766; x_wconf 87' lang='lat' dir='ltr'>enim</span> <span class='ocrx_word' id='word_1_935' title='bbox 3043 5711 3141 5766; x_wconf 87' lang='lat' dir='ltr'>hoc</span> <span class='ocrx_word' id='word_1_936' title='bbox 3197 5724 3374 5778; x_wconf 83' lang='lat' dir='ltr'>egero,</span> <span class='ocrx_word' id='word_1_937' title='bbox 3426 5720 3574 5760; x_wconf 86' lang='lat' dir='ltr'>mors</span> 
     </span>
    </p>
   </div>
   <div class='ocr_carea' id='block_1_115' title="bbox 1917 5785 3248 5927">
    <p class='ocr_par' dir='ltr' id='par_1_115' title="bbox 1917 5785 3248 5927">
     <span class='ocr_line' id='line_1_115' title="bbox 1917 5785 3248 5927; baseline -0.007 -15"><span class='ocrx_word' id='word_1_938' title='bbox 1917 5785 2248 5926; x_wconf 50' lang='grc' dir='ltr'>Μιέἤςιῦθ</span> <span class='ocrx_word' id='word_1_939' title='bbox 2281 5870 2398 5927; x_wconf 90' lang='lat' dir='ltr'>quo</span> <span class='ocrx_word' id='word_1_940' title='bbox 2426 5854 2556 5911; x_wconf 91' lang='lat' dir='ltr'>vide</span> <span class='ocrx_word' id='word_1_941' title='bbox 2585 5853 2703 5910; x_wconf 87' lang='lat' dir='ltr'>divi</span> <span class='ocrx_word' id='word_1_942' title='bbox 2734 5852 3005 5926; x_wconf 86' lang='lat' dir='ltr'>Cypriani</span> <span class='ocrx_word' id='word_1_943' title='bbox 3035 5869 3128 5924; x_wconf 91' lang='lat' dir='ltr'>ep.</span> <span class='ocrx_word' id='word_1_944' title='bbox 3160 5851 3248 5905; x_wconf 78' lang='grc'>49.</span> 
     </span>
    </p>
   </div>
  </div>
