3942 6398
361 486 480 550 34⁸7

1389 502 1725 564 ATTONIS
1770 501 2359 565 VERCELLENSIS
2405 500 2754 563 EPISCOPI

3656 503 3778 563 348

365 628 490 694 0υο
521 629 579 684 in
611 629 736 688 loco
764 638 1032 692 versatur
1057 637 1368 710 Apostolus
1398 655 1535 710 erga
1565 640 1823 710 corporis
1852 639 2011 711 puri-
2040 637 2096 702 Α
2126 634 2389 705 corporis
2413 650 2632 696 amore,
2656 633 2874 688 recedit
2903 650 2935 688 a
2960 637 3091 688 Deo.
3111 632 3169 688 Si
3193 635 3388 688 autem
3412 649 3529 689 non
3553 634 3782 690 mundo

365 722 568 786 tatem,
598 725 654 775 et
700 722 826 778 vult
868 725 1138 782 timorem
1171 728 1429 783 incutere
1460 729 1733 784 cordibus
1765 745 2007 784 suorum

366 808 722 880 auditorum,
757 817 820 866 ut
850 814 1098 870 timeant
1144 833 1244 887 per
1273 818 1709 872 immunditiam
1746 820 2010 874 membra

362 895 577 952 Christi
608 899 796 956 facere
829 904 1094 959 membra
1117 906 1456 962 meretricis.
1481 908 1588 962 Sed
1624 909 2004 979 quaerendum

361 989 448 1038 est
471 1001 652 1055 quare
673 988 881 1044 dixerit
906 1008 918 1045 :
954 991 1122 1047 Omne
1137 1003 1420 1064 peccatum
1440 996 1792 1068 quodcunque
1813 999 2009 1067 fecerit

364 1071 544 1144 homo,
594 1085 756 1131 extra
796 1095 990 1150 corpus
1036 1085 1132 1136 est.
1181 1083 1457 1154 Nunquid
1507 1084 1607 1137 illa
1655 1101 1782 1155 quae
1834 1084 2007 1156 paulo

360 1164 634 1234 superius
695 1167 889 1236 posuit
945 1169 1168 1242 absque
1224 1172 1415 1227 officio
1483 1174 1740 1244 corporis
1811 1175 2003 1245 peragi

355 1254 646 1323 possunt?
666 1255 811 1310 Non.
838 1258 908 1311 Et
937 1260 1159 1331 cogitas
1181 1261 1316 1331 quis
1343 1261 1563 1333 aliquid
1597 1262 1830 1317 carnale
1857 1281 1868 1328 ;
1905 1265 2004 1318 sed

353 1342 620 1413 nunquid
654 1344 781 1400 sine
811 1363 983 1402 carne
1013 1349 1268 1420 cogitare
1299 1352 1541 1421 posset?
1579 1353 1691 1406 Aut
1739 1352 1998 1422 nunquid

354 1436 551 1503 potest
570 1432 696 1503 ipse
719 1451 991 1505 separare
1013 1437 1142 1503 hoc,
1157 1441 1313 1509 quod
1336 1439 1832 1505 dicitPsalmista:
1855 1443 2007 1496 Dixit

355 1521 620 1590 insipiens
651 1523 710 1576 in
739 1524 898 1579 corde
926 1542 1024 1580 suo
1054 1545 1073 1580 :
1123 1528 1237 1582 Non
1276 1536 1355 1583 est
1399 1530 1534 1583 Deus
1567 1530 1734 1599 (Psal.
1769 1547 1893 1596 xm,
1927 1531 2002 1597 1),

356 1607 433 1664 ab
462 1608 580 1664 illis
601 1611 895 1682 operibus,
920 1614 990 1669 de
1026 1615 1241 1685 quibus
1272 1617 1398 1688 ipse
1429 1618 1603 1672 dicit:
1642 1617 1838 1673 Omnes
1859 1624 2003 1674 asta-

359 1697 537 1751 bimus
560 1713 689 1754 ante
709 1701 959 1757 tribunal
983 1703 1225 1759 Christi?
1247 1707 1424 1771 (Rom.
1447 1723 1564 1771 xxv,
1589 1707 1697 1777 10.)
1721 1712 1829 1762 etc.
1854 1708 2000 1772 Non,

357 1785 622 1856 inquam,
647 1794 838 1859 potest
861 1809 874 1858 ;
911 1792 1069 1863 quia,
1092 1794 1275 1849 donec
1306 1795 1365 1849 in
1387 1811 1626 1865 corpore
1658 1799 1875 1865 manet,
1901 1813 2000 1867 po-

353 1876 470 1930 test
500 1876 688 1932 dicere
723 1895 734 1934 :
769 1879 896 1935 Non
929 1885 1018 1936 est
1047 1881 1221 1937 Deus.
1256 1883 1414 1938 Idem
1447 1884 1622 1938 etiam
1657 1883 1793 1939 alibi
1825 1883 1998 1938 dicit:

353 1967 648 2036 Hanifesta
695 1976 826 2023 sunt
880 1986 1043 2041 opera
1099 1974 1305 2038 carnis,
1357 1989 1474 2042 quae
1525 1982 1652 2028 sunt
1707 1975 2003 2042 fornicatio

353 2053 494 2124 (Gal.
529 2073 583 2122 ν,
622 2057 730 2126 19),
763 2061 895 2123 etc.,
929 2059 1080 2115 inter
1109 2077 1236 2132 quas
1270 2078 1446 2132 opera
1478 2062 1692 2129 carnis,
1715 2062 2003 2134 spiritalia

349 2142 491 2198 vitia
521 2153 960 2204 commemorat.
997 2150 1052 2204 Si
1086 2166 1222 2221 ergo
1254 2151 1380 2222 ipse
1410 2151 1468 2205 in
1513 2151 1646 2219 fide,
1683 2156 1738 2205 et
1767 2152 2004 2206 veritate

355 2233 624 2304 egregius
657 2236 1001 2305 praedicator
1031 2239 1320 2310 spiritalia
1360 2240 1503 2295 vitia
1549 2241 1706 2295 carni
1741 2240 1998 2307 ascribit,

357 2337 538 2392 quare
569 2323 710 2379 dicit
743 2343 756 2381 :
807 2327 974 2381 Omne
1011 2329 1287 2398 reliquum
1315 2333 1594 2398 peccatum
1619 2336 1777 2384 castra
1808 2345 2001 2400 corpus

356 2418 438 2465 est
457 2429 480 2473 ;
524 2413 617 2480 qui
665 2417 855 2468 autem
901 2417 1234 2483 fornicatur,
1269 2417 1327 2470 in
1354 2434 1547 2488 corpus
1575 2435 1737 2473 suum
1775 2422 2003 2488 peccat?

353 2499 515 2562 Quod
567 2503 633 2554 ut
675 2504 1032 2558 contrarium
1067 2521 1181 2559 non
1215 2511 1513 2576 appareat,
1549 2507 1854 2561 sciendum
1888 2511 1996 2574 est,

352 2587 490 2658 quia
513 2588 640 2644 duas
671 2595 812 2646 sunt
836 2591 1272 2663 fornicationes,
1298 2595 1568 2665 specialis
1590 2595 1848 2666 quidem,
1873 2613 1999 2667 quas

351 2676 411 2732 in
442 2693 682 2750 corpore
712 2685 998 2751 patratur,
1025 2688 1083 2738 et
1113 2687 1203 2738 est
1231 2684 1538 2754 generalis,
1572 2689 1627 2739 et
1657 2689 1850 2739 tamen
1886 2684 2002 2755 spi-

347 2765 561 2823 ritalis.
577 2767 635 2823 Si
662 2785 798 2840 ergo
821 2771 1133 2840 specialem
1158 2773 1600 2828 fornicationem
1622 2773 1806 2829 voluit
1823 2772 1997 2828 intel-

351 2853 476 2926 ligi,
507 2857 577 2910 ad
609 2861 1079 2930 exaggerandum
1102 2862 1306 2933 utique
1329 2861 1471 2917 dixit
1495 2879 1506 2918 :
1541 2865 1603 2918 in
1623 2879 1816 2935 corpus
1835 2879 1999 2918 suum

347 2948 574 3014 peccat;
605 2946 745 3016 quia
774 2948 883 3003 hoc
914 2949 1312 3007 fornicationis
1342 2951 1586 3021 malum,
1621 2952 1736 3007 tale
1766 2969 1830 3006 ac
1862 2956 1996 3006 tan-

359 3035 486 3088 tum
516 3038 624 3105 est,
649 3039 713 3089 ut
743 3051 901 3103 eum,
925 3038 1023 3109 qui
1057 3039 1163 3094 hoc
1195 3039 1349 3095 malo
1382 3039 1692 3108 detinetur,
1717 3040 1996 3109 vinctum,

354 3120 724 3195 ligatumque
775 3129 989 3196 teneat,
1021 3131 1196 3199 atque
1243 3146 1475 3185 servum
1520 3129 1747 3201 corpori
1805 3127 1997 3196 faciat,

350 3209 492 3266 adeo
525 3215 590 3266 ut
617 3211 745 3283 ipso
766 3217 1029 3284 tempore
1049 3216 1412 3288 expletionis,
1437 3235 1552 3274 non
1579 3218 1737 3273 aliud
1760 3218 1808 3274 ei
1843 3218 1997 3289 cogi-

349 3302 473 3354 tare
505 3297 692 3360 liceat.
729 3319 845 3356 non
877 3302 1012 3358 alibi
1061 3305 1381 3374 intendere,
1417 3323 1520 3362 nec
1568 3306 1707 3362 alibi
1755 3323 1996 3362 sensum

2033 2017 2080 2082 B

2121 723 2480 787 inhzerendo,
2507 724 2605 778 sed
2629 723 2766 788 Deo,
2793 723 3116 793 mundique
3139 721 3313 776 etiam
3339 721 3780 791 delectationes,

2119 829 2184 867 ac
2205 813 2710 884 concupiscentiae
2727 812 3174 880 contemnendo,
3191 816 3365 881 atque
3389 811 3774 878 devincendo,

2119 907 2222 955 aut
2253 901 2599 972 ignorantia,
2633 906 2735 955 aut
2783 900 3102 969 oblivione,
3129 905 3231 954 aut
3279 900 3639 970 abreptione,
3675 907 3782 955 aut

2116 990 2218 1044 tali
2253 991 2510 1060 quolibet
2553 991 2724 1044 modo
2774 988 3102 1059 delinquat,
3133 989 3303 1059 quasi
3350 995 3509 1044 extra
3557 1007 3778 1061 corpus

2118 1083 2352 1149 peccat;
2387 1079 2496 1133 hoc
2526 1084 2636 1143 est,
2673 1078 2813 1149 quia
2843 1095 2956 1132 non
2999 1094 3101 1148 pro
3135 1077 3226 1132 sui
3257 1078 3518 1146 corporis
3550 1095 3774 1145 amore,

2119 1168 2336 1223 recedit
2365 1186 2399 1222 a
2433 1170 2562 1223 Deo.
2596 1171 2709 1222 Aut
2742 1167 2962 1238 aliquid
2997 1168 3208 1221 horum
3239 1166 3425 1222 voluit
3452 1167 3774 1238 Apostolus

2115 1256 2386 1328 intelligi,
2417 1262 2518 1312 aut
2551 1258 2696 1313 forte
2731 1262 3086 1328 utrumque;
3119 1257 3258 1327 quia
3288 1258 3650 1311 consuetudo
3681 1263 3779 1312 est

2117 1351 2456 1400 sanctarum
2499 1346 2956 1417 Scripturarum,
2992 1350 3056 1400 ut
3111 1347 3222 1400 sub
3272 1363 3387 1400 uno
3438 1347 3615 1401 verbo
3668 1350 3779 1402 aut

2117 1436 2426 1499 sententia,
2460 1435 2646 1490 multa
2679 1435 2924 1507 intelligi
2958 1435 3205 1505 possint.

2186 1525 2508 1593 Sequitur:
2564 1527 2647 1579 An
2693 1527 2913 1579 nescitis
2961 1525 3224 1594 quoniam
3282 1525 3530 1578 membra
3588 1527 3778 1578 vestra

2114 1614 2381 1684 templum
2411 1621 2489 1667 est
2516 1613 2664 1684 (576)
2708 1614 2948 1683 Spiritus
2979 1613 3157 1667 sancti
3176 1616 3201 1664 ,⁷
3229 1616 3292 1665 In
3325 1628 3391 1666 eo
3423 1611 3580 1666 enim
3613 1612 3773 1682 quod

2113 1719 2353 1773 corpora
2385 1707 2584 1757 nostra
2613 1703 2881 1757 membra
2910 1701 3146 1771 Christi,
3180 1705 3238 1755 et
3268 1700 3536 1756 membra
3567 1705 3778 1754 nostra

2112 1791 2400 1863 templum
2445 1807 2573 1846 esse
2603 1791 2853 1862 Spiritus
2884 1791 3071 1846 sancti
3105 1791 3405 1858 dicuntur,
3438 1789 3779 1845 ostenditur

2113 1880 2238 1952 ipse
2267 1897 2396 1935 esse
2418 1881 2670 1946 Creator,
2698 1885 2756 1934 et
2786 1896 2900 1934 non
2929 1884 3214 1948 creatura,
3239 1895 3342 1935 nec
3367 1879 3562 1950 impar
3589 1879 3775 1933 etiam

2111 1970 2266 2025 Patri
2299 1974 2356 2024 et
2384 1969 2546 2024 Filio.
2573 1970 2744 2036 Quem
2773 1967 2987 2024 habetis
3017 1986 3049 2023 a
3072 1970 3179 2024 Deo
3211 1968 3376 2035 dicit,
3398 1972 3463 2022 ut
3492 1967 3775 2023 ostendat

2113 2059 2253 2130 quia
2298 2077 2332 2115 a
2381 2075 2442 2115 se
2476 2076 2591 2114 non
2623 2062 2988 2130 acceperant.
3023 2057 3303 2129 Sequitur
3336 2074 3348 2112 :
3402 2059 3466 2112 Et
3497 2073 3608 2112 non
3638 2060 3777 2111 estis

2111 2151 2318 2209 vestri;
2351 2166 2416 2203 ac
2448 2148 2498 2203 si
2530 2149 2746 2202 diceret
2775 2164 2786 2201 :
2844 2147 2990 2213 Quia
3037 2147 3095 2201 in
3145 2147 3498 2218 baptismate
3530 2145 3632 2199 ﬁlii
3671 2146 3775 2200 Dei

2112 2236 2297 2291 effecti
2321 2237 2483 2307 estis,
2508 2253 2622 2292 non
2651 2237 2976 2291 secundum
3001 2239 3276 2305 vestram,
3301 2235 3402 2291 sed
3436 2234 3773 2290 secundum

2111 2325 2268 2380 illius
2329 2325 2500 2380 vivite
2555 2325 2942 2380 voluntatem.
2997 2325 3184 2388 Quare
3233 2340 3350 2379 non
3398 2327 3600 2378 essent
3655 2322 3786 2389 sui,

2112 2414 2368 2469 ostendit
2395 2430 2406 2467 :
2438 2416 2622 2485 Empti
2642 2417 2791 2468 enim
2815 2415 2941 2468 estis
2961 2415 3142 2484 pretio
3162 2429 3398 2483 magno;
3431 2411 3599 2482 quasi
3624 2411 3784 2466 dice-

2112 2508 2201 2558 ret
2231 2519 2243 2556 :
2273 2503 2328 2556 Si
2362 2502 2540 2558 homo
2562 2519 2738 2574 parvo
2768 2502 2950 2574 pretio
2973 2518 3174 2557 emens
3206 2517 3464 2565 servum,
3489 2500 3670 2571 exigit
3700 2501 3775 2554 ab

2110 2609 2176 2647 eo
2217 2594 2360 2663 juge
2411 2609 2478 2648 ac
2537 2596 2888 2663 perpetuum
2935 2591 3278 2656 servitium;
3329 2595 3550 2661 quanto
3583 2589 3778 2660 magis

2112 2685 2284 2747 Deus,
2321 2680 2419 2750 qui
2450 2697 2551 2735 vos
2584 2685 2703 2736 tam
2737 2695 2949 2750 magno
2981 2679 3165 2749 pretio
3197 2679 3463 2748 redemit,
3497 2678 3611 2733 hoc
3651 2684 3765 2744 est,

2107 2787 2219 2826 non
2240 2769 2590 2839 corruptibili
2609 2784 2765 2836 auro,
2789 2768 2873 2822 vel
2905 2775 3163 2840 argento,
3185 2767 3340 2822 sicut
3368 2768 3570 2822 Petrus
3601 2767 3764 2834 dicit,

2107 2859 2199 2914 sed
2214 2859 2612 2929 pretiosissima
2633 2857 2904 2926 sanguine
2924 2856 3066 2926 Agni
3096 2856 3447 2910 immaculati
3468 2858 3516 2925 (I
3543 2858 3688 2912 Petr.
3723 2873 3766 2921 ι,

2113 2949 2222 3017 18),
2246 2946 2302 3000 id
2326 2949 2435 3013 est,
2456 2945 2686 3000 Domini
2711 2944 2895 3000 nostri
2917 2944 3058 3000 Jesu
3079 2943 3318 3015 Christi,
3338 2944 3768 3014 sempiternum

2110 3052 2174 3092 ac
2197 3036 2341 3108 juge
2373 3051 2407 3089 a
2437 3034 2606 3089 nobis
2637 3033 2761 3088 vult
2790 3033 3017 3104 exigere
3049 3032 3372 3088 servitium.
3407 3035 3472 3088 Et
3500 3033 3618 3090 ideo
3647 3037 3771 3103 glo-

2108 3125 2343 3196 riﬁcate,
2372 3128 2427 3178 et
2446 3127 2661 3195 portate
2684 3125 2855 3179 Deum
2877 3123 2938 3177 in
2956 3138 3180 3194 corpore
3202 3133 3406 3177 vestro.
3431 3121 3771 3179 Gloriﬁcare

2109 3215 2294 3270 Deum
2329 3218 2420 3269 est
2452 3213 2774 3268 secundum
2799 3213 2927 3282 ejus
2957 3211 3147 3267 vivere
3177 3215 3553 3283 praeceptum.
3582 3216 3766 3268 Deum

2109 3303 2167 3358 in
2203 3319 2444 3374 corpore
2474 3305 2800 3372 portamus,
2832 3317 2966 3356 cum
3007 3301 3137 3371 ejus
3167 3299 3485 3372 imaginem
3517 3299 3768 3356 illusum

352 3387 567 3443 mentis
608 3389 895 3463 dirigere;
948 3397 1004 3448 et
1051 3393 1267 3450 idcirco
1317 3395 1397 3450 ait
1428 3412 1440 3452 :
1491 3398 1552 3452 In
1597 3412 1789 3467 corpus
1833 3412 2001 3450 suum
2031 3380 2074 3447 C
2113 3409 2435 3448 servamus.
2468 3391 2699 3446 Dictum
2731 3391 2918 3446 estde
2951 3390 3141 3461 primo
3175 3414 3191 3448 :
3230 3391 3377 3444 Fecit
3407 3394 3553 3445 Deus
3587 3391 3769 3446 homi-

347 3481 574 3549 peccat;
605 3481 760 3550 quod
808 3481 880 3536 de
927 3481 1057 3538 aliis
1089 3487 1264 3556 atque
1293 3484 1424 3540 aliis
1456 3485 1708 3556 peccatis
1740 3485 1848 3540 dici
1883 3501 1999 3540 non

355 3567 548 3638 potuit
573 3592 588 3635 ;
620 3569 777 3639 quia,
801 3571 909 3626 etsi
939 3571 1054 3628 alia
1085 3573 1356 3644 quaelibet
1382 3578 1616 3644 peccata
1647 3574 1821 3629 homo
1843 3591 2001 3630 com-

355 3655 572 3721 mittat,
605 3663 797 3727 potest
825 3664 882 3712 et
916 3659 1072 3714 aliud
1105 3660 1381 3732 cogitare,
1413 3666 1586 3731 atque
1615 3661 1776 3716 aliud
1810 3677 1999 3731 agere,

356 3759 463 3799 nec
491 3743 573 3798 ibi
603 3761 834 3815 semper
862 3748 1077 3802 versari
1103 3765 1119 3814 ;
1149 3753 1206 3804 et
1239 3748 1371 3804 ideo
1403 3750 1473 3804 ad
1507 3749 2003 3820 comparationem

355 3831 516 3887 illius
547 3835 709 3888 extra
739 3849 950 3905 corpus
980 3836 1107 3890 fieri
1151 3836 1450 3892 dicuntur.
1485 3841 1686 3893 Potest
1730 3843 1788 3893 et
1838 3837 2008 3893 aliter

351 3918 624 3993 intelligi.
659 3922 758 3977 Est
785 3923 943 3978 enim
976 3925 1269 3996 generalis
1302 3926 1630 3992 fornicatio,
1664 3943 1790 3998 quae
1820 3932 1909 3982 est
1949 3932 2007 3982 et

354 4009 656 4081 spiritalis,
691 4011 762 4067 de
793 4029 910 4084 qua
939 4013 1251 4070 Psalmista
1283 4033 1296 4070 :
1345 4016 1650 4071 Perdidisti
1676 4032 1862 4070 omnes
1889 4018 2004 4086 for-

355 4098 605 4154 nicantes
651 4101 748 4155 abs
796 4107 852 4156 te
903 4103 1074 4171 (Psal.
1111 4120 1282 4174 Lxxu,
1316 4105 1428 4176 2d).
1461 4106 1552 4171 Et,
1584 4109 1650 4159 ut
1679 4105 2009 4160 ostenderet

360 4203 489 4259 qum
532 4192 686 4244 esset
732 4188 863 4259 ipsa
913 4190 1238 4262 fornicatio,
1273 4209 1408 4247 mox
1460 4192 1811 4263 subjunxit:
1862 4193 2010 4250 Mihi

358 4279 546 4330 autem
572 4275 863 4334 adhaerere
886 4279 991 4334 Deo
1017 4279 1220 4335 bonum
1246 4289 1365 4348 est;
1395 4281 1464 4335 de
1494 4297 1612 4351 qua
1639 4284 1696 4336 et
1715 4281 1967 4336 Jacobus
1992 4297 2005 4334 :

359 4364 609 4420 Adulteri
637 4366 804 4438 (375),
837 4370 1090 4435 nescitis,
1123 4368 1337 4440 inquit,
1371 4371 1504 4440 quia
1540 4369 1792 4424 amicitia
1819 4370 2013 4424 saeculi

359 4452 524 4523 hujus
555 4455 786 4511 inimica
814 4460 896 4512 est
923 4457 1027 4512 Deo
1049 4461 1073 4510 .9
1103 4457 1326 4524 Quibus
1358 4457 1548 4513 verbis
1579 4457 1835 4514 ostendit
1863 4457 2008 4513 ami-

360 4558 496 4596 cum
527 4558 656 4598 esse
684 4544 906 4609 saeculi,
930 4546 1200 4602 fornicari
1233 4563 1363 4603 esse
1392 4548 1530 4603 Deo.
1555 4547 1703 4602 Hinc
1735 4553 1790 4602 et
1821 4546 2011 4602 Domi-

363 4647 479 4685 nus
513 4648 526 4686 :
577 4633 766 4698 Nemo,
801 4633 1014 4704 inquit,
1046 4641 1211 4705 potest
1262 4636 1473 4692 duobus
1519 4636 1762 4692 dominis
1798 4637 2013 4691 servire

2108 3497 2236 3537 nem
2265 3482 2335 3537 ad
2365 3483 2676 3550 imaginem
2698 3488 2748 3536 et
2775 3479 3198 3535 similitudinem
3217 3495 3373 3534 suam
3398 3478 3548 3545 (Gen.
3585 3497 3623 3548 Ι,
3652 3480 3768 3551 27).

2111 3572 2230 3626 Nos
2246 3571 2552 3642 ergo,dum
2575 3586 2674 3640 per
2693 3568 3134 3624 immunditiam
3156 3567 3492 3636 polluimur,
3513 3569 3610 3623 Dei
3628 3568 3773 3624 ima-

2112 3660 2307 3731 ginem
2340 3658 2651 3724 violamus,
2684 3658 2785 3711 sed
2818 3657 3083 3713 eamdem
3120 3673 3223 3729 per
3254 3656 3681 3728 pmnitudinem
3713 3662 3772 3714 et

2113 3749 2341 3804 fructus
2358 3747 2565 3818 dignos
2583 3745 3019 3818 pcanitentiaejn
3038 3747 3207 3801 nobis
3226 3747 3542 3802 reformare
3563 3761 3768 3817 possu.

2114 3853 2270 3892 mus.
2304 3837 2450 3906 (577)
2484 3835 2642 3906 (CAP.
2675 3834 2820 3907 Vll.)
2855 3835 3173 3906 Sequitur:
3224 3837 3298 3890 De
3338 3836 3537 3906 quibus
3581 3841 3773 3891 autem

2113 3926 2410 3995 scripsistis
2459 3924 2622 3990 mihi,
2676 3927 2788 3979 etc.
2831 3923 3026 3979 Altera
3073 3927 3162 3978 est
3206 3923 3464 3996 Apostoli
3498 3924 3770 3980 intentio.

2117 4014 2400 4086 Superius
2433 4013 2662 4068 locutus
2696 4014 2884 4068 fuerat
2915 4014 2984 4068 de
3015 4012 3276 4082 illicitis;
3313 4029 3469 4069 nunc
3498 4029 3633 4068 vero
3683 4013 3773 4070 lo-

2119 4105 2321 4175 quitur
2351 4102 2421 4157 de
2452 4101 2650 4158 licitis.
2684 4101 2952 4173 Congruo
2983 4102 3202 4173 quippe
3232 4102 3436 4157 ordine
3467 4102 3636 4173 prius
3665 4102 3775 4157 illi-

2118 4192 2254 4258 cita,
2291 4191 2348 4246 id
2399 4196 2507 4261 est,
2542 4191 2763 4246 malum
2810 4190 3211 4247 fornicationis
3262 4191 3582 4264 prohibuit,
3618 4209 3775 4247 nunc

2117 4297 2251 4336 vero
2279 4279 2456 4349 licita,
2483 4279 2539 4334 id
2572 4285 2682 4346 est,
2705 4279 2964 4352 conjugii
2989 4281 3208 4336 bonum
3232 4279 3609 4336 commendat
3633 4298 3647 4336 ι
3674 4281 3775 4352 qui

2120 4368 2297 4424 etiam
2331 4368 2390 4422 in
2423 4366 2628 4422 multis
2649 4367 2779 4423 aliis
2802 4372 3140 4424 sanctarum
3162 4367 3598 4440 Scripturarum
3634 4368 3776 4425 locis

2123 4461 2390 4512 servatus
2422 4460 2806 4512 monstratur.

2194 4546 2357 4610 Quod
2390 4560 2523 4600 vero
2555 4545 2634 4600 ait
2663 4561 2675 4600 :
2709 4546 2786 4600 De
2813 4545 3011 4616 quibus
3040 4546 3364 4618 scripsistis,
3388 4548 3525 4613 etc.,
3546 4546 3780 4601 duobus

2124 4633 2316 4689 modis
2339 4633 2584 4704 intelligi
2616 4637 2808 4704 petest
2833 4658 2847 4699 ;
2879 4634 3021 4704 quia
3052 4635 3258 4689 etdutn
3286 4637 3513 4704 queunt
3533 4649 3668 4690 esse
3698 4635 3781 4689 in-

367 4719 520 4791 (Luc.
543 4737 658 4787 xv1,
693 4721 782 4792 13)
806 4739 820 4777 :
853 4726 911 4776 et
939 4723 1039 4794 qui
1071 4728 1268 4779 essent
1297 4725 1414 4779 duo
1445 4725 1691 4793 domini,
1717 4724 1973 4780 ostendit
1997 4740 2009 4778 :
2045 4747 2092 4812 Β
2123 4723 2450 4789 tentiones;
2482 4740 2614 4778 nam
2639 4723 2964 4778 secundum
2991 4724 3301 4794 quosdam,
3323 4722 3642 4794 Apostolus
3665 4739 3783 4779 mo-

367 4810 484 4865 Non
531 4811 772 4882 potestis,
803 4809 1018 4884 inquit,
1050 4813 1155 4868 Deo
1200 4815 1430 4879 servire,
1465 4819 1515 4868 et
1559 4829 1924 4875 mammonae;
1953 4813 2010 4868 id

368 4902 478 4967 est,
502 4897 646 4954 mihi
669 4904 726 4954 et
747 4899 958 4956 saeculo
979 4901 1280 4971 conjungi.
1308 4901 1455 4956 Hinc
1479 4899 1655 4956 etiam
1687 4906 1744 4956 et
1762 4904 2013 4957 Joannes

369 4987 452 5042 ait
482 5003 497 5043 :
539 4989 709 5044 Omne
737 4990 877 5060 quod
907 4992 967 5046 in
996 4991 1157 5046 modo
1184 4997 1287 5056 est,
1318 4992 1754 5061 concupiscentia
1785 5000 1862 5046 est
1886 5008 2013 5046 car-

369 5075 462 5129 nis
507 5084 556 5131 et
601 5079 887 5133 oculorum
916 5081 964 5150 (Ι
987 5081 1145 5136 Joan.
1182 5097 1242 5145 11,
1279 5080 1387 5149 16),
1421 5084 1556 5149 etc.,
1594 5096 1780 5149 usque
1810 5080 1880 5135 ad
1932 5080 2013 5146 id,

368 5163 524 5233 quod
556 5165 637 5218 ait
666 5183 678 5219 :
719 5167 824 5232 Qui
852 5176 1031 5224 autem
1061 5170 1198 5238 facit
1226 5169 1562 5224 voluntatem
1590 5168 1706 5232 Dei,
1737 5174 1924 5224 manet
1953 5171 2014 5224 in

365 5255 639 5308 aeternum
661 5253 845 5323 (Ibid.,
874 5257 982 5326 17).
1007 5258 1370 5329 Quapropter
1394 5257 1734 5328 quicunque
1764 5273 1866 5327 pro
1897 5274 2014 5312 suae

368 5338 621 5395 carnalis
639 5341 1038 5400 delectationis
1051 5346 1481 5412 amore,mundi
1500 5346 1679 5417 hujus
1694 5346 2014 5417 sequendo,

369 5443 435 5484 ac
449 5429 824 5501 suscipiendo
843 5435 1367 5504 concupiscentias,
1384 5453 1416 5491 a
1428 5441 1542 5491 Deo
1559 5435 1796 5505 recedit,
1813 5434 2016 5506 utique

371 5516 710 5588 fornicatur,
743 5524 800 5574 et
849 5519 907 5574 in
957 5537 1168 5592 corpus
1220 5540 1394 5578 suum
1440 5529 1659 5597 peccat,
1692 5524 1749 5579 id
1780 5528 1890 5590 est,
1922 5523 2016 5580 sui

447 5676 596 5746 (575)
625 5679 739 5751 Jac.
768 5695 844 5741 1v,
879 5679 931 5746 4,
958 5683 1151 5751 autog.
1180 5685 1359 5737 avari.
1384 5683 1524 5738 Mihi
1553 5688 1749 5740 autem
1781 5683 2017 5740 lectioni

372 5752 430 5804 et
477 5750 676 5830 sensui
728 5765 950 5830 morem
998 5750 1196 5830 gerere
1231 5753 1421 5808 visum
1469 5759 1595 5821 est;
1629 5755 1897 5826 ideoque,
1932 5756 2017 5812 uti

375 5819 672 5890 mendam,
706 5819 1028 5878 emendavi.

2125 4816 2288 4868 ratus
2323 4813 2475 4882 apud
2506 4829 2605 4868 eos
2654 4828 2756 4884 per
2800 4829 3022 4868 annum
3061 4817 3119 4869 et
3157 4829 3392 4868 menses
3422 4827 3544 4880 sex,
3581 4811 3780 4868 docuit

2123 4902 2346 4956 bonum
2379 4899 2750 4956 continentiae
2783 4903 3156 4958 servandum.
3183 4902 3316 4970 Sed,
3340 4900 3480 4972 quia
3507 4900 3780 4956 nonnulli

2124 5006 2325 5046 eorum
2343 5007 2444 5061 per
2460 4989 2670 5045 illicita
2682 4990 3118 5054 errabant,illos
3133 4989 3341 5047 litteris
3355 4990 3778 5062 signiﬁcantes,

2125 5079 2463 5135 direxerunt
2484 5078 2792 5150 epistolam
2816 5097 2923 5136 suo
2940 5080 3161 5136 doctori
3184 5085 3241 5136 et
3261 5079 3567 5152 magistro,
3583 5079 3780 5135 studio

2125 5167 2469 5224 consulendi
2487 5168 2628 5239 quid
2647 5174 2806 5224 esset
2825 5171 3136 5240 agendum.
3152 5170 3222 5225 Et
3237 5169 3367 5225 ideo
3384 5168 3556 5224 dicit:
3572 5169 3648 5224 De
3663 5170 3783 5239 qui-

2127 5258 2222 5314 bus
2243 5259 2562 5328 scripsistis,
2585 5264 2726 5326 etc.;
2757 5259 2925 5330 quasi
2948 5259 3196 5316 diceret:
3222 5258 3448 5314 Bonum
3469 5257 3781 5323 erat,sicut

2127 5347 2329 5413 docui;
2355 5347 2478 5411 sed,
2497 5346 2636 5418 quia
2656 5346 3034 5418 signiﬁcastis
3055 5346 3372 5404 nonnullos
3394 5351 3656 5403 vestrum
3678 5363 3782 5419 per

2125 5435 2328 5491 illicita
2359 5452 2571 5502 errare,
2600 5438 2918 5494 auctoritas
2947 5437 3066 5494 illis
3097 5437 3406 5494 subveniat
3433 5437 3778 5509 apostolica.

2127 5525 2326 5596 Neque
2341 5525 2497 5580 enim
2516 5525 2597 5581 ita
2609 5525 2737 5582 volo
2756 5527 3063 5598 prohibere
3077 5527 3258 5594 licita,
3273 5531 3338 5583 ut
3353 5543 3456 5600 per
3469 5525 3679 5583 illicita
3694 5543 3782 5584 er-

2201 5685 2347 5758 (5’76)
2379 5685 2549 5758 Yulg.
2584 5687 2848 5758 templum
2875 5696 3026 5743 sunt.

2199 5755 2348 5840 (ξπ)
2383 5755 2445 5840 In
2502 5755 3207 5840 autogihmargulegitur
3254 5758 3352 5817 hic
3403 5775 3531 5833 cap.
3587 5760 3780 5820 XXXI.

2130 5825 2302 5897 Vulg.
2335 5831 2530 5888 autem
2559 5825 2767 5902 incipit
2793 5825 2923 5902 cap'.
2953 5825 3077 5890 νΗῖ
