3942 6406
369 443 488 504 355

1386 440 1724 500 ATTONlS
1773 438 2364 500 VEBCELLENSIS
2411 434 2759 497 EPISCOP]

3659 436 3767 498 356

371 574 670 639 Quomodo
700 574 822 629 fore
852 589 1001 646 queo
1033 589 1237 629 servus
1294 573 1546 639 Domini,
1579 588 1714 628 cum
1762 571 1875 626 sim
1908 572 2018 626 ho-
2047 574 2101 639 Α
2133 570 2305 635 tium,
2337 569 2394 623 id
2421 574 2528 639 est,
2566 584 2801 623 uxorem
2828 586 2841 622 :
2876 569 2935 624 in
2970 568 3247 638 praeputio
3270 566 3483 639 aliquis
3511 573 3763 625 vocatus:

370 662 605 720 minis?
636 662 767 717 Ideo
799 663 976 718 verba
1034 661 1447 718 consolationis
1497 677 1563 715 ac
1602 659 2021 716 sublevationis

371 750 1036 822 adhibuit,subjungens
1064 766 1077 803 :
1103 750 1208 818 Qui
1220 751 1367 805 enim
1388 751 1447 803 in
1467 750 1701 803 Domino
1714 756 1931 804 vocatus
1944 755 2022 802 est

369 856 576 905 servus,
607 843 715 894 etc.
755 838 1013 896 Servitus
1069 838 1283 894 etenim
1344 842 1736 908 peccatorum,
1771 836 2022 893 deterior

368 928 645 985 servitute
676 928 944 982 humanae
976 926 1511 981 conditionis.Nam
1535 931 1774 998 peccata
1800 926 2022 980 faciunt

369 1016 1132 1088 servum,quemadmodum
1153 1014 1332 1070 Cham
1363 1014 1676 1086 iniquitate
1707 1016 1894 1069 factus
1933 1018 2022 1069 est

370 1122 573 1162 servus
598 1123 610 1160 :
632 1108 987 1176 quapropter
1006 1103 1269 1159 dimissis
1286 1104 1830 1175 peccatis,redditur
1845 1103 2020 1158 homo

365 1194 533 1250 liber.
555 1193 771 1248 Aliter:
797 1193 908 1247 iste
930 1192 1105 1248 etiam
1129 1192 1229 1263 qui
1251 1193 1489 1248 domino
1511 1192 1730 1248 carnali
1747 1190 2019 1259 deservit,

364 1282 506 1353 quia
525 1298 647 1337 rem
680 1282 1027 1353 prudentem
1060 1281 1201 1353 agit,
1237 1281 1347 1337 hoc
1379 1281 1561 1349 est,in
1577 1280 1870 1336 Christum
1895 1294 2019 1335 ere-

364 1370 626 1437 dit,liber
647 1369 928 1426 redditur.
958 1369 1121 1426 Unde
1153 1370 1429 1441 antiquos
1462 1387 1576 1424 non
1609 1368 1796 1440 piguit
1817 1383 2020 1424 omnes

363 1459 658 1531 sapientes
711 1458 834 1514 fore
862 1458 1080 1514 liberos
1110 1458 1373 1514 deﬁnire.
1407 1459 1555 1513 Hinc
1604 1462 1660 1512 et
1704 1456 2018 1512 Salomon:

367 1547 534 1604 Servo
561 1548 805 1620 sapienti
833 1547 999 1603 liberi
1025 1548 1271 1603 serviant
1302 1547 1487 1618 (Prov.
1519 1564 1660 1612 xvn,
1683 1547 1758 1613 2).
1783 1546 1853 1600 Et
1882 1545 2022 1616 quia

366 1636 439 1692 de
478 1636 708 1691 duabus
739 1636 1004 1708 personis
1033 1635 1401 1707 loquebatur,
1436 1640 1675 1691 secutus
1716 1635 2018 1704 adiunxit;

368 1725 648 1781 Similiter
674 1730 727 1779 et
754 1726 852 1796 qui
875 1724 1013 1779 liber
1039 1728 1257 1781 vocatus
1308 1728 1407 1792 est,
1465 1730 1577 1780 etc.
1624 1723 1806 1779 Noxia
1847 1727 1937 1778 est
1965 1726 2024 1778 et

365 1830 569 1869 amara
597 1812 1378 1884 quidemlibertas,alienum
1410 1829 1538 1869 esse
1563 1829 1596 1867 a
1617 1814 1804 1885 gratia
1828 1837 1843 1871 :
1867 1810 2022 1867 unde

364 1902 543 1958 alibi:
574 1902 763 1959 Liberi
787 1902 976 1972 fuistis
1022 1902 1259 1972 justitiw
1312 1903 1491 1971 (Rom.
1552 1918 1630 1971 v1,
1689 1902 1800 1972 20).
1834 1905 2019 1954 Homo

364 1992 688 2063 enim,quia
708 1991 857 2046 hanc
874 1990 1203 2047 libertatem
1226 1992 1457 2046 noxiam
1487 1995 1541 2046 et
1562 2007 1825 2046 amaram
1846 1987 2016 2043 intel-

365 2078 524 2149 lexit,
549 2080 619 2135 ad
644 2077 1001 2135 laudabilem
1025 2079 1239 2135 Christi
1265 2079 1605 2135 servitutem
1633 2077 2015 2144 transivit,di-

360 2169 545 2225 centis
566 2187 579 2225 :
602 2168 811 2224 Tollite
830 2170 1032 2240 jugum
1052 2185 1239 2224 meum
1262 2185 1426 2240 super
1446 2170 1695 2239 vos,quia
1723 2183 1889 2222 suave
1916 2174 2016 2231 est,

361 2262 415 2312 et
440 2275 581 2313 onus
607 2273 789 2313 meum
819 2259 932 2313 leve
963 2257 1173 2329 (Matth.
1194 2275 1271 2325 x1,
1299 2259 1411 2327 29).
1437 2257 1875 2328 Attondcndum
1907 2260 2017 2322 est,

364 2352 561 2403 autem
593 2346 733 2419 quid
764 2348 940 2403 verba
969 2345 1288 2419 apostolica
1320 2347 1555 2413 faciant,
1589 2362 1787 2418 quisve
1819 2346 1898 2400 sit
1927 2345 2014 2399 in-

362 2437 545 2492 tentio
576 2436 742 2507 ejus:
777 2436 1064 2492 unitatem
1095 2435 1365 2492 videlicet
1393 2436 1579 2491 facere
1610 2440 1787 2506 atque
1819 2451 2017 2489 mons-

359 2531 517 2580 trare
540 2549 555 2590 ;
576 2523 745 2596 quasi
763 2523 921 2579 dicat
942 2541 955 2578 ί
976 2524 1019 2580 Ο
1052 2524 1418 2590 domini,non
1447 2541 1548 2579 vos
1581 2540 1760 2595 super
1805 2540 1907 2578 vos
1930 2540 2019 2577 ex-

360 2612 715 2679 tollatis,nec
746 2618 988 2681 vosmet,
1022 2630 1054 2667 o
1075 2614 1247 2676 servi,
1280 2611 1590 2682 dejiciatis,
1614 2612 1745 2681 quia
1775 2613 1874 2681 qui
1904 2627 2017 2666 ser-

356 2719 454 2759 vus
484 2711 562 2758 est
595 2704 656 2758 in
689 2703 914 2758 Domino
974 2710 1213 2767 vocatus,
1274 2701 1508 2756 libertus
1562 2704 1640 2755 est
1683 2701 1943 2763 Domini;
1970 2707 2021 2754 et

360 2793 461 2863 qui
490 2792 646 2867 liber,
679 2808 864 2846 servus
893 2796 972 2845 est
1000 2790 1232 2848 Christi.
1262 2789 1427 2844 Unde
1464 2793 1520 2843 et
1550 2806 1684 2843 mox
1715 2788 2015 2858 adjunxit:

361 2880 545 2936 Pretio
575 2880 748 2950 empti
779 2881 949 2944 estis;
981 2877 1151 2949 quasi
1202 2877 1447 2932 diceret:
1492 2877 1617 2931 Non
1647 2876 1888 2946 dispari,
1918 2875 2017 2931 sed

364 2984 521 3035 uno;
553 2970 610 3023 et
641 2967 768 3023 ideo
822 2984 938 3022 non
984 2965 1366 3034 extollamini,
1400 2982 1589 3037 neque
1637 2963 2015 3035 dejiciamini,

366 3055 506 3130 quia
536 3055 745 3112 fratres
775 3055 939 3112 estis.

433 3146 745 3217 Sequitur:
778 3146 961 3202 Nolite
989 3146 1116 3215 ﬁeri
1142 3146 1288 3199 servi
1319 3144 1622 3198 hominum.
1674 3143 1820 3197 Sane
1864 3158 2019 3213 qure-

360 3235 606 3290 rendum
631 3250 972 3305 quare,cum
998 3233 1272 3305 superius
1295 3232 1564 3289 hortatus
1587 3232 1664 3287 sit
1683 3248 1878 3286 servos
1900 3247 2021 3285 car-

2048 1944 2096 2009 B

2132 659 2189 712 id
2221 665 2328 724 est,
2363 674 2500 712 cum
2536 674 2732 724 uxore,
2758 673 2873 712 non
2906 658 3159 712 adducat
3189 657 3765 726 circumcisionem,id

2131 753 2240 815 est,
2277 764 2391 801 non
2428 747 2687 801 dimittat
2716 762 2988 803 uxorem:
3015 747 3169 801 unde
3190 762 3369 817 supra
3392 763 3405 799 :
3426 746 3486 801 Si
3515 748 3632 817 quis
3658 750 3767 818 fra-

2132 840 2239 901 ter,
2270 840 2405 903 etc.,
2428 835 2538 890 hoc
2567 835 2744 890 etiam
2776 834 3023 890 voluerit
3074 834 3319 907 intelligi
3378 835 3488 890 sub
3547 837 3766 893 nomine

2131 923 2280 979 servi
2313 940 2378 978 ac
2408 922 2593 977 liberi.
2627 923 2725 977 Ait
2754 923 2908 979 enim
2940 940 2951 977 :
2988 923 3187 978 Servus
3216 926 3436 978 vocatus
3461 939 3516 978 es
3534 942 3556 988 ;
3575 925 3628 979 id
3664 930 3767 993 est,

2131 1028 2266 1067 cum
2289 1028 2503 1067 uxore:
2539 1028 2648 1067 non
2676 1014 2746 1067 sit
2772 1014 2877 1067 tibi
2906 1028 3084 1080 curse;
3122 1013 3179 1067 id
3213 1018 3321 1079 est,
3358 1029 3473 1068 non
3514 1013 3766 1070 dimittas

2131 1116 2259 1155 eam
2292 1118 2305 1168 ;
2340 1101 2481 1171 quia
2509 1117 2626 1155 non
2656 1106 2713 1156 te
2744 1101 3008 1172 impedit.
3043 1101 3144 1156 Sed
3175 1104 3225 1157 si
3273 1109 3424 1173 potes
3467 1103 3592 1172 ﬁeri
3619 1103 3764 1167 liber,

2128 1192 2306 1259 magis
2336 1198 2505 1245 utere.
2540 1191 2642 1244 His
2674 1205 2905 1261 quoque
2936 1191 3123 1245 verbis
3155 1190 3409 1245 ostendit
3454 1191 3636 1264 magis
3667 1192 3768 1247 sibi

2131 1278 2360 1349 placere
2388 1279 2772 1346 continentes,
2809 1296 2983 1350 quam
3014 1280 3357 1351 conjugatos
3385 1296 3397 1335 :
3443 1281 3615 1335 etiam
3664 1298 3769 1352 quo

2131 1383 2240 1422 sua
2260 1368 2465 1422 tendat
2492 1367 2758 1435 intentio,
2791 1384 3031 1423 causam
3067 1384 3297 1439 nempe,
3331 1370 3401 1424 de
3460 1385 3575 1441 qua
3620 1369 3766 1424 locu-

2130 1460 2299 1511 turus
2329 1460 2453 1511 erat
2481 1458 2729 1524 diutius,
2759 1456 2928 1512 solito
2961 1473 3120 1512 more
3162 1457 3538 1529 praelibando,
3570 1458 3770 1531 tetigit.

2201 1545 2514 1616 Sequitur:
2547 1546 2649 1613 Qui
2674 1547 2828 1601 enim
2861 1548 2917 1600 in
2951 1548 3184 1601 Domino
3211 1562 3399 1602 servus
3436 1552 3650 1603 vocatus
3677 1556 3769 1618 est,

2133 1634 2360 1689 libertus
2390 1639 2467 1689 est
2498 1636 2738 1690 Domini.
2775 1636 3041 1691 Libertus
3074 1635 3306 1702 dicitur,
3340 1636 3439 1706 qui
3474 1637 3682 1708 partim
3709 1636 3770 1689 li-

2132 1724 2255 1789 ber,
2281 1724 2616 1794 partimjest
2637 1740 2857 1779 servus.
2885 1725 3032 1796 Ergo
3054 1725 3198 1780 bene
3236 1726 3587 1797 conjugatus
3608 1724 3768 1781 liber-

2130 1818 2225 1867 tus
2253 1812 2634 1883 dicitur,quia
2664 1830 2865 1868 servus
2894 1819 3076 1879 est,eo
3106 1815 3260 1885 quod
3302 1830 3417 1868 non
3450 1813 3658 1869 habeat
3678 1831 3770 1886 po-

2128 1905 2399 1956 testatem
2432 1902 2523 1956 sui
2554 1901 2844 1973 corporis;
2882 1901 3029 1956 liber
3077 1907 3292 1971 autem,
3326 1906 3563 1974 propter
3607 1917 3769 1974 Opera

2129 1990 2384 2061 pietatis,
2406 1994 2462 2044 et
2492 1996 2829 2045 caeterarum
2862 1991 3184 2046 virtutum:
3210 2007 3433 2059 servus,
3468 1990 3607 2063 quia
3624 1991 3773 2045 debi-

2128 2083 2252 2133 tum
2288 2079 2476 2133 reddit
2510 2080 2670 2134 uxori
2702 2105 2715 2146 ;
2750 2079 2897 2134 liber
2953 2080 3247 2151 equidem,
3298 2080 3437 2151 quia
3478 2083 3538 2135 et
3566 2080 3771 2135 collum

2130 2167 2343 2223 mentis
2366 2168 2555 2239 ajugo
2579 2168 2851 2223 vitiorum
2873 2168 3151 2238 excussit,
3186 2174 3244 2224 et
3270 2169 3325 2222 in
3347 2170 3631 2223 virtutum
3653 2183 3771 2240 gra-

2127 2258 2285 2311 ditur
2315 2255 2600 2311 libertate.
2628 2256 2940 2327 Sequitur:
2981 2258 3085 2325 Qui
3116 2258 3256 2312 liber
3282 2262 3509 2312 vocatus
3547 2261 3645 2324 est,
3677 2257 3773 2312 hoc

2126 2354 2233 2415 est,
2269 2346 2396 2401 sine
2429 2363 2605 2402 uxore
2632 2364 2645 2413 ;
2681 2347 2817 2417 quia
2848 2346 3075 2402 Christo
3106 2346 3405 2413 subditur,
3457 2363 3661 2402 servus
3692 2351 3771 2399 est

2125 2434 2175 2504 ej
2189 2452 2275 2489 us.
2301 2435 2430 2490 Hac
2453 2452 2708 2507 namque
2738 2435 2985 2491 servitus
3019 2435 3269 2491 nobilior
3288 2440 3377 2491 est
3398 2436 3562 2491 omni
3607 2434 3772 2490 liber-

2125 2524 2503 2595 tate.Repetit
2522 2530 2579 2579 et
2607 2525 2776 2579 tertio
2809 2525 2962 2595 quod
2985 2542 3165 2596 supra
3189 2525 3413 2580 dixerat
3436 2539 3450 2579 :
3485 2524 3772 2597 Unusquis-

2126 2628 2228 2681 que
2255 2614 2313 2666 in
2344 2629 2447 2682 quo
2482 2617 2700 2668 vocatus
2756 2618 2856 2678 est,
2915 2616 3137 2684 fratres,
3194 2616 3254 2669 in
3310 2614 3408 2669 hoc
3460 2620 3774 2686 permaneat

2126 2701 2275 2772 apud
2318 2707 2514 2756 Deum.

2198 2790 2346 2859 (590)
2379 2790 2696 2860 Sequitur:
2732 2791 2808 2844 De
2840 2791 3153 2859 virginibus
3180 2801 3522 2863 praeceptum
3558 2792 3775 2848 Domini

2126 2894 2238 2933 non
2270 2877 2969 2943 habeo,etc.Prohibuerat
2989 2880 3261 2949 superius
3283 2880 3506 2937 malum
3534 2880 3780 2937 fornica-

2126 2965 2553 3022 tionis.Deinde
2576 2966 2807 3021 locutus
2831 2967 2902 3021 de
2932 2968 3465 3041 conjugatis,atque
3491 2969 3785 3026 continen-

2127 3056 2306 3124 tibus,
2343 3059 2472 3126 post
2503 3054 2622 3110 haec
2651 3054 2917 3120 inseruit,
2950 3055 3020 3109 de
3070 3056 3416 3114 circumciso
3464 3066 3524 3116 et
3557 3076 3782 3132 prrepu-

2127 3145 2289 3200 tiato.
2324 3144 2404 3200 De
2434 3162 2619 3211 servo,
2656 3160 2721 3199 ac
2754 3144 2958 3214 libero,
2993 3146 3318 3200 secundum
3352 3151 3675 3219 quosdam,
3711 3146 3783 3202 al-

2128 3238 2249 3288 tera
2283 3232 2530 3288 intentio
2561 3232 2882 3302 ejus.Nunc
2914 3232 3327 3303 veroloquitur
3348 3236 3419 3290 de
3439 3235 3782 3309 virginibus,

358 3321 592 3378 nalibus
643 3322 901 3378 dominis
959 3323 1196 3391 servire,
1257 3339 1412 3377 nunc
1445 3321 1634 3376 dicat:
1668 3322 1843 3376 Nolite
1890 3319 2017 3388 fieri
2047 3309 2089 3376 C
2129 3322 2199 3377 de
2231 3323 2447 3394 quibus
2470 3321 2644 3377 etiam
2680 3323 2868 3377 fuerat
2907 3321 3322 3394 interrogatus.
3376 3322 3541 3379 Unde
3592 3343 3782 3399 supra,

356 3412 520 3468 servi.
558 3411 684 3468 Non
716 3415 824 3481 est,
856 3410 1123 3483 inquam,
1144 3411 1522 3478 contrarium,
1549 3410 1687 3483 quia
1710 3408 1867 3464 illam
1888 3416 2016 3464 tan-

360 3501 442 3574 git
474 3501 826 3557 sententiam
858 3517 976 3572 qua
1006 3500 1178 3572 longe
1211 3500 1481 3571 superius
1512 3498 1886 3571 reprehendit
1920 3516 2018 3554 eos

364 3607 546 3662 quare
577 3589 803 3661 decepti
829 3589 925 3644 alii
953 3588 1333 3656 Petriani,alii
1361 3588 1621 3643 Pauliani
1646 3588 2014 3642 dicebantur:

366 3680 456 3734 Sic
485 3679 636 3734 enim
690 3678 823 3733 dicit
878 3679 1069 3733 alius:
1124 3693 1219 3748 ego
1274 3676 1493 3746 quidem
1550 3676 1738 3739 Pauli,
1772 3679 1879 3729 etc.
1917 3692 1930 3741 ;
1963 3678 2021 3729 et

365 3765 540 3836 paulo
571 3770 739 3836 post:
775 3764 1043 3835 Nunquid
1098 3767 1335 3820 Paulum
1385 3780 1485 3836 pro
1542 3766 1690 3819 vobis
1718 3763 2018 3835 cruciﬁxus

361 3857 484 3911 est?
513 3859 570 3909 et
599 3852 729 3909 ideo
760 3853 934 3908 dicit:
956 3851 1145 3908 Nolite
1168 3853 1301 3922 ﬁeri
1324 3855 1469 3908 servi
1497 3852 1825 3907 hominum:
1870 3851 2019 3907 servi

361 3958 618 4014 namque
647 3942 956 3998 hominum
987 3941 1285 4011 dicuntur,
1307 3941 1406 4013 qui
1437 3941 1711 3996 humanis
1735 3940 2016 4012 supersti-

358 4030 618 4087 tionibus
651 4031 978 4102 snbjacent,
1008 4047 1112 4085 ceu
1144 4030 1425 4086 Corinthii
1454 4031 1654 4085 :nolite
1682 4031 1805 4099 ﬁeri
1832 4030 1981 4085 servi
1998 4048 2021 4093 ,-

359 4120 531 4192 quasi
561 4119 817 4175 diceret:
878 4119 1003 4174 Non
1063 4136 1166 4175 vos
1224 4119 1464 4188 Paulus,
1509 4136 1620 4175 non
1656 4119 1880 4189 Petrus,
1915 4119 2015 4173 sed

367 4207 658 4275 Christus,
692 4208 793 4280 qui
817 4208 976 4263 dives
1020 4213 1109 4263 est
1130 4209 1667 4279 omnium(Rom.x,
1698 4210 1763 4262 12
1788 4226 1800 4274 ;
1822 4208 2015 4279 Ephes.

364 4314 428 4367 II,
449 4298 522 4368 4),
546 4298 831 4354 redemit:
866 4302 922 4352 et
955 4296 1084 4352 ideo
1127 4312 1244 4352 non
1275 4296 1540 4364 diversis,
1561 4298 1658 4351 sed
1686 4313 1801 4351 uno
1834 4296 2018 4368 pretio

366 4385 860 4459 redempti,nolite
882 4401 1033 4453 esse,
1051 4385 1163 4442 nisi
1200 4385 1405 4441 unius:
1431 4385 1555 4457 ipse
1578 4402 1785 4457 nempe
1808 4402 2019 4458 magno

363 4476 550 4549 pretio
580 4493 680 4532 vos
711 4475 980 4547 redemit,
1037 4480 1093 4531 et
1123 4474 1237 4531 tale
1293 4491 1397 4547 pro
1444 4474 1608 4530 vobis
1638 4475 1815 4545 dedit,
1851 4475 2021 4546 quale

363 4566 512 4621 alter
541 4566 679 4620 dare
708 4582 824 4620 non
858 4564 1081 4637 potuit;
1117 4565 1275 4636 quia,
1308 4563 1415 4619 etsi
1466 4563 1614 4619 alter
1670 4564 2019 4636 sanguinem

362 4653 607 4742 fundere
638 4652 845 4725 potuit,
871 4671 983 4708 non
1014 4658 1210 4709 tamen
1243 4654 1466 4725 absque
1497 4659 1733 4726 peccato
1793 4654 1934 4718 fuit;
1962 4659 2017 4708 et
2051 4676 2096 4742 Ι)

365 4740 493 4797 ideo
507 4747 744 4815 peccata
764 4742 994 4798 abolere
1017 4759 1129 4797 non
1151 4742 1357 4814 potuit.
1381 4742 1525 4815 Ergo
1556 4743 1605 4797 si
1628 4743 1801 4798 homo
1819 4743 1890 4798 ab
1910 4742 2013 4798 ali-

365 4848 480 4903 quo
512 4832 870 4903 redemptus,
902 4832 1089 4887 eidem
1124 4830 1337 4886 servire
1368 4832 1581 4901 studet,
1601 4837 1665 4887 ut
1696 4833 2015 4904 quamdam

366 4920 972 4992 recompensationem
1030 4920 1273 4985 reddat;
1334 4924 1552 4991 quanto
1613 4922 1799 4993 magis
1853 4937 2019 4977 vosa

365 5009 482 5064 Deo
513 5010 819 5081 redempti,
855 5010 1043 5066 eidem
1079 5014 1429 5081 perpetuum
1462 5013 1690 5079 oportet
1747 5008 2018 5065 exhibere

365 5097 1003 5153 servitium.Sciendum
1025 5099 1162 5170 quia
1177 5097 1444 5153 nonnulli
1466 5097 1616 5151 hanc
1635 5098 2015 5169 apostolicam

365 5184 740 5250 sententiam,
771 5202 889 5257 qua
914 5187 1021 5241 ait:
1067 5188 1434 5242 Circumcisus
1466 5189 1681 5240 vocatus
1710 5203 1820 5241 non
1848 5187 2018 5241 addu-

362 5280 449 5327 cat
471 5274 828 5343 praeputium,
859 5279 993 5341 ete.,
1017 5291 1119 5345 per
1149 5275 1554 5346 metaphoram
1585 5274 2014 5346 intellexerunt,

366 5360 628 5415 dicentes
644 5377 777 5416 eum
804 5361 1130 5434 appellasse
1149 5364 1561 5419 circumcisum
1585 5363 2015 5436 caalibem,pras-

370 5447 665 5521 putistum
698 5450 1114 5523 conjugatum;
1144 5457 1209 5507 ut
1237 5453 1312 5507 sit
1342 5469 1590 5508 sensus:
1626 5454 2016 5509 Circumcisus

366 5540 606 5594 vocatus
633 5554 648 5605 ;
679 5536 791 5593 hoc
820 5543 928 5605 est,
960 5538 1087 5595 sine
1116 5558 1312 5608 uxore,
1355 5557 1471 5596 non
1502 5542 1755 5597 adducat
1786 5558 2016 5614 praepu-

436 5753 586 5836 (590)
617 5751 682 5817 In
712 5755 909 5828 autog.
942 5766 1129 5828 marg.
1157 5750 1252 5813 hic
1280 5749 1496 5826 legitur
1522 5771 1649 5832 cap.
1678 5755 1942 5817 XXXVII.

2127 3411 2193 3465 de
2220 3413 2415 3483 quibus
2447 3411 2657 3482 inquit,
2689 3412 3006 3479 scripsistis,
3041 3416 3149 3465 etc.
3178 3410 3339 3467 Unde
3362 3421 3417 3467 et
3444 3412 3502 3466 in
3532 3413 3648 3470 hoc
3669 3414 3782 3470 loco

2130 3501 2606 3556 subaudiendum
2641 3504 2730 3554 est
2755 3517 2767 3555 :
2792 3501 2865 3554 De
2888 3501 3215 3570 virginibus,
3240 3501 3311 3555 de
3333 3501 3554 3573 quibus
3577 3503 3786 3574 scripto

2129 3590 2559 3660 interrogastis,
2588 3599 2923 3659 praeceptum
2982 3591 3204 3644 Domini
3257 3606 3373 3644 non
3423 3590 3637 3657 habeo;
3665 3608 3784 3647 con-

2126 3679 2317 3733 silium
2347 3687 2529 3734 autem
2559 3678 2642 3733 do.
2666 3677 2912 3733 Pulchre
2943 3677 3234 3749 siquidem
3258 3678 3396 3734 dicit
3427 3686 3781 3753 praeceptum

2128 3766 2355 3822 Domini
2382 3783 2497 3821 non
2522 3766 2733 3821 habere
2748 3786 2770 3831 ;
2791 3767 2929 3838 quia
2978 3767 3100 3838 ipse
3135 3768 3420 3823 Dominus
3436 3774 3645 3825 auctor
3665 3772 3783 3825 erat

2127 3856 2403 3927 conjugii,
2429 3860 2486 3911 et
2514 3856 2642 3911 ideo
2674 3873 2788 3910 non
2823 3861 2945 3911 erat
2976 3873 3360 3927 consequens,
3383 3865 3448 3913 ut
3484 3858 3781 3914 contraria

2118 3945 2373 4017 juberet.
2394 3944 2495 3999 Ubi
2523 3944 2942 3999 attendendum
2967 3952 3055 3999 est
3078 3945 3213 4016 quid
3251 3946 3426 4000 distet
3458 3948 3614 4002 inter
3645 3964 3780 4019 prie-

2128 4038 2358 4104 ceptum
2392 4038 2448 4088 et
2478 4032 2811 4088 consilium.
2849 4034 3013 4096 Quod
3084 4032 3239 4087 enim
3274 4041 3634 4106 praeceptum
3675 4039 3779 4099 est,

2128 4124 2349 4193 absque
2381 4121 2845 4193 transgressione
2877 4122 3174 4192 corrumpi
3215 4139 3329 4177 non
3363 4128 3596 4194 potest;
3630 4122 3775 4194 quod

2127 4228 2261 4266 vero
2295 4208 2604 4265 consilium
2638 4214 2748 4276 est,
2783 4210 2829 4264 si
2888 4209 3157 4277 violetur,
3188 4216 3292 4265 aut
3348 4216 3776 4283 corrumpatur,

2129 4298 2292 4355 nulla
2322 4304 2411 4353 est
2439 4298 2850 4369 transgressio.
2886 4298 3041 4354 Dixit
3070 4316 3131 4354 se
3156 4316 3389 4370 quoque
3420 4301 3561 4356 dare
3593 4299 3776 4356 consi-

2127 4388 2294 4442 lium.
2331 4389 2397 4442 Et
2428 4386 2677 4460 qualiter
2707 4387 2997 4443 ostendit:
3031 4389 3303 4459 Tanquam
3334 4388 3777 4444 misericordiam

2128 4482 2460 4540 consecutus,
2497 4481 2606 4532 etc.
2667 4476 2780 4532 Iste
2839 4476 3061 4531 scilicet
3108 4477 3379 4549 egregius
3413 4478 3776 4549 praedicator,

2130 4565 2319 4621 ﬁdelis
2349 4566 2409 4619 in
2439 4566 2634 4632 verbo,
2684 4570 2740 4620 et
2798 4566 3062 4632 scientia,
3126 4567 3227 4620 dat
3277 4565 3640 4633 consilium;
3681 4565 3776 4621 sed

2132 4655 2627 4727 quemadmodum
2653 4654 3114 4709 misericordiam
3132 4659 3485 4711 consecutus
3507 4661 3601 4711 est
3619 4672 3653 4710 a
3674 4654 3778 4708 Do-

2130 4745 2310 4810 mino,
2338 4744 2473 4814 quia
2530 4743 2791 4797 ﬁdelium
2850 4760 3149 4799 servorum
3194 4746 3341 4816 (591)
3376 4761 3492 4800 non
3526 4744 3779 4799 invidere

2127 4834 2445 4902 beneﬁciis,
2479 4834 2577 4888 sed
2611 4834 2808 4903 potius
2839 4833 2908 4887 ad
2944 4833 3183 4888 meliora
3232 4850 3581 4905 provocare;
3614 4829 3780 4905 quasi

2129 4924 2377 4977 diceret:
2414 4922 2492 4977 De
2524 4920 2858 4992 consilium,
2892 4923 3214 4976 secundum
3262 4923 3418 4993 quod
3450 4923 3777 4978 misericor-

2126 5010 2283 5065 diam
2318 5014 2671 5065 consecutus
2705 5026 2858 5076 sum,
2894 5014 2957 5064 ut
2988 5011 3100 5065 sim
3135 5010 3420 5065 ﬁdelis.Et
3451 5016 3610 5075 nota,
3643 5008 3780 5081 quia

2128 5100 2282 5171 quod
2311 5105 2455 5164 erat,
2488 5115 2602 5153 non
2635 5098 2766 5159 sibi.
2800 5099 2898 5154 sed
2954 5100 3068 5155 Deo
3120 5099 3410 5170 ascripsit.
3466 5098 3774 5171 Sequitur:

2128 5189 2394 5242 Existimo
2428 5187 2526 5241 hoc
2557 5188 2756 5241 bonum
2784 5204 2916 5242 esse.
2951 5189 3114 5252 Quod
3171 5192 3291 5242 tam
3324 5188 3595 5259 egregius
3641 5202 3777 5258 pras-

2127 5279 2352 5332 dicator
2380 5276 2697 5341 existimat,
2724 5293 2839 5331 non
2872 5277 3212 5345 dubitative,
3242 5276 3343 5331 sed
3374 5277 3777 5332 incunctanter

2128 5371 2215 5421 est
2244 5365 2672 5438 accipiendum.
2690 5366 2791 5420 Est
2814 5370 3006 5421 autem
3032 5366 3437 5437 bonum,quod
3461 5364 3773 5421 existimat.

2126 5472 2255 5511 esse
2287 5456 2414 5511 sine
2445 5471 2620 5510 uxore
2647 5472 2659 5520 ;
2720 5456 2876 5510 unde
2932 5472 3112 5526 supra
3139 5472 3151 5510 :
3214 5457 3427 5511 Bonum
3456 5462 3536 5532 est
3565 5450 3778 5509 homini

2125 5545 2413 5600 mulierem
2440 5560 2550 5599 non
2574 5547 2818 5613 tangere.
2851 5544 2970 5599 Hoc
2999 5561 3130 5600 vero
3160 5545 3403 5613 bonum,
3436 5559 3554 5598 non
3587 5539 3775 5598 solum

2197 5760 2343 5837 (591)
2374 5758 2477 5817 Hic
2509 5758 2759 5819 fortasse
2791 5759 3259 5855 subintelligitur
3285 5762 3384 5819 est.
