3942 6402
145 414 236 472 357
680 407 1100 472 EXPOSITIO
1146 411 1223 470 IN
1271 413 1703 474 EPISTOLAS
1753 415 2005 478 PAULI.
2041 449 2114 459 —
2151 419 2226 477 ΙΝ
2272 420 2523 484 EPIST.
2572 424 2594 483 Ι
2643 427 2747 486 ΑΙ)
2795 427 2970 490 COR.

3420 438 3537 498 358

143 547 334 599 bonum
358 539 484 594 vult
506 539 755 614 intelligi
781 540 920 606 fore,
945 546 1183 614 propter
1204 544 1486 614 majorem
1507 557 1855 622 remune-A
1886 547 2130 604 detineri
2179 556 2536 609 contemnat.
2590 557 2752 612 Tunc
2802 560 2957 614 enim
3012 562 3146 633 quis
3199 570 3366 621 utens
3419 585 3534 624 non

146 632 399 688 rationem
453 629 618 702 regni
667 629 943 696 caelestis,
976 633 1075 686 sed
1129 633 1349 688 bonum
1399 633 1575 690 etiam
1628 636 1772 690 dicit

143 725 336 794 propter
366 722 670 775 instantem
710 722 1115 775 necessitatem.
1149 722 1282 784 Quae
1315 723 1593 778 instantis
1625 730 1772 780 tem-

148 811 281 884 poris
305 809 626 865 necessitas
657 809 963 881 multiplex
993 826 1124 865 esse
1176 828 1288 866 non
1321 812 1642 868 dubitatur.
1681 819 1775 870 Est

145 900 278 956 enim
305 899 468 954 dolor
485 899 739 966 ventris;
763 904 852 954 est
873 898 1040 955 labor
1061 901 1772 972 parturiendi,nutriendi,

143 987 400 1058 videlicet,
433 1005 500 1043 ac
544 987 851 1055 vestiendi,
881 989 1191 1044 orbitatem
1225 989 1478 1045 ﬁliorum
1515 992 1772 1062 patiendi

143 1077 441 1134 aediﬁcandi
472 1078 700 1148 domos,
734 1076 954 1133 dotalia
983 1077 1158 1133 etiam
1192 1081 1580 1151 praeparandi,
1609 1086 1666 1135 et
1695 1081 1772 1135 si-

145 1167 304 1223 milia.
335 1167 558 1222 Bonum
605 1171 695 1222 est
740 1183 874 1238 ergo
906 1169 991 1221 sic
1041 1183 1210 1234 esse;
1243 1167 1300 1223 id
1334 1174 1442 1237 est,
1477 1170 1603 1225 sine
1630 1187 1773 1226 uxo-

143 1275 226 1325 re;
257 1255 384 1328 quia
417 1273 532 1311 non
578 1255 772 1311 solum
805 1257 1088 1328 majorem
1135 1257 1380 1329 accipiet
1429 1275 1775 1316 remunera-

143 1347 354 1412 tionem,
387 1346 493 1401 sed
525 1349 584 1400 et
614 1345 686 1400 ab
718 1345 812 1400 his
855 1346 1160 1417 praesentis
1193 1348 1471 1420 temporis
1505 1365 1772 1405 necessa-

144 1436 283 1492 tibus
310 1435 574 1490 redditur
603 1435 852 1490 alienus.

203 1524 511 1597 Sequitur:
546 1523 824 1596 Alligatus
875 1541 930 1580 es
983 1526 1167 1596 uxori,
1201 1531 1310 1580 etc.
1366 1527 1777 1582 Provocaverat

143 1614 430 1686 Apostolus
455 1631 598 1669 suos
615 1615 686 1669 ad
708 1614 932 1669 bonum
959 1614 1351 1670 continentiae.
1368 1616 1458 1686 Et,
1483 1632 1553 1671 ne
1575 1616 1774 1688 ipsum

144 1705 339 1758 bonum
368 1703 688 1776 disjunctio
720 1703 1066 1776 nuptiarum
1098 1708 1275 1771 esset,
1308 1703 1460 1770 ideo,
1494 1710 1664 1761 caute
1688 1705 1773 1761 lo-

145 1809 330 1864 quens,
361 1792 506 1848 dixit
533 1809 548 1848 :
578 1793 850 1862 Alligatus
879 1809 935 1848 es
964 1796 1151 1857 uxori,
1185 1798 1292 1849 etc.
1331 1794 1460 1848 Haec
1491 1799 1579 1849 est
1615 1796 1773 1850 enim

143 1881 439 1953 apostolica
463 1886 519 1938 et
547 1882 852 1938 Dominica
874 1882 1157 1950 doctrina,
1183 1899 1310 1953 quae
1345 1883 1424 1939 ita
1454 1885 1526 1938 ad
1551 1885 1776 1954 majora

144 1969 279 2025 bona
307 1977 594 2042 provocat,
623 1975 690 2026 ut
730 1971 958 2027 minora
1006 1989 1121 2026 non
1153 1976 1532 2039 contemnat;
1572 1973 1628 2026 id
1662 1979 1772 2038 est,

140 2060 214 2114 ita
238 2060 304 2115 ad
337 2061 553 2116 bonum
583 2060 954 2116 continentia:
975 2061 1174 2131 trahit,
1200 2067 1267 2116 ut
1295 2061 1632 2133 conjugium
1657 2079 1772 2117 non

141 2155 469 2206 contemnat.
495 2151 680 2221 Major
699 2154 791 2205 est
819 2150 976 2205 enim
995 2151 1210 2206 veritas
1229 2151 1328 2206 Dei
1362 2152 1420 2205 in
1452 2151 1772 2224 Scripturis

140 2238 356 2309 divinis,
388 2255 565 2310 quam
599 2239 677 2294 sit
705 2239 960 2294 castitas.
985 2239 1047 2294 Si
1075 2241 1340 2311 accepisti
1359 2256 1611 2306 uxorem,
1638 2245 1772 2306 etc.,

140 2330 186 2381 et
210 2329 258 2381 si
282 2330 525 2398 nupserit
561 2329 739 2396 Virgo,
773 2333 883 2384 etc.
919 2328 1170 2400 Uterque
1202 2346 1318 2385 non
1351 2329 1613 2396 offendit,
1636 2329 1773 2400 quia

141 2433 249 2472 rem
278 2416 492 2472 licitam
522 2422 735 2488 patrat.

203 2506 618 2562 Tribulationem
667 2510 848 2562 tamen
897 2509 1104 2575 carnis,
1154 2515 1262 2564 etc.
1299 2509 1410 2564 Sed
1463 2525 1587 2577 quae
1635 2511 1775 2563 sunt

137 2594 242 2649 illa:
272 2594 672 2651 tribulationes
691 2595 718 2649 ?
747 2597 1180 2653 Tribulationes
1203 2602 1343 2653 sunt
1368 2615 1379 2652 :
1416 2614 1651 2653 uxorem
1687 2613 1774 2652 ce-

136 2683 282 2751 lare;
317 2700 548 2740 uxorem
582 2685 700 2740 viro
732 2701 795 2741 se
827 2686 1114 2754 subdere;
1150 2687 1356 2743 timere
1390 2703 1459 2741 ne
1491 2687 1639 2741 alter
1673 2686 1772 2740 ad-

139 2774 411 2838 mittatur,
443 2779 498 2829 et
537 2778 764 2845 caetera,
799 2792 926 2846 quae
975 2776 1089 2831 dici
1138 2781 1408 2848 possunt.
1442 2776 1724 2847 Sequitur
1755 2793 1768 2830 :

139 2862 237 2932 Ego
262 2871 443 2918 autem
470 2865 624 2920 vobis
650 2880 831 2932 parco.
865 2865 1105 2920 Duobus
1144 2866 1369 2934 modis;
1396 2865 1452 2920 id
1477 2871 1566 2921 est
1592 2883 1604 2922 :
1638 2881 1773 2920 cum

139 2967 230 3007 vos
256 2951 325 3007 ad
371 2952 596 3007 bonum
643 2953 1016 3009 continentia:
1069 2971 1335 3024 provoco,
1371 2959 1436 3009 ut
1482 2955 1775 3027 praedictis

139 3041 603 3098 tribulationibus
631 3043 739 3097 viri
773 3047 830 3099 et
862 3043 1057 3098 uxoris
1082 3060 1196 3099 non
1229 3044 1772 3115 subdamini,parco

137 3129 286 3185 vobis
310 3148 323 3198 ;
354 3131 472 3186 sive
505 3148 704 3203 parco,
730 3136 813 3200 ut,
838 3132 887 3186 si
918 3149 1020 3187 vos
1054 3132 1306 3188 subdere
1334 3132 1533 3202 vultis,
1553 3133 1774 3187 subda-

141 3221 224 3275 tis.
259 3220 321 3274 Et
370 3238 555 3293 quare
583 3221 694 3277 hoc
739 3221 968 3294 dixerit,
1002 3223 1202 3278 subdit
1235 3240 1247 3277 :
1282 3225 1388 3278 Hoc
1419 3226 1602 3294 itaque
1631 3223 1772 3290 dico,

1887 637 2089 708 utitur,
2123 656 2256 694 cum
2289 658 2377 711 ea,
2411 660 2538 714 qua:
2571 646 2641 699 ad
2666 663 2836 702 suam
2871 653 3278 709 necessitatem
3314 673 3534 728 praepa-

1887 733 2132 794 raverat,
2167 735 2341 794 tenet,
2366 737 2424 786 et
2456 750 2569 788 non
2596 741 2847 792 tenetur.
2875 740 2941 793 Et
2971 757 3150 811 quare
3174 742 3281 798 hoc
3303 745 3534 814 dixerit,

1885 816 2083 871 subdit
2135 834 2146 871 :
2198 824 2460 877 Praeterit
2503 827 2653 879 enim
2699 828 2894 899 ﬁgura
2941 829 3106 900 hujus
3155 835 3367 891 mundi.
3411 836 3534 891 Non

1887 906 2282 969 mundus,sed
2307 909 2493 980 ﬁgura
2514 915 2890 987 transit,quia
2912 920 3197 989 scriptum
3221 928 3347 978 est:
3374 926 3536 981 Terra

1883 1009 2009 1048 vero
2038 995 2094 1048 in
2149 1001 2414 1054 a’ternum
2460 1005 2566 1056 stat
2599 1003 2790 1073 (Encle.
2827 1023 2864 1074 ι,
2901 1008 2973 1076 4).
3008 1009 3156 1080 Ergo
3207 1018 3404 1068 manet
3433 1031 3536 1085 per

1884 1084 2202 1139 essentiam
2228 1129 2240 1153 ,
2277 1089 2488 1143 transit
2518 1108 2621 1162 per
2651 1093 3107 1153 innovationem.
3141 1100 3228 1168 Et,
3262 1101 3312 1156 si
3345 1084 3533 1174 figura

1885 1172 2091 1226 mundi
2121 1175 2352 1246 transit,
2382 1177 2567 1234 multo
2620 1183 2808 1252 magis
2838 1199 2906 1238 ea
2954 1201 3082 1256 quae
3115 1190 3320 1244 mundi
3352 1172 3526 1260 sunt;

1884 1260 2050 1330 quasi
2087 1262 2305 1318 diceret
2337 1282 2349 1319 :
2384 1265 2571 1328 Quare
2621 1272 2842 1327 mundo
2890 1272 3209 1343 inhaeretis,
3244 1283 3300 1333 et
3345 1280 3402 1334 in
3434 1280 3528 1336 his

1882 1349 2384 1424 transituris,quae
2404 1357 2608 1411 mundi
2642 1365 2817 1426 sunt;
2853 1364 3018 1432 quasi
3051 1365 3151 1419 diu
3185 1369 3530 1438 consistant,

1884 1443 1942 1493 et
1969 1455 2071 1494 vos
2120 1456 2253 1495 cum
2283 1441 2447 1498 illis?
2478 1449 2542 1498 Et
2581 1447 2639 1500 in
2694 1447 2802 1502 hoc
2849 1452 3196 1520 ostenditur,
3232 1459 3384 1527 quod
3433 1475 3535 1516 vos

1885 1530 2219 1596 transeatis,
2246 1532 2385 1602 quia
2417 1539 2662 1590 mortem
2693 1537 2944 1594 aliorum
2973 1540 3264 1611 inspicitis
3295 1562 3308 1612 ;
3342 1551 3398 1600 et
3427 1547 3536 1604 hoc

1887 1616 2536 1688 inspiciendo,vestrum
2555 1641 2852 1682 recessum
2872 1631 3313 1698 cognoscitis.Et
3327 1651 3536 1706 quam-

1882 1706 1972 1760 vis
2003 1705 2171 1778 longe
2193 1709 2367 1765 distet
2400 1711 2534 1766 ﬁnis
2559 1715 2996 1782 mundi,tamen
3022 1719 3225 1776 debuit
3245 1722 3323 1777 ita
3345 1705 3535 1780 dicere

1882 1797 2218 1866 Apostolus,
2251 1806 2485 1870 propter
2510 1800 2639 1857 illos
2671 1805 2770 1874 qui
2791 1821 2929 1878 erga
2960 1808 3135 1863 ﬁnem
3157 1812 3359 1866 mundi
3384 1813 3536 1869 hanc

1884 1882 2093 1938 lecturi
2143 1891 2282 1941 sunt
2327 1889 2674 1959 epistolam;
2723 1895 2888 1964 quasi
2935 1895 3150 1952 diceret
3205 1916 3217 1952 :
3268 1903 3534 1958 Audistis

1883 1977 2156 2028 venturas
2188 1974 2837 2050 tribulationes,quales
2861 1999 2974 2036 non
3004 1983 3244 2040 fuerunt
3273 1989 3344 2042 ab
3370 1989 3536 2045 initio

1883 2061 2070 2132 (Mare.
2093 2080 2217 2131 xm,
2246 2065 2323 2135 8),
2357 2070 2414 2120 et
2445 2067 2678 2122 easdem
2713 2070 2956 2126 minime
3001 2072 3196 2130 videre
3225 2077 3402 2132 vultis
3432 2096 3445 2133 :
3478 2084 3536 2134 et

1883 2167 2018 2205 cum
2045 2152 2207 2207 vobis
2239 2153 2392 2208 desit
2419 2154 2710 2222 voluntas,
2745 2175 2925 2229 quare
2958 2177 3072 2216 non
3104 2165 3342 2234 parcitis
3370 2167 3530 2235 ﬁliis,

1885 2257 1998 2294 non
2032 2241 2368 2313 accipiendo
2400 2261 2628 2310 uxores,
2663 2257 2726 2301 ut
2751 2248 2902 2303 ﬁlios
2936 2267 3049 2305 non
3081 2255 3393 2326 generetis,
3429 2259 3530 2328 qui

1883 2330 2135 2399 videant,
2171 2332 2421 2386 maxime
2448 2350 2578 2388 cum
2610 2352 2722 2390 non
2747 2336 2823 2391 sit
2853 2343 3086 2411 tempus
3117 2342 3231 2397 Deo
3256 2344 3405 2400 ﬁlios
3428 2363 3532 2416 per

1884 2419 2099 2473 coitum
2132 2422 2388 2490 creandi,
2423 2424 2522 2477 sed
2557 2440 2658 2494 per
2707 2425 3064 2496 baptismum
3097 2435 3477 2502 regenerandi
3500 2437 3529 2491 ?

1884 2508 2071 2571 Quare
2101 2508 2207 2563 hoc
2238 2510 2468 2578 dixerit,
2502 2514 2739 2568 subdit:
2769 2516 2898 2571 Volo
2923 2521 3106 2572 autem
3136 2535 3226 2574 vos
3255 2523 3393 2592 sine,
3419 2528 3530 2579 etc.

1884 2597 2024 2661 Quis
2055 2597 2209 2652 enim
2243 2599 2364 2653 vult
2386 2602 2540 2672 quod
2562 2603 2876 2673 Apostolus
2911 2606 3076 2661 vult?
3097 2608 3403 2680 Sequitur:
3432 2613 3538 2681 Qui

1883 2687 2003 2741 sine
2051 2703 2226 2742 uxore
2267 2692 2364 2755 est,
2397 2696 2505 2744 etc.
2560 2691 2710 2747 Bene
2743 2693 2882 2748 dicit
2916 2711 2929 2748 :
2966 2694 3247 2753 Sollit‘itus
3293 2704 3371 2755 est
3400 2719 3540 2772 quo-

1882 2775 2038 2830 modo
2061 2777 2278 2846 placeat
2305 2781 2509 2840 uxori;
2542 2783 2680 2851 quia
2701 2785 3051 2855 conjugatus
3073 2785 3252 2843 libere
3281 2789 3394 2845 Deo
3419 2809 3540 2847 ser-

1882 2865 2004 2920 vire
2036 2882 2148 2920 non
2182 2868 2353 2923 valet.
2388 2873 2454 2922 Et
2484 2869 2610 2925 ideo
2642 2872 2844 2926 subdit
2874 2889 2887 2927 :
2924 2875 2989 2928 Et
3018 2874 3230 2932 divisus
3259 2888 3356 2933 est.
3392 2880 3544 2936 Divi-

1885 2971 2009 3020 sus,
2036 2972 2150 3011 non
2183 2974 2441 3029 corpore,
2466 2960 2565 3014 sed
2590 2967 2804 3016 mente.
2833 2963 2896 3016 Et
2916 2965 3136 3033 mulier,
3161 2968 3539 3040 subauditur,

1885 3044 2090 3099 divisa.
2129 3046 2354 3116 thuia
2385 3046 2597 3102 mulier
2644 3054 2764 3103 tam
2803 3052 2982 3123 virgo,
3017 3069 3195 3124 quam
3223 3058 3537 3128 conjugata

1885 3133 2164 3204 appellari
2198 3140 2407 3205 potest,
2437 3141 2498 3190 ut
2524 3139 2855 3194 ostenderet
2876 3141 2946 3196 de
2978 3147 3092 3212 q'ua
3123 3144 3368 3212 dixerat,
3394 3149 3539 3202 sub-

1886 3222 1999 3276 dit:
2030 3227 2292 3294 lnnupta,
2323 3230 2372 3278 et
2401 3227 2574 3294 virgo,
2596 3230 2960 3300 etc.,corpore
2978 3241 3209 3296 sancta;
3241 3236 3379 3306 quia
3411 3237 3542 3292 sine

137 3310 323 3377 [renes
349 3329 366 3365 :
398 3311 626 3383 Tempus
657 3313 815 3367 breve
842 3318 967 3374 est;
1001 3313 1169 3384 quasi
1194 3313 1414 3368 diceret
1446 3331 1459 3368 :
1497 3314 1619 3370 Non
1653 3318 1778 3368 tan-
1805 3311 1848 3378 C
1888 3311 2030 3379 viro,
2059 3313 2295 3382 spiritu;
2329 3314 2469 3382 quia
2515 3314 2912 3372 sollicitudine
2955 3321 3158 3375 mundi
3191 3328 3366 3379 caret.
3403 3326 3539 3393 Quae

138 3403 253 3452 tum
281 3399 480 3455 vivunt
500 3417 661 3456 nunc
684 3400 970 3473 homines,
996 3406 1283 3472 quantum
1312 3402 1568 3473 primum
1599 3419 1611 3456 :
1637 3419 1774 3456 nam

138 3487 220 3542 vix
245 3488 372 3559 quis
403 3491 816 3562 quadraginta,
840 3489 926 3547 vel
960 3491 1201 3562 triginta
1229 3492 1399 3546 annis
1432 3508 1565 3546 cum
1601 3508 1776 3548 uxore

135 3577 439 3649 copulatur,
473 3581 577 3635 sed
610 3595 744 3634 cum
796 3580 995 3636 dolore
1027 3581 1249 3636 amittit
1299 3597 1560 3648 uxorem,
1596 3597 1774 3651 quam

136 3663 397 3723 habuerat
425 3685 564 3724 cum
621 3686 836 3724 amore.
872 3670 940 3724 Et
988 3670 1128 3741 quia
1162 3671 1330 3725 breve
1378 3677 1468 3725 est
1519 3676 1771 3741 tempus,

137 3756 391 3828 reliquum
420 3768 547 3820 est;
583 3758 640 3812 id
689 3763 796 3828 est,
831 3764 1032 3827 restat,
1080 3763 1138 3814 ut
1187 3762 1283 3831 qui
1326 3761 1526 3815 habent
1558 3775 1771 3827 uxores,

136 3846 378 3916 tanquam
403 3865 514 3904 non
548 3849 804 3904 habentes
835 3851 946 3904 sint
978 3868 996 3904 :
1028 3849 1086 3903 id
1115 3855 1222 3915 est,
1256 3849 1590 3904 carnalibus
1623 3850 1774 3904 desi-

135 3932 294 3991 deriis
310 3937 872 3994 etdelectationibus
891 3957 1005 3993 non
1035 3943 1406 4011 superentur.
1431 3940 1514 3993 Tu
1526 3956 1596 3994 nc
1617 3939 1774 3994 enim

137 4024 254 4095 quis
309 4027 534 4084 habens
585 4045 844 4099 uxorem,
889 4046 1003 4084 non
1055 4028 1250 4095 habet,
1299 4029 1398 4100 qui
1458 4029 1539 4084 ita
1586 4029 1777 4100 placet

135 4115 302 4182 uxori,
335 4122 398 4172 ut
428 4135 549 4173 non
587 4117 896 4189 displiceat
925 4117 1238 4173 Conditori.

198 4205 254 4259 Et
280 4208 374 4276 qui
407 4208 571 4275 ﬂent,
602 4209 869 4278 tanquam
916 4223 1026 4263 non
1056 4210 1249 4278 ﬂentes
1270 4225 1289 4268 ;
1322 4208 1379 4262 id
1412 4213 1521 4277 est,
1555 4209 1638 4263 ita
1668 4208 1774 4263 tri-

138 4291 520 4352 bulationibus
545 4296 977 4366 temporalibus
1002 4297 1359 4367 afﬂigantur,
1376 4302 1440 4351 ut
1469 4314 1573 4369 spe
1595 4298 1776 4353 futuri

139 4385 338 4451 premii
391 4386 802 4442 subleventur.
836 4386 1000 4441 Tunc
1051 4386 1208 4441 enim
1259 4386 1393 4457 quis
1437 4387 1628 4442 ﬂendo
1660 4403 1774 4442 non

136 4469 306 4542 deflet,
338 4492 469 4530 cum
506 4475 686 4531 istius
711 4476 988 4547 temporis
1013 4475 1492 4531 tribulationibus
1514 4476 1592 4531 ita
1623 4477 1777 4530 afﬂi-

135 4561 292 4629 gitur,
323 4569 388 4619 ut
419 4582 523 4637 spe
551 4570 781 4620 aeternae
812 4564 1303 4620 remunerationis
1336 4564 1688 4620 sublevetur.
1715 4567 1780 4620 Et

134 4652 217 4718 qui
240 4653 494 4721 gaudent,
521 4663 793 4724 tanquam
819 4669 931 4709 non
958 4655 1257 4725 gaudentes
1287 4655 1430 4715 sint;
1464 4655 1519 4709 id
1553 4658 1661 4723 est,
1695 4655 1777 4709 ita
1809 4679 1855 4743 Ι)

137 4754 224 4806 pro
269 4745 581 4800 commodo
637 4753 863 4798 terreno
914 4745 1184 4816 gaudeat,
1221 4747 1286 4796 ut
1337 4760 1560 4798 memor
1600 4743 1779 4798 divini

126 4825 313 4895 judicii
336 4833 746 4889 existat.Tunc
777 4833 934 4888 enim
963 4834 1096 4904 quis
1118 4834 1382 4905 gaudens
1405 4850 1517 4888 non
1542 4834 1775 4904 gaudet,

134 4931 251 4972 cum
281 4921 358 4976 ita
388 4939 494 4994 pro
527 4923 843 4979 commodo
877 4929 1100 4977 terreno
1132 4923 1382 4988 laetatur,
1418 4928 1480 4976 ut
1512 4923 1777 4977 divinum

129 5004 392 5073 judicium
427 5011 838 5084 pertimescat.
874 5015 947 5066 Et
979 5013 1078 5082 qui
1126 5021 1336 5081 emunt,
1370 5021 1638 5083 tanquam
1667 5028 1779 5066 non

131 5099 442 5163 possidentes
470 5120 486 5164 ;
520 5102 581 5156 id
615 5107 722 5170 est,
758 5106 954 5173 empta
982 5118 1098 5156 non
1121 5118 1181 5156 se
1213 5102 1312 5155 diu
1347 5102 1645 5172 possidere
1672 5118 1778 5173 pu-

135 5187 258 5242 tent.
291 5189 454 5245 Tunc
478 5191 702 5246 etenim
754 5191 888 5261 quis
919 5195 1149 5262 emptor
1179 5207 1293 5246 non
1329 5191 1636 5262 possidens
1666 5197 1777 5263 est,

133 5287 247 5329 cum
275 5293 362 5346 ea,
395 5296 526 5351 quae
559 5278 724 5346 emit,
760 5296 875 5335 non
909 5297 971 5335 se
1001 5279 1102 5334 diu
1137 5279 1430 5351 possidere
1461 5280 1670 5351 putet?

191 5363 248 5419 Et
271 5369 364 5437 qui
392 5373 636 5424 utuntur
665 5369 763 5424 hoc
809 5369 1034 5435 mundo,
1067 5376 1332 5439 tanquam
1359 5385 1470 5424 non
1499 5372 1737 5423 utantur
1756 5385 1777 5430 ;

133 5448 181 5504 id
208 5461 413 5527 est,ea,
431 5475 569 5530 quae
593 5459 667 5514 ad
703 5459 1112 5515 necessitatem
1132 5457 1225 5514 sui
1257 5462 1563 5530 praeparat,
1589 5457 1661 5512 ab
1685 5457 1778 5513 his

361 5691 466 5776 ,ξρᾴ
496 5693 957 5776 ίίιίαςεουὶηιαξςςιη
999 5691 1312 5776 legendum
1345 5691 1546 5776 censui
1579 5709 1776 5776 exsu-

134 5763 323 5832 periori
350 5763 470 5822 divi
515 5764 691 5824 Pauli
721 5766 795 5824 ad
846 5763 1104 5822 Timotli.
1135 5767 1320 5836 textu,
1353 5763 1455 5821 ubi
1485 5764 1547 5822 in
1578 5770 1777 5843 autog.

1885 3409 2070 3455 autem
2099 3406 2269 3472 nupta
2300 3406 2398 3468 est,
2431 3407 2540 3457 etc.
2577 3404 2728 3459 Dicit
2755 3408 3069 3477 Apostolus
3099 3419 3343 3482 nuptam
3376 3417 3529 3487 cogi-

1887 3494 2009 3543 tare
2031 3506 2158 3560 quae
2217 3491 2418 3545 mundi
2453 3497 2611 3555 sunt,
2644 3499 2701 3547 et
2748 3493 3056 3566 virginem,
3090 3515 3217 3568 quae
3267 3501 3389 3556 Dei.
3423 3504 3534 3558 Sed

1886 3596 1993 3633 nos
2024 3580 2348 3635 econtrario
2380 3581 2675 3637 cernimus
2720 3584 3091 3656 conjugatam
3125 3590 3376 3657 cogitare
3406 3607 3538 3663 qua

1886 3667 2006 3733 Dei,
2043 3673 2098 3722 et
2128 3668 2427 3738 virginem,
2459 3687 2585 3740 quae
2618 3673 2819 3727 mundi
2857 3681 3015 3730 sunt.
3050 3677 3363 3734 Sciendum
3395 3681 3536 3751 quia

1885 3757 1986 3811 tali
2016 3759 2335 3828 coniugata:
2365 3776 2477 3814 non
2501 3760 2735 3816 obsistit
2756 3764 3236 3836 conjugium,sed
3271 3768 3414 3823 dum
3437 3768 3540 3827 illa

1885 3848 2194 3918 cogitando
2245 3866 2369 3919 quae
2405 3849 2499 3903 Dei
2534 3855 2693 3918 sunt,
2728 3869 2898 3908 suam
2952 3861 3223 3911 naturam
3273 3864 3538 3932 superat,

1885 3941 1943 3990 et
1972 3942 2189 3991 aeterna
2218 3938 2577 3993 beatitudine
2612 3942 3102 3998 remunerabitur.
3127 3945 3196 3999 Et
3221 3945 3347 4016 ipsa
3378 3948 3541 4020 virgo

1887 4026 1957 4079 de
1991 4025 2140 4080 bono
2171 4025 2524 4097 virginitatis
2557 4044 2670 4082 non
2706 4029 2896 4083 solum
2915 4047 3030 4086 non
3051 4036 3542 4104 remunerabilur,

1886 4115 1987 4169 sed
2019 4114 2194 4169 etiam
2227 4114 2539 4186 dupliciter
2591 4117 3009 4188 damnabitur;
3046 4121 3173 4176 ideo
3224 4124 3368 4194 quia
3397 4142 3546 4198 opus

1885 4203 2238 4275 virginitatis
2296 4204 2446 4259 male
2506 4207 2796 4261 tractavit.
2852 4208 3116 4280 Scriptus
3163 4216 3252 4266 est
3312 4214 3468 4269 enim
3529 4231 3542 4269 :

1887 4293 2200 4348 Maledictus
2247 4296 2343 4365 qui
2389 4311 2521 4366 opus
2571 4297 2793 4352 Domini
2839 4299 2971 4365 (Jer.
3024 4317 3218 4366 xevm,
3271 4302 3382 4372 10),
3429 4306 3542 4359 etc.

1887 4383 1956 4437 Et
1985 4382 2201 4438 Paulus
2237 4401 2249 4438 :
2286 4383 2429 4454 Opus
2457 4385 2678 4455 quidem
2725 4388 2949 4456 pietatis
2981 4388 3340 4456 ostendentes,
3370 4393 3548 4446 virtu-

1887 4481 1993 4526 tem
2043 4481 2224 4527 autem
2268 4478 2532 4543 negantes
2562 4473 2642 4543 (Il
2688 4474 2820 4527 Tim.
2869 4491 2952 4544 ιη,
2986 4476 3061 4544 5).
3120 4477 3236 4532 Ista
3283 4493 3543 4550 namque

1888 4561 2095 4614 habuit
2119 4577 2290 4632 Opus;
2324 4561 2462 4632 quia
2493 4561 2908 4631 virginitatem,
2944 4565 3042 4619 sed
3078 4564 3238 4621 illius
3277 4568 3545 4623 virtutem

1888 4651 2034 4720 (592)
2068 4651 2297 4721 negavit
2330 4671 2343 4718 ;
2379 4650 2520 4721 quia
2562 4651 2782 4706 bonum
2832 4653 3185 4725 virginitatis
3234 4655 3542 4727 ignoravit.

1891 4740 1957 4794 Et
1987 4741 2139 4810 quod
2173 4741 2488 4812 conjugata
2518 4741 2791 4812 praedicta
2823 4748 3247 4811 remuneretur,
3268 4747 3436 4802 testis
3457 4751 3547 4802 est

1890 4829 2039 4884 actio
2089 4828 2396 4884 Gedeonis.
2433 4832 2667 4902 Legitur
2695 4833 2850 4886 enim
2899 4833 3095 4902 (Judir.
3148 4851 3226 4901 γι,
3262 4835 3349 4903 11)
3380 4836 3542 4906 quia,

1890 4936 2024 4974 cum
2070 4924 2402 4990 separasset
2451 4921 2808 4975 frumentum
2865 4939 2898 4976 a
2931 4922 3135 4992 paleis,
3186 4923 3462 4994 apparuit
3491 4924 3543 4979 ei

1889 5009 2154 5081 angelus,
2179 5015 2286 5063 etc.
2306 5010 2687 5065 Frumentum
2712 5027 2965 5082 namque
2987 5028 3020 5066 a
3043 5011 3225 5083 paleis
3247 5029 3544 5084 separare,

1890 5104 1978 5152 est
2007 5098 2251 5153 virtutes
2283 5116 2316 5152 a
2345 5098 2522 5164 vitiis,
2558 5099 2797 5154 meliora
2823 5116 2856 5152 a
2887 5100 3078 5170 bonis,
3110 5100 3335 5172 Optima
3361 5119 3395 5157 a
3416 5119 3540 5159 me-

1891 5186 2136 5241 lioribus
2167 5186 2460 5241 dirimere.
2506 5187 2574 5240 Et
2603 5188 2744 5240 dum
2777 5186 2883 5241 hoc
2915 5188 3054 5260 agit,
3083 5195 3326 5261 apparet
3355 5192 3406 5246 ei
3439 5208 3542 5247 an-

1889 5276 2076 5346 gelus,
2112 5275 2211 5346 qui
2239 5276 2406 5345 jubet
2437 5275 2548 5330 sibi
2581 5275 2813 5330 haedum
2846 5277 3260 5349 oll'erri,etjus
3290 5280 3544 5352 desuper

1890 5365 2056 5419 fundi
2080 5365 2268 5433 (lbid.,
2297 5365 2406 5433 19).
2435 5365 2539 5420 Per
2569 5364 2801 5420 haedum
2826 5367 3386 5433 enim,lascivientes
3420 5387 3543 5425 mo-

1890 5459 1984 5510 tus
2011 5454 2224 5518 carnis,
2250 5457 2309 5509 et
2337 5470 2440 5526 per
2461 5455 2564 5524 jus
2596 5455 2763 5510 ﬂuxae
2804 5456 3187 5528 cogitationes
3208 5457 3540 5529 signantur,

1884 5687 2101 5787 sediu‘m
2143 5684 2377 5787 legitur,
2411 5705 2538 5763 quis
2567 5690 2744 5749 verba
2769 5689 2938 5752 aliter
2982 5689 3353 5787 interpretari
3393 5690 3538 5773 mihi

1889 5777 2006 5822 non
2037 5759 2223 5824 licuit.
