3942 6396
402 413 523 472 359

1423 404 1758 467 ATTONlS
1803 400 2389 463 VERCELLENSIS
2434 400 2787 462 EPISCOPI

3689 407 3795 467 360

402 542 641 598 Haadum
673 557 809 613 ergo
860 539 1165 595 immolare
1193 542 1303 606 est,
1335 544 1390 593 et
1429 538 1529 608 jus
1559 536 1812 607 desuper
1862 532 2048 599 fundi,
2078 544 2135 607 Α
2165 532 2342 598 venit,
2367 536 2431 587 ut
2453 532 2843 605 virginitatem
2868 536 3197 599 servet,non
3215 533 3443 606 pudens
3465 533 3549 589 illi
3570 534 3793 596 alterius

405 648 522 686 non
553 629 744 686 solum
780 629 1037 685 carnalia
1067 644 1261 700 opera,
1284 629 1384 683 sed
1416 626 1590 682 etiam
1622 624 1809 679 ﬂuxas
1840 622 2052 693 cogita-

404 719 617 789 tiones,
650 719 721 774 ad
753 718 1085 791 exemplum
1135 716 1347 771 Christi
1395 730 1758 770 consumere.
1792 716 1857 767 Et
1906 712 2049 766 dum

402 808 513 865 hoc
543 807 755 881 agitur,
788 807 978 880 tangit
1006 807 1119 862 ista
1148 804 1390 877 angelus
1419 803 1577 874 virga
1607 802 1728 868 Dei,
1761 799 2049 871 adjutorio

402 897 602 953 divino
640 896 996 965 sublevatur,
1030 894 1185 965 ignis
1215 895 1286 948 de
1334 897 1499 964 petra
1528 891 1846 963 egreditur,
1879 894 1935 945 et
1963 895 2050 945 to-

400 989 531 1041 tum
589 985 886 1040 consumit
917 984 1115 1054 (Judic.
1148 1000 1225 1048 v1,
1256 982 1389 1052 ‘21);
1423 979 1702 1052 quoniam
1758 979 1932 1034 ardor
1962 977 2049 1031 di-

399 1074 518 1129 vini
552 1071 827 1143 adjutorii
855 1071 913 1125 in
946 1070 1044 1125 illo
1076 1087 1190 1125 non
1224 1069 1414 1125 solum
1441 1068 1699 1124 carnalia
1728 1083 1925 1138 opera,
1948 1066 2049 1121 sed

400 1162 584 1218 etiam
618 1162 804 1215 ﬂuxas
835 1159 1210 1228 cogitationes
1241 1158 1523 1213 interimit
1556 1174 1568 1212 :
1606 1158 1759 1229 quod
1791 1156 1847 1211 in
1882 1155 2050 1211 bonis

400 1249 771 1306 solummodo
804 1248 1153 1320 virginibus,
1188 1253 1245 1303 et
1273 1248 1331 1303 in
1362 1248 1566 1320 paucis
1613 1245 2049 1301 continentibus

397 1338 709 1411 praecipuis
739 1336 1038 1408 impletur.

469 1426 750 1498 Sequitur
792 1443 807 1482 :
837 1427 1066 1497 Propter
1112 1425 1347 1480 salutem
1394 1432 1651 1490 vestram,
1684 1427 1791 1479 etc.
1825 1422 2048 1495 Cogno-

396 1520 559 1572 verat
577 1514 737 1570 enim
760 1513 1076 1587 Apostolus
1098 1530 1195 1569 eos
1222 1530 1371 1586 aegre
1394 1513 1601 1569 tulisse
1623 1512 1777 1584 quod
1801 1512 2047 1579 dixerat;

396 1609 456 1661 et
480 1604 609 1659 ideo
640 1603 784 1659 dicit
804 1607 1040 1675 propter
1068 1603 1316 1658 salutem
1347 1607 1624 1667 vestram,
1648 1600 1819 1672 quasi
1846 1600 2003 1654 dicat
2031 1617 2045 1655 :

396 1692 648 1765 Cognovi
679 1709 782 1748 vos
824 1708 975 1764 aegre
1003 1691 1209 1747 tulisse
1258 1692 1415 1762 quod
1446 1690 1602 1758 dixi;
1637 1689 1739 1746 sed
1772 1706 1887 1744 non
1918 1688 2047 1743 ideo

396 1781 537 1850 dixi,
569 1785 632 1836 ut
680 1781 939 1852 laqueum
982 1781 1133 1836 vobis
1163 1781 1433 1851 injiciam,
1465 1779 1556 1834 sed
1602 1786 1665 1833 ut
1703 1778 1775 1834 ad
1808 1777 1879 1831 id
1908 1775 2049 1847 quod

396 1870 684 1927 honestum
742 1875 819 1925 est
858 1884 1166 1941 provocem.
1214 1873 1537 1924 Honestum
1585 1867 1743 1922 enim
1792 1864 2045 1937 appellat
2075 1910 2123 1975 B

394 1960 617 2015 bonum
649 1958 1055 2025 continentiae;
1089 1957 1227 2029 quia
1270 1958 1490 2012 bonum
1522 1961 1579 2011 et
1630 1961 1899 2011 sanctum
1930 1959 2038 2010 est.

392 2049 459 2104 Et
493 2049 565 2103 ad
614 2047 692 2114 τά,
724 2047 864 2119 quod
911 2047 1238 2120 facultatem
1288 2047 1437 2102 vobis
1485 2046 1692 2101 tribuat
1746 2046 2043 2100 Dominum

394 2137 721 2193 obsecrandi
736 2138 856 2192 sine
883 2135 1292 2207 impedimento.
1314 2136 1466 2190 Bene
1485 2136 1604 2191 sine
1625 2134 2042 2206 impedimento;

395 2228 535 2298 quia
563 2225 917 2296 conjugatus
947 2224 1129 2279 libere
1163 2229 1271 2279 Deo
1304 2223 1603 2279 servitium
1642 2225 1765 2279 sine
1796 2221 2043 2294 impedi-

395 2320 594 2371 mento
625 2330 1000 2385 nequaquam
1034 2330 1204 2385 agere
1233 2312 1405 2369 valet.

466 2404 613 2475 (593)
645 2402 964 2474 Sequitur:
1001 2402 1060 2457 Si
1111 2404 1234 2474 quis
1280 2410 1465 2457 autem
1508 2405 1727 2473 turpem
1767 2417 1820 2457 se
1866 2400 2044 2456 videri

394 2494 697 2562 existimat,
729 2495 839 2547 etc.
870 2491 1091 2546 Sensus
1122 2491 1234 2546 iste
1264 2507 1333 2545 ex
1371 2490 1774 2562 superioribus
1806 2490 2038 2561 pendet.

394 2582 649 2638 Locutus
681 2580 871 2635 fuerat
901 2578 1172 2650 superius
1200 2579 1271 2634 de
1300 2578 1648 2649 virginibus,
1673 2582 1731 2632 et
1760 2578 1902 2632 adeo
1924 2576 2046 2632 lau-

394 2671 632 2727 daverat
661 2670 879 2725 bonum
911 2667 1305 2733 continentiae,
1337 2670 1403 2722 ut
1433 2666 1715 2721 exsecrari
1748 2665 2043 2720 videretur

395 2759 635 2830 nuptias
669 2775 682 2812 :
711 2762 784 2820 et,
818 2773 890 2811 ne
944 2756 1028 2811 sic
1074 2756 1391 2820 videretur,
1444 2755 1752 2827 subjungit
1784 2773 1797 2810 :
1833 2754 1891 2809 Si
1919 2756 2041 2826 quis

395 2852 583 2903 autem
599 2849 904 2916 turpem.ln
929 2860 1046 2915 quo
1070 2843 1194 2898 loco
1217 2844 1344 2898 duae
1367 2849 1616 2915 possunt
1628 2860 1755 2899 esse
1776 2843 2045 2898 intentio-

395 2952 520 2991 nes.
536 2935 759 2988 Prima:
784 2933 973 3005 potuit
996 2932 1117 2987 ﬁeri
1143 2937 1207 2987 ut
1226 2932 1541 3002 Apostolus
1565 2938 1824 2986 moneret
1838 2948 2042 3003 paren-

390 3030 479 3080 tes
491 3022 1115 3089 caste,etmundesuas
1128 3021 1347 3076 nutrire
1364 3021 1512 3076 ﬁlias
1527 3038 1712 3092 usque
1726 3021 1795 3074 ad
1810 3026 2042 3093 tempus

395 3113 721 3185 pubertatis
738 3130 750 3166 :
767 3128 900 3166 cum
924 3127 1056 3166 vero
1078 3109 1303 3165 adillud
1319 3115 1551 3181 tempus
1564 3110 2041 3180 venissent,quod

391 3206 595 3273 aptum
622 3205 713 3256 est
733 3199 945 3267 usui,si
964 3199 1243 3257 eligerent
1260 3203 1528 3265 parentes
1556 3199 1766 3254 melius
1787 3215 1916 3254 esse
1936 3216 2041 3270 pu-

2160 621 2673 691 reprehensionis;
2709 623 2759 677 si
2811 621 2937 677 vult
2984 621 3082 677 ille
3110 622 3509 695 virginitatem
3561 641 3790 696 servare,

2159 714 2366 765 servet.
2400 712 2511 767 Sed
2559 711 2867 782 sequentia
2911 711 3087 767 verba
3116 712 3188 767 ad
3221 716 3536 785 utrumque
3566 731 3791 788 respon-

2159 798 2331 866 dent;
2367 798 2423 853 id
2480 802 2589 865 est,
2645 799 2717 854 ad
2763 798 2943 854 ﬁliam
2986 803 3043 855 et
3074 800 3146 854 ad
3187 815 3465 868 carnem;
3515 801 3621 858 hoc
3670 809 3790 862 est:

2160 888 2319 951 Quod
2338 888 2620 960 judicavit
2670 890 2729 943 in
2777 888 2938 944 corde
2964 905 3063 944 suo
3108 906 3335 945 servare
3378 892 3662 964 virginem,
3692 898 3790 950 etc.

2157 975 2289 1031 Haec
2321 982 2411 1031 est
2439 976 2539 1032 illa
2568 977 2874 1033 Dominica
2899 982 2959 1032 et
2988 977 3309 1050 apostolica
3337 979 3620 1053 doctrina,
3643 987 3705 1037 ut
3720 982 3793 1039 ita

2159 1066 2231 1121 ad
2252 1068 2477 1138 majora
2499 1072 2791 1139 provocet,
2816 1071 2880 1123 ut
2911 1067 3139 1123 minora
3170 1084 3285 1123 non
3317 1074 3671 1126 contemnat.
3691 1073 3791 1128 Sed

2160 1155 2217 1209 in
2250 1155 2359 1211 hac
2392 1173 2452 1211 re
2483 1164 2601 1211 tres
2632 1157 2851 1228 gradus
2885 1157 3264 1212 inveniuntur
3294 1176 3307 1213 :
3342 1159 3551 1230 bonus,
3582 1159 3790 1228 melior,

2159 1245 2421 1316 optimus
2455 1263 2467 1299 :
2504 1246 2693 1301 bonus
2715 1247 2772 1300 in
2803 1246 3173 1318 conjugatis;
3209 1245 3488 1303 meliorin
3519 1249 3792 1316 viduis,id
3895 1268 3897 1285 λ

2157 1339 2266 1400 est,
2290 1334 2347 1389 in
2381 1336 2818 1391 continentibus
2846 1354 2859 1403 ;
2891 1335 3151 1407 Optimus
3175 1336 3233 1390 in
3257 1336 3795 1409 virginibusMulier

2158 1424 2391 1494 alligata
2447 1433 2527 1479 est
2579 1424 2707 1494 legi.
2771 1425 2883 1479 Iste
2950 1424 3106 1480 enim
3170 1442 3384 1481 sensus
3441 1427 3797 1500 evangelicus

2157 1516 2264 1567 est.
2299 1513 2445 1567 Nam
2475 1510 2789 1584 Apostolus
2820 1513 2912 1568 sui
2946 1514 3211 1585 magistri
3244 1530 3508 1583 sensum,
3532 1520 3590 1571 et
3616 1517 3796 1572 Evan-

2157 1599 2319 1671 gelii,
2352 1601 2506 1671 quod
2539 1601 2911 1672 praedicabat,
2945 1603 3305 1673 exsequitur.
3339 1604 3622 1660 Dominus
3649 1606 3794 1661 enim

2160 1690 2433 1761 praecepit
2464 1706 2579 1745 non
2604 1689 3049 1762 relinquendam
3082 1707 3343 1762 uxorem,
3366 1697 3604 1764 excepta
3632 1709 3797 1749 causa

2158 1776 2654 1845 fornicationis,et
2683 1795 2871 1849 neque
2903 1779 3391 1852 mmchus,neque
3412 1781 3641 1837 mmcha
3669 1781 3796 1838 alte-

2156 1881 2287 1920 rum
2321 1866 2515 1921 ducat.
2551 1867 2838 1923 Similiter
2864 1868 3182 1939 Apostolus
3203 1869 3496 1940 praecepit,
3529 1874 3597 1925 ut
3622 1887 3795 1942 neque

2156 1956 2398 2024 moecha,
2435 1956 2555 2012 sive
2587 1962 2835 2027 castum,
2870 1957 2989 2012 sive
3029 1956 3364 2013 adulterum
3397 1958 3689 2031 relinquat
3715 1959 3794 2013 vi-

2154 2060 2307 2111 rum,
2345 2045 2594 2116 accipiat
2624 2044 2897 2116 alterum,
2930 2061 3119 2116 neque
3144 2046 3233 2101 vir
3263 2047 3547 2103 moechus.
3573 2050 3796 2114 Quare?

2153 2133 2301 2195 Quia
2333 2149 2449 2188 non
2481 2133 2659 2188 habet
2690 2140 3037 2205 potestatem
3072 2136 3164 2190 sui
3212 2135 3488 2208 corporis.
3522 2136 3796 2192 Similiter

2153 2227 2200 2274 cl
2240 2220 2470 2277 mulier.
2502 2223 2572 2276 Et
2603 2222 2732 2277 ideo
2765 2240 2838 2279 no
2869 2224 3010 2278 dum
3037 2222 3177 2278 velit
3225 2223 3350 2296 ipse
3380 2224 3627 2281 alteram
3660 2225 3795 2281 acci-

2154 2326 2309 2380 pere,
2346 2310 2557 2366 incidit
2587 2312 2712 2384 ipse
2742 2313 2898 2383 quod
2922 2313 2979 2366 in
3010 2329 3183 2369 uxore
3216 2313 3794 2386 reprehendit.Quan-

2155 2413 2332 2469 quam
2359 2416 2461 2471 per
2491 2400 2897 2471 paenitentiam
2932 2401 3160 2473 possint
3189 2402 3574 2459 reconciliari.

2230 2489 2382 2557 Quod
2411 2491 2463 2545 si
2490 2489 2782 2545 dormierit
2830 2492 2916 2546 vir
2944 2491 3112 2563 (594),
3142 2490 3327 2547 soluta
3355 2496 3453 2559 est,
3488 2498 3598 2549 etc.
3632 2491 3794 2548 Intel-

2153 2578 2267 2649 lige
2299 2595 2415 2633 non
2447 2578 2733 2635 adulterio
2756 2580 3217 2646 corruentis,sed
3249 2587 3434 2637 morte
3458 2582 3794 2638 decidentis.

2157 2668 2241 2721 lta
2287 2672 2507 2737 tamen,
2548 2672 2612 2721 ut
2660 2668 2990 2723 castitatem
3044 2676 3250 2737 servet,
3286 2687 3597 2743 quousque
3644 2670 3796 2727 alteri

2154 2754 2457 2826 copuletur
2509 2754 2788 2825 legitime.
2824 2757 2934 2811 Sed
2966 2757 3197 2812 videtur
3246 2758 3439 2815 littera
3489 2760 3642 2834 legis
3673 2759 3796 2814 huic

2153 2842 2278 2900 loco
2309 2844 2621 2908 contraria,
2656 2845 2757 2899 sed
2789 2844 2963 2899 etiam
2996 2845 3308 2902 Dominica
3332 2850 3663 2904 sententiis.
3696 2848 3797 2904 Do-

2155 2932 2353 2988 minus
2382 2935 2539 2988 enim
2572 2934 2845 3004 preacepit
2880 2951 2993 2988 non
3028 2935 3471 3007 relinquendam
3505 2955 3640 2995 esse
3668 2955 3793 2994 uxo-

2154 3038 2301 3089 ram,
2319 3026 2558 3093 excepta
2577 3038 2752 3077 causa
2775 3023 3173 3080 fornicationis
3201 3042 3214 3079 :
3243 3031 3299 3081 et
3320 3028 3638 3098 Apostolus
3660 3028 3797 3099 idip-

2153 3128 2285 3165 sum
2320 3111 2547 3182 repetit,
2580 3110 2847 3177 dicendo,
2881 3112 3035 3183 quod
3055 3112 3102 3167 si
3131 3112 3487 3184 discesserit,
3508 3118 3800 3172 addidisse

2155 3198 2492 3263 consilium,
2546 3204 2609 3253 ut
2657 3205 2892 3255 maneat
2939 3199 3207 3271 innupta,
3242 3208 3343 3257 aut
3400 3205 3802 3262 reconcilietur

391 3289 542 3345 bliee
572 3290 812 3354 nubere,
846 3305 1022 3359 quam
1068 3287 1184 3344 tale
1232 3288 1290 3343 in
1322 3290 1549 3344 occulto
1579 3288 1798 3360 aliquid
1849 3305 2041 3359 agere,
2074 3276 2116 3342 C
2155 3288 2277 3343 viro
2309 3304 2320 3341 :
2357 3292 2413 3342 et
2446 3286 2541 3342 hic
2586 3288 2728 3343 dicit
2760 3305 2772 3342 :
2807 3290 3004 3344 Mulier
3049 3290 3290 3361 alligata
3319 3295 3416 3359 est,
3447 3298 3566 3349 etc.
3595 3313 3609 3362 ;
3643 3300 3699 3350 et
3725 3293 3801 3349 lex

395 3378 552 3434 unde
580 3377 771 3449 turpis
801 3377 1112 3443 videretur,
1142 3377 1233 3433 vel
1264 3377 1528 3433 confusio
1561 3378 1827 3443 oriretur,
1850 3376 1898 3432 si
1920 3377 2038 3432 vel-

394 3471 474 3522 let
502 3465 698 3539 puella
744 3468 984 3531 nubere,
1021 3466 1241 3532 nubat;
1275 3466 1549 3537 quoniam
1597 3483 1705 3521 non
1754 3475 1959 3538 peccat,
1990 3469 2040 3522 si

389 3556 582 3611 nubat.
616 3555 748 3610 Sive
774 3564 986 3625 turpem
1014 3570 1071 3609 se
1093 3555 1273 3609 videri
1297 3556 1580 3609 existimat
1608 3572 1627 3608 :
1660 3554 1709 3610 si
1738 3555 1835 3609 ille
1880 3560 2038 3609 caste

393 3642 668 3701 nutrierit
697 3659 883 3713 usque
929 3642 1002 3696 ad
1034 3647 1269 3712 tempus
1321 3642 1666 3712 pubertatis,
1700 3647 1756 3696 et
1801 3658 1933 3696 cum
1965 3643 2036 3697 ad

390 3730 537 3785 illud
568 3730 913 3802 pervenerit,
945 3746 1060 3784 non
1093 3730 1411 3784 decreverit
1439 3730 1579 3800 quid
1602 3730 1809 3785 horum
1834 3730 2038 3801 elegis-

391 3824 499 3890 set,
523 3824 719 3874 utrum
741 3817 1134 3890 virginitatem
1162 3834 1410 3887 servare,
1436 3823 1536 3873 aut
1567 3820 1837 3891 conjugio
1860 3836 2036 3890 copnv

388 3906 519 3963 lari.
551 3912 697 3965 Nam
740 3908 838 3978 qui
882 3908 1074 3961 statuit
1104 3909 1164 3961 in
1210 3907 1374 3963 corde
1424 3923 1520 3963 suo
1570 3908 1787 3977 ﬁrmus,
1838 3914 1944 3963 etc.
1978 3909 2037 3963 Si

388 4013 522 4052 vero
553 3996 687 4069 quis
707 4000 866 4051 caste
887 3996 1159 4051 nutrierit
1186 3996 1365 4051 ﬁliam
1389 4013 1559 4052 suam
1584 4014 1768 4068 usque
1791 3997 1862 4051 ad
1885 4002 2036 4052 tem-

388 4100 502 4157 pus
532 4084 942 4156 pubertatis,et
971 4101 1103 4139 cum
1124 4084 1252 4156 ipsa
1282 4085 1351 4140 ad
1377 4085 1569 4157 ipsum
1590 4091 1822 4157 tempus
1848 4086 2035 4141 venis-

386 4177 497 4243 set,
511 4177 569 4228 et
590 4173 716 4244 ipse
736 4170 939 4227 ﬁrmus
962 4172 1218 4228 stetisset
1241 4174 1298 4227 in
1321 4174 1493 4228 corde
1518 4179 1582 4228 ut
1600 4191 1729 4229 eam
1750 4174 2033 4247 virginem

389 4265 670 4331 servaret,
706 4277 831 4333 quae
882 4261 1115 4315 firmata
1144 4266 1302 4328 sunt,
1323 4264 1387 4317 si
1414 4267 1466 4318 et
1494 4264 1614 4334 ipsa
1641 4263 1835 4334 puella
1866 4280 2034 4318 suam

386 4349 745 4407 voluntatem
777 4349 928 4422 patri
952 4350 1268 4419 junxisset,
1287 4367 1399 4406 non
1426 4352 1629 4407 habens
1658 4355 2036 4408 necessitatem

387 4440 646 4496 nubendi
674 4457 687 4507 ;
722 4440 779 4494 id
811 4443 919 4505 est,
942 4438 1116 4512 elegit
1146 4439 1203 4494 in
1235 4440 1570 4512 virginitate
1600 4458 1855 4509 manere,
1883 4446 2032 4513 pote-

384 4537 583 4593 statem
614 4529 823 4584 habens
867 4545 979 4583 sua:
1024 4530 1350 4596 voluntatis,
1382 4529 1440 4584 id
1494 4535 1604 4596 est,
1638 4531 2032 4602 virginitatem

388 4622 598 4682 servat,
631 4633 748 4672 non
798 4623 1019 4688 peccat.
1053 4617 1159 4673 Ubi
1208 4618 1535 4685 ostenditur
1577 4620 1731 4691 quod
1764 4625 2034 4691 parentes

389 4722 506 4762 non
537 4705 788 4761 debeant
830 4706 982 4761 ﬁlias
1030 4706 1156 4762 sine
1196 4706 1491 4762 voluntate
1539 4708 1751 4778 nuptui
1783 4711 2030 4776 tradere,

386 4793 666 4866 quoniam
697 4795 852 4851 bona
875 4795 1028 4850 facta
1049 4811 1164 4850 non
1189 4800 1327 4850 sunt
1354 4796 1685 4868 invidenda,
1713 4798 1810 4853 sed
1837 4798 2035 4870 potius

383 4883 760 4940 exhortanda.
787 4888 887 4939 Est
913 4884 1088 4939 etiam
1122 4883 1302 4939 altera
1333 4885 1594 4954 intentio,
1620 4886 1680 4941 Si
1707 4889 1831 4957 quis
1850 4891 2034 4943 autem

384 4982 602 5044 turpem
631 4989 687 5028 se
716 4973 917 5043 videri,
953 4977 1095 5040 etc.;
1128 4972 1184 5027 id
1220 4977 1327 5041 est,
1352 4974 1402 5029 si
1433 4974 1566 5046 quis
1596 4992 1831 5030 carnem
1864 4992 2034 5030 suam

384 5065 544 5115 caste
572 5062 844 5116 nutrierit
865 5078 1051 5133 usque
1068 5062 1140 5116 ad
1158 5066 1391 5134 tempus
1423 5064 1773 5135 pubertatis,
1795 5069 1851 5119 et
1876 5069 2034 5136 post-

385 5163 564 5218 quam
597 5149 669 5202 ad
702 5148 845 5203 illud
868 5151 1110 5218 venerit,
1135 5156 1199 5205 ut
1231 5153 1448 5207 nubere
1479 5153 1688 5223 possit,
1720 5157 1777 5207 et
1806 5158 2036 5224 turpem

386 5251 448 5290 se
479 5235 660 5290 videri
708 5236 1025 5304 existimat,
1075 5257 1146 5295 ne
1197 5240 1341 5295 forte
1392 5257 1425 5295 a
1474 5240 1620 5309 suis,
1650 5240 1739 5296 vel
1786 5241 1859 5296 ab
1908 5241 2038 5299 aliis

386 5323 674 5378 extraneis
732 5325 1212 5396 reprehendatur,
1246 5345 1360 5384 non
1407 5334 1625 5400 peccat,
1661 5330 1709 5385 si
1742 5331 1944 5385 nubat.
1979 5331 2038 5385 Si

382 5427 518 5468 vero
539 5411 746 5469 statuit
774 5413 1004 5484 ﬁrmus,
1026 5421 1339 5488 postquam
1366 5419 1438 5473 ad
1458 5424 1691 5491 tempus
1713 5420 2038 5491 pubertatis

760 5643 835 5733 in
868 5649 1067 5733 autog.
1101 5662 1286 5733 marg.
1321 5648 2037 5733 legitur_cap.rXXXVI_lI.

459 5713 609 5803 (594)
637 5712 810 5793 Vulg.
860 5712 1082 5791 quod}.
1130 5719 1185 5778 d.
1216 5712 1305 5777 vvir
1345 5712 1483 5794 eius,
1516 5712 1750 5783 liberata
1793 5730 1897 5797 est,
1926 5729 2037 5784 etc.

2151 3375 2294 3431 dicit
2330 3395 2342 3431 :
2376 3376 2440 3431 Si
2468 3378 2588 3447 quis
2617 3380 2888 3448 acceperit
2938 3395 3186 3449 uxorem,
3219 3383 3271 3435 et
3298 3380 3558 3437 habuerit
3587 3400 3726 3448 eam,
3757 3390 3800 3437 et

2146 3475 2370 3537 prapler
2398 3463 2660 3536 aliquam
2704 3466 3011 3536 faeditatem
3056 3483 3276 3524 exosae:
3324 3468 3578 3538 duxerit,
3609 3470 3799 3527 scribat

2148 3555 2395 3609 libellum
2427 3555 2665 3626 repudii,
2689 3559 2737 3610 et
2758 3556 2924 3612 donet
2950 3558 3010 3611 in
3029 3574 3201 3611 manu
3220 3559 3355 3625 eius,
3370 3567 3421 3614 et
3442 3575 3571 3615 eam
3590 3578 3632 3617 α
3655 3561 3798 3617 domo

2148 3644 2415 3714 repellat;
2451 3645 2500 3698 si
2530 3660 2652 3699 vero
2678 3645 2820 3698 alter
2849 3660 2965 3699 eam
3014 3648 3329 3717 susceperit,
3363 3654 3416 3701 et
3444 3658 3676 3721 propter
3697 3647 3797 3703 ali-

2147 3746 2312 3800 quam
2353 3730 2661 3800 ].zditatem
2701 3746 2924 3786 exosum
2970 3734 3115 3803 (595)
3145 3734 3388 3803 duxerit,
3419 3743 3470 3790 et
3501 3736 3793 3801 dimiserit,

2146 3821 2233 3874 vel
2260 3823 2503 3875 mortuus
2531 3821 2720 3890 fuerit,
2749 3823 2909 3891 prior
2935 3823 3024 3876 vir
3052 3838 3160 3877 non
3190 3839 3315 3878 eam
3366 3826 3607 3896 recipiat
3624 3842 3646 3888 ;
3677 3826 3795 3897 quia

2142 3908 2357 3979 polluta
2401 3915 2504 3964 est.
2537 3909 2672 3964 Duae
2720 3910 2875 3964 enim
2908 3911 3351 3968 contrarietates
3397 3913 3795 3970 inveniuntur.

2145 3996 2432 4052 Dominus
2453 3997 2720 4052 dicitnon
2743 3998 3185 4070 relinquendam
3207 4008 3609 4075 esse,excepta
3631 4017 3797 4058 causa

2147 4085 2567 4141 fornicationis.
2601 4088 2714 4141 Lex
2736 4087 2916 4142 dicit:
2953 4088 3139 4143 Possit
3169 4088 3385 4144 dimitti
3425 4095 3669 4163 propter
3699 4090 3795 4146 ali-

2146 4190 2319 4245 quam
2356 4174 2695 4230 focditatem.
2730 4176 2797 4230 Et
2829 4176 2953 4248 ipse
2984 4177 3126 4232 dicit
3155 4177 3405 4233 alterum
3430 4196 3551 4235 non
3582 4180 3795 4251 accipe-

2144 4278 2224 4317 re.
2258 4262 2539 4318 Similiter
2591 4264 2926 4334 Apostolus,
2958 4272 3016 4320 et
3049 4265 3139 4321 lex
3188 4266 3329 4321 dicit
3360 4285 3373 4321 :
3410 4267 3472 4322 Si
3499 4268 3657 4325 alter
3684 4283 3796 4324 eam

2143 4354 2430 4422 acceperit,
2466 4357 2713 4408 etc.Hzec
2738 4354 3120 4410 contrarietas
3159 4354 3389 4411 videtur
3413 4374 3548 4414 esse
3577 4377 3591 4426 ;
3627 4358 3724 4414 sed
3752 4354 3794 4410 si

2142 4440 2524 4513 intelligatur,
2548 4446 2713 4497 vacat
2744 4442 3030 4498 littera.Et
3053 4445 3126 4499 ob
3146 4444 3252 4499 hoc
3281 4462 3396 4501 non
3411 4448 3794 4511 contrarium,

2141 4529 2317 4584 veluti
2349 4529 2409 4585 in
2443 4529 2647 4586 multis
2694 4530 2857 4586 locis.
2902 4533 3215 4588 Auferatur
3245 4551 3380 4607 ergo
3430 4540 3671 4608 tegmen
3703 4534 3794 4589 lit-

2064 4646 2110 4712 Β
2146 4623 2301 4685 terte,
2334 4624 2627 4690 quatenus
2651 4619 2933 4691 spiritalis
2964 4620 3245 4677 clarescat
3265 4622 3800 4696 intelligentia.Mu-

2147 4707 2343 4763 lierem
2376 4725 2632 4780 namque
2662 4709 2872 4780 accipit
2904 4710 3059 4780 quis,
3102 4714 3160 4766 et
3188 4711 3382 4779 habet,
3427 4730 3566 4769 cum
3601 4727 3795 4769 curam

2143 4796 2483 4869 temporalis
2519 4796 2599 4853 rei
2629 4798 2897 4871 suscipit,
2930 4805 2988 4854 et
3018 4804 3254 4871 propter
3283 4801 3549 4874 aliquam
3585 4800 3798 4857 foedita-

2146 4890 2263 4939 tem
2294 4886 2560 4954 dimittit,
2578 4892 2634 4954 et
2664 4905 2697 4942 a
2726 4888 2899 4944 domo
2930 4889 3343 4961 expellit,dum
3377 4908 3585 4947 curam
3610 4892 3793 4963 ipsam

2146 4979 2381 5046 propter
2411 4974 2675 5047 agnitum
2710 4981 3010 5047 peccatum
3040 4995 3073 5033 a
3099 4978 3272 5034 domo
3298 4980 3514 5035 mentis
3548 4976 3795 5051 projicit,

2146 5069 2204 5117 et
2233 5063 2381 5119 alter
2411 5081 2538 5119 eam
2585 5065 2797 5133 accipit
2826 5085 2839 5134 ;
2873 5068 3014 5138 quia
3065 5067 3213 5123 solet
3259 5068 3513 5131 evenire,
3548 5073 3615 5123 ut
3660 5067 3794 5122 dum

2147 5168 2287 5206 cura
2317 5153 2444 5223 ipsa
2478 5153 2534 5207 in
2560 5160 2752 5209 mente
2774 5154 3012 5211 alterius
3033 5157 3445 5229 exstinguitur,
3473 5157 3717 5213 alterius
3741 5154 3794 5208 in

2148 5246 2343 5296 mente
2371 5247 2695 5312 generetur,
2728 5245 2828 5299 sed
2877 5250 3114 5317 propter
3159 5245 3418 5318 aliquam
3473 5247 3795 5301 fmditatem

2149 5329 2412 5401 dimittit,
2445 5336 2547 5386 aut
2579 5333 2845 5404 moritur,
2880 5334 3019 5404 quia
3045 5340 3283 5407 propter
3302 5340 3614 5406 peccatum
3647 5331 3799 5405 agni-

2150 5423 2278 5474 tum
2311 5420 2577 5490 dimittit,
2611 5426 2713 5477 aut
2742 5422 2890 5479 solet
2910 5425 3232 5494 evenire,ut
3253 5425 3593 5496 exstinguat
3618 5422 3796 5490 illam,

2221 5654 2369 5727 (595)
2400 5654 2566 5712 Deut.
2598 5672 2752 5723 xxxv,
2790 5656 2813 5711 1
2844 5681 2858 5726 ;
2890 5661 3087 5730 autog.
3118 5671 3367 5715 uxorem.
