3942 6394
383 493 499 550 363

1396 475 1736 537 ATTONIS
1784 474 1830 532 V
1846 469 2371 531 ERCELLENSIS
2422 468 2770 530 EPlSCOPl

3662 470 3769 529 364

386 624 504 676 tum
535 620 703 686 (603).
725 618 911 681 Quare
934 615 1075 669 nihil
1099 612 1503 683 supradictum
1530 612 1639 669 est,
1666 604 1931 660 subdidit
1956 603 2027 656 ad
2060 605 2112 669 Α
2146 605 2459 655 monentur
2492 602 2562 654 ab
2601 599 2891 670 Apostolo,
2928 602 2991 651 ut
3023 614 3134 651 non
3170 595 3359 686 solum
3395 613 3457 651 se
3488 595 3558 651 ab
3601 595 3769 653 idolo-

386 704 890 763 confirmationem
912 721 923 758 :
947 705 1012 757 Et
1034 701 1172 773 quod
1192 701 1379 753 nullus
1395 699 1552 758 Deus,
1568 694 1682 748 nisi
1702 709 1865 747 unus.
1884 694 2031 761 Ergo

389 797 586 865 Imago
614 792 795 857 Jovis,
828 796 929 846 aut
957 796 1316 850 czeterorum,
1349 803 1460 839 non
1497 784 1670 838 Deus.
1706 780 1981 852 Sequitur
2014 795 2026 832 :

387 883 549 944 Nam,
579 880 685 935 etsi
719 886 851 934 sunt
880 879 976 948 qui
1003 878 1264 931 dicantur
1290 874 1392 942 dii,
1425 875 1533 926 etc.
1564 871 1694 925 Haec
1744 868 2035 923 sententia

392 969 622 1024 duobus
650 967 841 1021 modis
870 970 1060 1035 potest
1091 962 1334 1033 intelligi
1362 978 1375 1016 :
1412 975 1528 1015 uno
1556 958 1846 1023 videlicet,
1873 956 2030 1026 quia,

392 1056 717 1112 secundum
738 1053 1185 1109 aestimationem
1211 1049 1538 1122 gentilium,
1563 1048 1843 1102 dicuntur
1861 1045 1939 1098 dii
1974 1045 2032 1097 in

394 1143 557 1209 oculo,
586 1147 649 1197 ut
678 1141 783 1212 sol,
807 1141 969 1206 luna,
998 1156 1063 1195 ac
1092 1139 1251 1194 varia
1283 1138 1475 1192 sidera
1500 1153 1512 1191 :
1547 1136 1606 1189 in
1638 1140 1812 1198 terra,
1844 1134 2036 1202 imago

392 1232 573 1297 Jovis,
607 1229 876 1285 Mercurii
922 1233 1098 1300 atque
1148 1226 1431 1282 Herculis.
1466 1224 1616 1288 Sive,
1650 1223 1803 1294 quod
1835 1237 2037 1275 verum

395 1325 503 1388 est,
537 1319 617 1375 dii
647 1319 708 1374 in
739 1317 900 1383 cmlo,
932 1316 1125 1388 angeli
1158 1332 1170 1371 :
1228 1317 1287 1370 in
1320 1320 1473 1369 terra
1499 1330 1654 1380 vero,
1688 1311 1852 1366 electi
1884 1328 1897 1377 ;
1944 1325 2039 1376 ego

395 1410 538 1477 dixi,
570 1408 784 1478 inquit,
814 1406 896 1460 dii
922 1406 1049 1460 estis
1081 1405 1254 1472 (Psal.
1290 1419 1476 1467 Lxxxi,
1507 1403 1579 1469 6;
1631 1403 1789 1455 Joan.
1835 1416 1892 1463 x,
1925 1400 2037 1465 34).

397 1498 458 1552 Si
489 1495 647 1552 enim
668 1494 936 1549 homines
968 1492 1047 1547 dii
1076 1492 1373 1558 dicuntur,
1399 1489 1583 1544 multo
1614 1487 1801 1558 magis
1826 1486 2039 1557 angeli,

401 1584 503 1657 qui
532 1582 766 1639 mortali
797 1597 968 1637 carne
998 1584 1215 1635 carent.
1252 1579 1360 1634 Sed
1395 1576 1756 1649 prohibitum
1792 1580 1877 1630 est
1908 1574 2040 1635 dici,

402 1678 459 1729 et
488 1688 561 1728 ne
590 1670 759 1727 latria
786 1669 902 1725 illis
934 1669 1326 1740 impendatur,
1362 1666 1637 1738 quoniam
1681 1681 1836 1719 unus
1884 1662 2044 1717 solus

402 1758 793 1816 essentialiter
819 1759 1013 1824 Deus;
1048 1754 1235 1826 angeli
1267 1771 1421 1821 vero,
1454 1758 1554 1809 aut
1594 1752 1885 1819 homines,
1918 1756 2044 1805 tan-

403 1847 714 1902 tummodo
745 1844 1172 1915 nuncupative;
1226 1844 1380 1896 unde
1428 1845 1563 1895 est:
1620 1844 1748 1894 Ecre
1790 1840 2049 1892 constitui

401 1944 454 1992 te
486 1940 661 1992 Deum
688 1934 995 1990 Pharaonis
1022 1932 1211 2003 (Exod.
1245 1948 1345 1996 v11,
1380 1932 1429 1999 1)
1469 1947 1480 1985 :
1532 1934 1589 1984 et
1632 1929 1943 2000 applicavit
1975 1929 2043 1981 ad

403 2024 544 2080 deos
573 2024 749 2094 (604).
782 2023 1144 2091 Quapropter
1173 2018 1435 2073 subdidit
1464 2036 1476 2073 :
1512 2016 1613 2072 Sed
1642 2018 1797 2071 nobis
1832 2022 2048 2070 tantum

404 2128 549 2168 unus
594 2096 733 2166 Deus
780 2113 965 2178 Pater,
1016 2124 1086 2162 ea:
1135 2123 1239 2178 quo
1290 2108 1501 2162 omnia.
1553 2106 1765 2161 Verum
1815 2110 1924 2173 est,
1962 2106 2048 2158 in-

406 2215 586 2273 quam
607 2217 623 2267 ;
644 2198 785 2269 quia
803 2212 1167 2268 quaecunque
1190 2200 1347 2262 sunt,
1368 2200 1423 2249 et
1446 2194 1786 2264 ubicunque
1808 2198 1966 2259 sunt,
1983 2210 2051 2247 ex

408 2289 536 2361 ipso
566 2291 727 2342 sunt.
759 2290 846 2353 Et,
879 2290 943 2340 ut
975 2300 1081 2339 nos
1114 2288 1410 2355 separaret
1440 2284 1509 2337 ab
1543 2282 1682 2344 illis,
1716 2282 1815 2353 qui
1848 2282 1919 2335 ab
1954 2281 2049 2335 illo

412 2381 574 2442 sunt,
606 2376 708 2431 sed
738 2379 936 2429 tamen
982 2372 1043 2427 in
1093 2372 1193 2427 illo
1234 2389 1335 2442 per
1366 2372 1540 2425 fidem
1572 2388 1683 2425 non
1718 2375 1875 2436 sunt,
1910 2370 2049 2425 sub-

336 2496 349 2507 -
401 2464 620 2536 junxit,
652 2462 853 2517 dicens
885 2477 897 2515 :
940 2464 1005 2517 Et
1033 2475 1130 2515 nos
1161 2463 1219 2513 in
1253 2461 1371 2515 illo.

479 2550 758 2622 Sequitur
791 2566 803 2604 :
854 2550 916 2603 Et
969 2564 1112 2603 unus
1158 2549 1420 2602 Dominus
1461 2549 1613 2602 Jesus
1645 2548 1911 2601 Christus.
1950 2548 2054 2601 Per

407 2640 705 2696 Christum
760 2638 858 2693 Dei
909 2636 1120 2691 Filium
1171 2636 1387 2699 omnia,
1438 2651 1566 2705 quae
1616 2639 1776 2699 sunt,
1829 2652 1895 2687 ex
1945 2635 2053 2688 Pa-

403 2734 492 2784 tre
517 2729 665 2798 (605)
698 2731 889 2781 creata
918 2729 1057 2780 sunt
1090 2740 1103 2779 :
1145 2728 1202 2777 et
1230 2723 1360 2778 ideo
1391 2722 1532 2777 dicit
1564 2740 1575 2777 :
1615 2729 1719 2777 Per
1749 2739 1908 2792 quem
1938 2739 2050 2776 om-

400 2818 522 2882 nia,
555 2820 623 2871 ut
664 2814 807 2869 illud
842 2831 856 2869 :
910 2813 1105 2869 Omnia
1130 2828 1230 2883 per
1259 2811 1435 2881 ipsum
1462 2815 1616 2880 facta
1642 2819 1771 2865 sunt
1800 2813 1976 2881 (Joan.
2012 2828 2052 2875 ι,

397 2905 511 2975 23).
542 2902 791 2958 Pulchre
819 2901 1080 2972 quidem,
1111 2916 1242 2954 cum
1279 2898 1539 2965 dixisset,
1571 2915 1671 2969 per
1700 2914 1875 2968 quem,
1911 2898 2053 2951 sub-

394 2993 631 3065 junxit:
663 2992 731 3045 Et
757 3006 859 3045 nos
886 3005 985 3061 per
1004 2990 1190 3059 ipsum
1209 2979 1398 3059 ;'quia
1428 3004 1528 3057 per
1548 3003 1720 3057 quem
1748 2986 1920 3040 creati
1955 3004 2053 3040 su-

406 3097 560 3148 mus,
593 3084 660 3135 ut
689 3093 956 3136 essemus
982 3102 996 3143 ;
1028 3093 1130 3147 per
1159 3076 1354 3148 ipsum
1387 3076 1626 3131 recreati
1659 3092 1725 3130 ac
1755 3075 2050 3129 reformati

407 3185 639 3235 sumus,
672 3172 734 3223 ut
763 3183 948 3222 unum
982 3170 1160 3220 Deum
1191 3163 1672 3234 intelligeremus,
1703 3169 1760 3217 et
1790 3164 2051 3218 credere-

410 3273 566 3327 mus,
600 3261 774 3326 atque
803 3254 1024 3309 idolum
1057 3252 1204 3307 nihil
1246 3268 1375 3307 esse
1406 3268 1977 3323 recognosceremus.

2142 690 2321 761 thytis
2353 690 2733 754 abstinerent,
2768 688 2867 743 sed
2900 690 2955 741 et
2988 685 3281 757 figmentis
3313 691 3611 757 poetarum
3643 703 3767 758 cpe-

2142 796 2264 832 ram
2302 796 2414 832 non
2450 780 2671 842 darent,
2708 782 2774 830 ut
2829 776 3095 830 inllrmos
3146 792 3261 830 non
3306 773 3773 831 scandalizarent.

2144 867 2349 921 Omnis
2378 867 2534 921 enim
2583 882 2775 921 sermo
2809 869 2909 919 aut
2940 863 3174 918 diabolo
3205 870 3490 934 sacratur,
3524 869 3623 919 aut
3650 864 3775 920 Deo.

2146 954 2246 1010 Ill'e
2277 972 2428 1025 vero,
2462 955 2559 1025 qui
2598 972 2701 1009 nos
2734 955 2804 1008 ad
2839 952 3214 1019 munditiam,
3245 951 3598 1023 castitatem,
3622 958 3781 1024 atque

2146 1044 2542 1107 sobrietatem,
2565 1049 2622 1097 et
2654 1042 2873 1097 similia
2904 1047 3198 1113 provocat,
3222 1042 3337 1096 Deo
3370 1042 3572 1113 utique
3594 1058 3781 1097 conse—

2146 1138 2380 1198 oratur;
2415 1133 2512 1203 qui
2564 1137 2758 1187 autem
2816 1132 2884 1186 ad
2936 1130 3249 1198 contraria,
3284 1131 3648 1186 daemonibus
3678 1148 3782 1186 non

2148 1221 2451 1275 dubitatur
2479 1220 2843 1275 immolatus.

2222 1310 2544 1380 Sequitur:
2602 1312 2735 1364 Esca
2778 1312 2960 1364 autem
3007 1325 3103 1364 nos
3152 1326 3263 1364 non
3291 1310 3631 1365 commendat
3663 1315 3781 1366 Deo.

2155 1401 2219 1452 Et
2267 1404 2355 1453 est
2407 1416 2616 1453 sensus
2651 1416 2664 1453 :
2717 1399 2775 1453 Si
2826 1413 2960 1452 esca
3003 1414 3116 1452 non
3159 1398 3349 1452 reddit
3381 1415 3487 1453 nos
3518 1397 3785 1470 gratiores

2152 1488 2289 1552 Deo,
2315 1502 2503 1556 neque
2535 1486 2729 1556 ipsum
2755 1486 2941 1557 magis
2972 1486 3110 1541 facit
3128 1487 3299 1542 nobis
3330 1486 3668 1559 propitium,
3699 1504 3785 1542 ne-

2154 1591 2266 1646 que
2298 1576 2344 1629 si
2380 1590 2494 1628 non
2528 1575 2977 1640 manducamus,
3012 1573 3388 1641 offendimus,
3411 1592 3517 1630 cur
3543 1591 3643 1630 vos
3674 1592 3789 1648 pro-

2156 1668 2286 1734 pter
2312 1678 2475 1716 escas
2500 1663 2707 1717 fratres
2731 1662 3128 1717 scandalizare
3158 1679 3273 1717 non
3304 1662 3529 1719 timetis
3550 1664 3577 1718 ?
3605 1664 3791 1736 Sequi-

2156 1754 2253 1802 tur
2287 1765 2298 1802 :
2354 1750 2537 1818 Neque
2566 1750 2614 1801 si
2642 1749 3155 1803 manducaverimus
3186 1749 3579 1820 (subauditur,
3620 1750 3789 1805 idolo-

2158 1837 2343 1908 tliyta)
2392 1836 2815 1901 abumlahimus,
2853 1834 2960 1891 hoc
3010 1843 3120 1902 est,
3171 1837 3411 1893 ditiores
3467 1839 3708 1907 erimus,
3737 1844 3793 1893 ut

2157 1925 2288 1980 aliis
2316 1925 2459 1979 ciliis
2500 1942 2613 1978 non
2664 1925 3075 1993 indigeamus:
3125 1943 3299 1998 neque
3346 1929 3396 1981 si
3442 1927 3791 1983 manducaue-

2159 2017 2359 2079 rimus,
2392 2014 2707 2082 (le/irzemns
2728 2031 2750 2074 ;
2796 2015 2933 2085 quia
2964 2019 3135 2069 erunt
3163 2014 3260 2069 alii
3295 2015 3428 2081 cibi,
3462 2016 3675 2088 quibus
3705 2034 3792 2072 su-

2161 2106 2501 2157 stentemur.
2528 2103 2593 2155 Et
2628 2102 2734 2156 hoc
2767 2103 3071 2157 sciendum
3106 2104 3244 2174 quia
3274 2104 3444 2159 multi
3479 2105 3793 2159 Corinthio-

2162 2207 2290 2245 rum
2324 2191 2467 2245 adco
2500 2194 2663 2245 erant
2693 2191 3047 2245 corroborati
3080 2191 3137 2245 in
3171 2192 3304 2259 fide,
3338 2197 3402 2246 ut
3452 2193 3653 2249 omnia
3695 2194 3793 2248 sibi

2160 2280 2458 2334 crederent
2493 2278 2670 2343 licita,
2702 2285 2757 2333 et
2787 2278 2931 2333 nihil
2964 2296 3185 2346 eorum,
3216 2297 3343 2351 quae
3376 2280 3431 2335 in
3466 2298 3532 2336 os
3563 2282 3794 2357 intrant,

2161 2368 2316 2421 sicut
2365 2366 2645 2422 Dominus
2694 2367 2852 2433 dicit,
2904 2368 3281 2439 coinquinare
3312 2370 3532 2437 (Matth.
3584 2387 3676 2437 xv,
3719 2371 3795 2436 11,

2160 2458 2272 2526 2U),
2305 2460 2361 2510 et
2404 2457 2532 2511 ideo
2578 2473 2691 2511 non
2726 2456 3074 2512 haesitabant
3104 2457 3428 2529 idolothyta
3459 2459 3795 2523 comedere;

2163 2543 2379 2598 intirmi
2409 2560 2541 2599 vero
2579 2545 2841 2599 videntes
2873 2545 3441 2602 scandalizabantur.
3481 2549 3548 2602 Et
3597 2548 3798 2602 idcirco

2163 2648 2277 2686 non
2310 2631 2501 2686 solum
2533 2633 2608 2686 ab
2658 2632 2796 2695 illis,
2829 2634 2930 2687 sed
2982 2634 3214 2702 penitus
3261 2651 3322 2689 sc
3370 2652 3405 2689 a
3450 2651 3650 2702 carne,
3684 2640 3740 2690 et
3775 2650 3802 2688 a

2160 2719 2296 2773 vino
2321 2720 2731 2786 abstinebant;
2764 2720 2904 2790 quia
2935 2737 3160 2789 carnes,
3187 2739 3313 2793 quea
3344 2723 3521 2780 idolis
3543 2723 3801 2779 immola-

2164 2807 2398 2877 bantur,
2424 2808 2481 2861 in
2511 2807 2751 2862 macello
2773 2809 3194 2865 vendebantur.
3222 2811 3289 2866 Hi
3312 2812 3487 2868 etiam
3520 2812 3801 2885 primitias

2161 2896 2280 2950 vini
2330 2895 2500 2950 idolis
2550 2895 2954 2966 immolabant,
2988 2903 3045 2952 et
3094 2899 3380 2956 nonnulla
3426 2901 3716 2957 sacrificia
3755 2901 3807 2954 in

2164 2984 2309 3055 ipsis
2340 2983 2735 3039 torcularibus
2782 2986 3145 3040 exercebant.
3179 2989 3248 3042 Et
3278 2989 3417 3059 quia
3448 2989 3805 3046 scandaliza-

2164 3074 2396 3137 hantur,
2432 3073 2571 3127 dicit
2599 3072 2911 3143 Apostolus
2948 3091 2960 3128 :
3009 3074 3188 3129 Videte
3218 3092 3286 3130 ne
3314 3078 3431 3133 haec
3461 3080 3695 3134 licentia
3722 3092 3803 3131 ve-

2160 3165 2277 3216 stra
2305 3161 2695 3233 o/[endiculum
2728 3162 2824 3230 ﬁat
2855 3163 3135 3231 inﬁrmis;
3168 3164 3335 3236 quasi
3368 3167 3595 3223 diceret
3628 3185 3640 3222 :
3686 3167 3802 3222 Jam

2163 3250 2302 3320 quia
2326 3250 2524 3305 omnia
2546 3250 2704 3305 licita
2725 3250 2909 3320 scitis,
2931 3251 3119 3307 videte
3151 3268 3220 3306 ne
3244 3253 3372 3323 ipsa
3399 3255 3657 3311 scientia
3678 3252 3807 3310 alios

483 3325 761 3415 sequitur
793 3360 806 3399 :
841 3342 941 3397 Sed
966 3357 1077 3397 non
1106 3343 1166 3396 in
1195 3341 1445 3396 omnibus
1475 3349 1549 3395 est
1577 3342 1829 3395 scientia.
1866 3342 1933 3395 Et
1964 3349 2052 3395 est
2083 3325 2125 3391 C
2165 3340 2437 3394 offendat.
2462 3339 2891 3393 Oll‘endiculum
2914 3340 3144 3394 duobus
3168 3341 3358 3395 modis
3384 3357 3396 3395 :
3431 3342 3525 3397 vel
3561 3344 3702 3416 quia
3726 3356 3808 3397 re-

414 3448 661 3490 sensus:
698 3431 855 3486 Licet
874 3430 1049 3486 etiam
1071 3430 1367 3484 credentes
1401 3428 1536 3495 sint,
1561 3445 1677 3483 non
1701 3434 1897 3484 tamen
1930 3445 2054 3485 om-

415 3538 519 3579 nes
540 3521 713 3576 istam
736 3520 954 3575 habent
973 3517 1300 3584 scientiam,
1325 3521 1390 3571 ut
1409 3515 1652 3583 idolum,
1675 3516 1821 3572 nihil
1845 3517 2057 3572 intelli-

414 3614 576 3683 gant,
608 3614 668 3665 et
713 3625 897 3663 unum
943 3608 1128 3662 Deum
1179 3610 1519 3677 agnoscant.
1554 3606 1706 3659 Sane
1749 3606 2053 3660 sciendum

414 3699 554 3770 quia
600 3701 767 3753 erant
814 3695 1081 3750 nonnulli
1134 3710 1201 3748 ex
1250 3693 1433 3763 plebe,
1468 3692 1566 3763 qui
1621 3692 1812 3746 adhuc
1860 3710 2057 3749 amore

409 3785 550 3841 idoli
582 3784 819 3850 detenti,
852 3783 1086 3853 aliquod
1112 3781 1395 3847 numinis,
1426 3797 1490 3835 ac
1520 3780 1717 3851 gratia:
1750 3781 1806 3834 in
1840 3797 1907 3835 eo
1930 3797 2057 3837 esse

412 3874 745 3929 credebant.
780 3872 845 3926 Et
895 3872 1024 3925 ideo
1078 3870 1263 3924 dicit:
1320 3869 1552 3937 Quidam
1604 3878 1805 3938 autem,
1842 3870 1894 3923 id
1947 3875 2052 3937 est,

413 3960 731 4033 simplices,
791 3961 1121 4015 conscientia
1176 3974 1346 4028 usque
1412 3973 1560 4011 nunc
1615 3958 1767 4027 idoli,
1830 3958 1885 4012 id
1945 3964 2053 4023 est,

413 4066 612 4105 amore
642 4055 700 4105 et
729 4047 1129 4117 delectatione,
1162 4047 1302 4101 dum
1334 4046 1566 4117 aliquod
1618 4048 1897 4104 numinis.
1932 4054 2053 4111 aut,

414 4137 615 4211 gratias
652 4138 713 4192 in
745 4136 900 4192 idolo
932 4153 1060 4191 esse
1091 4139 1301 4205 putant
1334 4151 1345 4189 :
1399 4137 1564 4207 quasi
1592 4136 1911 4205 idolothyta,
1947 4136 2055 4191 hoc

414 4230 523 4297 est,
556 4225 727 4281 idolis
754 4225 987 4292 tradita,
1018 4223 1352 4278 manducent
1380 4227 1436 4278 et
1482 4226 1811 4279 conscientia
1840 4240 2051 4292 eorum,

410 4331 537 4371 cum
562 4316 637 4370 sit
672 4314 915 4383 inﬁrma,
944 4313 1258 4384 polluitur;
1291 4312 1430 4382 quia
1458 4310 1679 4383 aliquid
1710 4312 1902 4367 inesse
1932 4330 2053 4368 cre-

410 4404 591 4459 ditur.
621 4404 900 4475 Origenes
928 4418 1061 4456 vero
1094 4400 1236 4455 dicit
1268 4416 1279 4454 :
1338 4401 1768 4455 Attendendum
1800 4406 1888 4455 est
1916 4402 2055 4472 quia

408 4491 686 4548 Corinthii
718 4508 833 4546 non
882 4490 1073 4545 solum
1124 4488 1297 4544 idolis
1346 4495 1575 4544 sacrata
1624 4491 2048 4546 comederunt:

404 4580 519 4652 ipsi
555 4595 810 4650 namque
839 4583 1006 4633 erant
1057 4577 1473 4648 philosophicas
1503 4578 1803 4645 doctrinae,
1836 4578 2052 4635 libera-

2165 3426 2623 3497 prehendebant,
2645 3428 2984 3483 immundos
3006 3430 3362 3499 judicantes,
3386 3430 3471 3486 vel
3508 3438 3667 3488 certe
3688 3431 3808 3502 quia

2166 3515 2571 3571 imitabantur.
2608 3516 2769 3571 Unde
2802 3521 2857 3571 et
2889 3534 3023 3571 mox
3054 3518 3361 3589 subjunxit
3393 3536 3406 3573 :
3458 3520 3522 3576 Si
3574 3524 3723 3577 enim
3768 3528 3808 3574 te

2164 3607 2366 3659 viderit
2387 3608 2504 3676 quis
2535 3606 2736 3659 habens
2764 3608 3068 3676 scientiam,
3092 3612 3149 3661 et
3182 3624 3386 3678 usque,
3411 3609 3809 3678 avdz'ﬁcabitur;

2167 3693 2220 3746 id
2274 3698 2383 3758 est,
2433 3694 2839 3763 provocabitur
2892 3696 3248 3751 manducare
3298 3696 3653 3771 idolothyta,
3706 3712 3809 3753 non

2166 3786 2361 3835 tamen
2392 3798 2459 3835 ea
2490 3783 2624 3847 fide,
2661 3798 2779 3852 qua
2814 3788 2898 3836 tu.

2238 3870 2550 3939 Sequitur:
2587 3873 2659 3924 lit
2687 3873 2887 3942 peribit
2919 3874 3175 3940 inﬁrmus
3207 3876 3263 3928 in
3293 3879 3390 3929 tua
3419 3877 3684 3945 scientia,
3716 3877 3818 3946 fra-

2165 3966 2267 4027 ter,
2321 3963 2430 4012 etc.
2482 3958 2657 4022 Quasi
2715 3959 2978 4014 diceret:
3034 3965 3148 4015 Cur
3196 3979 3308 4017 non
3358 3964 3538 4019 times
3591 3965 3815 4019 fratrem

2166 4052 2330 4100 tuum
2366 4046 2648 4113 occidere,
2684 4052 2857 4118 quem
2891 4048 3161 4105 Christus
3193 4052 3498 4108 moriendo
3533 4049 3817 4109 redemit?

2164 4135 2287 4189 Tua
2316 4152 2570 4206 namque
2600 4136 2845 4190 scientia
2876 4137 3041 4192 illum
3089 4139 3320 4195 occidit.
3354 4140 3587 4203 Quibus
3637 4139 3817 4197 verbis

2166 4223 2421 4278 ostendit
2441 4224 2752 4295 Apostolus
2780 4242 2894 4279 non
2919 4232 3039 4281 tam
3064 4228 3250 4298 ipsam
3276 4246 3397 4284 rem
3420 4246 3554 4286 esse
3584 4233 3813 4293 malam,

2167 4329 2340 4382 quam
2382 4313 2579 4367 fratris
2631 4313 2978 4383 periculum.
3010 4314 3279 4371 Ostendit
3327 4322 3384 4372 et
3432 4319 3522 4373 illi
3580 4316 3813 4389 majoris

2164 4416 2291 4454 esse
2317 4400 2734 4465 damnationis,
2761 4400 2860 4471 qui
2884 4403 3247 4457 occasionem
3276 4406 3561 4474 peccandi
3591 4403 3811 4467 tribuit,

2163 4505 2340 4559 quam
2377 4489 2475 4558 qui
2508 4488 2564 4543 in
2595 4506 2656 4543 se
2676 4495 2894 4559 peccat.
2924 4492 3083 4555 Quod
3117 4498 3173 4546 et
3199 4493 3276 4546 ibi
3302 4498 3696 4565 monstratur,
3719 4490 3810 4548 ubi

2164 4577 2332 4631 Balac
2355 4577 2566 4648 legitur
2589 4570 2825 4632 vocasse
2849 4578 3084 4634 Balaam
3114 4580 3386 4652 ariolum,
3412 4587 3480 4637 ut
3503 4582 3813 4639 maledice-

404 4666 549 4723 lium
582 4666 1142 4737 disciplinarumque
1174 4666 1541 4720 saecularium
1576 4672 1887 4737 amatores,
1912 4668 2049 4739 qui-
2080 4690 2125 4753 D
2162 4670 2247 4721 ret
2280 4666 2413 4720 liliis
2450 4665 2623 4721 Israel
2656 4667 2838 4737 (Num.
2872 4684 3015 4732 χχιι,
3047 4670 3158 4739 23).
3192 4671 3299 4735 Qui
3341 4671 3452 4726 etsi
3487 4688 3607 4728 non
3642 4669 3815 4727 male-

403 4756 515 4810 bus
545 4760 601 4810 et
631 4770 865 4826 operam
899 4753 1134 4819 dabant,
1160 4755 1259 4808 sed
1294 4753 1398 4819 illi,
1428 4754 1527 4824 qui
1561 4756 1619 4808 in
1655 4757 1763 4810 fide
1794 4758 2044 4811 roborati

403 4849 586 4910 erant,
620 4845 761 4897 dum
796 4845 1073 4913 figmenta
1120 4846 1422 4912 poetarum
1474 4842 1763 4911 legebant,
1798 4862 1909 4899 non
1962 4846 2044 4900 eis

402 4933 911 5003 pervertehantur;
947 4930 1085 5001 quia
1114 4929 1173 4983 in
1205 4929 1297 4983 his
1332 4929 1476 4983 nihil
1500 4931 1842 4999 gratiosum,
1871 4934 2042 4987 nihil-

402 5034 516 5088 que
568 5019 707 5074 utile
756 5035 885 5074 esse
934 5019 1293 5073 credebant:
1346 5021 1404 5070 at
1452 5033 1684 5086 quoque
1732 5019 1947 5074 infirmi
1990 5026 2046 5076 et

401 5106 718 5176 simplices,
746 5108 886 5161 dum
910 5107 980 5161 ad
1013 5107 1399 5161 imitationem
1426 5106 1660 5159 fortium
1696 5106 1784 5160 his
1807 5125 2041 5178 operam

400 5193 637 5258 dabant,
672 5193 809 5263 quia
843 5194 1318 5265 philosophorum
1366 5194 1721 5265 syllogismis
1754 5205 2041 5264 perverte-

399 5281 631 5349 hantur,
655 5281 820 5351 quasi
853 5282 1174 5354 idolothyta
1198 5282 1649 5337 manducabant.
1679 5285 2042 5356 Quapropter

464 5474 613 5550 (603)
645 5473 897 5550 In_\_lu_lg.
924 5475 1014 5528 hic
1047 5481 1273 5531 tantum
1301 5477 1509 5548 legitur
1530 5477 1651 5531 haec
1681 5479 2033 5550 propositio:

391 5546 539 5601 nihil
568 5551 650 5598 est
690 5544 908 5599 idolum
922 5586 933 5597 .

459 5616 612 5687 (604)
643 5614 816 5687 Exod.
849 5631 998 5687 xxn,
1016 5618 1072 5682 8,
1098 5616 1267 5687 Vulg.
1294 5620 1663 5686 applieabitur
1690 5620 1759 5673 ad
1790 5621 1932 5674 deos.

462 5686 612 5755 (605)
643 5686 725 5761 lix
769 5687 959 5761 Patre,
985 5685 1044 5741 id
1084 5685 1279 5761 est,'a
1329 5685 1635 5761 't{atre,_e:e
1676 5706 1780 5761 quo
1823 5693 2031 5757 omnia,

390 5761 475 5829 ita
503 5756 691 5818 omnia
714 5771 785 5813 ea:
810 5757 915 5813 Deo
945 5755 1054 5813 hac
1082 5757 1183 5831 Ep.
1214 5773 1291 5827 x1,
1327 5758 1413 5828 12,
1445 5755 1578 5816 et’ll
1609 5755 1736 5817 Co'r.
1768 5776 1824 5831 v,
1859 5763 1945 5830 18,
1975 5755 2030 5819 et

2157 4755 2320 4824 dixit,
2353 4755 2663 4809 consilium
2707 4761 2904 4810 tamen
2956 4757 3181 4812 malum
3231 4760 3394 4814 dedit
3441 4762 3634 4831 (Num.
3664 4774 3811 4822 xxxv,

2158 4844 2261 4910 lli;
2313 4844 2470 4897 Mich.
2528 4862 2602 4907 v1,
2652 4844 2728 4910 5;
2776 4846 2825 4898 ll
2855 4846 2998 4899 Petr.
3051 4863 3109 4910 ιι,
3162 4848 3295 4915 13):
3352 4850 3532 4915 unde,
3569 4849 3813 4920 jubente

2158 4933 2420 4997 Domino,
2446 4938 2509 4985 ut
2531 4937 2859 5002 expeterent
2888 4933 3025 4988 filiis
3050 4935 3225 4990 Israel
3250 4936 3321 4990 de
3349 4936 3807 5005 Moabitis(606),

2154 5038 2269 5091 qua
2295 5022 2564 5090 expetita,
2585 5022 2810 5091 Moyses
2838 5023 2905 5076 ad
2937 5025 3215 5093 populum
3242 5042 3416 5079 suum
3442 5025 3684 5081 locutus
3705 5030 3807 5089 est,

2153 5110 2277 5179 ipse
2308 5110 2508 5163 dicens
2542 5126 2556 5161 :
2608 5110 3019 5181 Accingimini,
3055 5118 3111 5166 et
3156 5113 3496 5185 belligerate
3527 5117 3808 5170 adversus

2153 5198 2433 5252 Moabitae
2466 5199 2652 5266 (Nam.
2681 5216 2809 5266 xxv,
2840 5201 2962 5268 l7):
2998 5201 3096 5269 qui
3130 5202 3411 5257 abeuntes
3442 5220 3655 5259 omnes
3688 5218 3806 5258 ma-

2152 5285 2444 5340 sculinum
2471 5285 2526 5340 in
2554 5304 2650 5341 ore
2674 5286 2853 5358 gladii
2882 5289 3389 5362 interfecerunt,et
3406 5292 3649 5349 Balaam
3678 5306 3802 5347 cum

2147 5497 2215 5535 εχ
2247 5484 2379 5603 τξέἓο,
2406 5490 2456 5536 et
2486 5498 2582 5551 per
2613 5484 2820 5559 ipsum,
2845 5486 2895 5537 et
2928 5485 2985 5537 in
3017 5487 3132 5555 ipso
3161 5496 3293 5542 sunt
3316 5488 3505 5541 omnia
3538 5487 3613 5541 ad
3642 5486 3801 5540 Rom.

2147 5569 2224 5603 χι.
2257 5590 2267 5602 .
2337 5596 2346 5603 .

2147 5569 2224 5615 Χι,
2257 5569 2346 5603 δυ.

2218 5624 2379 5701 (util?)
2400 5623 2632 5701 Fortasse
2655 5624 2990 5701 addendum
3023 5628 3309 5701 ultionem,
3342 5628 3518 5685 Num.
3554 5646 3718 5697 xxxx,
3748 5627 3802 5697 2,

2145 5697 2201 5748 et
2230 5696 2408 5765 Epist.
2439 5695 2576 5750 Jud.
2614 5696 2708 5751 11.
