3942 6422
128 515 247 575 365

700 511 1123 576 EXPOSITIO
1168 516 1244 576 IN
1292 517 1718 580 EPISTOLAS
1766 523 2131 584 PAULL—
2180 528 2258 587 IN
2308 528 2554 589 EPIST.
2601 530 2621 588 1
2669 532 2772 592 ΑΙ)
2816 533 2994 595 COR.

3442 540 3561 599 366

124 648 209 703 eis
241 647 430 739 (Num.
462 660 620 739 xxxx,
649 645 707 739 7,
739 646 816 712 8).
849 645 998 702 Nota
1028 647 1167 719 quia
1199 649 1404 705 mitius
1456 650 1559 705 filii
1607 652 1783 708 Israel
1816 658 1866 722 Α
1900 657 2270 725 praedicando
2301 661 2371 715 ad
2406 662 2581 717 {idem
2613 660 2829 719 Christi
2862 664 3558 739 perduxi.Namsignacu-

123 736 479 810 puniuntur,
522 732 622 806 qui
656 734 714 789 in
746 749 808 789 se
840 741 1251 809 peccaverunt,
1285 756 1464 810 quam
1498 740 1788 809 Moabitae,

122 824 223 897 qui
246 823 619 880 occasionem
640 822 924 893 peccandi
951 823 1261 880 dederunt.
1287 825 1451 881 Unde
1472 832 1529 882 et
1548 827 1655 896 illi,
1686 829 1788 901 qui

121 918 398 970 sexcenta
420 910 612 967 millia
633 910 797 983 prius
822 911 1106 980 vicerunt,
1132 930 1166 969 a
1186 914 1496 971 duodecim
1517 916 1790 973 millibus

121 1003 384 1074 superati
408 1003 568 1057 sunt.
589 1000 752 1064 Quod
777 1000 1228 1072 utiquejustitia
1249 1003 1384 1058 fecit
1403 1022 1416 1073 ;
1433 1006 1574 1075 quia
1600 1022 1788 1077 quan-

121 1093 225 1147 diu
261 1095 566 1163 peccatum
602 1089 959 1157 habuerunt,
990 1090 1152 1150 victi.
1184 1092 1410 1162 abjecto
1437 1100 1691 1165 peccato,
1728 1095 1786 1149 in

109 1180 357 1254 justitia
390 1183 724 1244 manentes,
760 1178 862 1249 qui
896 1194 931 1233 a
963 1179 1202 1235 feminis
1234 1181 1366 1235 victi
1412 1188 1571 1254 sunt,
1620 1194 1818 1257 reges

120 1272 573 1341 superaverunt.
610 1268 979 1339 Quapropter
1008 1272 1066 1323 et
1096 1273 1183 1335 tu,
1218 1270 1265 1325 si
1300 1269 1386 1324 vis
1418 1287 1623 1327 omnes
1655 1278 1787 1327 tuos

119 1373 405 1431 superare
431 1355 727 1424 inimicos,
759 1354 1048 1411 calceatos
1079 1357 1276 1428 pedes,
1321 1375 1488 1414 sume
1545 1359 1786 1416 loricam

111 1446 386 1520 justiﬁes,
410 1449 647 1501 scutum
679 1443 839 1511 ﬁdei,
871 1448 929 1499 et
958 1443 1187 1516 galeam
1219 1445 1433 1502 salutis
1464 1449 1616 1517 (lsai.
1671 1464 1788 1515 le,

120 1538 231 1603 17;
267 1536 453 1607 Ephes
480 1550 563 1602 v1,
588 1533 695 1599 Ui;
728 1532 751 1588 Ι
783 1532 959 1588 Thess.
990 1550 1046 1601 ν,
1092 1533 1182 1603 8):
1246 1536 1463 1606 quibus
1517 1536 1565 1592 si
1607 1538 1788 1593 fueris

119 1623 443 1698 spoliatus,
476 1639 510 1678 a
536 1637 915 1694 quocumque
943 1621 1083 1677 vitio
1106 1625 1323 1695 poteris
1355 1626 1641 1697 superari.

194 1712 512 1785 Sequitur:
571 1712 671 1768 Sic
719 1716 1008 1781 peccantes
1065 1713 1125 1765 in
1170 1714 1395 1784 fratres,
1450 1718 1557 1768 etc.
1618 1714 1783 1782 Nota,

116 1801 270 1873 quia
298 1800 682 1873 peccantesin
707 1797 939 1866 fratres,
958 1800 1237 1854 dicuntur
1258 1802 1316 1855 in
1338 1800 1569 1857 Christo
1592 1819 1790 1873 pecca-

119 1907 208 1947 re.
241 1890 411 1945 Sicut
436 1887 594 1944 enim
624 1888 682 1942 in
714 1886 840 1959 lege
854 1893 1097 1959 peccant
1118 1888 1201 1953 hi,
1225 1888 1587 1962 quisublege
1616 1895 1783 1947 sunt:

120 1979 212 2034 sic
240 1982 300 2033 et
325 1976 549 2048 illi,qui
573 1976 632 2030 in
659 1975 866 2031 fratres
888 1982 1150 2047 peccant,
1176 1978 1231 2031 in
1255 1976 1485 2033 Christo
1512 1984 1782 2047 peccant:

121 2066 271 2139 quia
296 2066 357 2121 in
388 2064 482 2120 his
513 2069 735 2130 errant,
764 2079 894 2136 quae
926 2065 1037 2119 sub
1060 2080 1127 2119 eo
1169 2081 1325 2121 sunt.
1372 2066 1789 2122 Animadverte

121 2155 308 2211 etiam
338 2153 480 2225 quia
506 2169 624 2209 non
657 2151 822 2219 dixit,
856 2153 915 2207 in
948 2152 1247 2208 Christum
1282 2156 1450 2227 (607).
1494 2155 1558 2210 In
1590 2155 1788 2211 Chris-

120 2249 263 2298 tum
296 2258 555 2313 namque
586 2256 843 2312 peccare,
889 2257 1024 2296 eum
1079 2257 1293 2314 negare
1348 2247 1457 2298 est.
1496 2244 1792 2313 Inﬁrmam

117 2330 707 2397 conscientiamdicit,
732 2334 833 2385 aut
857 2329 1166 2401 imitando,
1191 2336 1293 2387 aut
1314 2332 1791 2403 reprehendendo

117 2420 443 2493 Sequitur:
474 2419 535 2474 Si
563 2427 747 2474 autem
774 2435 896 2474 esca
925 2418 1271 2475 scandalizat
1307 2422 1541 2489 fratrem
1583 2437 1790 2475 meum.

115 2509 552 2566 Animadverte
583 2511 812 2579 quantae
844 2506 1150 2563 charitatis
1182 2512 1238 2563 et
1270 2508 1599 2565 dilectionis
1622 2508 1797 2564 fuerit

121 2595 486 2670 Apostolus,
520 2595 646 2668 qui,
678 2601 743 2651 ut
769 2613 910 2653 suos
956 2597 1027 2652 ad
1079 2596 1430 2653 charitatem
1481 2613 1795 2669 provocare

116 2689 356 2760 posset,
393 2684 779 2757 semetipsum
804 2684 1004 2757 posuit
1025 2684 1360 2758 exemplum
1385 2686 1587 2757 :quasi
1610 2687 1792 2741 dicat:

119 2775 262 2831 Scio
298 2773 446 2829 mihi
481 2774 679 2831 omnia
700 2773 880 2839 licita,
901 2775 1357 2842 omniamunda,
1398 2776 1498 2831 sed
1526 2790 1617 2831 me
1640 2774 1799 2846 peni-

122 2869 232 2921 tus
264 2863 339 2919 ab
368 2862 464 2919 his
495 2863 793 2919 abstineo:
848 2863 989 2934 quia
1033 2879 1149 2918 non
1197 2864 1466 2935 expedire
1513 2863 1793 2935 intelligo.

125 2953 304 3009 Unde
334 2969 516 3024 supra
540 2952 775 3022 :j0mnia
796 2952 938 3007 mihi
957 2952 1141 3018 licent,
1163 2953 1252 3008 sed
1284 2970 1394 3008 non
1417 2955 1611 3009 omnia
1632 2970 1796 3025 expe-

124 3042 302 3098 diunt
330 3042 378 3111 (1
409 3042 540 3098 Cor.
583 3058 663 3108 v1,
704 3041 808 3111 t2).

206 3148 382 3221 (608).
415 3148 549 3203 CAP.
590 3147 711 3218 IX.)
742 3147 859 3204 Non
887 3163 1014 3204 sum
1069 3147 1252 3203 liber?
1302 3153 1411 3204 etc.
1467 3149 1614 3221 (609)
1666 3148 1795 3204 Haec

124 3236 296 3295 enim
325 3237 500 3292 verba
530 3236 665 3292 irati
698 3239 755 3291 et
784 3235 1065 3293 commoti
1093 3234 1277 3292 animi
1327 3240 1467 3291 sunt
1495 3252 1508 3290 :
1556 3241 1631 3304 et,
1680 3235 1795 3291 nisi

123 3326 375 3397 adjuvet
399 3325 824 3398 pronuntiatio,
842 3325 1137 3380 afﬁrmare
1153 3325 1383 3380 videtur
1403 3326 1557 3396 quod
1582 3340 1795 3397 negare

122 3415 462 3471 contendit.
497 3414 564 3470 Et
595 3414 726 3470 ideo
756 3413 839 3470 ita
886 3413 1198 3487 legendum
1243 3418 1354 3480 est,
1408 3418 1471 3468 ut
1521 3414 1788 3485 negando

120 3504 360 3559 dictum
383 3502 762 3576 intelligatur.
785 3508 909 3559 Imo
935 3520 946 3558 :
973 3506 1096 3558 Non
1113 3520 1238 3559 sum
1260 3503 1400 3559 liber
1418 3505 1443 3556 .9
1462 3508 1595 3571 etc.,
1621 3503 1788 3575 quasi

119 3591 380 3649 diceret:
415 3591 581 3647 Sum.
610 3591 779 3647 Liber
799 3596 949 3647 erat:
982 3591 1122 3664 quia
1142 3609 1256 3647 non
1289 3590 1647 3657 simulando,
1682 3591 1790 3657 vel,

120 3685 194 3737 ut
225 3680 456 3754 aliquid
490 3680 798 3753 acciperet,
842 3680 1217 3753 praedicabat.
1280 3679 1597 3753 Apostolus
1646 3683 1788 3745 erat,

123 3770 274 3843 quia
308 3770 566 3837 missus;
603 3773 676 3824 ut
718 3767 902 3823 illud:
965 3769 1095 3824 Ecce
1149 3784 1243 3840 ego
1299 3770 1373 3824 ad
1416 3777 1597 3840 gentes
1636 3769 1793 3839 longe

118 3860 338 3932 positas
397 3858 535 3930 (Act.
595 3874 736 3927 xxu,
797 3858 911 3929 9|).
974 3856 1293 3913 Dominum
1352 3857 1595 3926 viderat,
1672 3858 1792 3913 sive

124 3949 328 4006 eundo
358 3947 741 4015 Damascum,
774 3947 894 4002 sive
922 3946 983 4001 in
1041 3946 1261 4019 templo
1306 3948 1547 4003 orando.
1600 3947 1793 4003 Nonne

124 4055 266 4112 opus
296 4053 481 4095 meum
512 4052 600 4092 vos
628 4037 758 4092 estis
789 4038 847 4091 in
880 4034 1151 4092 Domino?
1208 4034 1269 4090 Id
1329 4041 1419 4090 est
1471 4052 1619 4108 opus
1678 4035 1789 4090 mei

131 4126 532 4200 apostolatus.
566 4125 711 4181 Cum
744 4125 902 4180 enim
936 4141 1039 4198 per
1069 4141 1251 4179 unum
1295 4141 1539 4194 annum,
1588 4128 1645 4179 et
1695 4141 1795 4179 sex

127 4233 373 4273 menses
401 4216 558 4288 apud
588 4231 692 4271 vos
724 4214 1116 4287 praedicando,
1151 4213 1583 4286 prazdicassem,
1616 4217 1673 4269 et
1720 4214 1792 4268 ab

125 4303 493 4361 inﬁdelitate
525 4303 598 4359 ad
631 4303 807 4358 fidem
838 4302 1211 4370 transissem,
1245 4301 1383 4373 quid
1426 4300 1585 4357 aliud
1638 4318 1793 4357 nunc

129 4394 193 4449 in
224 4398 429 4450 vestra
487 4392 624 4462 fide,
684 4406 862 4464 quam
920 4406 1069 4463 opus
1127 4388 1492 4462 apostolatus
1535 4390 1794 4446 ostendi-

132 4482 288 4539 tur?

201 4573 270 4627 Et
298 4571 357 4626 si
385 4570 520 4626 aliis
549 4583 659 4624 non
675 4584 798 4623 sum
828 4569 1111 4640 Apostolus
1168 4571 1274 4622 etc.
1327 4564 1486 4622 Alios
1544 4566 1799 4638 appellat

126 4660 374 4717 Judeos
394 4656 829 4728 credentes,qui
856 4656 1047 4711 adhuc
1072 4656 1131 4711 in
1154 4654 1372 4710 carnali
1393 4655 1797 4711 observatione

1903 744 2036 814 lum,
2063 751 2196 809 etc.,
2229 749 2282 804 id
2321 755 2429 816 est,
2460 750 2769 821 judicium,
2802 756 2858 807 et
2888 752 3142 826 dignitas
3176 755 3290 811 mei
3321 763 3555 828 aposto-

1901 830 2059 889 latus
2084 853 2185 890 vos
2216 838 2378 903 estis,
2411 854 2561 910 quos
2586 857 2621 894 a
2649 839 2976 911 gentilitate
3005 846 3063 897 et
3103 842 3447 901 inﬁdelitate
3476 847 3549 902 ad

1900 922 2073 978 ﬁdem
2107 926 2279 981 traxi.

1969 1012 2086 1067 Mea
2117 1014 2379 1086 defensio,
2431 1020 2540 1072 etc.
2574 1017 2746 1073 Fides
2790 1022 2983 1074 vestra
3012 1035 3142 1075 mea
3170 1024 3260 1077 est
3291 1022 3555 1080 defensio

1899 1102 2052 1171 apud
2074 1118 2193 1168 eos,
2214 1104 2313 1176 qui
2338 1120 2432 1160 me
2452 1104 3050 1178 interrogant,utrum
3074 1108 3189 1165 sim
3210 1111 3550 1183 Apostolus,

1898 1205 2102 1244 necne.
2165 1193 2433 1264 Nunquid
2482 1210 2594 1249 non
2663 1194 2924 1251 habemus
2996 1199 3367 1269 potestatem?
3440 1204 3552 1258 etc.

1900 1277 2066 1333 Illam
2098 1279 2243 1335 dicit
2272 1286 2645 1353 potestatem,
2675 1301 2853 1355 quam
2885 1285 3171 1341 Dominus
3196 1304 3294 1344 eos
3318 1288 3388 1343 ad
3408 1306 3550 1361 prae-

1899 1366 2214 1423 dicandum
2249 1370 2531 1442 dirigens,
2564 1373 2744 1428 dicit:
2779 1376 3110 1446 Quicunque
3129 1379 3431 1448 receperint
3462 1394 3555 1435 vos

1899 1456 2049 1527 (Luc.
2102 1475 2180 1523 1x,
2228 1459 2338 1530 48),
2396 1464 2528 1527 etc.,
2592 1477 2804 1532 usque,
2862 1461 3071 1530 dignus
3128 1467 3206 1519 est
3262 1467 3556 1537 operarius

1898 1544 2052 1612 (Luc,
2081 1562 2137 1613 x,
2169 1546 2248 1618 7),
2280 1552 2386 1602 etc.
2422 1548 2492 1603 Et
2540 1565 2654 1603 non
2698 1548 2891 1606 solum
2952 1550 3165 1619 verbis,
3230 1553 3330 1608 sed
3377 1553 3555 1610 etiam

1901 1633 2071 1688 factis
2103 1635 2362 1691 ostendit
2390 1636 2477 1692 eis
2508 1637 2839 1693 necessaria
2869 1638 3165 1710 percipere
3202 1639 3413 1697 debere
3441 1658 3456 1709 ;
3489 1643 3558 1697 ut

1898 1720 2046 1776 illud
2072 1738 2085 1778 :
2115 1721 2493 1794 Sequebantur
2531 1734 2711 1781 autem
2734 1727 2901 1782 multi
2924 1726 3115 1796 (Marc.
3148 1744 3227 1795 v1,
3252 1728 3331 1799 8),
3369 1733 3476 1785 etc.

1971 1812 2159 1876 Quare
2176 1811 2363 1867 voluit
2387 1829 2486 1868 eos
2506 1814 2768 1886 accipere
2790 1815 3160 1871 necessaria?
3182 1815 3266 1872 0b
3282 1816 3392 1873 hoc
3410 1817 3555 1874 nein

1898 1895 2163 1951 minimis
2207 1899 2497 1970 occupati,
2556 1899 2614 1953 id
2661 1905 2772 1969 est,
2825 1899 3215 1968 necessariis;
3249 1918 3284 1956 a
3316 1902 3549 1974 majori,

1900 1984 1957 2040 id
2001 1990 2108 2052 est,
2144 1986 2553 2057 praedicatione
2603 1989 2955 2054 recederent,
2988 1993 3046 2044 et
3073 1990 3280 2046 tardus
3329 1991 3401 2045 ad
3454 2006 3554 2047 eos

1900 2073 2233 2146 prmdicatio
2261 2076 2539 2133 venisset.
2564 2077 2634 2132 Et
2653 2081 2815 2147 nota,
2838 2077 2980 2150 quia
3001 2094 3115 2133 non
3141 2078 3553 2151 praecipiendo,

1900 2163 2000 2218 sed
2035 2164 2409 2219 concedendo
2443 2168 2789 2236 potestatem
2825 2164 3050 2221 tribuit.
3082 2166 3152 2221 Et
3182 2164 3309 2222 ideo
3335 2165 3555 2223 Paulus

1901 2251 2218 2323 accipiens,
2278 2253 2565 2308 immunis
2614 2270 2644 2308 a
2702 2253 2878 2326 culpa
2922 2253 3206 2324 redditur,
3269 2254 3552 2326 quoniam

1902 2339 2175 2411 praecepti
2233 2342 2627 2414 transgressio
2678 2358 2807 2398 esse
2886 2343 3109 2415 absque
3204 2359 3353 2399 noxa
3438 2360 3555 2400 non

1902 2427 2073 2484 valet.

1978 2519 2045 2574 Et
2070 2525 2134 2576 ut
2163 2520 2499 2577 ostenderet
2528 2535 2591 2575 se
2623 2523 2971 2591 potestatem
3005 2519 3322 2591 accepisse,
3377 2536 3557 2592 quam

1906 2606 2152 2675 dixerat,
2186 2608 2528 2680 subjunxit:
2562 2607 2713 2663 Sicut
2769 2609 2958 2665 cazteri
3008 2610 3258 2680 apostoli.
3312 2608 3560 2665 Caeteros

1907 2697 2164 2769 appellat
2220 2713 2425 2754 omnes
2475 2695 2794 2769 apostolos.
2845 2697 2915 2751 Et
2964 2711 3036 2752 ne
3075 2695 3321 2752 minoris
3366 2696 3560 2752 meriti

1904 2786 2219 2853 videretur,
2253 2785 2480 2841 addidit
2503 2801 2516 2838 :
2543 2787 2608 2840 Et
2629 2787 2831 2854 fratres
2862 2785 3104 2840 Domini.
3145 2783 3292 2840 Nam
3352 2784 3560 2840 fratres

1907 2873 2160 2940 Domini,
2185 2873 2285 2945 qui
2307 2872 2506 2929 eximii
2525 2873 2716 2928 meriti
2739 2889 2867 2930 esse
2887 2872 3259 2941 videbantur,
3278 2870 3553 2944 appellat.

1905 2966 1992 3030 Et,
2026 2966 2091 3017 ut
2120 2963 2310 3034 magis
2357 2961 2734 3017 conﬁrmaret
2758 2962 2935 3033 ‘quod
2985 2960 3231 3029 dixerat,
3278 2959 3459 3015 dixit:
3491 2960 3559 3015 Et

1907 3050 2132 3122 Cephas.
2165 3049 2391 3122 Cephas
2414 3049 2571 3104 enim
2601 3049 2941 3121 accipiebat,
2975 3048 3075 3121 qui
3130 3049 3403 3120 princeps
3431 3051 3558 3104 erat

1905 3138 2401 3210 apostolorum,ut
2419 3137 2558 3192 dum
2583 3136 2750 3192 illum
2772 3138 2845 3193 ad
2868 3135 3273 3193 testimonium
3299 3140 3554 3205 revocat,

1905 3227 2119 3283 certior
2139 3225 2329 3298 ipsius
2360 3225 2653 3281 sententia
2683 3226 2981 3282 reddatur.

1980 3332 2239 3406 Nunquid
2265 3348 2375 3388 non
2428 3331 2694 3387 habemus
2748 3337 3072 3404 potestatem
3128 3348 3396 3401 sororem,
3444 3337 3554 3390 etc.

1905 3418 2184 3477 Nonnulli
2219 3420 2416 3475 minus
2474 3419 2888 3493 intelligentes,
2939 3425 3114 3493 atque
3170 3421 3555 3479 intentionem

1902 3508 2283 3582 apostolicam
2315 3524 2429 3563 non
2488 3507 2903 3581 intelligentes,
2960 3508 3112 3564 male
3152 3507 3310 3564 hunc
3360 3509 3554 3563 locum

1904 3597 2268 3669 interpretati
2303 3601 2462 3663 sunt,
2495 3597 2755 3652 dicentes
2786 3596 3082 3668 apostolos
3112 3596 3407 3668 accepisse
3455 3612 3559 3667 po-

1901 3691 2175 3743 testatem
2209 3701 2419 3740 uxores
2450 3684 2722 3753 ducendi,
2775 3684 2983 3740 fallens
3038 3701 3138 3742 eos
3197 3683 3559 3757 ambiguitas

1901 3773 2081 3829 Graeci
2107 3773 2399 3830 sermonis
2426 3791 2439 3839 ;
2468 3773 2745 3845 quoniam
2770 3789 2963 3829 sermo
2987 3773 3220 3829 Graecus
3242 3771 3418 3827 talem
3439 3771 3559 3827 vim

1902 3864 2079 3919 habet
2106 3863 2164 3918 in
2196 3862 2306 3917 hoc
2333 3861 2482 3927 loco,
2516 3868 2582 3916 ut
2610 3865 2666 3916 et
2698 3878 2801 3933 pro
2832 3878 3010 3917 uxore
3040 3865 3097 3917 et
3127 3860 3373 3917 muliere
3404 3860 3554 3916 acci-

1902 3953 2119 4025 piatur.
2153 3950 2264 4005 Sed
2290 3955 2485 4005 tamen
2519 3966 2635 4004 non
2659 3949 2861 4004 debuit
2890 3949 2999 4005 hoc
3024 3966 3123 4005 eos
3145 3949 3366 4006 fallere.
3390 3948 3560 4004 Hunc

1903 4056 2160 4096 errorem
2192 4042 2313 4093 tam
2346 4037 2752 4109 praecedentia,
2803 4054 2982 4109 quam
3033 4036 3339 4109 sequentia
3383 4036 3562 4093 verba

1903 4127 2219 4201 expellunt.
2243 4130 2432 4197 Supra
2458 4141 2714 4197 namque
2735 4126 2877 4182 dicit
2898 4141 3332 4194 sororem,cum
3356 4121 3560 4181 nullus

1904 4233 2163 4274 sororem
2199 4214 2480 4287 accipiat;
2529 4219 2585 4269 et
2614 4215 2673 4269 in
2698 4215 3086 4287 sequentibus
3102 4213 3244 4270 dicit
3268 4231 3281 4269 :
3309 4213 3562 4269 Circum-

1902 4306 2182 4368 ducendi;
2216 4320 2351 4360 cum
2383 4302 2585 4358 nullus
2606 4320 2844 4358 uxorem
2869 4303 3089 4358 ducens
3114 4302 3288 4372 dicat,
3313 4301 3563 4356 circum-

1903 4395 2062 4462 duxi,
2087 4394 2211 4460 sed,
2248 4392 2409 4449 duxi.
2442 4392 2512 4446 Et
2543 4391 2591 4447 si
2623 4391 2716 4446 cui
2748 4391 3108 4446 contrarium
3139 4389 3371 4444 videtur
3401 4387 3559 4460 quod

1905 4484 2136 4540 feminae
2169 4480 2450 4553 apostolis
2481 4478 2917 4543 ministrabant,
2948 4478 3104 4550 legat
3155 4474 3557 4548 Evangelium.

1908 4573 1992 4629 Ibi
2023 4570 2231 4643 poterit
2266 4567 2530 4623 invenire
2560 4565 2922 4621 contrarium
2956 4582 3070 4620 non
3085 4581 3251 4633 esse;
3278 4563 3561 4636 quoniam

1907 4659 2154 4719 Domino
2187 4655 2463 4711 mulieres
2496 4653 2931 4722 ministrabant,
2956 4658 3021 4710 ut
3042 4653 3187 4710 illud
3215 4654 3564 4726 :Sequeban-

129 4751 579 4823 permanentes.
609 4744 862 4801 Paulum
895 4744 1548 4818 praeessedenegabant,
1573 4745 1646 4799 ob
1666 4744 1795 4812 hoc,
1829 4745 1876 4810 D
1906 4754 1998 4806 tur
2014 4751 2205 4806 autem
2236 4747 2433 4814 (Marc.
2466 4760 2558 4812 xv,
2594 4744 2702 4815 41),
2736 4747 2844 4799 etc.
2878 4743 3106 4800 Devotze
3136 4759 3393 4815 namque
3425 4758 3567 4797 mu-

129 4837 272 4910 quia
299 4835 631 4910 praedicans
662 4834 936 4908 gentibus
968 4833 1314 4888 destruebat
1344 4832 1610 4900 sabbata,
1645 4836 1805 4889 caete-

131 4942 357 4998 rasque
385 4922 535 4997 legis
568 4922 1031 4979 observationes.
1067 4921 1238 4988 Nam,
1273 4936 1407 4976 cum
1441 4920 1631 4976 caeteri
1663 4936 1802 4994 apo-

132 5015 269 5071 stoli
305 5010 745 5069 dissimulando
777 5011 1167 5083 praedicarent
1196 5009 1257 5064 in
1290 5008 1510 5064 carnali
1532 5010 1805 5065 observa-

133 5105 295 5159 tione
333 5117 598 5171 manere,
632 5104 699 5155 ut
731 5116 831 5155 eos
847 5115 1084 5172 quoquo
1110 5100 1285 5154 modo
1308 5099 1376 5154 ad
1401 5099 1573 5154 fidem
1595 5098 1805 5154 Christi

134 5193 375 5249 trahere
401 5197 667 5263 possent,
691 5193 749 5245 et
769 5188 989 5244 Paulus
1007 5187 1175 5260 quasi
1201 5188 1495 5244 contraria
1512 5188 1810 5244 videretur

140 5280 433 5354 apostolis
466 5280 699 5344 docere,
731 5278 792 5332 in
825 5277 1225 5334 destructione
1256 5278 1510 5332 carnalis
1537 5278 1810 5334 observa-

138 5370 348 5436 tionis,
381 5368 665 5425 eumdem
690 5365 1040 5439 Apostolum
1075 5380 1206 5421 esse
1238 5366 1562 5438 negabant:
1597 5371 1653 5421 et
1682 5367 1810 5421 ideo

137 5459 415 5515 dicebat:
451 5458 517 5514 Si
536 5458 670 5513 aliis
703 5472 817 5513 non
841 5472 985 5524 sum,
1020 5456 1076 5510 id
1113 5458 1225 5525 est,
1256 5454 1306 5508 si
1340 5453 1457 5509 illis
1490 5471 1606 5509 non
1655 5470 1811 5523 sum,

1913 4841 2085 4895 lieres
2135 4844 2192 4892 et
2241 4834 2552 4891 amatrices
2598 4831 2923 4889 ccelestium
2974 4830 3427 4904 disciplinarum
3493 4828 3567 4885 de

1914 4927 2039 4983 suis
2072 4923 2452 4980 facultatibus
2482 4921 2940 4994 praeceptoribus
2974 4919 3408 4975 ministrabant.
3441 4917 3564 4972 Ma-

1914 5018 2068 5073 xime
2101 5015 2173 5069 ob
2205 5013 2314 5068 hoc
2361 5029 2475 5067 non
2507 5015 2632 5067 erat
2679 5010 3079 5065 contrarium:
3131 5008 3272 5080 quia
3319 5022 3566 5062 consue-

1916 5105 2059 5161 tudo
2083 5101 2586 5165 eratJudaaorum,
2609 5099 2877 5170 quamvis
2895 5095 3241 5153 scandalum
3264 5094 3566 5168 gentibus,

1918 5199 2115 5250 tamen
2146 5188 2461 5263 Apostolus
2494 5188 2574 5242 uti
2611 5186 2870 5243 nolebat.
2904 5186 3014 5241 Sed
3044 5200 3387 5257 quanquam
3436 5182 3571 5239 illos

1920 5281 2245 5349 fefellisset,
2276 5285 2475 5334 tamen
2505 5275 2889 5333 intentionem
2911 5273 3174 5348 Apostoli
3196 5271 3576 5329 consideran-

1926 5378 2015 5428 tes
2050 5387 2167 5426 non
2199 5365 2421 5423 fefellit.
2520 5364 2524 5369 ⁴

1997 5462 2103 5515 Aut
2132 5457 2281 5513 solus
2312 5470 2426 5525 ego,
2457 5456 2506 5508 et
2536 5454 2844 5521 Barnabas,
2875 5457 2985 5508 etc.
3009 5451 3341 5509 Barnabam
3390 5445 3573 5503 dicit:

139 5547 240 5620 qui
272 5546 604 5604 carnaliter
633 5544 829 5602 adhuc
854 5546 1094 5602 vivunt:
1129 5552 1312 5600 tamen
1336 5544 1642 5611 vobissum,
1664 5559 1816 5615 quos
1924 5549 2067 5622 quia
2097 5540 2474 5616 coapostolus
2505 5541 2808 5613 operandi,
2842 5540 2900 5595 id
2946 5543 3058 5609 est,
3108 5534 3454 5610 accipiendi,
3508 5537 3575 5591 ut

212 5770 369 5843 (607)
401 5764 582 5843 Vulg.
620 5770 821 5823 tamen
853 5760 1057 5843 habet,
1090 5760 1151 5843 in
1194 5758 1496 5843 Qhrislum.

210 5833 372 5921 (608)
412 5842 481 5901 In
513 5833 718 5913 autog.
752 5853 944 5911 marg.
979 5836 1076 5893 hie
1107 5835 1322 5909 legitur
1349 5850 1477 5910 cap.
1511 5833 1624 5892 XL.

2006 5762 2153 5840 (600)
2182 5756 2472 5840 Punctum
2505 5752 3081 5840 interrogationisex
3107 5749 3357 5824 Vulgata
3387 5748 3446 5801 et
3493 5761 3585 5805 se-

1934 5827 2254 5913 quentibus
2286 5833 2342 5889 in
2376 5827 2797 5889 commentario
2827 5827 3187 5886 addidimus.
