3942 6396
354 486 471 543 367

1374 476 1631 534 ATTON
1646 475 1709 532 lS
1756 470 2290 532 VlCHCELLENSl
2305 472 2343 528 S
2394 468 2746 528 EPISCOPI

3648 467 3754 528 368

352 614 657 670 honestius
701 612 1059 683 loqueretur.
1094 611 1162 663 Et
1195 626 1263 663 ne
1297 609 1589 661 videretur
1614 606 1997 676 semetipsum
2028 603 2082 668 Α
2114 603 2324 671 (Matth.
2358 619 2494 667 xxii,
2520 602 2630 666 37),
2665 605 2772 654 etc.
2822 600 2920 654 Et:
2981 598 3289 666 Lavamini,
3346 596 3540 651 mundi
3594 606 3750 653 estote

355 702 764 758 commendare
795 699 958 763 velle,
993 702 1048 752 et
1080 697 1225 753 alios
1249 695 1690 766 reprehendere,
1715 694 1841 748 ideo
1866 694 1998 747 sub-

349 790 574 861 junxit:
609 789 744 856 Quis
771 788 1005 853 militat,
1051 791 1158 841 etc.
1219 785 1431 839 Milites
1478 784 1634 837 enim
1685 786 1850 837 erant
1880 781 1996 847 isti,

358 878 461 950 qui
517 876 735 931 caelesti
792 892 969 947 regno
1020 874 1368 935 militabant,
1420 872 1699 926 adversus
1757 870 2001 925 insidias

357 966 573 1023 diaboli
596 964 974 1030 dimicabant,
990 963 1187 1017 etideo
1211 960 1594 1031 accipiebant,
1617 959 1999 1029 quemadmo-

359 1057 501 1111 dum
534 1052 888 1125 stipendium
920 1054 1147 1104 terreno
1181 1065 1357 1118 regno
1392 1047 1707 1101 militantes
1740 1046 2000 1116 accipere

361 1143 567 1200 solent.
587 1144 717 1211 Quis
727 1142 946 1212 plantat
966 1140 1201 1201 vineam,
1223 1143 1333 1191 etc.
1359 1136 1723 1191 Plantatores
1748 1150 2001 1204 namque

358 1232 455 1289 isti
473 1233 649 1287 vineae
672 1232 837 1285 erant
859 1226 1419 1298 ;quiaecclesiastico
1443 1225 1657 1296 populo
1673 1222 2000 1278 itersalutis

359 1320 763 1378 ostendebant.
782 1317 928 1372 Nam
951 1317 1105 1387 quod
1128 1315 1364 1370 nomine
1379 1314 1556 1367 vineae
1575 1311 2002 1367 ecclesiasticus

358 1408 610 1482 populus
633 1406 991 1477 designetur,
1024 1420 1142 1457 non
1165 1401 1356 1457 solum
1382 1400 1438 1455 in
1466 1400 1654 1455 Veteri
1672 1402 2003 1454 Testamen-

357 1504 438 1569 to,
472 1498 573 1553 sed
603 1496 781 1551 etiam
812 1494 872 1546 in
903 1492 1060 1546 Novo
1095 1491 1381 1561 signatur.
1408 1491 1469 1543 In
1494 1489 1707 1557 Veteri,
1729 1494 1791 1542 ut
1818 1488 1955 1541 illud
1987 1506 1998 1553 ;

364 1589 585 1642 Vineam
610 1600 679 1639 ex
709 1585 941 1652 /Egyplo
972 1581 1143 1651 (Psal.
1180 1596 1365 1639 Lxx1x,
1398 1580 1474 1647 tl),
1533 1584 1640 1631 etc.
1678 1579 1779 1631 Et:
1841 1578 2000 1630 Vinea

360 1675 593 1731 Domini
621 1672 855 1727 Sabaoth
886 1670 1038 1739 (lsai.
1091 1685 1145 1733 v,
1204 1668 1279 1736 7),
1323 1671 1431 1721 etc.
1490 1668 1546 1719 In
1601 1667 1777 1735 Novo,
1830 1669 1894 1719 ut
1944 1666 2002 1718 in

362 1761 750 1819 similitudine
779 1759 991 1813 dicitur
1015 1773 1027 1810 :
1063 1756 1256 1811 Simile
1280 1764 1357 1811 est
1376 1772 1606 1823 regnum
1627 1756 1886 1809 malorum
1911 1754 2002 1807 lio-

360 1854 508 1908 mini
536 1852 631 1923 qui
675 1850 815 1905 exiit
854 1849 1034 1918 primo
1083 1862 1245 1899 mane
1289 1844 1497 1913 (Matth.
1550 1861 1641 1910 xv,
1678 1844 1750 1911 1),
1786 1848 1892 1897 etc.
1944 1845 2008 1897 Et

358 1944 579 1997 vineam
602 1938 909 2011 pastinavit
939 1934 1122 2004 (Marc.
1156 1950 1255 1996 x11,
1295 1934 1367 2000 1),
1399 1937 1507 1987 etc.

434 2030 575 2102 Quis
603 2028 779 2098 pascit
806 2040 1042 2095 gregem,
1076 2026 1181 2076 etc.
1217 2022 1322 2075 Per
1373 2037 1610 2091 gregem
1660 2020 2005 2075 ecclesiasti-

361 2133 465 2173 cus
498 2114 748 2188 populus
777 2112 1138 2184 designatur,
1170 2114 1291 2163 tam
1342 2109 1402 2163 in
1454 2108 1665 2177 Veteri,
1720 2126 1894 2178 quam
1946 2109 2004 2163 in

361 2207 540 2277 Novo,
565 2203 705 2275 quia
733 2200 857 2256 suis
889 2199 1001 2253 iter
1030 2198 1238 2253 salutis
1270 2198 1548 2252 ostendit.
1599 2197 1661 2251 In
1716 2197 1891 2263 Novo,
1944 2202 2006 2252 ut

360 2293 530 2349 illud.
564 2294 625 2347 Et
649 2292 789 2345 alias
832 2304 953 2343 oves
1009 2289 1177 2341 habeo
1236 2286 1411 2356 (Joan.
1464 2304 1517 2352 x,
1572 2287 1680 2351 16),
1732 2291 1844 2339 etc.
1894 2286 2004 2341 Istc

360 2384 519 2436 enim
551 2378 740 2443 miles,
791 2382 848 2431 et
890 2376 1008 2429 dux
1047 2374 1296 2429 ccelestis
1346 2375 1654 2442 exercitus,
1706 2374 1894 2428 ﬁdelis
1946 2374 2002 2427 in

359 2471 474 2524 ﬁde
503 2472 561 2524 et
586 2466 845 2534 veritate,
879 2465 970 2517 bis
1000 2462 1275 2517 omnibus
1304 2462 1589 2533 exemplis
1618 2479 1680 2516 se
1740 2467 2003 2533 potesta-

357 2563 477 2613 tem
495 2552 817 2626 accipiendi
838 2552 1051 2607 habere
1073 2551 1350 2605 ostendit.
1376 2552 1446 2603 Et
1470 2567 1539 2604 ne
1562 2555 1729 2621 putet
1751 2551 1883 2622 quis
1908 2569 2007 2621 per

356 2648 680 2703 humanam
715 2640 1083 2713 sapientiam,
1117 2644 1289 2709 atque
1323 2639 1556 2709 ingenio
1589 2639 1839 2693 naturali
1871 2657 2005 2693 curn

358 2734 599 2800 dixisse,
631 2732 760 2786 ideo
793 2729 1133 2799 subjunxit:
1178 2727 1435 2798 Nunquid
1483 2728 1783 2781 secundum
1827 2729 2005 2782 homi-

357 2839 482 2879 nem
514 2824 632 2878 haec
659 2819 816 2875 dico?
843 2816 1016 2881 Quasi
1051 2816 1268 2870 diceret
1291 2834 1304 2870 :
1336 2820 1417 2871 Ne
1449 2816 1664 2886 putetis
1690 2834 1780 2870 me
1803 2835 2008 2871 secun—

362 2913 503 2967 dum
534 2909 857 2965 humanam
882 2904 1227 2977 sapientiam
1252 2904 1531 2969 locutum,
1559 2906 1655 2958 sed
1684 2906 2006 2959 secundum

363 3000 641 3056 divinam.
672 2998 741 3051 Et
769 2994 968 3050 volens
998 2994 1106 3049 hoc
1127 2993 1322 3064 ipsum
1348 2993 1683 3048 testimonio
1709 2993 1856 3064 legis
1880 3010 2011 3048 con-

364 3090 620 3152 ﬁrmare,
657 3082 994 3154 subjunxit:
1031 3084 1112 3136 Λη
1141 3088 1193 3135 et
1228 3082 1316 3135 lex
1336 3082 1449 3135 haec
1477 3097 1584 3135 non
1632 3081 1810 3136 dicit?
1861 3082 2008 3137 Scri-

366 3179 528 3249 ptum
559 3178 676 3230 est:
707 3188 816 3227 non
847 3171 1106 3239 alligabis
1135 3170 1310 3237 (Deut.
1346 3186 1508 3234 xxvv,
1542 3171 1619 3237 4),
1673 3175 1778 3224 etc.
1830 3172 1890 3224 In
1943 3189 2008 3226 eo

368 3264 523 3335 quod
545 3261 761 3317 Paulus
784 3260 1029 3328 loquens
1051 3258 1121 3312 de
1141 3258 1293 3311 Novo
1308 3258 1704 3325 Testamento,
1728 3259 1798 3312 de
1819 3258 2007 3313 Veteri

2113 691 2481 761 (Isai.1,10),
2540 693 2647 742 etc.
2709 687 2986 757 Nunquid
3044 686 3167 741 haec
3228 684 3533 756 allegorice
3564 686 3746 741 discu-

2109 780 2350 832 tienda?
2379 779 2447 831 Et
2478 794 2609 831 cum
2644 776 2887 845 legitur:
2926 775 3037 830 Non
3072 776 3265 829 arabis
3315 776 3374 828 in
3407 776 3535 829 bove
3563 776 3743 841 simul,

2109 876 2158 922 et
2186 870 2348 922 asino
2384 868 2564 933 (Deut.
2633 883 2769 932 xxii,
2832 866 2954 930 10);
3016 868 3108 918 et:
3168 864 3245 917 Ne
3304 863 3502 917 induas
3560 867 3747 917 vestem

2110 956 2286 1024 (Deut.
2318 972 2454 1018 xxii,
2492 954 2768 1019 —l1;Zairli.
2808 971 2891 1015 ιιι,
2923 954 2996 1021 4),
3031 957 3175 1017 etc.;
3227 957 3284 1006 et
3307 970 3324 1004 :
3357 953 3473 1006 Non
3504 952 3750 1020 alligabis

2110 1059 2166 1097 os
2202 1043 2321 1097 bovi
2350 1044 2521 1111 (Deut.
2555 1060 2681 1108 xxv,
2719 1044 2781 1105 fi;
2818 1043 3008 1111 (ICor.
3043 1058 3098 1094 1x
3128 1042 3163 1093 9
3194 1058 3206 1107 ;
3273 1041 3321 1110 (Ι
3352 1041 3486 1094 Tim.
3536 1057 3590 1107 v,
3646 1041 3745 1106 13],

2110 1136 2243 1200 etc.,
2280 1131 2542 1201 nunquid
2579 1130 2925 1201 simpliciter
2956 1134 3093 1184 sunt
3125 1128 3552 1199 intelligenda?
3607 1128 3746 1183 Non.

2112 1220 2221 1274 Sed
2254 1224 2486 1289 tegmen
2517 1218 2909 1288 abjieiendum
2944 1221 3052 1281 est,
3088 1221 3142 1270 et
3202 1218 3421 1271 candor
3473 1216 3748 1288 allegoriae

2113 1309 2600 1362 manit'estandus.
2627 1307 2772 1372 Quid
2800 1323 2902 1377 per
2916 1322 3100 1377 aquas
3124 1305 3442 1376 canalium,
3463 1305 3572 1359 nisi
3596 1322 3753 1361 sacra

2112 1397 2412 1467 Scriptura
2431 1396 2616 1458 ?Quid
2652 1412 2753 1465 per
2775 1394 3003 1455 arietes,
3035 1395 3146 1449 nisi
3172 1393 3415 1449 scientia
3440 1393 3467 1447 ‘?
3489 1395 3633 1459 Quid
3657 1410 3753 1464 per

2112 1503 2265 1551 oves,
2302 1485 2411 1538 nisi
2444 1485 2594 1538 actio
2628 1488 2799 1553 atque
2830 1484 3071 1537 intentio
3131 1482 3522 1554 designatur?
3571 1483 3750 1554 Virgae

2115 1575 2171 1627 in
2204 1574 2506 1628 canalibus
2541 1579 2870 1642 ponuntur;
2903 1572 3041 1643 quia
3085 1571 3351 1643 exempla
3408 1571 3657 1637 Patrum
3698 1572 3751 1625 in

2114 1680 2277 1717 sacra
2308 1662 2604 1732 Scriptura
2649 1662 3005 1715 inseruntur.
3038 1662 3203 1715 Aries
3249 1677 3379 1716 vero
3429 1660 3759 1732 praeminet

2115 1752 2201 1804 ovi
2230 1769 2243 1817 ;
2278 1750 2417 1822 quia
2451 1750 2756 1804 rationalis
2789 1750 3037 1804 scientia
3076 1755 3287 1804 nostra:
3337 1749 3553 1804 actioni
3590 1753 3754 1820 atque

2117 1840 2429 1895 intentioni
2464 1857 2575 1909 prm
2590 1841 2787 1892 fertur.
2821 1840 2904 1893 Ad
2930 1843 3230 1910 aspectum
3257 1839 3554 1909 virgarum
3577 1838 3758 1893 varios

2116 1929 2453 1999 concipiunt
2486 1930 2633 1982 fctus
2664 1946 2675 1993 ;
2702 1929 2840 1997 quia
2858 1945 2962 1982 nos
2979 1926 3242 1997 exempla
3263 1932 3599 1982 sanctorum
3626 1943 3754 1981 con-

2115 2018 2462 2082 siderantes,
2489 2017 2678 2069 varias
2710 2017 2966 2070 actiones
2999 2017 3133 2070 boni
3165 2016 3356 2087 operis
3387 2032 3752 2088 generamus.

2116 2106 2272 2167 Quod
2309 2124 2416 2159 sua
2449 2106 2602 2159 dicta
2632 2104 2882 2159 aliorum
2914 2105 3195 2175 exemplis
3245 2106 3498 2159 debeant
3550 2105 3754 2159 contir-

2116 2211 2294 2261 mare,
2332 2194 2739 2247 manifestatur
2770 2193 2873 2260 ibi,
2906 2194 3005 2247 ubi
3036 2193 3250 2263 legitur
3282 2193 3625 2266 praecepisse
3654 2194 3758 2248 Do-

2116 2283 2364 2336 minum.
2407 2282 2587 2353 Moysi
2624 2283 2807 2336 facere
2867 2281 3171 2335 columnas
3216 2287 3524 2352 argenteas
3573 2281 3758 2353 (Exod.

2114 2388 2263 2436 xxw,
2306 2371 2419 2440 27),
2470 2376 2525 2425 ct
2564 2371 2623 2424 in
2674 2370 2919 2424 circuitu
2962 2371 3202 2425 fundere
3250 2369 3497 2441 paxillos
3568 2386 3759 2436 aereos,

2115 2461 2328 2529 quibus
2352 2459 3265 2526 sustentareturtabernaculum,
3296 2476 3365 2515 ne
3386 2459 3440 2514 vi
3459 2464 3762 2516 ventorum

2113 2554 2459 2603 versaretur.
2495 2548 2599 2602 Per
2632 2548 2936 2603 columnas
2951 2554 3257 2619 argenteas
3279 2549 3599 2619 scriptores
3627 2546 3762 2602 Novi

2114 2637 2463 2691 Testsmenti
2500 2637 2982 2706 signantur.Quid
3008 2654 3108 2707 per
3131 2636 3395 2707 paxillos,
3417 2637 3533 2692 nisi
3550 2636 3766 2692 Veteris

2117 2725 2477 2779 Testamenti
2510 2726 2824 2796 scriptores
2857 2742 2957 2795 per
2988 2725 3433 2781 tabernaculum
3465 2724 3767 2780 Ecclesia?

2117 2814 2418 2868 Columnis
2450 2830 2585 2884 ergo
2619 2815 2674 2867 in
2704 2813 2947 2867 circuitu
2974 2814 3168 2885 paxilli
3197 2815 3612 2885 residentquia
3630 2813 3771 2869 Novi

2116 2903 2473 2956 Testamenti
2509 2903 2819 2973 scriptores
2852 2920 2958 2958 sua
2988 2904 3144 2958 dicta
3176 2903 3456 2974 exemplis
3506 2908 3765 2959 veterum

2119 2992 2465 3045 confirmare
2496 2992 2755 3046 student.
2792 2992 2943 3047 Bene
2974 2993 3125 3047 enim
3152 2992 3437 3046 columna:
3456 2996 3767 3065 argenteae,

2120 3085 2177 3134 et
2209 3080 2402 3151 paxilli
2436 3080 2577 3135 aenei
2607 3081 2787 3135 fuisse
2822 3086 3259 3143 memorantur;
3296 3080 3432 3152 quia
3460 3087 3770 3154 argentum

2120 3174 2289 3223 sonat
2311 3175 2366 3223 et
2391 3168 2678 3239 splendet.
2696 3169 3019 3241 Scriptores
3043 3169 3180 3224 Novi
3205 3170 3597 3236 Testamenti,
3622 3169 3772 3242 quod

2122 3263 2466 3322 sonuerunt,
2498 3258 3059 3324 manifestavcrunt;
3113 3276 3188 3311 aes
3233 3274 3365 3311 vero
3416 3264 3617 3326 sonat,
3678 3258 3771 3313 sed

366 3324 738 3409 'i‘estamento
798 3363 1037 3403 sumens
1092 3346 1443 3417 exemplum,
1523 3346 1849 3401 confirmat.
1921 3348 2007 3402 id-
2041 3324 2083 3389 C
2124 3364 2236 3401 non
2271 3347 2558 3418 splendet,
2596 3349 2733 3418 quia
2763 3348 3079 3418 scriptores
3112 3346 3337 3402 Veteris
3383 3348 3772 3414 Testamenti,

366 3442 564 3513 ipsum
622 3437 877 3493 ostendit
932 3434 1301 3490 concordiam
1362 3434 1507 3505 legis
1560 3439 1615 3489 et
1688 3436 2003 3505 Evangelii.

366 3528 632 3586 Ostendit
676 3527 849 3582 etiam
911 3523 1404 3594 allegorizandum
1449 3540 1593 3578 esse.
1676 3525 2009 3579 Manil‘estat

364 3616 752 3675 nihilominus
774 3615 1039 3668 doctores
1067 3613 1340 3665 suadicta
1364 3611 1646 3681 exemplis
1670 3620 2004 3667 sanctorum

365 3706 711 3763 conﬁrmare
741 3703 970 3757 debere.
1004 3701 1149 3755 Nam
1208 3700 1360 3770 quod
1410 3716 1527 3753 una
1577 3700 1651 3753 sit
1700 3704 2006 3756 concordia

366 3796 514 3869 legis
536 3799 593 3849 et
620 3789 938 3862 Evangelii,
968 3789 1085 3854 hic,
1116 3794 1171 3842 et
1203 3789 1260 3843 in
1292 3787 1501 3843 litteris
1546 3788 1769 3845 Veteris
1812 3793 2007 3847 Testa-

366 3884 552 3940 menti
584 3880 1009 3937 manifestatur.
1036 3878 1271 3949 Legitur
1291 3879 1445 3931 enim
1470 3879 1775 3933 Dominum
1804 3897 2009 3951 praece-

367 3973 525 4045 pisse
544 3972 730 4025 facere
754 3968 930 4040 Moysi
955 3969 1100 4021 duos
1123 3966 1425 4020 cherubim
1446 3983 1513 4020 ex
1536 3984 1675 4021 auro
1691 3969 2007 4039 purissimo

368 4060 558 4132 (Exod.
590 4076 721 4126 xxv,
760 4058 867 4128 18),
898 4056 997 4128 qui
1021 4056 1202 4110 versis
1226 4054 1484 4108 vultibus
1528 4072 1588 4110 se
1634 4058 2006 4126 respicerent,

366 4153 629 4221 tegentes
661 4145 1123 4218 propitiatorium
1159 4143 1339 4213 (Ibid,
1366 4145 1478 4214 ‘20).
1512 4145 1656 4209 Quid
1714 4162 1813 4215 per
1861 4148 2009 4202 duos

367 4236 670 4294 cherubim
703 4236 872 4307 (610),
908 4234 1006 4305 qui
1030 4233 1490 4303 interpretantur
1510 4233 1809 4301 plenitudo
1834 4235 2011 4288 scien-

368 4326 485 4395 tiae,
511 4324 747 4380 nisiduo
761 4324 1135 4379 Testamenta
1150 4321 1463 4392 signantur
1484 4320 1509 4373 ‘2
1533 4320 1729 4375 Versis
1752 4321 2011 4376 vultibus

367 4431 431 4471 se
453 4413 776 4486 respiciunt
795 4429 808 4479 ;
824 4411 961 4481 quia
984 4409 1147 4465 nulla
1170 4410 1226 4463 in
1251 4408 1367 4463 illis
1389 4408 1679 4463 discordia
1696 4409 2008 4464 invenitur.

365 4503 601 4574 thuod
626 4506 859 4572 tegmen
885 4499 960 4553 sit
976 4498 1303 4569 abjicieudu
1316 4515 1393 4565 ni,
1411 4503 1475 4551 ut
1488 4499 1705 4552 candor
1722 4497 2010 4569 allegoriae

365 4593 663 4663 appareat,
683 4588 762 4642 ibi
779 4586 1124 4655 ostenditur,
1142 4587 1238 4640 ubi
1254 4587 1485 4657 legitur,
1517 4588 1653 4658 quia
1678 4587 1813 4641 tulit
1832 4588 2010 4642 Jacob

2122 3437 2277 3507 quod
2313 3442 2658 3502 sonuerunt,
2696 3454 2809 3491 non
2844 3437 3244 3492 ostenderunt.

2186 3527 2704 3596 Nescitis,quonimn
2725 3527 2821 3596 qui
2843 3527 2901 3579 in
2923 3526 3164 3580 sacrario
3188 3529 3509 3596 operantur,
3536 3530 3652 3582 etc.
3700 3525 3782 3580 Di-

2116 3614 2297 3668 versis
2314 3630 2564 3683 namque
2588 3613 3079 3667 similitudinibus
3096 3615 3349 3669 ostendit
3365 3615 3649 3686 superius
3671 3613 3778 3669 sibi

2116 3718 2181 3755 SH
2195 3702 2359 3771 isque
2373 3700 2664 3755 similibus
2678 3700 2901 3755 licitum
2918 3701 3035 3756 fore
3048 3703 3309 3773 accipere
3323 3704 3395 3757 ab
3410 3703 3781 3759 auditoribus

2118 3806 2363 3860 quaeque
2394 3789 2741 3843 necessaria.
2777 3789 2883 3852 Qui
2914 3792 2968 3842 in
3004 3797 3193 3861 empta
3216 3791 3548 3848 intentione
3580 3807 3777 3864 perse-

2117 3895 2323 3933 verans
2355 3878 2529 3932 dicit:
2564 3879 2791 3932 Nescitis
2822 3882 3082 3949 quoniam
3112 3882 3206 3952 qui
3254 3883 3313 3934 in.
3360 3882 3614 3936 sacrario
3664 3894 3775 3951 ope-

2120 3971 2333 4032 rantur,
2366 3972 2473 4021 ete.
2509 3967 2613 4021 Ubi
2648 3970 2970 4022 notandum
3005 3970 3143 4039 quia
3192 3972 3305 4024 duo
3356 3970 3534 4025 dicit:
3583 3971 3780 4025 Sacra-

2120 4057 2272 4111 rium
2305 4057 2571 4111 videlicet
2602 4062 2837 4126 propter
2862 4058 3130 4128 gentiles,
3157 4059 3255 4128 qui
3283 4058 3337 4112 in
3365 4059 3651 4115 sacrariis
3671 4057 3777 4113 diis

2121 4146 2243 4199 suis
2276 4146 2701 4211 sacrificabant,
2736 4151 2792 4200 et
2826 4146 2956 4200 inde
2987 4147 3273 4213 edebant;
3324 4146 3510 4204 altare
3563 4148 3781 4220 quippe

2124 4239 2357 4303 propter
2387 4233 2639 4300 Judzeos,
2674 4250 2922 4303 quorum
2974 4237 3306 4290 sacerdotes
3359 4254 3544 4308 super
3601 4236 3781 4291 altare

2127 4321 2351 4375 Domini
2387 4320 2605 4376 hostias
2630 4322 2971 4390 offerebant,
3001 4329 3057 4379 ct
3106 4341 3238 4379 cum
3288 4326 3496 4381 eodem
3543 4324 3781 4398 partici-

2124 4412 2359 4482 pabant.
2394 4410 2539 4473 Quia
2592 4417 2941 4482 praeceptum
2991 4418 3113 4468 erat
3156 4416 3349 4483 (Leuit.
3402 4432 3510 4481 vn,
3566 4415 3780 4480 32-33).

2124 4516 2354 4553 armum
2388 4500 2649 4571 accipere
2681 4502 2946 4556 dextrum
2982 4503 3226 4574 mystice
3258 4508 3503 4575 propter
3564 4505 3781 4560 bonam

2123 4590 2601 4658 operationem,et
2618 4589 3020 4659 pectusculum
3047 4592 3434 4663 separationis
3457 4594 3653 4664 (Ibid.,
3671 4593 3780 4658 34).

361 4679 557 4750 virgas
586 4674 1015 4748 amygdalinas,
1077 4674 1352 4744 populeas
1410 4675 1562 4742 (Gen.
1615 4695 1744 4739 xxx,
1798 4678 2090 4752 37οι11),1)
2130 4676 2647 4748 videlicetpmpter
2668 4678 3782 4751 scientiam:qua3longeabauditorum

363 4773 420 4824 et
451 4764 826 4822 decorticavit
848 4780 966 4825 eas,
988 4761 1121 4817 etin
1148 4762 1450 4817 canalibus
1474 4765 1697 4834 posuit:
1723 4783 1859 4837 grex
1881 4783 2012 4821 vero

360 4856 600 4911 veniens
623 4854 694 4909 ad
729 4853 1073 4919 bibendum,
1096 4850 1455 4921 prospiciens
1475 4853 1669 4923 virgas
1692 4856 1746 4906 in
1772 4856 1897 4925 ipso
1924 4873 2014 4910 ea-

366 4945 483 4999 lore
507 4944 715 5008 coitus,
749 4941 1105 4995 variosfetus
1138 4938 1517 5009 concipiebat.
1540 4940 1685 5001 Quid
1722 4944 1875 4996 enim
1913 4962 2014 5014 per

363 5031 576 5102 virgas,
611 5030 723 5084 nisi
757 5034 1093 5083 sanctorum
1128 5026 1392 5097 exempla
1424 5031 1681 5093 Patrum,
1709 5030 2013 5098 signatur?

369 5120 474 5173 Per
502 5118 632 5184 hoc,
658 5118 809 5187 quod
838 5117 1211 5172 deeorticavit
1232 5133 1349 5183 eas,
1377 5120 1432 5169 et
1455 5116 1609 5169 unde
1632 5123 1823 5171 cortex
1848 5120 2009 5173 abla-

371 5212 464 5260 tus
495 5210 604 5271 est,
638 5205 854 5259 candor
882 5208 1171 5276 apparuit,
1206 5209 1262 5257 et
1297 5204 1391 5258 ubi
1415 5205 1716 5271 remansit,
1743 5206 2010 5262 viriditas

369 5292 550 5358 stetit,
584 5293 912 5347 ostenditur
943 5310 1107 5347 sacra
1136 5293 1437 5363 Scriptura
1468 5293 1677 5363 partim
1706 5292 2009 5363 allegorice

369 5396 499 5436 esse
530 5379 917 5445 discutienda,
966 5380 1179 5450 partim
1238 5380 1492 5435 historia:
1536 5382 1831 5435 veneratio
1882 5399 2008 5436 ser-

365 5470 575 5524 vanda.
609 5468 749 5522 Ecce
781 5466 1023 5537 legitur:
1058 5468 1261 5536 Diliges
1295 5470 1583 5523 Dominum
1640 5472 1809 5524 Deum
1854 5479 2009 5526 tuum

439 5627 584 5700 (610)
616 5627 702 5680 Ab
735 5625 971 5700 Hebraea
1024 5627 1454 5700 voce_cherub,
1506 5644 1634 5700 qum
1684 5630 2002 5700 aliquando

363 5696 615 5756 vitulum
643 5713 744 5752 seu
780 5696 984 5751 bovem
1015 5697 1345 5757 significat:
1405 5696 1555 5752 unde
1605 5701 1664 5754 in
1710 5696 2005 5757 Ezechiele

361 5790 401 5852 ι,
431 5770 522 5845 40,
554 5772 611 5829 et
638 5785 696 5842 x,
724 5767 816 5839 20,
851 5766 1027 5826 facies
1058 5766 1276 5825 cherub
1301 5771 1359 5824 et
1387 5767 1561 5827 facies
1610 5771 1773 5828 bovis
1822 5772 2004 5829 veluti

2124 4770 2390 4834 separata
2418 4765 2534 4819 fore
2558 4766 2726 4819 debet
2746 4766 3020 4835 scientia;
3047 4768 3187 4838 quia
3208 4769 3547 4826 ostenditse
3566 4770 3783 4825 habere

2124 4858 2495 4925 potestatem:
2530 4853 2674 4908 dixit
2705 4859 2897 4909 tamen
2931 4872 2991 4909 se
3023 4858 3222 4911 eadem
3276 4874 3389 4912 non
3443 4876 3657 4925 usum,
3709 4874 3779 4912 ne

2125 4944 2267 5021 forte
2301 4942 2592 4995 videretur
2624 4944 2713 4997 his
2748 4962 2857 4998 non
2895 4944 3175 5017 indigere,
3235 4947 3335 5001 sed
3365 4948 3572 5018 potius
3596 4948 3783 5003 abun-

2123 5032 2276 5085 dare.
2300 5032 2546 5100 ldcoque
2571 5033 2873 5101 subjunxit
2898 5049 2909 5087 :
2937 5036 3055 5087 Non
3081 5037 3278 5105 scripsi
3300 5043 3491 5090 autem
3506 5037 3653 5104 hare,
3672 5041 3780 5092 etc.

2122 5119 2294 5183 Quasi
2330 5120 2574 5173 diceret:
2614 5120 2686 5173 Ut
2716 5122 2868 5190 quod
2902 5121 3185 5178 hactenus
3222 5125 3435 5177 factum
3501 5143 3624 5180 non
3675 5129 3781 5193 est,

2120 5209 2392 5277 deinceps
2430 5209 2545 5261 fiat.
2576 5211 2939 5280 Quapropter
2970 5217 3025 5265 et
3078 5212 3371 5282 sequitur:
3428 5218 3660 5269 Bonum
3709 5216 3786 5268 est

2118 5298 2259 5350 milii
2290 5299 2463 5361 magis
2496 5298 2653 5367 mori,
2685 5303 2791 5352 etc.
2846 5303 2962 5353 Hoc
3006 5300 3134 5354 ideo
3191 5301 3354 5370 dicit,
3407 5304 3557 5372 quia
3608 5303 3783 5358 etiam

2120 5391 2313 5437 mente
2354 5384 2706 5439 delibaverat
2764 5403 2825 5440 se
2876 5386 3019 5440 nihil
3071 5406 3103 5442 a
3152 5390 3276 5443 suis
3329 5390 3624 5461 accipere.
3662 5390 3784 5446 Ele-

2117 5476 2279 5542 gerat
2310 5474 2499 5541 potius
2534 5477 2779 5528 mortem
2808 5475 3000 5529 carnis
3032 5476 3349 5544 incurrere,
3383 5495 3574 5549 quam
3595 5486 3783 5535 Evan-

2116 5648 2438 5714 synonyma
2469 5632 2782 5714 habentur;
2817 5635 3134 5707 aliquando
3157 5637 3333 5693 etiam
3359 5637 3580 5697 fortem
3600 5645 3660 5697 et
3680 5657 3781 5714 p0-

2119 5707 2333 5758 tentem
2367 5707 2659 5775 exprimit.
