3942 6408
198 498 324 564 369

775 497 1194 565 EXPOSlTlO
1238 500 1316 564 IN
1366 503 1797 567 EPISTOLAS
1844 506 2101 569 PAULI.
2138 541 2215 551 —
2264 510 2342 569 ΙΝ
2389 509 2696 574 EPIST.I
2742 514 2847 574 AD
2893 512 3071 577 COR.

3520 515 3637 578 370

188 634 413 709 gelium
445 633 647 691 venale
669 634 1002 692 ostendere.
1038 635 1289 692 Gloriam
1312 654 1479 692 suam
1510 637 1670 693 illam
1695 639 1857 707 dicit,
1890 648 1943 714 Α
1986 647 2043 698 et
2075 645 2369 701 nutriebat
2399 663 2538 702 suos
2572 648 3012 716 auditores,non
3036 645 3227 706 solum
3252 646 3476 724 eos,qui
3509 666 3637 724 per-

189 742 373 798 quam
408 724 663 780 habebat
682 724 835 795 apud
860 724 1045 779 Deum
1076 743 1179 796 per
1197 726 1401 781 Jesum
1427 726 1866 799 christum,qua

190 813 473 870 omnibus
489 831 592 885 per
610 812 1009 869 humilitatem
1027 817 1504 871 condescendens
1522 834 1581 871 se
1609 817 1863 873 similem

193 905 279 961 eis
315 904 619 960 reddebat.

264 992 584 1064 Sequitur:
618 993 680 1047 Si
712 994 1161 1063 evangetimvero
1198 995 1601 1065 (subauditur,
1639 996 1766 1050 ideo
1802 1004 1866 1051 ut

192 1081 309 1137 hoc
339 1081 420 1136 ita
452 1082 552 1136 liat
583 1080 642 1136 in
676 1081 788 1153 me)
842 1099 951 1137 non
986 1092 1064 1138 cst
1097 1083 1239 1137 mihi
1268 1085 1466 1152 gloria.
1504 1086 1739 1148 Quare?
1775 1087 1867 1140 Ne-

186 1173 415 1227 cessitas
447 1172 596 1225 enim
628 1172 766 1225 mihi
794 1172 1054 1226 iscumbz’t
1084 1172 1191 1226 hoc
1215 1178 1444 1233 estmnn
1488 1174 1675 1229 habeo
1711 1176 1867 1229 unde

189 1266 513 1316 sustenter.
551 1259 711 1316 Unde
769 1264 826 1315 et
858 1261 1203 1332 subjungit:
1263 1264 1345 1316 Va:
1380 1264 1525 1317 mihi
1554 1275 1650 1329 cst,
1683 1265 1734 1317 si
1761 1281 1867 1319 non

186 1350 676 1419 evangetizavero:
704 1348 810 1403 hoc
834 1350 1103 1418 est,malo
1130 1366 1256 1404 meo
1281 1368 1394 1405 non
1424 1352 1864 1422 evangelizabo;

185 1439 331 1511 quia
362 1438 517 1494 fame
550 1438 877 1493 cruciabor.
915 1455 1030 1493 non
1064 1438 1285 1493 habens
1323 1441 1475 1494 unde
1509 1440 1722 1495 vivam.
1757 1442 1863 1496 Se-

187 1527 436 1599 quitur:
462 1526 525 1582 Si
560 1530 710 1583 enim
743 1524 927 1582 volens
955 1528 1642 1597 evangelz"..aver0,etc.His
1676 1530 1864 1583 verbis

185 1616 453 1672 ostendit
482 1616 737 1687 qualiten
764 1616 1284 1687 evangelizandum
1318 1619 1412 1681 sit,
1454 1617 1560 1671 hoc
1586 1620 1863 1689 est,quod

186 1705 386 1761 omnis
420 1704 554 1760 linis
578 1704 887 1775 Evangelio
912 1706 988 1760 sit
1016 1707 1486 1761 constituendus.
1528 1708 1689 1771 Quod
1724 1724 1861 1762 cum

190 1794 281 1861 ﬁt,
314 1793 647 1850 voluntaria
700 1799 788 1850 est
818 1794 1173 1866 praedicatio,
1209 1812 1385 1866 quam
1419 1801 1699 1866 sequetur
1736 1814 1863 1867 per-

195 1888 378 1956 petua
408 1882 825 1939 remuneratio.

1976 734 2125 787 versi
2158 741 2343 803 erant,
2374 737 2473 791 sed
2507 737 2683 792 etiam
2718 737 2848 793 illos
2882 739 2979 810 qui
3014 740 3161 811 pigri
3209 740 3280 795 ad
3313 740 3465 796 bona
3495 757 3629 813 ope-

1978 824 2226 878 randum
2256 843 2268 889 ;
2303 842 2608 897 quousque
2645 828 2715 882 ad
2766 828 2873 883 iter
2905 833 3247 899 provocarat
3295 828 3525 894 salutis,
3558 846 3631 885 ne

1980 912 2124 967 forte
2146 913 2355 968 acriter
2367 932 2426 967 se
2452 916 2779 986 increpatos
2792 916 3463 984 dolentes,scandalizati
3482 934 3634 973 rece-

1981 1003 2202 1057 derent.
2226 1004 2291 1057 Et
2314 1003 2421 1058 hoc
2446 1005 2773 1073 sciendum,
2798 1006 2935 1076 quia
2958 1023 3070 1062 non
3104 1006 3273 1078 quasi
3296 1007 3632 1063 simulando

1978 1108 2059 1155 se,
2092 1093 2346 1146 omnibus
2370 1096 2557 1148 omnia
2588 1095 2806 1149 factum
2832 1096 2992 1162 dicit,
3024 1097 3178 1167 quod
3203 1101 3291 1151 est
3322 1096 3633 1153 simulato-

1978 1198 2147 1243 rum;
2185 1199 2298 1236 non
2334 1182 2507 1236 etiam
2538 1184 2876 1239 mentientis
2908 1191 3059 1250 astu,
3094 1186 3195 1241 sed
3220 1186 3632 1259 compatientis

1979 1270 2187 1324 adeetu
2218 1288 2230 1337 ;
2267 1288 2381 1325 non
2413 1271 2661 1327 aliorum
2714 1272 2868 1328 mala
2906 1274 3216 1339 imitando,
3248 1276 3348 1331 sed
3384 1274 3633 1331 aliorum

1980 1358 2135 1412 omni
2148 1376 2243 1412 um
2264 1359 2431 1413 malis
2447 1361 2723 1415 omnibus
2737 1363 3228 1433 compatiendo,et
3242 1363 3635 1419 misericordis

1982 1446 2282 1501 medicina)
2317 1448 2603 1503 medelam
2637 1452 3024 1520 prOcurando.

2052 1535 2368 1605 Sequitur:
2428 1539 2618 1591 Factus
2674 1555 2803 1592 sum
2856 1539 3064 1595 Iudaeis
3096 1548 3357 1610 tanquam
3385 1541 3631 1610 luamus,

1978 1628 2086 1678 etc.
2124 1625 2235 1679 Iste
2267 1626 2422 1679 enim
2457 1644 2573 1680 non
2622 1626 2938 1682 simulandi
3001 1629 3217 1696 studio,
3262 1630 3363 1684 sed
3396 1645 3632 1701 compa-

1979 1713 2158 1765 tiendi
2193 1712 2699 1783 aiI'ectu,servabat
2720 1715 2887 1770 illam
2918 1716 3222 1788 antiquam
3254 1718 3631 1774 consuetudi-

1980 1816 2113 1854 nem
2134 1801 2567 1871 Judzeorum,ut
2586 1804 2674 1858 vel
2703 1821 2829 1859 eam
2864 1806 3198 1861 ostenderet
3216 1824 3250 1861 a
3274 1808 3385 1863 Deo
3408 1807 3631 1874 datam,

1969 1891 2144 1959 juxta
2184 1890 2285 1944 Dei
2316 1890 2765 1962 dispositionem
2796 1909 2985 1964 usque
3011 1895 3083 1950 ad
3116 1899 3350 1967 tempus
3380 1896 3631 1967 praeﬁni-

269 1972 583 2045 Sequitur:
619 1970 680 2027 Si
712 1981 890 2027 autem
921 1974 1147 2039 invitus,
1190 1974 1530 2044 dispensatio
1562 1975 1701 2028 mihi
1748 1990 1864 2029 cre-
1900 2013 1947 2076 B
1980 1982 2127 2047 tum,
2148 1977 2235 2033 vel
2268 1984 2420 2033 certe
2451 1996 2579 2034 eam
2612 1999 2645 2035 a
2677 1982 2979 2053 sacrilegis
2997 1988 3294 2055 separaret
3324 1984 3631 2056 gentilium

198 2061 324 2117 dita
353 2066 454 2117 est.
488 2062 558 2116 Et
606 2066 697 2116 est
753 2078 1005 2116 sensus:
1063 2062 1120 2115 Si
1174 2070 1410 2133 propter
1456 2063 1865 2118 necessitatem

202 2149 550 2222 temporalis
579 2150 711 2207 vitae
746 2149 1018 2222 praedico,
1070 2151 1430 2222 dispensatio
1476 2152 1618 2206 mihi
1651 2153 1868 2207 credita

202 2244 329 2308 est;
366 2240 504 2311 quia
527 2238 627 2294 alii
653 2256 754 2311 per
776 2256 869 2293 me
890 2240 1110 2293 bonum
1136 2257 1311 2294 suum
1336 2240 1649 2310 accipiunt,
1678 2242 1731 2295 id
1756 2245 1863 2307 est,

202 2327 611 2401 Evangelium,
646 2328 802 2400 quod
834 2333 1072 2383 amant:
1127 2333 1182 2383 et
1212 2345 1316 2399 ego
1350 2330 1618 2385 mercede
1651 2330 1863 2401 privor,

200 2417 363 2490 quod
396 2417 617 2473 malum
649 2417 813 2472 valde
835 2419 1030 2472 est.Ac
1066 2420 1246 2481 nel'as,
1276 2423 1510 2489 propter
1535 2418 1867 2473 necessaria

196 2506 549 2578 temporalis
582 2506 727 2573 vitae,
754 2506 1011 2577 aliquem
1036 2508 1391 2578 praedicare;
1428 2509 1565 2579 quia
1588 2510 1714 2577 jam
1750 2526 1864 2562 non

198 2596 517 2668 praemium
551 2595 969 2667 evangelicum,
1004 2597 1103 2651 sed
1128 2598 1379 2667 pretium
1410 2597 1691 2667 qureritur
1720 2615 1731 2652 :
1759 2614 1861 2652 ceu

196 2702 413 2741 servus
444 2685 710 2753 inutilis;
742 2686 896 2756 quod
922 2691 1156 2757 accepto
1185 2687 1397 2751 ofﬁcio,
1432 2687 1730 2741 conservis
1756 2704 1864 2740 an-

197 2791 419 2831 nonam
456 2774 679 2839 tribuit,
713 2779 769 2829 et
792 2775 915 2829 solo
947 2776 1074 2829 cibo
1098 2780 1430 2840 contentus,
1458 2777 1722 2829 mercede
1748 2776 1863 2845 pri-

196 2868 392 2921 vatur.
424 2865 791 2934 Quapropter
849 2863 1388 2935 evangelizandum.
1444 2881 1553 2917 non
1630 2869 1865 2935 propter

199 2950 556 3007 transitorize
588 2951 717 3005 vita)
751 2952 1102 3020 mercedem,
1137 2954 1237 3007 sed
1265 2958 1491 3007 (eterna)
1525 2970 1862 3008 remunera-

198 3040 446 3096 tionem.
478 3042 551 3094 At
579 3056 714 3094 vero
762 3040 902 3111 quia
933 3040 1071 3095 alibi
1116 3058 1177 3096 se
1210 3041 1522 3112 Apostolus
1555 3043 1863 3111 dispensa-

199 3135 390 3185 torem
421 3129 481 3184 in
514 3129 668 3184 bono
699 3128 863 3194 dicit,
888 3131 943 3184 et
969 3128 1063 3183 hic
1086 3128 1584 3201 dispensationem
1618 3131 1673 3184 in
1712 3130 1863 3185 malo

198 3218 387 3291 ponit,
422 3235 492 3275 ne
514 3217 847 3288 contrarius
868 3218 958 3273 sui
983 3218 1271 3289 videatur,
1298 3218 1601 3273 sciendum
1626 3224 1713 3273 est
1736 3237 1863 3274 esse

201 3324 461 3374 servum,
496 3307 595 3379 qui
622 3306 832 3362 transit
854 3307 923 3361 ad
949 3306 1201 3362 ﬁliorum
1225 3308 1606 3379 Optionem,et
1630 3308 1861 3363 illarum

1980 2067 2183 2122 sacris.
2221 2073 2350 2139 Ipse
2383 2069 2584 2135 etiam,
2621 2070 2872 2141 diligens
2902 2071 3234 2143 proximum
3267 2089 3443 2129 suum
3477 2078 3541 2128 ut
3570 2089 3633 2128 se

1980 2155 2196 2226 ipsum,
2230 2173 2343 2211 non
2371 2156 2628 2225 fallebat,
2655 2160 3025 2224 sed,omnino
3051 2177 3166 2216 non
3199 2160 3635 2233 fallens,prasfa-

1984 2248 2105 2297 tam
2134 2245 2405 2299 servabat
2434 2248 2943 2313 consuetudinem,
2976 2252 3041 2303 ut
3069 2265 3166 2304 eos
3197 2249 3283 2304 vel
3316 2250 3387 2305 ab
3419 2250 3519 2306 illo
3549 2268 3635 2305 er-

1980 2348 2107 2386 rore
2140 2350 2255 2403 quo
2288 2333 2343 2387 in
2377 2333 2675 2388 Christum
2703 2352 2815 2389 non
2840 2336 3270 2402 credebant,vel
3294 2338 3366 2393 ab
3396 2337 3495 2393 illo
3516 2356 3631 2409 quo

1978 2420 2037 2474 in
2071 2420 2216 2491 legis
2248 2422 2609 2476 cmremoniis
2660 2440 2722 2477 se
2769 2425 3085 2494 sperabant
3123 2442 3365 2479 suorum
3397 2426 3629 2499 veniam

1976 2511 2255 2579 consequi
2286 2515 2680 2581 peccatorum,
2727 2517 2972 2567 erueret.
3030 2513 3309 2569 Servabat
3336 2514 3533 2582 etiam,
3567 2519 3633 2570 ut

1976 2614 2038 2651 se
2070 2600 2403 2653 ostenderet
2434 2617 2551 2653 non
2606 2601 2919 2655 abhorrere
2950 2617 3017 2655 ea
3045 2601 3370 2658 intentione
3425 2619 3549 2677 qua_
3574 2608 3631 2658 et

1976 2685 2195 2741 Patres.
2230 2689 2337 2751 Qui
2396 2694 2586 2741 servat
2615 2689 2789 2743 etiam
2840 2688 3229 2745 intentionem
3263 2708 3379 2761 qua
3403 2691 3623 2758 Patres,

1977 2792 2094 2828 non
2126 2777 2358 2844 erat,ita
2388 2782 2608 2843 tamen,
2645 2782 2710 2831 ut
2736 2778 2794 2832 in
2826 2777 3189 2834 caeremoniis
3238 2779 3384 2851 legis
3414 2796 3531 2836 non
3564 2797 3626 2835 se

1976 2866 2173 2919 credat
2205 2883 2376 2936 posse
2400 2866 2923 2939 sanctiﬁcari,quia
2944 2868 3137 2923 omnis
3160 2869 3545 2925 sanctificatio
3565 2868 3626 2923 in

1975 2953 2204 3008 Christo
2238 2955 2387 3009 facta
2418 2960 2526 3009 est.
2580 2956 2725 3011 Hinc
2755 2960 2844 3011 est
2884 2957 3039 3027 quod
3073 2974 3208 3013 cum
3238 2958 3454 3014 Judaais
3501 2974 3628 3014 ser-

1979 3059 2136 3108 vans,
2170 3060 2285 3098 non
2318 3060 2445 3098 eam
2479 3044 2733 3115 imponit
2772 3044 3123 3101 Gentilibus.

2046 3131 2361 3201 Sequitur:
2396 3133 2492 3186 Itis
2523 3134 2618 3203 qui
2658 3132 2757 3187 sub
2790 3133 2901 3203 lege
2945 3138 3097 3199 sunt,
3130 3138 3275 3201 etc.,
3312 3151 3497 3206 usque
3529 3134 3629 3191 ubi

1976 3219 2113 3273 dicit
2143 3238 2154 3274 :
2189 3222 2384 3275 Factus
2414 3238 2537 3275 sum
2567 3221 2842 3290 inﬁrmus.
2877 3221 3026 3277 Dicit
3054 3222 3164 3279 hoc
3195 3240 3309 3280 non
3344 3224 3629 3280 mentien-

1976 3308 2051 3362 tis
2091 3312 2242 3376 astu,
2295 3310 2395 3363 sed
2455 3310 2866 3381 compatientis
2923 3311 3152 3367 atl'ectu.
3214 3310 3365 3367 Illud
3398 3328 3632 3384 quoque

200 3413 426 3464 rerum,
460 3413 714 3468 quarum
747 3400 836 3450 est
859 3395 1164 3462 Dominus,
1198 3402 1285 3451 est
1315 3400 1369 3451 et
1393 3396 1770 3451 distributor:
1806 3402 1862 3451 et
1893 3379 1934 3445 (ἶ
1974 3397 2300 3467 sciendum,
2327 3398 2466 3467 quia
2488 3379 2723 3453 fuerunt
2749 3399 3012 3455 nonnulli
3035 3402 3135 3472 qui
3168 3379 3442 3455 dixerunt
3461 3379 3630 3456 illum

191 3486 371 3557 juxta
392 3484 501 3540 hoc
521 3502 582 3540 se
608 3484 1077 3555 dispensatorem
1105 3485 1376 3539 dicit.Hic
1406 3503 1536 3540 vero
1560 3487 1865 3556 dispensa-

198 3574 427 3629 tionem
458 3573 517 3627 in
552 3572 706 3627 malo
743 3573 902 3641 dicit,
928 3574 1101 3643 juxta
1122 3573 1250 3643 hoc,
1277 3576 1427 3645 quod
1456 3575 1713 3629 rusticus
1745 3592 1865 3629 ser-

197 3680 312 3717 vus
343 3668 469 3718 est:
507 3661 694 3717 servis
727 3661 1028 3716 ministrat
1068 3679 1382 3727 annonam,
1416 3662 1537 3716 solo
1571 3664 1697 3717 cibo
1730 3680 1866 3717 con-

198 3756 427 3807 tentus.
454 3751 617 3816 Quod
642 3749 1048 3823 sequitur,sub
1073 3750 1526 3823 interrogatione
1554 3752 1863 3823 legendum

199 3846 312 3905 est,
346 3845 406 3894 et
426 3840 842 3911 suspendenda
863 3844 955 3895 est
979 3856 1105 3906 vox,
1132 3856 1439 3910 quousque
1464 3841 1709 3894 redditio
1744 3842 1863 3895 fiat.

170 3930 270 3993 _Et
304 3933 370 3983 ut
403 3929 662 3999 apertius
694 3928 933 3994 clareat,
968 3928 1397 3999 interrogemus
1419 3929 1787 3999 Apostolum,
1812 3935 1868 3983 et

198 4019 478 4073 dicamus
504 4034 515 4071 :
541 4017 585 4072 Ο
606 4016 898 4089 Apostole,
927 4034 1053 4088 quae
1079 4024 1167 4071 est
1189 4034 1411 4071 merces
1436 4022 1556 4082 tua,
1583 4018 1679 4089 qui
1707 4018 1862 4072 illam

200 4105 536 4162 mercedem
570 4121 684 4160 non
720 4105 955 4177 accipis,
982 4123 1110 4176 quae
1145 4105 1275 4161 aliis
1298 4106 1490 4170 datur,
1524 4124 1636 4159 non
1672 4112 1864 4161 tamen

199 4196 274 4251 ob
306 4211 441 4250 eam
500 4193 1011 4265 praedicantibus?
1066 4193 1200 4257 Quae
1258 4194 1333 4248 sit
1390 4194 1766 4249 manifestat:
1804 4197 1869 4251 Ut

191 4285 516 4357 praedicans
546 4283 929 4354 Evangetium.
964 4283 1084 4338 sine
1102 4292 1328 4353 sumptu
1355 4300 1579 4354 ponam,
1614 4283 1722 4338 hoc
1755 4289 1864 4348 est,

198 4372 516 4429 ostendam
548 4370 929 4442 Evangelium
967 4388 1081 4426 non
1114 4388 1241 4426 esse
1275 4376 1716 4443 sumptuosum,
1752 4390 1863 4427 non

198 4462 386 4518 etiam
420 4460 645 4517 venale.

271 4550 451 4605 Redit
484 4549 555 4604 ad
590 4552 939 4621 potestatem
995 4554 1317 4620 acceptam,
1369 4565 1501 4603 cum
1548 4549 1718 4603 dicit:
1749 4550 1867 4603 Non

193 4639 406 4694 abutar
435 4643 700 4709 potestate
732 4654 853 4693 mea
899 4639 961 4692 in
990 4639 1307 4707 Evangelia.
1365 4637 1482 4691 Non
1516 4638 1870 4692 abutebatur

195 4731 496 4800 potestate
519 4744 627 4782 sua
647 4726 705 4781 in
730 4726 1061 4798 Evangelio,
1094 4725 1152 4780 ul
1178 4726 1420 4781 liberius
1440 4726 1870 4796 corrigerentur
1901 4748 1947 4811 D

197 4821 541 4890 peccantes.
566 4815 1029 4871 Ostenditetiam
1058 4831 1118 4871 se
1141 4813 1337 4885 ipsum
1360 4814 1691 4885 exemplum
1718 4814 1866 4881 illis;

196 4923 262 4961 ac
309 4906 360 4961 si
392 4905 649 4960 diceret:
705 4905 762 4959 ln
806 4920 897 4959 me
926 4904 1134 4958 discite
1179 4902 1536 4974 exemplum,
1570 4904 1693 4973 qui,
1726 4920 1869 4973 quo-

195 4996 364 5050 niam
398 4992 673 5066 expedire
704 5010 820 5048 non
851 4991 1428 5065 intelligo,potestate
1463 5008 1593 5047 mea
1622 5009 1734 5047 non
1768 4993 1869 5047 ab-

192 5089 337 5140 utor
369 5082 430 5138 in
482 5082 830 5154 Evangelio:
885 5082 970 5138 sic
1001 5089 1056 5137 et
1086 5100 1208 5151 vos,
1260 5082 1399 5153 quia
1454 5100 1567 5137 non
1601 5083 1870 5153 expedire

192 5171 556 5245 intelligiiis,
610 5172 879 5244 quamvis
963 5170 1189 5227 licitum
1242 5171 1337 5239 sit,
1400 5171 1722 5243 idolothyta
1752 5188 1867 5226 non

192 5260 552 5319 comedetis.

264 5350 421 5422 (611)
454 5348 775 5421 Sequitur:
810 5354 952 5406 Nam
980 5366 1104 5403 cum
1138 5348 1277 5403 liber
1296 5365 1467 5403 essem
1495 5364 1564 5403 ea:
1592 5348 1866 5415 omnibus,

192 5444 305 5495 etc.
344 5439 522 5495 Liber
554 5443 700 5494 erat.
734 5438 888 5493 sicut
934 5436 1237 5508 Scriptura
1285 5438 1464 5491 dicit:
1518 5437 1774 5491 Omnium
1806 5454 1867 5492 se

189 5547 421 5586 servum
456 5528 633 5593 fecit;
658 5526 800 5599 quia
822 5544 923 5599 per
946 5526 1340 5581 humilitatem
1370 5527 1865 5593 condescendens,

194 5624 395 5675 mente
408 5634 473 5674 se
488 5616 770 5673 omnibus
783 5616 1038 5672 similem
1052 5616 1321 5671 reddidit.
1351 5616 1867 5687 Fovebatnamque

264 5834 421 5909 (611)
458 5832 525 5892 ln
560 5834 762 5902 autog.
795 5846 985 5904 marg.
1019 5829 1104 5888 Ibi
1137 5828 1352 5901 legitur
1381 5846 1508 5901 cap.
1544 5827 1682 5885 XLI.

1979 3484 2255 3539 simulate
2288 3486 2345 3539 in
2378 3486 2596 3557 templo
2646 3487 3101 3555 sanctificatum,
3153 3493 3211 3543 et
3236 3489 3512 3544 Judmum
3545 3490 3627 3543 fa-

1978 3575 2275 3628 ctum.Sed
2310 3574 2549 3629 omnino
2583 3593 2697 3629 non
2742 3580 2831 3630 est
2861 3577 3220 3632 credendum
3251 3577 3406 3648 quod
3455 3581 3630 3632 tanta:

1979 3664 2347 3717 auctoritatis
2384 3663 2468 3717 vir
2500 3665 2721 3735 aliquid
2754 3665 3028 3720 simulate
3053 3666 3256 3737 egerit.
3288 3667 3396 3720 Sed
3429 3682 3496 3722 ea
3527 3683 3632 3722 au-

1978 3752 2244 3806 ctoritate
2276 3757 2332 3807 et
2360 3751 2710 3808 liberalitate
2743 3771 2860 3825 qua
2904 3754 3083 3810 dicit:
3118 3754 3484 3811 Circumcisus
3515 3756 3634 3811 ali-

1980 3843 2101 3910 quis
2144 3850 2359 3895 vocatu:
2381 3857 2491 3896 non.
2524 3842 2765 3897 adducat
2791 3846 3128 3914 praeputium
3159 3844 3207 3913 (ι
3225 3845 3347 3901 Gor.
3376 3860 3475 3910 νη,
3502 3845 3589 3915 18)
3620 3862 3633 3911 ;

1977 3928 2087 3982 1100
2117 3935 2228 3993 est,
2279 3946 2392 3983 non
2447 3929 2586 3983 velit
2635 3931 2824 3986 vivere
2881 3937 2944 3985 ut
2994 3932 3402 4003 praeputiatus,
3434 3932 3491 3986 id
3524 3936 3635 4001 est,

1978 4034 2213 4072 carnem
2246 4018 2450 4074 nudati
2480 4018 2726 4073 membri
2746 4024 2961 4091 tegere,
2986 4024 3042 4074 et
3065 4019 3125 4074 in
3157 4020 3446 4091 praeputio
3470 4036 3637 4076 voca-

1981 4112 2073 4160 tus
2107 4124 2221 4161 non
2245 4105 2384 4159 velit
2402 4106 2593 4161 vivere
2618 4111 2682 4161 ut
2701 4107 3086 4163 circumcisus
3112 4125 3125 4162 :
3146 4124 3209 4163 se
3231 4123 3467 4181 quoque
3491 4108 3638 4166 dixit

1977 4194 2195 4249 Judaeis
2223 4195 2494 4251 Judaeum
2544 4195 2786 4262 factum,
2839 4201 2897 4253 et
2927 4196 3201 4269 gentibus
3231 4196 3533 4269 gentilem.
3566 4198 3635 4252 Et

1978 4283 2088 4337 hoc
2108 4285 2456 4352 notandum,
2481 4283 2618 4355 quia
2635 4283 2825 4357 legem
2848 4284 2948 4339 Dei
2974 4289 3031 4339 et
3050 4284 3413 4353 Christi,non
3434 4290 3633 4341 tamen

1980 4378 2043 4427 ut
2073 4373 2188 4427 alia
2218 4373 2314 4443 sit,
2372 4373 2526 4428 sicut
2584 4374 2943 4429 Maniebmus
2974 4374 3075 4440 ait,
3108 4375 3209 4429 sed
3262 4390 3462 4429 unam.
3486 4374 3639 4430 Dicit

1977 4462 2152 4516 etiam
2186 4461 2245 4515 in
2277 4460 2422 4533 lege,
2452 4462 2563 4515 sub
2614 4460 2739 4531 lege
2784 4466 2839 4515 et
2870 4461 2997 4516 sine
3025 4460 3189 4532 lege;
3223 4466 3281 4518 et
3310 4461 3470 4518 aliud
3502 4462 3634 4534 hoc,

1978 4548 2135 4603 aliud
2172 4548 2317 4602 illud
2349 4548 2596 4619 intelligi
2648 4548 2793 4603 vult.
2857 4549 2980 4604 Sub
3012 4549 3139 4621 lege
3193 4555 3282 4605 est
3312 4550 3505 4607 carnis
3533 4550 3637 4607 Ju-

1978 4639 2158 4704 daeus,
2195 4637 2253 4691 in
2289 4636 2414 4707 lege
2437 4641 2525 4691 est
2546 4637 3025 4705 catholicus,sine
3045 4638 3171 4710 lege
3193 4638 3441 4711 quilibet
3460 4655 3638 4712 paga-

1984 4744 2094 4782 nus
2110 4743 2217 4797 gen
2230 4725 2743 4798 tilis.Quapropter
2760 4726 2843 4781 illi
2857 4727 2955 4799 qui
2972 4728 3175 4783 dicunt
3196 4729 3352 4800 quod
3365 4727 3642 4784 simulate

1982 4816 2043 4870 in
2077 4814 2299 4886 templo
2332 4832 2394 4869 se
2426 4815 2833 4882 sanctiﬁcavit,
2856 4820 2914 4871 et
2933 4816 3203 4871 Judaeum
3252 4815 3637 4887 simulaverit,

1982 4904 2180 4958 dicant
2207 4906 2264 4959 et
2295 4904 2425 4958 licte
2475 4904 2629 4959 idolo
2653 4904 3038 4971 sacriﬁcasse,
3066 4907 3131 4958 ut
3159 4920 3222 4959 se
3258 4902 3532 4973 gentilem
3564 4903 3640 4959 si-

1985 4993 2255 5060 mularet,
2288 4992 2389 5063 qui
2421 5009 2537 5047 non
2587 4992 2778 5047 solum
2825 5009 2939 5048 non
2993 4991 3273 5057 adoravit,
3305 4993 3407 5048 sed
3440 4992 3638 5063 potius

1980 5083 2328 5137 detestando
2362 5082 2433 5137 ad
2470 5082 2728 5152 palmam
2764 5080 3025 5151 martyrii
3057 5081 3338 5151 pervenit.
3371 5080 3521 5154 Ergo
3552 5082 3635 5137 fa-

1980 5176 2112 5227 ctus
2144 5177 2233 5226 est
2272 5171 2514 5227 Judaeus
2543 5171 2779 5236 Judaeis,
2814 5176 2870 5223 et
2921 5169 3198 5240 gentibus
3228 5169 3488 5242 gentilis,
3518 5187 3635 5226 non

1980 5260 2320 5315 mentientis
2350 5264 2506 5321 astu,
2544 5259 2644 5312 sed
2675 5257 3087 5328 compatientis
3117 5258 3496 5331 atl‘ectu,quia
3515 5258 3640 5314 illo-

1979 5365 2111 5402 rum
2145 5347 2411 5403 omnium
2432 5362 2688 5401 errorem
2717 5350 2775 5401 et
2796 5347 3115 5401 caecitatem
3148 5347 3317 5417 quasi
3340 5348 3635 5419 propriam

1978 5439 2268 5492 tractabat
2296 5442 2351 5489 et
2373 5434 2785 5489 considerabat
2809 5460 2822 5501 ;
2846 5440 2905 5490 et
2926 5435 3006 5490 ita
3031 5434 3114 5489 eis
3137 5435 3450 5492 subvenire
3478 5441 3638 5508 opta-

1980 5526 2079 5579 bat
2109 5542 2211 5579 ceu
2246 5524 2356 5578 sibi
2389 5522 2578 5587 vellet,
2605 5524 2651 5577 si
2680 5523 2737 5578 in
2770 5524 2853 5578 eis
2886 5524 3007 5595 ipse
3033 5524 3407 5580 detineretur.
3443 5525 3634 5581 Sanus

1980 5629 2235 5684 namque
2261 5611 2512 5665 deservit
2536 5611 2847 5683 inﬁrmo,si
2869 5613 2995 5683 ejus
3017 5612 3420 5693 inﬁrmitatem
3446 5612 3633 5669 consi-
