3902 6396
350 447 467 514 371

1374 441 1708 506 ATTONIS
1753 435 2344 501 VEIICELLENSIS
2391 431 2744 494 EPISCOPI

3639 429 3740 490 372

357 585 521 642 deret
550 588 615 640 ut
644 599 836 652 suam,
869 584 923 636 et
953 579 1033 636 ita
1063 579 1292 643 serviat,
1323 579 1477 632 sicut
1507 577 1616 630 sibi
1650 575 1839 638 vellet,
1867 573 1915 627 si
1940 572 1996 625 in
2027 573 2078 635 Α
2114 587 2212 623 rus
2243 574 2388 635 erat,
2412 569 2482 622 ab
2509 566 2784 622 omnibus
2806 564 2954 620 escis
2981 580 3106 635 qua
3130 561 3257 633 ejus
3284 564 3572 616 certamen
3595 568 3743 632 pote-

358 692 427 730 ea
456 680 650 730 tentus
683 672 986 728 esset.Non
1024 666 1378 736 mentitur,si
1409 683 1469 719 se
1502 664 2000 718 dicatinfirmum.

360 761 636 818 Nonnulli
671 761 831 816 fuere
863 760 960 831 qui
1012 759 1284 812 dixerunt
1331 755 1497 809 illum
1539 770 1600 807 se
1629 752 1845 806 dixisse
1877 750 2006 803 ideo

358 849 908 923 gentilibusfactum
931 843 1373 919 gentilem,quia
1395 841 1765 897 consentiens
1788 838 1894 892 fuit
1917 854 2007 892 se-

362 939 622 994 cundum
679 935 1146 1007 philosophicam
1196 931 1570 1002 disciplinam
1623 927 2010 1000 philosophis,

317 1010 332 1024 ⁶
359 1026 682 1099 praedicans
713 1024 1000 1078 mundum
1025 1026 1181 1076 aDeo
1218 1022 1526 1087 factum,et
1558 1018 1784 1073 animas
1809 1031 2009 1087 perpe-

357 1119 511 1179 tuas,
536 1116 591 1166 et
608 1111 1050 1166 hominesillius
1068 1127 1196 1165 esse
1220 1125 1404 1180 genus
1431 1125 1443 1174 ;
1465 1113 1518 1162 et
1537 1107 1662 1161 ideo
1691 1104 2011 1159 fueritcon-

359 1201 619 1256 sentiens
637 1204 700 1254 ut
715 1216 813 1254 eos
832 1215 1143 1270 provocare
1157 1201 1355 1268 posset
1374 1197 1442 1250 ad
1462 1196 1632 1250 {idem
1649 1192 1859 1248 Christi
1877 1208 1995 1261 qua

361 1293 531 1344 tenus
545 1289 846 1343 crederent
861 1287 1264 1358 eumjudicem
1283 1285 1549 1340 omnium
1567 1301 1600 1338 a
1618 1285 1725 1337 Deo
1741 1280 2018 1335 constitu-

359 1382 489 1431 tum
506 1394 518 1432 :
536 1381 594 1431 et
620 1376 792 1431 sicuti
807 1375 944 1430 hinc
959 1375 1156 1429 omnia
1174 1375 1476 1445 superiora
1496 1373 1777 1443 pendent;
1796 1386 1952 1440 ergo,
1970 1369 2017 1423 si

358 1466 474 1521 hoc
489 1481 688 1520 verum
705 1463 990 1531 est,etilla
1007 1480 1120 1518 non
1137 1463 1355 1517 habent
1370 1461 2016 1522 mendacium.Quomo-

364 1553 440 1608 do
459 1568 640 1607 sanus
656 1552 926 1606 infirmus
946 1568 1048 1622 pro
1073 1551 1308 1604 infirmo
1333 1550 1452 1619 fiat,
1469 1566 1648 1620 supra
1671 1548 1891 1602 dictum
1911 1549 2017 1600 est.

365 1639 591 1695 Inﬁrmi
620 1639 1194 1711 nempeCorinthiiin
1223 1637 1831 1701 nonnullis,eteorum
1857 1635 2021 1689 simi-

366 1727 799 1784 les.InIirmitas
832 1727 1093 1798 Apostoli
1140 1732 1283 1795 erat,
1331 1727 1468 1798 quia
1503 1742 1616 1780 non
1651 1725 1925 1778 utebatur
1953 1722 2020 1775 li-

369 1815 485 1872 cita
516 1814 816 1888 potestale.
846 1815 993 1879 Quid
1015 1817 1173 1869 enim
1199 1815 1496 1869 infirmius
1521 1829 1697 1883 quam
1724 1816 1910 1866 artem
1936 1810 2022 1864 di-

2116 662 2244 710 rant
2276 655 2559 726 impedire
2581 654 2926 708 abstinebat.
2963 651 3163 704 Fertur
3207 648 3380 703 etiam
3413 649 3562 718 quod
3594 646 3742 702 lami-

2118 761 2224 798 nas
2256 744 2564 816 plumbeas
2594 759 2733 814 erga
2766 758 2935 796 renes
2971 739 3168 808 ligarat
3201 743 3436 808 propter
3466 735 3744 792 illusiones

2121 840 2457 888 nocturnas.
2478 835 2566 896 Et,
2595 831 2644 885 si
2668 831 2749 886 illi
2779 834 3012 902 propter
3035 825 3470 898 corruptibilem
3493 841 3743 881 coronam

2121 924 2201 978 ita
2231 924 2591 978 abstinentes
2624 925 2808 987 erant,
2841 918 3027 972 multo
3061 915 3249 985 magis
3283 932 3387 970 nos
3420 916 3490 969 ob
3523 914 3747 985 gloriam

2122 1017 2345 1066 zeternze
2371 1009 2751 1064 beatitudinis
2775 1007 3067 1062 abstinere
3090 1005 3372 1059 debemus
3399 1004 3470 1058 ab
3497 1002 3748 1057 omnibus

2124 1100 2304 1162 vitiis.
2329 1100 2502 1154 etiam
2529 1098 2898 1169 cogitatione,
2924 1093 3175 1149 maxime
3197 1098 3394 1147 autem
3418 1092 3488 1146 ab
3516 1093 3750 1146 immun-

2125 1188 2270 1243 ditia
2301 1187 2604 1258 corporali.

2198 1277 2344 1346 (613)
2377 1277 2654 1348 Sequitur
2688 1293 2699 1329 :
2734 1278 2842 1343 Ego
2864 1276 3037 1342 igitur
3056 1275 3132 1328 sic
3157 1288 3340 1336 curro,
3365 1275 3474 1326 etc.
3510 1269 3756 1324 Praemis-

2128 1366 2211 1421 sis
2242 1365 2753 1428 similitudinibus,
2787 1365 2896 1417 sub
2927 1363 3145 1417 eisdem
3200 1360 3579 1430 semetipsum
3612 1359 3759 1430 ponit

2130 1455 2483 1526 exemplum,
2516 1453 2762 1508 dicendo
2787 1470 2800 1507 :
2837 1456 2946 1522 Ego
2967 1453 3153 1525 igitur
3181 1453 3261 1506 sic
3289 1465 3470 1518 curro,
3495 1452 3601 1503 etc.
3635 1448 3757 1501 Cur-

2131 1561 2195 1598 ro
2225 1543 2367 1597 dicit
2399 1548 2634 1614 propter
2681 1541 2960 1604 stadium,
3012 1557 3194 1612 pugno
3245 1543 3480 1610 propter
3509 1551 3755 1609 agonem.

2132 1631 2412 1685 Currebat
2443 1631 2550 1685 iste
2579 1646 2684 1684 non
2715 1630 2773 1683 in
2798 1631 3087 1696 incertum,
3121 1627 3257 1698 quia
3284 1625 3424 1680 certi
3455 1621 3670 1694 aliquid
3699 1622 3758 1675 de

2135 1736 2242 1775 sua
2270 1718 2550 1775 electione
2581 1719 2864 1773 audierat.
2922 1716 3243 1788 Pugnabat,
3296 1731 3412 1769 non
3458 1710 3758 1785 pueriliter.

2136 1808 2282 1864 Nam
2314 1808 2479 1879 pueri
2534 1806 2868 1861 dimicando
2920 1822 3055 1860 aera
3086 1804 3385 1859 verberare
3415 1802 3623 1867 solent,
3653 1799 3762 1854 istae

371 1887 556 1972 scere,
586 1920 763 1975 quam
813 1903 1130 1971 nesciebat,
1163 1908 1219 1957 et
1265 1902 1465 1957 labore
1496 1901 1864 1974 propriarum
1895 1916 2023 1953 ma-
2060 1933 2104 1996 Β
2133 1914 2265 1952 vero
2300 1913 2434 1951 non.
2468 1897 2614 1960 Quia
2644 1912 2858 1967 corpus
2905 1909 3080 1949 suum
3126 1891 3451 1964 castigabat
3482 1892 3651 1953 fame,
3681 1887 3765 1942 siti

373 2007 561 2048 nuum
595 1991 916 2048 sustentari
941 1992 968 2046 ?

448 2082 768 2152 Sequitur:
801 2081 1089 2149 Omnibus,
1122 2079 1179 2133 id
1214 2083 1321 2146 est,
1353 2078 1592 2144 Judaeis,
1627 2075 1943 2148 gentilibus
1974 2077 2030 2130 et

376 2168 650 2239 infirmis,
681 2170 869 2225 omnia
886 2171 1079 2240 factus.
1115 2169 1230 2223 Hoc
1257 2167 1396 2222 dicit
1420 2184 1535 2222 non
1569 2165 1831 2221 simulati
1864 2180 2028 2219 men-

375 2258 530 2313 dacii
580 2256 852 2327 falsitate,
911 2259 1012 2312 sed
1069 2256 1290 2312 veracis
1348 2255 1743 2312 miserationis
1792 2254 2026 2326 pietate,

377 2347 517 2417 quia
546 2346 606 2400 in
639 2345 916 2400 omnibus
949 2345 1067 2400 illis
1097 2361 1224 2400 esse
1255 2345 1515 2415 potuisse
1550 2359 1612 2398 se
1643 2342 2024 2413 intelligebat,

374 2433 488 2489 nisi
521 2433 717 2488 divina
746 2433 955 2487 fuisset
985 2433 1387 2486 misericordia
1414 2429 1716 2485 liberatus.
1753 2431 1840 2484 Fit
1869 2430 2024 2485 enim

375 2520 592 2592 aliquis
622 2521 902 2576 veraciter
930 2519 1038 2575 hoc
1061 2521 1215 2590 quod
1245 2518 1340 2572 ille
1363 2518 1571 2584 est,cui
1595 2519 1718 2572 vult
1740 2517 2024 2583 misereri,

375 2609 424 2666 si
439 2609 568 2678 ejus
600 2607 854 2662 miseriis
883 2607 1188 2661 subveniat
1216 2609 1279 2659 ut
1297 2605 1439 2659 suis.
1458 2606 1731 2660 Fitetiam
1751 2607 1904 2676 quod
1930 2604 2025 2660 ille

374 2702 484 2762 est,
509 2713 624 2752 non
648 2695 899 2751 fallendo
923 2696 1195 2760 eum,sed
1225 2700 1291 2748 ut
1311 2693 1580 2764 seipsum
1598 2694 2023 2747 considerando

373 2789 432 2840 et
459 2784 652 2840 illum.
704 2785 1014 2855 Sequitur:
1069 2783 1265 2836 Omnia
1311 2784 1480 2852 facio.
1534 2782 1767 2846 Quare?
1797 2787 2028 2852 Propter

376 2873 760 2942 Evangelium.
791 2871 876 2925 Ad
909 2869 1048 2942 quid
1072 2870 1098 2922 ‘?
1132 2871 1195 2924 Ut
1222 2870 1500 2940 particeps
1547 2870 1664 2937 ejus
1693 2870 1922 2937 efﬁciar.
1959 2869 2030 2921 Et

377 2965 467 3016 est
488 2976 697 3016 sensus
725 2977 736 3015 :
763 2959 852 3027 Ut,
879 2959 1031 3014 sicut
1051 2957 1430 3028 Evangelium
1454 2956 1730 3012 omnibus
1755 2955 2026 3021 occurrit,

379 3064 584 3104 omnes
617 3047 742 3102 vult
791 3047 1033 3116 salvare,
1095 3046 1482 3116 omniumque
1513 3044 1728 3098 clamat
1757 3043 2005 3098 salutem

375 3136 459 3192 ita
487 3141 546 3192 et
573 3140 772 3208 ego,ut
803 3151 952 3201 mea,
984 3139 1040 3189 et
1069 3133 1352 3204 evangelii
1399 3150 1517 3188 una
1547 3132 1622 3186 sit
1655 3132 1920 3186 intentio.

449 3225 598 3296 (612)
624 3225 854 3280 Nescitis
884 3223 1023 3294 quod
1056 3223 1114 3276 hi
1142 3225 1238 3293 qui
1269 3224 1327 3276 in
1357 3222 1557 3286 stadio,
1589 3226 1697 3276 etc.
1731 3221 1900 3275 Aliud
1929 3236 2027 3290 ag-

2139 1989 2196 2040 et
2227 1985 2318 2040 his
2349 1985 2665 2051 similibus,
2696 1985 2912 2055 quibus
2935 1983 3202 2038 atteritur
3232 1997 3464 2051 corpus.
3498 1979 3560 2033 Et
3591 1980 3648 2032 in
3675 1992 3768 2032 ser-

2138 2074 2360 2129 vitntem
2420 2073 2626 2143 redigo,
2678 2073 2778 2128 Dei
2811 2071 3052 2139 scilicet,
3102 2070 3190 2125 vel
3251 2067 3485 2125 mentis.
3519 2070 3595 2123 Ne
3621 2068 3766 2137 forte,

2137 2180 2262 2218 cum
2291 2165 2443 2228 aliis,
2479 2167 2589 2226 etc,
2621 2161 2765 2215 Vide
2796 2165 3028 2232 quantae
3053 2157 3654 2228 temeritatis,quantaa
3683 2155 3768 2208 de-

2140 2251 2368 2306 mentia:
2399 2251 2517 2306 sint
2549 2250 2835 2313 homines,
2871 2267 2984 2304 non
3027 2248 3307 2316 timendo,
3344 2245 3549 2302 incerti
3581 2245 3650 2300 de
3679 2259 3771 2299 sua

2137 2338 2419 2394 electione
2450 2341 2785 2406 existentes,
2820 2355 2954 2393 cum
2985 2337 3103 2404 ille,
3138 2336 3238 2408 qui
3261 2335 3486 2407 aliquid
3519 2333 3657 2390 certi
3687 2348 3772 2386 au-

2137 2427 2343 2492 dierat,
2363 2429 2694 2483 timebat.In
2720 2445 2834 2499 quo
2858 2431 3172 2482 monentur
3194 2441 3418 2488 omnes,
3442 2429 3508 2479 ut
3529 2421 3770 2478 timendo

2136 2522 2391 2586 sperent,
2424 2523 2480 2572 et
2511 2518 2800 2588 sperando
2823 2516 3085 2581 timeant,
3122 2520 3411 2586 quatenus
3433 2529 3573 2584 spes
3604 2511 3772 2566 foveat

2135 2604 2491 2674 laborantes,
2526 2613 2580 2658 et
2604 2606 2780 2658 timor
2802 2604 2998 2659 incitet
3022 2603 3401 2674 negligentes.
3431 2601 3599 2656 Unde
3629 2597 3772 2654 Psal-

2139 2693 2315 2746 mista
2340 2710 2350 2746 :
2387 2694 2492 2760 Qui
2519 2695 2712 2747 timent
2743 2694 3056 2760 Dominum,
3090 2699 3442 2762 speraverant
3473 2693 3533 2747 in
3565 2687 3774 2745 Domino

2137 2782 2309 2848 (Psal.
2343 2798 2485 2846 cxw,
2523 2782 2633 2850 11),

2212 2870 2358 2939 (614)
2391 2869 2550 2936 (CAP.
2603 2869 2695 2938 Χ.)
2745 2867 3071 2923 Praemissis
3129 2868 3626 2924 similitudinibus
3656 2865 3778 2921 sub-

2132 2957 2333 3028 junxit
2363 2955 2694 3026 exemplum
2745 2956 2970 3012 Veteris
3028 2957 3388 3011 Testamenti
3434 2957 3694 3012 attinens
3721 2952 3780 3009 ad

2140 3047 2406 3101 eamdem
2442 3063 2585 3110 rem,
2619 3046 2857 3101 dicens:
2893 3047 3024 3101 Noto
3054 3047 3203 3100 enim
3245 3062 3335 3100 vos
3368 3050 3654 3115 ignorare,
3689 3048 3782 3097 etc.

2139 3136 2298 3198 Quod
2336 3133 2589 3205 qualiter
2621 3139 2850 3206 gestum
2883 3135 2978 3200 sit,
3015 3133 3394 3188 manifestum
3427 3139 3542 3204 est,
3577 3139 3636 3189 et
3665 3147 3787 3203 quo-

2145 3224 2315 3278 modo
2347 3223 2689 3294 spiritaliter
2729 3223 3038 3291 sentiatur,
3073 3222 3284 3293 partim
3312 3223 3437 3293 jam
3473 3222 3786 3295 cognitum.

379 3289 663 3384 greditur,
698 3312 844 3367 dans
872 3289 1346 3377 similitudinem,
1384 3327 1511 3381 qum
1546 3327 1661 3365 non
1695 3309 1884 3364 solum
1919 3289 2027 3363 (36-
2061 3289 2102 3354 C
2146 3289 2396 3366 Intentio
2448 3317 2642 3366 tamen
2687 3311 2818 3380 ejus
2877 3289 3178 3366 intuenda.
3234 3289 3486 3364 Intentio
3539 3289 3670 3381 ejus
3702 3306 3791 3362 fuit

381 3400 638 3466 rinthiis,
667 3401 766 3456 sed
791 3400 1066 3455 omnibus
1089 3400 1358 3454 convenit
1382 3398 1746 3454 Christianis.
1767 3397 2034 3452 Stadium

379 3505 635 3560 namque
667 3489 891 3543 dictum
913 3491 1002 3543 est
1031 3505 1065 3542 a
1085 3489 1303 3557 stando,
1325 3488 1397 3542 ob
1423 3489 1552 3552 hoc,
1587 3486 1864 3557 quoniam
1896 3485 2033 3540 Her-

377 3577 538 3633 cules
567 3593 684 3633 uno
715 3577 977 3632 anhelitu
1010 3580 1244 3630 centum
1297 3576 1502 3646 viginti
1535 3576 1794 3645 quinque
1828 3590 2036 3645 passus

377 3665 655 3730 cucurrit,
689 3665 747 3718 id
773 3670 882 3728 est,
916 3670 1176 3718 octavam
1202 3668 1423 3733 partem
1456 3662 1798 3728 milliarii,et
1828 3662 1990 3714 stetit
2019 3678 2032 3727 ;

384 3759 444 3808 et
475 3753 606 3808 ideo
637 3769 670 3806 a
695 3751 886 3806 stando
915 3751 1151 3805 dicitur.
1199 3750 1495 3804 Transivit
1537 3750 1712 3804 etiam
1747 3749 1867 3803 haec
1898 3766 2035 3802 con-

384 3841 635 3896 suetudo
653 3839 723 3895 ad
740 3840 1185 3905 Romam,utsex
1204 3838 1464 3894 millibus
1477 3854 1758 3910 passuum
1781 3837 2036 3893 stadium

384 3930 761 3994 diceretur,et
781 3928 838 3982 in
863 3927 1033 3983 metis
1057 3929 1379 3982 stadiorum
1405 3929 1728 3999 ponebatur
1746 3926 2034 3993 bravium,

381 4019 440 4072 id
474 4023 564 4074 est
594 4017 936 4088 praemium;
967 4021 1024 4071 et
1071 4022 1370 4071 currentes
1415 4021 1548 4071 ante
1599 4020 2036 4086 imperatorem,

383 4105 486 4178 qui
509 4107 672 4177 prius
692 4105 1292 4175 veniebat,praamium
1312 4103 2040 4175 accipiebat.Assimilatur

383 4198 578 4250 autem
602 4193 857 4248 stadium
887 4209 1042 4247 nunc
1073 4193 1205 4248 ﬁdei
1233 4210 1247 4260 ;
1281 4193 1418 4264 quia
1441 4194 1594 4247 sicut
1623 4192 1704 4246 ibi
1739 4192 1928 4259 multi,
1957 4192 2038 4248 ita

381 4288 438 4340 et
468 4283 527 4338 in
555 4283 744 4337 stadio
775 4280 909 4336 fidei
959 4279 1130 4335 multi
1161 4281 1521 4336 discurrunt.
1556 4285 1666 4336 Per
1692 4297 1898 4347 unum,
1934 4282 2036 4351 qui

383 4371 687 4443 praemium
720 4370 1269 4442 accipiebat,unitas
1310 4368 1574 4424 Ecclesiaa
1609 4369 1715 4424 rite
1746 4369 2033 4440 signatur.

379 4461 493 4516 Sed
527 4475 739 4531 magna
796 4459 1077 4514 distantia
1124 4464 1214 4513 est
1271 4458 1423 4513 inter
1474 4457 1618 4512 illud
1668 4458 1950 4524 stadium,
1982 4463 2036 4513 et

383 4549 562 4603 istud.
592 4549 673 4602 Ibi
704 4549 860 4603 enim
893 4547 990 4602 ille
1018 4546 1389 4602 solummodo
1414 4548 1711 4602 fructuosa
1739 4549 2034 4609 currebat,

2145 3401 2451 3455 ostendere
2506 3399 2817 3454 Corinthiis
2875 3399 3022 3454 nihil
3080 3400 3358 3470 prodesse
3412 3399 3789 3470 baptismum,

2147 3493 2578 3560 perceptionem
2605 3488 3138 3560 mysteriicorporis
3160 3493 3215 3542 et
3227 3487 3543 3558 sanguinis
3565 3485 3787 3548 Christi,

2146 3595 2250 3632 nec
2285 3584 2508 3646 cmtera,
2543 3595 2668 3648 qua:
2701 3578 2759 3631 in
2809 3577 3067 3632 Ecclesia
3109 3577 3502 3644 celebrantur,
3538 3577 3589 3632 si
3621 3573 3788 3647 negli-

2146 3671 2346 3737 genter
2365 3667 3143 3736 viverent,quemadmodum
3166 3681 3268 3720 nec
3296 3663 3410 3720 illis
3435 3665 3790 3737 negligenter

2146 3754 2392 3808 vivendo
2424 3753 2523 3807 illa
2543 3754 2742 3808 omnia
2765 3755 3107 3825 profuerunt
3129 3771 3254 3826 quae
3275 3753 3368 3808 hic
3391 3754 3539 3808 dicit
3566 3756 3792 3824 Aposto-

2149 3840 2280 3909 lus;
2315 3842 2480 3912 quasi
2513 3842 2765 3896 diceret:
2802 3842 2962 3896 Sicut
3011 3841 3093 3896 illi
3149 3842 3263 3896 ista
3288 3841 3491 3897 omnia
3523 3841 3793 3896 habentes

2149 3930 2573 3984 murmurando
2604 3931 2921 4000 perierunt,
2973 3931 3054 3984 ita
3085 3936 3136 3985 et
3172 3948 3272 3984 vos
3322 3928 3696 4002 negligenter
3722 3926 3793 3980 vi-

2146 4021 2331 4074 vendo
2356 4019 2634 4073 habentes
2657 4018 2771 4072 ista
2788 4018 3072 4089 peribitis.
3104 4019 3260 4074 Unde
3286 4019 3342 4072 in
3369 4019 3792 4090 sequentibus:

2147 4107 2248 4163 Sed
2279 4123 2385 4161 non
2424 4109 2481 4160 in
2500 4108 2758 4177 pluribus
2780 4123 2968 4161 eorum
2992 4107 3387 4178 beneplacztum
3413 4112 3495 4161 est
3532 4111 3664 4172 Deo,
3695 4109 3794 4160 etc.

2147 4196 2382 4265 thuod
2401 4194 2784 4267 spiritualiter
2804 4195 2923 4249 sint
2941 4195 3666 4267 intelligenda,subdendo
3685 4208 3794 4248 ma-

2148 4285 2402 4351 nifestat,
2433 4285 2674 4338 dicens:
2739 4285 3004 4338 Bibebant
3051 4289 3237 4340 autem
3273 4285 3337 4338 ile
3387 4285 3664 4355 spiritali,
3697 4287 3791 4337 etc.

2149 4371 2250 4426 Ubi
2278 4372 2861 4427 animadvertendum
2885 4373 3022 4444 quia
3045 4389 3159 4427 non
3183 4373 3509 4442 dicit,petra
3533 4371 3796 4444 signiﬁcat

2147 4460 2425 4514 Christum
2456 4461 2578 4527 sed,
2611 4469 2749 4527 erat,
2803 4462 2944 4532 quia
2992 4478 3101 4516 non
3158 4467 3340 4532 petra,
3392 4463 3499 4517 sed
3537 4461 3794 4518 Christus

2146 4565 2359 4620 aquam
2395 4551 2686 4620 produxit.
2742 4554 2850 4602 Per
2895 4549 3001 4604 hoc
3061 4550 3213 4621 quod
3247 4554 3409 4622 petra
3443 4550 3794 4622 sequebatur

383 4637 488 4708 qui
510 4636 812 4708 prtemium
837 4637 1156 4705 accipiebat
1182 4677 1195 4702 ,
1220 4635 1278 4689 in
1301 4636 1413 4691 isto
1439 4653 1570 4691 vero
1590 4652 1795 4690 omnes
1816 4636 1916 4706 qui
1943 4654 2034 4690 ra—
2066 4647 2111 4710 D
2144 4653 2242 4691 eos
2276 4654 2463 4708 usque
2521 4639 2590 4692 ad
2651 4640 2796 4693 fines
2857 4638 3244 4693 Moabitarum
3302 4638 3503 4709 (Exod.
3551 4656 3689 4708 xvu,
3719 4636 3788 4703 6),

361 4722 742 4779 'tionabiliter
764 4724 1036 4789 amando,
1057 4728 1114 4778 et
1140 4725 1446 4793 sperando,
1481 4729 1538 4778 et
1557 4725 1710 4779 bona
1742 4724 2036 4795 operando

386 4813 745 4879 discurrunt,
780 4810 1085 4883 praemium
1113 4811 1240 4864 vita:
1269 4812 1476 4864 futuras
1518 4818 1657 4866 sunt
1687 4813 2035 4884 percepturi.

387 4902 457 4956 Et
486 4901 625 4974 quia
655 4901 882 4956 dixerat
920 4898 1391 4963 similitudinem,
1437 4901 1743 4969 subjunxit
1771 4901 2037 4956 exhorta-

384 4990 625 5058 tionem,
660 4990 906 5044 dicendo
937 5006 949 5043 :
983 4990 1063 5042 sic
1083 4989 1314 5056 currite,
1349 4991 1482 5056 etc.,
1507 4987 1562 5041 id
1587 4993 1675 5042 est
1697 4988 1778 5042 sic
1800 4995 1862 5042 ut
1891 5005 2035 5044 com-

383 5078 755 5149 prehendatis.
787 5077 1108 5146 Subjunxit
1156 5076 1399 5131 alteram
1444 5074 1916 5145 similitudinem,
1949 5077 2034 5130 di-

383 5167 604 5220 cendo:
665 5166 852 5220 Omnis
899 5170 1081 5221 autem
1139 5168 1236 5235 qui
1281 5168 1342 5219 in
1373 5180 1542 5235 agone
1597 5165 1891 5234 contendit,
1924 5172 2032 5221 etc.

387 5255 532 5324 Ago-n
565 5253 720 5309 enim
754 5253 967 5317 Graece,
1004 5255 1207 5309 Latine
1256 5254 1470 5308 dicitur
1495 5258 1792 5318 certamen,
1826 5271 2032 5323 pugna,

385 5343 534 5396 lucta
565 5346 738 5411 atque
785 5343 1091 5410 conﬂictus.
1143 5343 1284 5396 Nam
1339 5343 1491 5397 sicut
1519 5346 1644 5396 erat
1670 5345 2032 5398 consuetudo

381 5429 678 5498 currendi,
705 5429 788 5482 ita
809 5430 986 5483 etiam
1009 5435 1066 5484 et
1095 5430 1377 5485 luctandi.
1406 5431 1515 5485 Sed
1540 5429 1636 5486 ille
1659 5430 1758 5501 qui
1782 5429 2030 5486 luctatu-

455 5640 604 5781 ξϋίῖ)
631 5639 733 5693 llic
767 5639 825 5692 in
858 5646 1050 5709 autog.
1085 5656 1271 5711 marg.
1305 5641 1518 5711 legitur
1549 5659 1673 5714 cap.
1708 5642 1873 5698 XLII.

479 5711 607 5780 613)
641 5710 701 5765 In
735 5714 930 5780 autog.
963 5726 1148 5779 marg.
1179 5711 1271 5765 hic
1304 5711 1514 5781 legitur
1542 5731 1668 5781 cap.
1704 5713 1873 5769 XLIII

479 5711 607 5780 613)
641 5710 701 5765 In
735 5714 930 5780 autog.
963 5726 1148 5779 marg.
1179 5710 1271 5765 hic
1304 5710 1514 5782 legitur
1542 5710 1668 5784 cap.
1704 5713 1898 5769 XLIII.

2149 4726 2632 4797 praefigurabalur
2652 4727 2917 4780 Christus
2951 4726 3284 4782 nasciturus
3329 4733 3467 4798 post
3499 4727 3758 4800 Moysen.

2219 4816 2344 4872 Haec
2375 4819 2557 4870 autem
2586 4817 2772 4870 omnia
2804 4818 2862 4868 in
2891 4817 3089 4885 ﬁgura,
3115 4821 3223 4870 etc.
3246 4816 3346 4868 His
3379 4815 3579 4872 verbis
3609 4820 3793 4871 osten-

2148 4902 2235 4957 dit
2267 4903 2437 4958 nobis
2467 4903 2798 4974 exemplum
2831 4903 3262 4974 allegorizandi.
3287 4904 3604 4959 Monemur
3628 4902 3792 4958 etiam

2150 4997 2213 5045 ut
2247 5009 2356 5045 non
2393 4992 2881 5062 concupiscamus
2913 4992 3415 5060 quemadmodum
3457 4991 3544 5046 illi
3575 4987 3792 5063 Egypti

2148 5081 2591 5135 reminiscentes
2615 5085 2852 5151 propter
2873 5097 3039 5135 esum
3063 5079 3328 5135 carnium
3355 5081 3556 5149 (Exod.
3585 5097 3696 5147 xvx,
3722 5078 3792 5146 3),

2149 5185 2219 5224 ne
2250 5169 2466 5239 pariter
2500 5185 2824 5238 pereamus,
2861 5185 3048 5240 neque
3095 5168 3415 5224 idololatrze
3449 5170 3794 5225 efﬁciamur.

2145 5256 2578 5310 Commemorat
2593 5256 2745 5310 enim
2768 5257 3082 5327 Apostolus
3105 5257 3270 5311 illum
3299 5256 3500 5312 locum
3526 5258 3626 5313 ubi
3652 5257 3796 5326 Moy-

2146 5363 2238 5400 ses
2270 5352 2525 5400 montem
2580 5345 2739 5400 Sinai
2792 5346 3134 5414 ascendens,
3186 5363 3318 5401 cum
3373 5347 3636 5418 populus
3667 5359 3795 5414 erga

2143 5438 2402 5490 montem
2430 5433 2831 5502 remansisset,
2856 5434 3231 5506 projicientes
3253 5451 3467 5490 aurum
3493 5435 3554 5491 in
3580 5437 3788 5508 ignem,

2208 5647 2355 5716 (614)
2390 5646 2446 5701 In
2480 5651 2677 5717 autog.
2714 5661 2898 5716 marg.
2933 5645 3026 5700 hic
3055 5645 3268 5717 legitur
3296 5661 3426 5716 cap.
3462 5646 3656 5702 XLIV.
