  <div class='ocr_page' id='page_1' title='image "/cluster/home/n/w/nwhite01/storage/ocr_20150623/134-135/uc1.31175013627537/194.png"; bbox 0 0 3902 6416; ppageno 0'>
   <div class='ocr_carea' id='block_1_1' title="bbox 134 422 3581 529">
    <p class='ocr_par' dir='ltr' id='par_1_1' title="bbox 134 422 3581 529">
     <span class='ocr_line' id='line_1_1' title="bbox 134 422 3581 529; baseline 0.004 -24"><span class='ocrx_word' id='word_1_1' title='bbox 134 442 261 506; x_wconf 77' lang='lat'>373</span> <span class='ocrx_word' id='word_1_2' title='bbox 652 422 653 425; x_wconf 44' lang='lat'>‘</span> <span class='ocrx_word' id='word_1_3' title='bbox 716 444 1143 511; x_wconf 80' lang='lat' dir='ltr'>EXPOSITIO</span> <span class='ocrx_word' id='word_1_4' title='bbox 1187 449 1267 510; x_wconf 89' lang='lat' dir='ltr'>IN</span> <span class='ocrx_word' id='word_1_5' title='bbox 1312 448 1745 513; x_wconf 82' lang='lat' dir='ltr'>EPISTOLAS</span> <span class='ocrx_word' id='word_1_6' title='bbox 1796 452 2055 516; x_wconf 77' lang='lat' dir='ltr'>PAULI.</span> <span class='ocrx_word' id='word_1_7' title='bbox 2100 485 2180 529; x_wconf 60' lang='grc' dir='ltr'>-τ</span> <span class='ocrx_word' id='word_1_8' title='bbox 2212 453 2287 515; x_wconf 89' lang='lat' dir='ltr'>IN</span> <span class='ocrx_word' id='word_1_9' title='bbox 2337 452 2642 519; x_wconf 85' lang='lat' dir='ltr'>EPIST.1</span> <span class='ocrx_word' id='word_1_10' title='bbox 2688 455 2792 516; x_wconf 82' lang='lat' dir='ltr'>AD</span> <span class='ocrx_word' id='word_1_11' title='bbox 2837 456 3012 519; x_wconf 84' lang='lat' dir='ltr'>coa.</span> <span class='ocrx_word' id='word_1_12' title='bbox 3462 458 3581 520; x_wconf 77' lang='lat'>374</span> 
     </span>
    </p>
   </div>
   <div class='ocr_carea' id='block_1_2' title="bbox 138 581 3574 669">
    <p class='ocr_par' dir='ltr' id='par_1_2' title="bbox 138 581 3574 669">
     <span class='ocr_line' id='line_1_2' title="bbox 138 581 3574 669; baseline 0.005 -33"><span class='ocrx_word' id='word_1_13' title='bbox 138 596 456 654; x_wconf 87' lang='lat' dir='ltr'>egressum</span> <span class='ocrx_word' id='word_1_14' title='bbox 480 584 572 637; x_wconf 88' lang='lat' dir='ltr'>est</span> <span class='ocrx_word' id='word_1_15' title='bbox 593 586 772 652; x_wconf 85' lang='lat' dir='ltr'>caput</span> <span class='ocrx_word' id='word_1_16' title='bbox 815 581 1004 650; x_wconf 90' lang='lat' dir='ltr'>vituli,</span> <span class='ocrx_word' id='word_1_17' title='bbox 1029 586 1085 639; x_wconf 90' lang='lat' dir='ltr'>et</span> <span class='ocrx_word' id='word_1_18' title='bbox 1106 588 1239 655; x_wconf 89' lang='lat' dir='ltr'>post</span> <span class='ocrx_word' id='word_1_19' title='bbox 1262 583 1724 641; x_wconf 79' lang='lat' dir='ltr'>immolationem</span> <span class='ocrx_word' id='word_1_20' title='bbox 1748 591 1807 641; x_wconf 90' lang='lat' dir='ltr'>et</span> <span class='ocrx_word' id='word_1_21' title='bbox 1833 587 1890 653; x_wconf 83' lang='grc' dir='ltr'><strong>Α</strong></span> <span class='ocrx_word' id='word_1_22' title='bbox 1970 598 1993 648; x_wconf 87' lang='lat' dir='ltr'>t</span> <span class='ocrx_word' id='word_1_23' title='bbox 2021 600 2111 650; x_wconf 90' lang='lat' dir='ltr'>est</span> <span class='ocrx_word' id='word_1_24' title='bbox 2135 608 2377 652; x_wconf 82' lang='lat' dir='ltr'>sensus:</span> <span class='ocrx_word' id='word_1_25' title='bbox 2418 595 2565 660; x_wconf 90' lang='lat' dir='ltr'>Quia</span> <span class='ocrx_word' id='word_1_26' title='bbox 2593 595 2691 652; x_wconf 89' lang='lat' dir='ltr'>ille</span> <span class='ocrx_word' id='word_1_27' title='bbox 2722 614 2837 653; x_wconf 91' lang='lat' dir='ltr'>non</span> <span class='ocrx_word' id='word_1_28' title='bbox 2879 597 3182 667; x_wconf 86' lang='lat' dir='ltr'>mentitur,</span> <span class='ocrx_word' id='word_1_29' title='bbox 3215 601 3273 654; x_wconf 88' lang='lat' dir='ltr'>et</span> <span class='ocrx_word' id='word_1_30' title='bbox 3295 614 3399 656; x_wconf 90' lang='lat' dir='ltr'>vos</span> <span class='ocrx_word' id='word_1_31' title='bbox 3443 590 3574 669; x_wconf 86' lang='lat' dir='ltr'>qui-</span> 
     </span>
    </p>
   </div>
   <div class='ocr_carea' id='block_1_3' title="bbox 136 671 3575 761">
    <p class='ocr_par' dir='ltr' id='par_1_3' title="bbox 136 671 3575 761">
     <span class='ocr_line' id='line_1_3' title="bbox 136 671 3575 761; baseline -0 -34"><span class='ocrx_word' id='word_1_32' title='bbox 136 671 569 761; x_wconf 81' lang='lat' dir='ltr'>comestionem</span> <span class='ocrx_word' id='word_1_33' title='bbox 595 676 980 727; x_wconf 79' lang='lat' dir='ltr'>surrexerunt</span> <span class='ocrx_word' id='word_1_34' title='bbox 1002 671 1206 728; x_wconf 86' lang='lat' dir='ltr'>ludere</span> <span class='ocrx_word' id='word_1_35' title='bbox 1232 675 1428 744; x_wconf 68' lang='lat' dir='ltr'>(Exod.</span> <span class='ocrx_word' id='word_1_36' title='bbox 1455 692 1632 745; x_wconf 83' lang='lat' dir='ltr'>xxxu,</span> <span class='ocrx_word' id='word_1_37' title='bbox 1655 676 1767 746; x_wconf 86' lang='grc'>4-6)</span> <span class='ocrx_word' id='word_1_38' title='bbox 1794 692 1805 730; x_wconf 79' lang='lat'><strong>2</strong></span> <span class='ocrx_word' id='word_1_39' title='bbox 1919 690 2052 741; x_wconf 73' lang='lat' dir='ltr'>dem</span> <span class='ocrx_word' id='word_1_40' title='bbox 2086 702 2200 740; x_wconf 76' lang='lat' dir='ltr'>non</span> <span class='ocrx_word' id='word_1_41' title='bbox 2236 686 2588 752; x_wconf 67' lang='grc' dir='ltr'>ωεηιίωίηί,</span> <span class='ocrx_word' id='word_1_42' title='bbox 2639 688 2739 743; x_wconf 65' lang='lat' dir='ltr'>sed</span> <span class='ocrx_word' id='word_1_43' title='bbox 2759 688 3061 743; x_wconf 64' lang='lat' dir='ltr'>credentes</span> <span class='ocrx_word' id='word_1_44' title='bbox 3082 687 3142 743; x_wconf 72' lang='lat' dir='ltr'>in</span> <span class='ocrx_word' id='word_1_45' title='bbox 3164 689 3493 761; x_wconf 49' lang='lat' dir='ltr'>eumquod</span> <span class='ocrx_word' id='word_1_46' title='bbox 3514 687 3575 745; x_wconf 60' lang='lat' dir='ltr'>in</span> 
     </span>
    </p>
   </div>
   <div class='ocr_carea' id='block_1_4' title="bbox 135 760 3577 848">
    <p class='ocr_par' dir='ltr' id='par_1_4' title="bbox 135 760 3577 848">
     <span class='ocr_line' id='line_1_4' title="bbox 135 760 3577 848; baseline 0.005 -31"><span class='ocrx_word' id='word_1_47' title='bbox 135 761 297 817; x_wconf 87' lang='lat' dir='ltr'>unde</span> <span class='ocrx_word' id='word_1_48' title='bbox 328 760 507 816; x_wconf 83' lang='lat' dir='ltr'>dicit:</span> <span class='ocrx_word' id='word_1_49' title='bbox 536 760 689 817; x_wconf 78' lang='lat' dir='ltr'>Sedit</span> <span class='ocrx_word' id='word_1_50' title='bbox 714 763 976 832; x_wconf 77' lang='lat' dir='ltr'>populus.</span> <span class='ocrx_word' id='word_1_51' title='bbox 1011 762 1117 818; x_wconf 88' lang='lat' dir='ltr'>Ubi</span> <span class='ocrx_word' id='word_1_52' title='bbox 1150 765 1486 821; x_wconf 79' lang='lat' dir='ltr'>ostenditur</span> <span class='ocrx_word' id='word_1_53' title='bbox 1517 766 1671 837; x_wconf 91' lang='lat' dir='ltr'>quod</span> <span class='ocrx_word' id='word_1_54' title='bbox 1704 765 1810 820; x_wconf 89' lang='lat' dir='ltr'>hu-</span> <span class='ocrx_word' id='word_1_55' title='bbox 1919 773 2272 845; x_wconf 89' lang='lat' dir='ltr'>baptismate</span> <span class='ocrx_word' id='word_1_56' title='bbox 2314 775 2691 845; x_wconf 77' lang='lat' dir='ltr'>promisistis,</span> <span class='ocrx_word' id='word_1_57' title='bbox 2728 776 2987 848; x_wconf 81' lang='lat' dir='ltr'>implete,</span> <span class='ocrx_word' id='word_1_58' title='bbox 3018 777 3076 831; x_wconf 87' lang='lat' dir='ltr'>id</span> <span class='ocrx_word' id='word_1_59' title='bbox 3112 782 3219 843; x_wconf 91' lang='lat' dir='ltr'>est,</span> <span class='ocrx_word' id='word_1_60' title='bbox 3254 777 3486 833; x_wconf 82' lang='lat' dir='ltr'>diabolo</span> <span class='ocrx_word' id='word_1_61' title='bbox 3516 782 3577 833; x_wconf 87' lang='lat' dir='ltr'>et</span> 
     </span>
    </p>
   </div>
   <div class='ocr_carea' id='block_1_5' title="bbox 126 849 3575 939">
    <p class='ocr_par' dir='ltr' id='par_1_5' title="bbox 126 849 3575 939">
     <span class='ocr_line' id='line_1_5' title="bbox 126 849 3575 939; baseline 0.001 -34"><span class='ocrx_word' id='word_1_62' title='bbox 126 849 468 921; x_wconf 87' lang='lat' dir='ltr'>juscemodi</span> <span class='ocrx_word' id='word_1_63' title='bbox 503 849 699 905; x_wconf 87' lang='lat' dir='ltr'>cultus</span> <span class='ocrx_word' id='word_1_64' title='bbox 742 856 797 906; x_wconf 90' lang='lat' dir='ltr'>et</span> <span class='ocrx_word' id='word_1_65' title='bbox 845 851 1118 907; x_wconf 68' lang='lat' dir='ltr'>nefandae</span> <span class='ocrx_word' id='word_1_66' title='bbox 1164 852 1352 924; x_wconf 65' lang='lat' dir='ltr'>epulae</span> <span class='ocrx_word' id='word_1_67' title='bbox 1403 855 1474 910; x_wconf 82' lang='lat' dir='ltr'>ad</span> <span class='ocrx_word' id='word_1_68' title='bbox 1506 853 1807 910; x_wconf 82' lang='lat' dir='ltr'>lasciviam</span> <span class='ocrx_word' id='word_1_69' title='bbox 1918 863 2193 933; x_wconf 74' lang='lat' dir='ltr'>operibus</span> <span class='ocrx_word' id='word_1_70' title='bbox 2213 865 2342 934; x_wconf 76' lang='lat' dir='ltr'>ejus</span> <span class='ocrx_word' id='word_1_71' title='bbox 2373 865 2798 920; x_wconf 62' lang='lat' dir='ltr'>abrenuntiata,</span> <span class='ocrx_word' id='word_1_72' title='bbox 2823 867 2946 931; x_wconf 78' lang='lat' dir='ltr'>Quo</span> <span class='ocrx_word' id='word_1_73' title='bbox 2967 865 3158 939; x_wconf 65' lang='lat' dir='ltr'>magis</span> <span class='ocrx_word' id='word_1_74' title='bbox 3178 866 3432 939; x_wconf 71' lang='lat' dir='ltr'>quisque</span> <span class='ocrx_word' id='word_1_75' title='bbox 3452 867 3575 923; x_wconf 73' lang='grc' dir='ltr'>ίάο-</span> 
     </span>
    </p>
   </div>
   <div class='ocr_carea' id='block_1_6' title="bbox 130 940 3571 1026">
    <p class='ocr_par' dir='ltr' id='par_1_6' title="bbox 130 940 3571 1026">
     <span class='ocr_line' id='line_1_6' title="bbox 130 940 3571 1026; baseline 0.001 -32"><span class='ocrx_word' id='word_1_76' title='bbox 130 942 478 1010; x_wconf 88' lang='lat' dir='ltr'>provocant.</span> <span class='ocrx_word' id='word_1_77' title='bbox 516 940 824 995; x_wconf 85' lang='lat' dir='ltr'>Monemur</span> <span class='ocrx_word' id='word_1_78' title='bbox 847 957 917 995; x_wconf 87' lang='lat' dir='ltr'>ne</span> <span class='ocrx_word' id='word_1_79' title='bbox 948 941 1091 996; x_wconf 88' lang='lat' dir='ltr'>talia</span> <span class='ocrx_word' id='word_1_80' title='bbox 1118 959 1389 1013; x_wconf 81' lang='lat' dir='ltr'>agamus,</span> <span class='ocrx_word' id='word_1_81' title='bbox 1426 960 1497 999; x_wconf 89' lang='lat' dir='ltr'>ne</span> <span class='ocrx_word' id='word_1_82' title='bbox 1537 943 1810 1000; x_wconf 88' lang='lat' dir='ltr'>similiter</span> <span class='ocrx_word' id='word_1_83' title='bbox 1915 951 1990 1007; x_wconf 77' lang='lat' dir='ltr'>lis</span> <span class='ocrx_word' id='word_1_84' title='bbox 2023 954 2479 1025; x_wconf 55' lang='lat' dir='ltr'>appropinquat,</span> <span class='ocrx_word' id='word_1_85' title='bbox 2508 971 2574 1009; x_wconf 73' lang='lat' dir='ltr'>eo</span> <span class='ocrx_word' id='word_1_86' title='bbox 2607 955 2795 1026; x_wconf 71' lang='lat' dir='ltr'>magis</span> <span class='ocrx_word' id='word_1_87' title='bbox 2820 972 2854 1010; x_wconf 66' lang='grc' dir='ltr'>α</span> <span class='ocrx_word' id='word_1_88' title='bbox 2876 955 2991 1010; x_wconf 72' lang='lat' dir='ltr'>Deo</span> <span class='ocrx_word' id='word_1_89' title='bbox 3014 955 3252 1011; x_wconf 55' lang='lat' dir='ltr'>recedit,</span> <span class='ocrx_word' id='word_1_90' title='bbox 3272 957 3376 1010; x_wconf 63' lang='lat' dir='ltr'>Est</span> <span class='ocrx_word' id='word_1_91' title='bbox 3394 955 3571 1011; x_wconf 64' lang='lat' dir='ltr'>etiam</span> 
     </span>
    </p>
   </div>
   <div class='ocr_carea' id='block_1_7' title="bbox 135 1042 3570 1117">
    <p class='ocr_par' dir='ltr' id='par_1_7' title="bbox 135 1042 3570 1117">
     <span class='ocr_line' id='line_1_7' title="bbox 135 1042 3570 1117; baseline 0 -18"><span class='ocrx_word' id='word_1_92' title='bbox 135 1042 474 1099; x_wconf 63' lang='grc' dir='ltr'>Ρθτθδωυεο</span> <span class='ocrx_word' id='word_1_93' title='bbox 1915 1042 2155 1097; x_wconf 81' lang='lat' dir='ltr'>difﬁcile</span> <span class='ocrx_word' id='word_1_94' title='bbox 2186 1047 2251 1096; x_wconf 91' lang='lat' dir='ltr'>ut</span> <span class='ocrx_word' id='word_1_95' title='bbox 2279 1042 2380 1113; x_wconf 90' lang='lat' dir='ltr'>qui</span> <span class='ocrx_word' id='word_1_96' title='bbox 2412 1042 2568 1098; x_wconf 89' lang='lat' dir='ltr'>idola</span> <span class='ocrx_word' id='word_1_97' title='bbox 2598 1044 2972 1115; x_wconf 77' lang='lat' dir='ltr'>frequentant</span> <span class='ocrx_word' id='word_1_98' title='bbox 2994 1060 3109 1099; x_wconf 91' lang='lat' dir='ltr'>non</span> <span class='ocrx_word' id='word_1_99' title='bbox 3129 1043 3351 1115; x_wconf 88' lang='lat' dir='ltr'>aliquid</span> <span class='ocrx_word' id='word_1_100' title='bbox 3370 1045 3570 1117; x_wconf 83' lang='lat' dir='ltr'>magni</span> 
     </span>
    </p>
   </div>
   <div class='ocr_carea' id='block_1_8' title="bbox 203 1117 1744 1205">
    <p class='ocr_par' dir='ltr' id='par_1_8' title="bbox 203 1117 1739 1191">
     <span class='ocr_line' id='line_1_8' title="bbox 203 1117 1739 1191; baseline 0.003 -19"><span class='ocrx_word' id='word_1_101' title='bbox 203 1117 390 1188; x_wconf 80' lang='lat' dir='ltr'>Neque</span> <span class='ocrx_word' id='word_1_102' title='bbox 438 1119 801 1187; x_wconf 80' lang='lat' dir='ltr'>fornicemur,</span> <span class='ocrx_word' id='word_1_103' title='bbox 833 1122 943 1173; x_wconf 85' lang='lat' dir='ltr'>etc.</span> <span class='ocrx_word' id='word_1_104' title='bbox 981 1118 1144 1174; x_wconf 89' lang='lat' dir='ltr'>Illius</span> <span class='ocrx_word' id='word_1_105' title='bbox 1200 1119 1309 1174; x_wconf 91' lang='lat' dir='ltr'>loci</span> <span class='ocrx_word' id='word_1_106' title='bbox 1358 1121 1649 1191; x_wconf 87' lang='lat' dir='ltr'>meminit,</span> <span class='ocrx_word' id='word_1_107' title='bbox 1703 1140 1739 1177; x_wconf 92' lang='lat' dir='ltr'>u</span> 
     </span>
    </p>
   </div>
   <div class='ocr_carea' id='block_1_9' title="bbox 1975 1117 3564 1205">
    <p class='ocr_par' dir='ltr' id='par_1_9' title="bbox 1975 1130 3564 1205">
     <span class='ocr_line' id='line_1_9' title="bbox 1975 1130 3564 1205; baseline 0.001 -19"><span class='ocrx_word' id='word_1_108' title='bbox 1975 1136 2018 1186; x_wconf 81' lang='lat' dir='ltr'>It</span> <span class='ocrx_word' id='word_1_109' title='bbox 2046 1130 2281 1186; x_wconf 87' lang='lat' dir='ltr'>virtutis</span> <span class='ocrx_word' id='word_1_110' title='bbox 2312 1133 2371 1186; x_wconf 90' lang='lat' dir='ltr'>in</span> <span class='ocrx_word' id='word_1_111' title='bbox 2404 1132 2490 1187; x_wconf 89' lang='lat' dir='ltr'>eis</span> <span class='ocrx_word' id='word_1_112' title='bbox 2536 1133 2931 1205; x_wconf 88' lang='lat' dir='ltr'>suspicentur.</span> <span class='ocrx_word' id='word_1_113' title='bbox 2964 1134 3328 1204; x_wconf 84' lang='lat' dir='ltr'>Quapropter</span> <span class='ocrx_word' id='word_1_114' title='bbox 3358 1133 3564 1205; x_wconf 80' lang='lat' dir='ltr'>fugite,</span> 
     </span>
    </p>
   </div>
   <div class='ocr_carea' id='block_1_10' title="bbox 132 1205 1803 1279">
    <p class='ocr_par' dir='ltr' id='par_1_10' title="bbox 132 1205 1803 1279">
     <span class='ocr_line' id='line_1_10' title="bbox 132 1205 1803 1279; baseline 0.003 -17"><span class='ocrx_word' id='word_1_115' title='bbox 132 1205 403 1263; x_wconf 57' lang='lat' dir='ltr'>Moabitae</span> <span class='ocrx_word' id='word_1_116' title='bbox 436 1212 714 1263; x_wconf 77' lang='lat' dir='ltr'>ornantes</span> <span class='ocrx_word' id='word_1_117' title='bbox 749 1207 901 1263; x_wconf 81' lang='lat' dir='ltr'>filias</span> <span class='ocrx_word' id='word_1_118' title='bbox 931 1225 1073 1264; x_wconf 86' lang='lat' dir='ltr'>suas</span> <span class='ocrx_word' id='word_1_119' title='bbox 1100 1216 1426 1279; x_wconf 89' lang='lat' dir='ltr'>posuerunt</span> <span class='ocrx_word' id='word_1_120' title='bbox 1455 1228 1552 1266; x_wconf 85' lang='lat' dir='ltr'>eas</span> <span class='ocrx_word' id='word_1_121' title='bbox 1577 1217 1709 1267; x_wconf 85' lang='lat' dir='ltr'>ante</span> <span class='ocrx_word' id='word_1_122' title='bbox 1738 1213 1803 1267; x_wconf 81' lang='lat' dir='ltr'>ﬁ-</span> 
     </span>
    </p>
   </div>
   <div class='ocr_carea' id='block_1_11' title="bbox 127 1295 1801 1371">
    <p class='ocr_par' dir='ltr' id='par_1_11' title="bbox 127 1295 1801 1371">
     <span class='ocr_line' id='line_1_11' title="bbox 127 1295 1801 1371; baseline 0.003 -20"><span class='ocrx_word' id='word_1_123' title='bbox 127 1295 241 1351; x_wconf 90' lang='lat' dir='ltr'>lios</span> <span class='ocrx_word' id='word_1_124' title='bbox 270 1295 473 1363; x_wconf 80' lang='lat' dir='ltr'>Israel,</span> <span class='ocrx_word' id='word_1_125' title='bbox 505 1301 564 1352; x_wconf 86' lang='lat' dir='ltr'>et</span> <span class='ocrx_word' id='word_1_126' title='bbox 597 1296 1080 1367; x_wconf 82' lang='lat' dir='ltr'>concupiscentes</span> <span class='ocrx_word' id='word_1_127' title='bbox 1129 1299 1315 1369; x_wconf 82' lang='lat' dir='ltr'>(Num.</span> <span class='ocrx_word' id='word_1_128' title='bbox 1372 1302 1502 1368; x_wconf 81' lang='lat' dir='ltr'>xxv)</span> <span class='ocrx_word' id='word_1_129' title='bbox 1538 1317 1801 1371; x_wconf 82' lang='lat' dir='ltr'>peccave-</span> 
     </span>
    </p>
   </div>
   <div class='ocr_carea' id='block_1_12' title="bbox 130 1385 1803 1460">
    <p class='ocr_par' dir='ltr' id='par_1_12' title="bbox 130 1385 1803 1460">
     <span class='ocr_line' id='line_1_12' title="bbox 130 1385 1803 1460; baseline 0.002 -20"><span class='ocrx_word' id='word_1_130' title='bbox 130 1390 310 1441; x_wconf 88' lang='lat' dir='ltr'>runt:</span> <span class='ocrx_word' id='word_1_131' title='bbox 345 1385 446 1441; x_wconf 90' lang='lat' dir='ltr'>ubi</span> <span class='ocrx_word' id='word_1_132' title='bbox 479 1385 562 1441; x_wconf 90' lang='lat' dir='ltr'>ita</span> <span class='ocrx_word' id='word_1_133' title='bbox 591 1385 809 1441; x_wconf 85' lang='lat' dir='ltr'>exarsit</span> <span class='ocrx_word' id='word_1_134' title='bbox 840 1387 925 1441; x_wconf 90' lang='lat' dir='ltr'>ira</span> <span class='ocrx_word' id='word_1_135' title='bbox 955 1386 1077 1457; x_wconf 86' lang='lat' dir='ltr'>Dei,</span> <span class='ocrx_word' id='word_1_136' title='bbox 1114 1392 1177 1441; x_wconf 91' lang='lat' dir='ltr'>ut</span> <span class='ocrx_word' id='word_1_137' title='bbox 1206 1388 1378 1444; x_wconf 85' lang='lat' dir='ltr'>multi</span> <span class='ocrx_word' id='word_1_138' title='bbox 1413 1390 1669 1460; x_wconf 82' lang='lat' dir='ltr'>perirent</span> <span class='ocrx_word' id='word_1_139' title='bbox 1700 1407 1714 1446; x_wconf 87' lang='lat'>:</span> <span class='ocrx_word' id='word_1_140' title='bbox 1745 1396 1803 1445; x_wconf 90' lang='lat' dir='ltr'>et</span> 
     </span>
    </p>
   </div>
   <div class='ocr_carea' id='block_1_13' title="bbox 1913 1221 3564 1292">
    <p class='ocr_par' dir='ltr' id='par_1_13' title="bbox 1913 1221 3564 1292">
     <span class='ocr_line' id='line_1_13' title="bbox 1913 1221 3564 1292; baseline 0.002 -18"><span class='ocrx_word' id='word_1_141' title='bbox 1913 1237 2029 1274; x_wconf 89' lang='lat' dir='ltr'>non</span> <span class='ocrx_word' id='word_1_142' title='bbox 2065 1222 2257 1275; x_wconf 89' lang='lat' dir='ltr'>solum</span> <span class='ocrx_word' id='word_1_143' title='bbox 2283 1221 2550 1291; x_wconf 90' lang='lat' dir='ltr'>pedibus,</span> <span class='ocrx_word' id='word_1_144' title='bbox 2572 1222 2672 1276; x_wconf 90' lang='lat' dir='ltr'>sed</span> <span class='ocrx_word' id='word_1_145' title='bbox 2694 1221 2870 1276; x_wconf 89' lang='lat' dir='ltr'>etiam</span> <span class='ocrx_word' id='word_1_146' title='bbox 2896 1221 3185 1292; x_wconf 90' lang='lat' dir='ltr'>moribus,</span> <span class='ocrx_word' id='word_1_147' title='bbox 3217 1225 3282 1276; x_wconf 90' lang='lat' dir='ltr'>ut</span> <span class='ocrx_word' id='word_1_148' title='bbox 3312 1221 3564 1278; x_wconf 87' lang='lat' dir='ltr'>occasio-</span> 
     </span>
    </p>
   </div>
   <div class='ocr_carea' id='block_1_14' title="bbox 1913 1309 2661 1364">
    <p class='ocr_par' dir='ltr' id='par_1_14' title="bbox 1913 1309 2661 1364">
     <span class='ocr_line' id='line_1_14' title="bbox 1913 1309 2661 1364; baseline 0 -1"><span class='ocrx_word' id='word_1_149' title='bbox 1913 1325 2046 1363; x_wconf 87' lang='lat' dir='ltr'>nem</span> <span class='ocrx_word' id='word_1_150' title='bbox 2080 1309 2311 1363; x_wconf 87' lang='lat' dir='ltr'>diabolo</span> <span class='ocrx_word' id='word_1_151' title='bbox 2343 1327 2459 1364; x_wconf 90' lang='lat' dir='ltr'>non</span> <span class='ocrx_word' id='word_1_152' title='bbox 2491 1310 2661 1364; x_wconf 87' lang='lat' dir='ltr'>detis.</span> 
     </span>
    </p>
   </div>
   <div class='ocr_carea' id='block_1_15' title="bbox 1986 1398 3567 1469">
    <p class='ocr_par' dir='ltr' id='par_1_15' title="bbox 1986 1398 3567 1469">
     <span class='ocr_line' id='line_1_15' title="bbox 1986 1398 3567 1469; baseline 0.002 -18"><span class='ocrx_word' id='word_1_153' title='bbox 1986 1398 2133 1469; x_wconf 83' lang='lat'>(615)</span> <span class='ocrx_word' id='word_1_154' title='bbox 2167 1398 2486 1468; x_wconf 88' lang='lat' dir='ltr'>Sequitur:</span> <span class='ocrx_word' id='word_1_155' title='bbox 2522 1400 2583 1454; x_wconf 91' lang='lat' dir='ltr'>Ut</span> <span class='ocrx_word' id='word_1_156' title='bbox 2610 1398 2973 1469; x_wconf 78' lang='lat' dir='ltr'>prudentibus</span> <span class='ocrx_word' id='word_1_157' title='bbox 3004 1401 3214 1469; x_wconf 84' lang='lat' dir='ltr'>loquor.</span> <span class='ocrx_word' id='word_1_158' title='bbox 3258 1400 3567 1456; x_wconf 89' lang='lat' dir='ltr'>Prudenti-</span> 
     </span>
    </p>
   </div>
   <div class='ocr_carea' id='block_1_16' title="bbox 127 1474 3560 1558">
    <p class='ocr_par' dir='ltr' id='par_1_16' title="bbox 127 1474 3560 1558">
     <span class='ocr_line' id='line_1_16' title="bbox 127 1474 3560 1558; baseline 0.004 -29"><span class='ocrx_word' id='word_1_159' title='bbox 127 1474 330 1545; x_wconf 83' lang='lat' dir='ltr'>etiam,</span> <span class='ocrx_word' id='word_1_160' title='bbox 366 1474 482 1530; x_wconf 90' lang='lat' dir='ltr'>nisi</span> <span class='ocrx_word' id='word_1_161' title='bbox 514 1474 763 1530; x_wconf 76' lang='lat' dir='ltr'>Phineas</span> <span class='ocrx_word' id='word_1_162' title='bbox 786 1474 1086 1530; x_wconf 89' lang='lat' dir='ltr'>adulteros</span> <span class='ocrx_word' id='word_1_163' title='bbox 1110 1477 1445 1544; x_wconf 86' lang='lat' dir='ltr'>occidisset,</span> <span class='ocrx_word' id='word_1_164' title='bbox 1480 1479 1797 1533; x_wconf 85' lang='lat' dir='ltr'>maximam</span> <span class='ocrx_word' id='word_1_165' title='bbox 1908 1486 2021 1542; x_wconf 80' lang='lat' dir='ltr'>bus</span> <span class='ocrx_word' id='word_1_166' title='bbox 2053 1486 2422 1557; x_wconf 83' lang='lat' dir='ltr'>loquebatur,</span> <span class='ocrx_word' id='word_1_167' title='bbox 2457 1487 2595 1557; x_wconf 91' lang='lat' dir='ltr'>quia</span> <span class='ocrx_word' id='word_1_168' title='bbox 2646 1485 3038 1558; x_wconf 85' lang='lat' dir='ltr'>philosophis,</span> <span class='ocrx_word' id='word_1_169' title='bbox 3088 1491 3153 1541; x_wconf 86' lang='lat' dir='ltr'>ut</span> <span class='ocrx_word' id='word_1_170' title='bbox 3180 1504 3289 1543; x_wconf 91' lang='lat' dir='ltr'>suo</span> <span class='ocrx_word' id='word_1_171' title='bbox 3329 1488 3560 1558; x_wconf 89' lang='lat' dir='ltr'>judicio</span> 
     </span>
    </p>
   </div>
   <div class='ocr_carea' id='block_1_17' title="bbox 129 1564 3564 1645">
    <p class='ocr_par' dir='ltr' id='par_1_17' title="bbox 129 1564 3564 1645">
     <span class='ocr_line' id='line_1_17' title="bbox 129 1564 3564 1645; baseline 0.003 -26"><span class='ocrx_word' id='word_1_172' title='bbox 129 1568 357 1635; x_wconf 86' lang='lat' dir='ltr'>partem</span> <span class='ocrx_word' id='word_1_173' title='bbox 382 1564 586 1635; x_wconf 86' lang='lat' dir='ltr'>populi</span> <span class='ocrx_word' id='word_1_174' title='bbox 612 1564 881 1634; x_wconf 88' lang='lat' dir='ltr'>perderet</span> <span class='ocrx_word' id='word_1_175' title='bbox 903 1565 1069 1634; x_wconf 83' lang='lat' dir='ltr'>(Ibid.</span> <span class='ocrx_word' id='word_1_176' title='bbox 1098 1566 1207 1636; x_wconf 92' lang='grc'>11).</span> <span class='ocrx_word' id='word_1_177' title='bbox 1232 1566 1540 1621; x_wconf 89' lang='lat' dir='ltr'>Monemur</span> <span class='ocrx_word' id='word_1_178' title='bbox 1569 1582 1639 1622; x_wconf 91' lang='lat' dir='ltr'>ne</span> <span class='ocrx_word' id='word_1_179' title='bbox 1662 1566 1801 1621; x_wconf 89' lang='lat' dir='ltr'>talia</span> <span class='ocrx_word' id='word_1_180' title='bbox 1910 1573 2227 1645; x_wconf 88' lang='lat' dir='ltr'>probarent</span> <span class='ocrx_word' id='word_1_181' title='bbox 2254 1590 2458 1628; x_wconf 89' lang='lat' dir='ltr'>verum</span> <span class='ocrx_word' id='word_1_182' title='bbox 2487 1590 2614 1629; x_wconf 88' lang='lat' dir='ltr'>esse</span> <span class='ocrx_word' id='word_1_183' title='bbox 2637 1575 2793 1645; x_wconf 91' lang='lat' dir='ltr'>quod</span> <span class='ocrx_word' id='word_1_184' title='bbox 2822 1574 3056 1630; x_wconf 88' lang='lat' dir='ltr'>dicebat</span> <span class='ocrx_word' id='word_1_185' title='bbox 3081 1592 3094 1641; x_wconf 89' lang='lat'><strong>;</strong></span> <span class='ocrx_word' id='word_1_186' title='bbox 3120 1575 3289 1645; x_wconf 88' lang='lat' dir='ltr'>quasi</span> <span class='ocrx_word' id='word_1_187' title='bbox 3312 1575 3564 1630; x_wconf 84' lang='lat' dir='ltr'>diceret:</span> 
     </span>
    </p>
   </div>
   <div class='ocr_carea' id='block_1_18' title="bbox 123 1653 3558 1735">
    <p class='ocr_par' dir='ltr' id='par_1_18' title="bbox 123 1653 3558 1735">
     <span class='ocr_line' id='line_1_18' title="bbox 123 1653 3558 1735; baseline 0.003 -28"><span class='ocrx_word' id='word_1_188' title='bbox 123 1653 358 1724; x_wconf 87' lang='lat' dir='ltr'>agendo</span> <span class='ocrx_word' id='word_1_189' title='bbox 407 1668 744 1723; x_wconf 89' lang='lat' dir='ltr'>pereamus.</span> <span class='ocrx_word' id='word_1_190' title='bbox 778 1655 966 1725; x_wconf 85' lang='lat' dir='ltr'>Neque</span> <span class='ocrx_word' id='word_1_191' title='bbox 1021 1659 1293 1710; x_wconf 84' lang='lat' dir='ltr'>tentemus</span> <span class='ocrx_word' id='word_1_192' title='bbox 1352 1655 1653 1719; x_wconf 83' lang='lat' dir='ltr'>Christum,</span> <span class='ocrx_word' id='word_1_193' title='bbox 1686 1660 1794 1710; x_wconf 85' lang='lat' dir='ltr'>etc.</span> <span class='ocrx_word' id='word_1_194' title='bbox 1908 1661 1966 1717; x_wconf 86' lang='lat' dir='ltr'>Si</span> <span class='ocrx_word' id='word_1_195' title='bbox 1998 1664 2318 1732; x_wconf 75' lang='lat' dir='ltr'>prudentes</span> <span class='ocrx_word' id='word_1_196' title='bbox 2351 1663 2484 1729; x_wconf 82' lang='lat' dir='ltr'>esti,</span> <span class='ocrx_word' id='word_1_197' title='bbox 2517 1662 2658 1734; x_wconf 83' lang='lat' dir='ltr'>quia</span> <span class='ocrx_word' id='word_1_198' title='bbox 2689 1661 3044 1735; x_wconf 79' lang='lat' dir='ltr'>philosophi,</span> <span class='ocrx_word' id='word_1_199' title='bbox 3077 1663 3218 1734; x_wconf 90' lang='lat' dir='ltr'>quia</span> <span class='ocrx_word' id='word_1_200' title='bbox 3244 1661 3558 1729; x_wconf 88' lang='lat' dir='ltr'>dialectici,</span> 
     </span>
    </p>
   </div>
   <div class='ocr_carea' id='block_1_19' title="bbox 125 1742 3575 1822">
    <p class='ocr_par' dir='ltr' id='par_1_19' title="bbox 125 1742 3575 1822">
     <span class='ocr_line' id='line_1_19' title="bbox 125 1742 3575 1822; baseline 0.001 -24"><span class='ocrx_word' id='word_1_201' title='bbox 125 1742 276 1798; x_wconf 89' lang='lat' dir='ltr'>Cum</span> <span class='ocrx_word' id='word_1_202' title='bbox 308 1742 453 1797; x_wconf 88' lang='lat' dir='ltr'>dicit</span> <span class='ocrx_word' id='word_1_203' title='bbox 484 1758 587 1798; x_wconf 88' lang='lat' dir='ltr'>eos</span> <span class='ocrx_word' id='word_1_204' title='bbox 623 1742 925 1798; x_wconf 85' lang='lat' dir='ltr'>Christum</span> <span class='ocrx_word' id='word_1_205' title='bbox 978 1747 1261 1810; x_wconf 89' lang='lat' dir='ltr'>tentasse,</span> <span class='ocrx_word' id='word_1_206' title='bbox 1295 1743 1625 1800; x_wconf 85' lang='lat' dir='ltr'>ostenditur</span> <span class='ocrx_word' id='word_1_207' title='bbox 1664 1749 1798 1799; x_wconf 89' lang='lat' dir='ltr'>ante</span> <span class='ocrx_word' id='word_1_208' title='bbox 1907 1768 2008 1807; x_wconf 79' lang='lat' dir='ltr'>vos</span> <span class='ocrx_word' id='word_1_209' title='bbox 2051 1751 2334 1822; x_wconf 74' lang='lat' dir='ltr'>judicate,</span> <span class='ocrx_word' id='word_1_210' title='bbox 2388 1752 2444 1806; x_wconf 76' lang='lat' dir='ltr'>id</span> <span class='ocrx_word' id='word_1_211' title='bbox 2505 1757 2612 1819; x_wconf 81' lang='lat' dir='ltr'>est,</span> <span class='ocrx_word' id='word_1_212' title='bbox 2666 1751 2998 1821; x_wconf 82' lang='lat' dir='ltr'>subjunctis</span> <span class='ocrx_word' id='word_1_213' title='bbox 3043 1750 3575 1821; x_wconf 78' lang='lat' dir='ltr'>similitudinibus,’</span> 
     </span>
    </p>
   </div>
   <div class='ocr_carea' id='block_1_20' title="bbox 124 1831 1744 1911">
    <p class='ocr_par' dir='ltr' id='par_1_20' title="bbox 124 1831 1744 1904">
     <span class='ocr_line' id='line_1_20' title="bbox 124 1831 1744 1904; baseline 0 -18"><span class='ocrx_word' id='word_1_214' title='bbox 124 1831 334 1898; x_wconf 83' lang='lat' dir='ltr'>fuisse,</span> <span class='ocrx_word' id='word_1_215' title='bbox 371 1848 550 1903; x_wconf 86' lang='lat' dir='ltr'>quam</span> <span class='ocrx_word' id='word_1_216' title='bbox 585 1848 654 1887; x_wconf 83' lang='lat' dir='ltr'>ex</span> <span class='ocrx_word' id='word_1_217' title='bbox 683 1831 923 1903; x_wconf 79' lang='lat' dir='ltr'>Virgine</span> <span class='ocrx_word' id='word_1_218' title='bbox 967 1837 1327 1899; x_wconf 88' lang='lat' dir='ltr'>nasceretur,</span> <span class='ocrx_word' id='word_1_219' title='bbox 1362 1838 1419 1888; x_wconf 89' lang='lat' dir='ltr'>et</span> <span class='ocrx_word' id='word_1_220' title='bbox 1461 1836 1695 1904; x_wconf 81' lang='lat' dir='ltr'>Moysen</span> <span class='ocrx_word' id='word_1_221' title='bbox 1730 1834 1744 1886; x_wconf 84' lang='lat' dir='ltr'>l</span> 
     </span>
    </p>
   </div>
   <div class='ocr_carea' id='block_1_21' title="bbox 1975 1831 3568 1911">
    <p class='ocr_par' dir='ltr' id='par_1_21' title="bbox 1975 1840 3568 1911">
     <span class='ocr_line' id='line_1_21' title="bbox 1975 1840 3568 1911; baseline 0.002 -18"><span class='ocrx_word' id='word_1_222' title='bbox 1975 1841 2062 1895; x_wconf 83' lang='lat' dir='ltr'>IOd</span> <span class='ocrx_word' id='word_1_223' title='bbox 2096 1840 2225 1895; x_wconf 92' lang='lat' dir='ltr'>dico</span> <span class='ocrx_word' id='word_1_224' title='bbox 2256 1857 2457 1896; x_wconf 90' lang='lat' dir='ltr'>verum</span> <span class='ocrx_word' id='word_1_225' title='bbox 2490 1857 2619 1896; x_wconf 88' lang='lat' dir='ltr'>esse</span> <span class='ocrx_word' id='word_1_226' title='bbox 2642 1840 2905 1911; x_wconf 86' lang='lat' dir='ltr'>probate.</span> <span class='ocrx_word' id='word_1_227' title='bbox 2939 1840 3257 1910; x_wconf 87' lang='lat' dir='ltr'>Sequitur:</span> <span class='ocrx_word' id='word_1_228' title='bbox 3294 1840 3462 1897; x_wconf 71' lang='lat' dir='ltr'>(Iulia:</span> <span class='ocrx_word' id='word_1_229' title='bbox 3479 1840 3568 1896; x_wconf 87' lang='lat' dir='ltr'>be-</span> 
     </span>
    </p>
   </div>
   <div class='ocr_carea' id='block_1_22' title="bbox 124 1920 3560 2023">
    <p class='ocr_par' dir='ltr' id='par_1_22' title="bbox 124 1920 3560 2023">
     <span class='ocr_line' id='line_1_22' title="bbox 124 1920 3560 2023; baseline 0.003 -51"><span class='ocrx_word' id='word_1_230' title='bbox 124 1920 592 2023; x_wconf 42' lang='lat' dir='ltr'>gur-amHChristi</span> <span class='ocrx_word' id='word_1_231' title='bbox 622 1925 926 2023; x_wconf 73' lang='lat' dir='ltr'>gestasse;</span> <span class='ocrx_word' id='word_1_232' title='bbox 959 1920 1227 2023; x_wconf 45' lang='lat' dir='ltr'>nam‘illi</span> <span class='ocrx_word' id='word_1_233' title='bbox 1255 1923 1493 1993; x_wconf 79' lang='lat' dir='ltr'>Moysen</span> <span class='ocrx_word' id='word_1_234' title='bbox 1541 1926 1796 1977; x_wconf 88' lang='lat' dir='ltr'>tantave-</span> <span class='ocrx_word' id='word_1_235' title='bbox 1828 1960 1873 2023; x_wconf 76' lang='grc' dir='ltr'><strong>Β</strong></span> <span class='ocrx_word' id='word_1_236' title='bbox 1906 1930 2255 1996; x_wconf 79' lang='lat' dir='ltr'>nedictionis,</span> <span class='ocrx_word' id='word_1_237' title='bbox 2283 1931 2375 1984; x_wconf 88' lang='lat' dir='ltr'>cui</span> <span class='ocrx_word' id='word_1_238' title='bbox 2405 1929 2790 1994; x_wconf 81' lang='lat' dir='ltr'>benedicimus,</span> <span class='ocrx_word' id='word_1_239' title='bbox 2829 1933 2940 1984; x_wconf 86' lang='lat' dir='ltr'>etc.</span> <span class='ocrx_word' id='word_1_240' title='bbox 2974 1928 3044 1983; x_wconf 89' lang='lat' dir='ltr'>Et</span> <span class='ocrx_word' id='word_1_241' title='bbox 3073 1932 3159 1984; x_wconf 86' lang='lat' dir='ltr'>est</span> <span class='ocrx_word' id='word_1_242' title='bbox 3198 1944 3408 1985; x_wconf 83' lang='lat' dir='ltr'>sensus</span> <span class='ocrx_word' id='word_1_243' title='bbox 3451 1946 3466 1984; x_wconf 93' lang='lat'>:</span> <span class='ocrx_word' id='word_1_244' title='bbox 3500 1927 3560 1984; x_wconf 92' lang='lat' dir='ltr'>Si</span> 
     </span>
    </p>
   </div>
   <div class='ocr_carea' id='block_1_23' title="bbox 120 2010 3553 2091">
    <p class='ocr_par' dir='ltr' id='par_1_23' title="bbox 120 2010 3553 2091">
     <span class='ocr_line' id='line_1_23' title="bbox 120 2010 3553 2091; baseline 0.004 -30"><span class='ocrx_word' id='word_1_245' title='bbox 120 2013 289 2065; x_wconf 87' lang='lat' dir='ltr'>runt.</span> <span class='ocrx_word' id='word_1_246' title='bbox 326 2010 639 2066; x_wconf 89' lang='lat' dir='ltr'>Monemur</span> <span class='ocrx_word' id='word_1_247' title='bbox 669 2026 741 2066; x_wconf 92' lang='lat' dir='ltr'>ne</span> <span class='ocrx_word' id='word_1_248' title='bbox 770 2010 911 2066; x_wconf 87' lang='lat' dir='ltr'>talia</span> <span class='ocrx_word' id='word_1_249' title='bbox 943 2010 1169 2082; x_wconf 86' lang='lat' dir='ltr'>agendo</span> <span class='ocrx_word' id='word_1_250' title='bbox 1203 2026 1536 2082; x_wconf 83' lang='lat' dir='ltr'>pereamus.</span> <span class='ocrx_word' id='word_1_251' title='bbox 1828 2010 1871 2023; x_wconf 75' lang='grc'>“’</span> <span class='ocrx_word' id='word_1_252' title='bbox 1903 2036 2010 2074; x_wconf 90' lang='lat' dir='ltr'>nos</span> <span class='ocrx_word' id='word_1_253' title='bbox 2044 2024 2278 2090; x_wconf 87' lang='lat' dir='ltr'>propter</span> <span class='ocrx_word' id='word_1_254' title='bbox 2307 2018 2795 2091; x_wconf 83' lang='lat' dir='ltr'>signiﬁcationem</span> <span class='ocrx_word' id='word_1_255' title='bbox 2831 2017 3007 2075; x_wconf 89' lang='lat' dir='ltr'>unius</span> <span class='ocrx_word' id='word_1_256' title='bbox 3041 2016 3240 2074; x_wconf 89' lang='lat' dir='ltr'>calicis</span> <span class='ocrx_word' id='word_1_257' title='bbox 3268 2021 3327 2072; x_wconf 89' lang='lat' dir='ltr'>et</span> <span class='ocrx_word' id='word_1_258' title='bbox 3375 2016 3553 2074; x_wconf 87' lang='lat' dir='ltr'>unius</span> 
     </span>
    </p>
   </div>
   <div class='ocr_carea' id='block_1_24' title="bbox 194 2098 3554 2180">
    <p class='ocr_par' dir='ltr' id='par_1_24' title="bbox 194 2098 3554 2180">
     <span class='ocr_line' id='line_1_24' title="bbox 194 2098 3554 2180; baseline -0.001 -28"><span class='ocrx_word' id='word_1_259' title='bbox 194 2098 382 2167; x_wconf 83' lang='lat' dir='ltr'>Neque</span> <span class='ocrx_word' id='word_1_260' title='bbox 415 2099 928 2164; x_wconf 81' lang='lat' dir='ltr'>murmuraveritis,</span> <span class='ocrx_word' id='word_1_261' title='bbox 953 2103 1060 2153; x_wconf 91' lang='lat' dir='ltr'>etc.</span> <span class='ocrx_word' id='word_1_262' title='bbox 1097 2099 1525 2154; x_wconf 81' lang='lat' dir='ltr'>Exterminator</span> <span class='ocrx_word' id='word_1_263' title='bbox 1553 2098 1789 2155; x_wconf 89' lang='lat' dir='ltr'>illorum</span> <span class='ocrx_word' id='word_1_264' title='bbox 1903 2107 2092 2180; x_wconf 62' lang='lat' dir='ltr'>panis,</span> <span class='ocrx_word' id='word_1_265' title='bbox 2127 2108 2225 2179; x_wconf 79' lang='lat' dir='ltr'>qui</span> <span class='ocrx_word' id='word_1_266' title='bbox 2260 2108 2370 2163; x_wconf 78' lang='lat' dir='ltr'>sub</span> <span class='ocrx_word' id='word_1_267' title='bbox 2403 2124 2471 2163; x_wconf 72' lang='lat' dir='ltr'>ea</span> <span class='ocrx_word' id='word_1_268' title='bbox 2495 2107 2864 2163; x_wconf 76' lang='lat' dir='ltr'>invocatione</span> <span class='ocrx_word' id='word_1_269' title='bbox 2908 2106 3009 2163; x_wconf 77' lang='lat' dir='ltr'>uni</span> <span class='ocrx_word' id='word_1_270' title='bbox 3059 2106 3176 2162; x_wconf 79' lang='lat' dir='ltr'>Deo</span> <span class='ocrx_word' id='word_1_271' title='bbox 3205 2106 3554 2172; x_wconf 62' lang='lat' dir='ltr'>offeruntur,</span> 
     </span>
    </p>
   </div>
   <div class='ocr_carea' id='block_1_25' title="bbox 120 2186 3553 2267">
    <p class='ocr_par' dir='ltr' id='par_1_25' title="bbox 120 2186 3553 2267">
     <span class='ocr_line' id='line_1_25' title="bbox 120 2186 3553 2267; baseline 0.002 -25"><span class='ocrx_word' id='word_1_272' title='bbox 120 2186 240 2242; x_wconf 79' lang='lat' dir='ltr'>fuit</span> <span class='ocrx_word' id='word_1_273' title='bbox 286 2186 488 2243; x_wconf 87' lang='lat' dir='ltr'>hiatus</span> <span class='ocrx_word' id='word_1_274' title='bbox 546 2192 714 2243; x_wconf 75' lang='lat' dir='ltr'>terrae</span> <span class='ocrx_word' id='word_1_275' title='bbox 745 2189 934 2258; x_wconf 86' lang='lat' dir='ltr'>(Num.</span> <span class='ocrx_word' id='word_1_276' title='bbox 968 2206 1049 2252; x_wconf 85' lang='lat' dir='ltr'>x1,</span> <span class='ocrx_word' id='word_1_277' title='bbox 1109 2189 1240 2259; x_wconf 86' lang='lat'>33):</span> <span class='ocrx_word' id='word_1_278' title='bbox 1305 2188 1560 2244; x_wconf 82' lang='lat' dir='ltr'>maxime</span> <span class='ocrx_word' id='word_1_279' title='bbox 1591 2193 1789 2244; x_wconf 89' lang='lat' dir='ltr'>autem</span> <span class='ocrx_word' id='word_1_280' title='bbox 1904 2213 2057 2252; x_wconf 79' lang='lat' dir='ltr'>unus</span> <span class='ocrx_word' id='word_1_281' title='bbox 2090 2196 2258 2267; x_wconf 80' lang='lat' dir='ltr'>panis</span> <span class='ocrx_word' id='word_1_282' title='bbox 2289 2202 2345 2251; x_wconf 87' lang='lat' dir='ltr'>et</span> <span class='ocrx_word' id='word_1_283' title='bbox 2395 2212 2578 2251; x_wconf 88' lang='lat' dir='ltr'>unum</span> <span class='ocrx_word' id='word_1_284' title='bbox 2628 2211 2842 2266; x_wconf 90' lang='lat' dir='ltr'>corpus</span> <span class='ocrx_word' id='word_1_285' title='bbox 2889 2210 3119 2263; x_wconf 87' lang='lat' dir='ltr'>sumus,</span> <span class='ocrx_word' id='word_1_286' title='bbox 3153 2194 3431 2265; x_wconf 88' lang='lat' dir='ltr'>quoniam</span> <span class='ocrx_word' id='word_1_287' title='bbox 3458 2193 3553 2249; x_wconf 88' lang='lat' dir='ltr'>his</span> 
     </span>
    </p>
   </div>
   <div class='ocr_carea' id='block_1_26' title="bbox 120 2276 3556 2356">
    <p class='ocr_par' dir='ltr' id='par_1_26' title="bbox 120 2276 3556 2356">
     <span class='ocr_line' id='line_1_26' title="bbox 120 2276 3556 2356; baseline 0.001 -24"><span class='ocrx_word' id='word_1_288' title='bbox 120 2281 331 2332; x_wconf 87' lang='lat' dir='ltr'>auctor</span> <span class='ocrx_word' id='word_1_289' title='bbox 359 2276 692 2331; x_wconf 83' lang='lat' dir='ltr'>exterminii</span> <span class='ocrx_word' id='word_1_290' title='bbox 720 2276 993 2333; x_wconf 87' lang='lat' dir='ltr'>diabolus</span> <span class='ocrx_word' id='word_1_291' title='bbox 1022 2278 1290 2332; x_wconf 82' lang='lat' dir='ltr'>existitit.</span> <span class='ocrx_word' id='word_1_292' title='bbox 1317 2279 1443 2334; x_wconf 67' lang='lat' dir='ltr'>llaec</span> <span class='ocrx_word' id='word_1_293' title='bbox 1465 2286 1651 2333; x_wconf 80' lang='lat' dir='ltr'>autem</span> <span class='ocrx_word' id='word_1_294' title='bbox 1681 2294 1791 2332; x_wconf 72' lang='lat' dir='ltr'>om~</span> <span class='ocrx_word' id='word_1_295' title='bbox 1903 2285 2350 2356; x_wconf 71' lang='lat' dir='ltr'>participamus,</span> <span class='ocrx_word' id='word_1_296' title='bbox 2385 2289 2441 2338; x_wconf 87' lang='lat' dir='ltr'>et</span> <span class='ocrx_word' id='word_1_297' title='bbox 2472 2284 2744 2338; x_wconf 54' lang='lat' dir='ltr'>Israelita).</span> <span class='ocrx_word' id='word_1_298' title='bbox 2770 2282 3082 2338; x_wconf 88' lang='lat' dir='ltr'>carnaliter</span> <span class='ocrx_word' id='word_1_299' title='bbox 3104 2283 3385 2349; x_wconf 77' lang='lat' dir='ltr'>viventes,</span> <span class='ocrx_word' id='word_1_300' title='bbox 3416 2280 3556 2353; x_wconf 87' lang='lat' dir='ltr'>quia</span> 
     </span>
    </p>
   </div>
   <div class='ocr_carea' id='block_1_27' title="bbox 119 2365 3559 2444">
    <p class='ocr_par' dir='ltr' id='par_1_27' title="bbox 119 2365 3559 2444">
     <span class='ocr_line' id='line_1_27' title="bbox 119 2365 3559 2444; baseline -0 -19"><span class='ocrx_word' id='word_1_301' title='bbox 119 2367 224 2420; x_wconf 85' lang='lat' dir='ltr'>nia</span> <span class='ocrx_word' id='word_1_302' title='bbox 256 2366 317 2419; x_wconf 80' lang='lat' dir='ltr'>in</span> <span class='ocrx_word' id='word_1_303' title='bbox 342 2366 545 2434; x_wconf 69' lang='lat' dir='ltr'>ﬁgura,</span> <span class='ocrx_word' id='word_1_304' title='bbox 569 2370 680 2437; x_wconf 66' lang='grc' dir='ltr'>θῒοτ</span> <span class='ocrx_word' id='word_1_305' title='bbox 705 2365 973 2422; x_wconf 67' lang='lat' dir='ltr'>Ostendit</span> <span class='ocrx_word' id='word_1_306' title='bbox 994 2365 1088 2421; x_wconf 73' lang='lat' dir='ltr'>hic</span> <span class='ocrx_word' id='word_1_307' title='bbox 1112 2365 1609 2438; x_wconf 77' lang='lat' dir='ltr'>allegorizandum</span> <span class='ocrx_word' id='word_1_308' title='bbox 1635 2382 1785 2421; x_wconf 77' lang='lat'>8538-</span> <span class='ocrx_word' id='word_1_309' title='bbox 1903 2372 2147 2439; x_wconf 87' lang='lat' dir='ltr'>hostias,</span> <span class='ocrx_word' id='word_1_310' title='bbox 2182 2389 2312 2444; x_wconf 76' lang='lat' dir='ltr'>quae</span> <span class='ocrx_word' id='word_1_311' title='bbox 2344 2372 2455 2427; x_wconf 90' lang='lat' dir='ltr'>sub</span> <span class='ocrx_word' id='word_1_312' title='bbox 2488 2388 2608 2426; x_wconf 90' lang='lat' dir='ltr'>una</span> <span class='ocrx_word' id='word_1_313' title='bbox 2627 2371 2993 2427; x_wconf 90' lang='lat' dir='ltr'>invocatione</span> <span class='ocrx_word' id='word_1_314' title='bbox 3017 2370 3120 2426; x_wconf 90' lang='lat' dir='ltr'>uni</span> <span class='ocrx_word' id='word_1_315' title='bbox 3142 2370 3257 2427; x_wconf 94' lang='lat' dir='ltr'>Deo</span> <span class='ocrx_word' id='word_1_316' title='bbox 3279 2386 3458 2442; x_wconf 87' lang='lat' dir='ltr'>super</span> <span class='ocrx_word' id='word_1_317' title='bbox 3480 2368 3559 2424; x_wconf 85' lang='lat' dir='ltr'>a1-</span> 
     </span>
    </p>
   </div>
   <div class='ocr_carea' id='block_1_28' title="bbox 117 2454 3558 2530">
    <p class='ocr_par' dir='ltr' id='par_1_28' title="bbox 117 2454 3558 2530">
     <span class='ocr_line' id='line_1_28' title="bbox 117 2454 3558 2530; baseline -0 -16"><span class='ocrx_word' id='word_1_318' title='bbox 117 2455 234 2511; x_wconf 85' lang='lat' dir='ltr'>Sed</span> <span class='ocrx_word' id='word_1_319' title='bbox 266 2470 384 2509; x_wconf 86' lang='lat' dir='ltr'>non</span> <span class='ocrx_word' id='word_1_320' title='bbox 421 2454 554 2510; x_wconf 88' lang='lat' dir='ltr'>ideo</span> <span class='ocrx_word' id='word_1_321' title='bbox 592 2454 702 2510; x_wconf 89' lang='lat' dir='ltr'>hoc</span> <span class='ocrx_word' id='word_1_322' title='bbox 733 2454 897 2524; x_wconf 86' lang='lat' dir='ltr'>dicit,</span> <span class='ocrx_word' id='word_1_323' title='bbox 930 2458 995 2508; x_wconf 90' lang='lat' dir='ltr'>ut</span> <span class='ocrx_word' id='word_1_324' title='bbox 1031 2471 1138 2511; x_wconf 86' lang='lat' dir='ltr'>nos</span> <span class='ocrx_word' id='word_1_325' title='bbox 1163 2472 1233 2510; x_wconf 82' lang='lat' dir='ltr'>ea</span> <span class='ocrx_word' id='word_1_326' title='bbox 1262 2472 1388 2527; x_wconf 77' lang='lat' dir='ltr'>quae</span> <span class='ocrx_word' id='word_1_327' title='bbox 1421 2454 1510 2510; x_wconf 84' lang='lat' dir='ltr'>lex</span> <span class='ocrx_word' id='word_1_328' title='bbox 1540 2455 1790 2526; x_wconf 82' lang='lat' dir='ltr'>promit-</span> <span class='ocrx_word' id='word_1_329' title='bbox 1900 2465 2025 2517; x_wconf 90' lang='lat' dir='ltr'>tare</span> <span class='ocrx_word' id='word_1_330' title='bbox 2060 2463 2408 2530; x_wconf 79' lang='lat' dir='ltr'>offeruntur,</span> <span class='ocrx_word' id='word_1_331' title='bbox 2432 2460 3095 2530; x_wconf 86' lang='lat' dir='ltr'>comedunt,participes</span> <span class='ocrx_word' id='word_1_332' title='bbox 3112 2462 3271 2525; x_wconf 89' lang='lat' dir='ltr'>sunt,</span> <span class='ocrx_word' id='word_1_333' title='bbox 3287 2463 3345 2514; x_wconf 89' lang='lat' dir='ltr'>et</span> <span class='ocrx_word' id='word_1_334' title='bbox 3374 2474 3558 2513; x_wconf 89' lang='lat' dir='ltr'>unum</span> 
     </span>
    </p>
   </div>
   <div class='ocr_carea' id='block_1_29' title="bbox 118 2540 3559 2619">
    <p class='ocr_par' dir='ltr' id='par_1_29' title="bbox 118 2540 3559 2619">
     <span class='ocr_line' id='line_1_29' title="bbox 118 2540 3559 2619; baseline 0.001 -20"><span class='ocrx_word' id='word_1_335' title='bbox 118 2543 199 2599; x_wconf 86' lang='lat' dir='ltr'>tit</span> <span class='ocrx_word' id='word_1_336' title='bbox 231 2540 656 2615; x_wconf 88' lang='lat' dir='ltr'>percipiamus,</span> <span class='ocrx_word' id='word_1_337' title='bbox 689 2544 788 2599; x_wconf 91' lang='lat' dir='ltr'>sed</span> <span class='ocrx_word' id='word_1_338' title='bbox 820 2548 887 2599; x_wconf 91' lang='lat' dir='ltr'>ut</span> <span class='ocrx_word' id='word_1_339' title='bbox 907 2544 1117 2600; x_wconf 85' lang='lat' dir='ltr'>certior</span> <span class='ocrx_word' id='word_1_340' title='bbox 1160 2544 1430 2599; x_wconf 83' lang='lat' dir='ltr'>doctrina</span> <span class='ocrx_word' id='word_1_341' title='bbox 1458 2543 1790 2615; x_wconf 90' lang='lat' dir='ltr'>evangelica</span> <span class='ocrx_word' id='word_1_342' title='bbox 1902 2555 2078 2617; x_wconf 81' lang='lat' dir='ltr'>sunt;</span> <span class='ocrx_word' id='word_1_343' title='bbox 2113 2550 2301 2604; x_wconf 75' lang='lat' dir='ltr'>videte</span> <span class='ocrx_word' id='word_1_344' title='bbox 2343 2565 2479 2619; x_wconf 81' lang='lat' dir='ltr'>ergo</span> <span class='ocrx_word' id='word_1_345' title='bbox 2513 2565 2585 2604; x_wconf 86' lang='lat' dir='ltr'>ne</span> <span class='ocrx_word' id='word_1_346' title='bbox 2641 2548 2788 2603; x_wconf 87' lang='lat' dir='ltr'>forte</span> <span class='ocrx_word' id='word_1_347' title='bbox 2818 2552 2876 2603; x_wconf 88' lang='lat' dir='ltr'>et</span> <span class='ocrx_word' id='word_1_348' title='bbox 2934 2564 3053 2615; x_wconf 87' lang='lat' dir='ltr'>vos,</span> <span class='ocrx_word' id='word_1_349' title='bbox 3090 2547 3189 2618; x_wconf 93' lang='lat' dir='ltr'>qui</span> <span class='ocrx_word' id='word_1_350' title='bbox 3237 2545 3559 2618; x_wconf 79' lang='lat' dir='ltr'>idolothyta</span> 
     </span>
    </p>
   </div>
   <div class='ocr_carea' id='block_1_30' title="bbox 125 2631 3556 2709">
    <p class='ocr_par' dir='ltr' id='par_1_30' title="bbox 125 2631 3556 2709">
     <span class='ocr_line' id='line_1_30' title="bbox 125 2631 3556 2709; baseline 0 -17"><span class='ocrx_word' id='word_1_351' title='bbox 125 2632 444 2689; x_wconf 79' lang='lat' dir='ltr'>habeatur.</span> <span class='ocrx_word' id='word_1_352' title='bbox 501 2632 568 2687; x_wconf 81' lang='lat' dir='ltr'>Et</span> <span class='ocrx_word' id='word_1_353' title='bbox 626 2649 800 2702; x_wconf 80' lang='lat' dir='ltr'>quare</span> <span class='ocrx_word' id='word_1_354' title='bbox 853 2633 963 2688; x_wconf 90' lang='lat' dir='ltr'>hoc</span> <span class='ocrx_word' id='word_1_355' title='bbox 1023 2631 1348 2705; x_wconf 82' lang='lat' dir='ltr'>scripserit,</span> <span class='ocrx_word' id='word_1_356' title='bbox 1411 2633 1786 2688; x_wconf 79' lang='lat' dir='ltr'>manifestat:</span> <span class='ocrx_word' id='word_1_357' title='bbox 1903 2638 2443 2705; x_wconf 78' lang='lat' dir='ltr'>comeditis,unum</span> <span class='ocrx_word' id='word_1_358' title='bbox 2476 2637 2606 2693; x_wconf 87' lang='lat' dir='ltr'>sitis</span> <span class='ocrx_word' id='word_1_359' title='bbox 2638 2653 2771 2692; x_wconf 90' lang='lat' dir='ltr'>cum</span> <span class='ocrx_word' id='word_1_360' title='bbox 2794 2635 2917 2692; x_wconf 87' lang='lat' dir='ltr'>illis</span> <span class='ocrx_word' id='word_1_361' title='bbox 2943 2635 3398 2709; x_wconf 81' lang='lat' dir='ltr'>quisacriﬁcant</span> <span class='ocrx_word' id='word_1_362' title='bbox 3420 2650 3556 2693; x_wconf 87' lang='lat' dir='ltr'>cum</span> 
     </span>
    </p>
   </div>
   <div class='ocr_carea' id='block_1_31' title="bbox 126 2722 2037 2793">
    <p class='ocr_par' dir='ltr' id='par_1_31' title="bbox 126 2722 2037 2793">
     <span class='ocr_line' id='line_1_31' title="bbox 126 2722 2037 2793; baseline 0.003 -18"><span class='ocrx_word' id='word_1_363' title='bbox 126 2723 357 2793; x_wconf 79' lang='lat' dir='ltr'>Scripta</span> <span class='ocrx_word' id='word_1_364' title='bbox 383 2728 517 2778; x_wconf 71' lang='lat' dir='ltr'>sunt</span> <span class='ocrx_word' id='word_1_365' title='bbox 542 2729 727 2777; x_wconf 81' lang='lat' dir='ltr'>autem</span> <span class='ocrx_word' id='word_1_366' title='bbox 756 2722 833 2777; x_wconf 90' lang='lat' dir='ltr'>ad</span> <span class='ocrx_word' id='word_1_367' title='bbox 860 2724 1251 2778; x_wconf 77' lang='lat' dir='ltr'>correctionem</span> <span class='ocrx_word' id='word_1_368' title='bbox 1272 2725 1535 2789; x_wconf 80' lang='lat' dir='ltr'>nostram,</span> <span class='ocrx_word' id='word_1_369' title='bbox 1572 2725 1631 2776; x_wconf 85' lang='lat' dir='ltr'>iu</span> <span class='ocrx_word' id='word_1_370' title='bbox 1661 2737 1792 2793; x_wconf 84' lang='lat' dir='ltr'>quos</span> <span class='ocrx_word' id='word_1_371' title='bbox 1900 2727 2037 2783; x_wconf 86' lang='lat' dir='ltr'>illis.</span> 
     </span>
    </p>
   </div>
   <div class='ocr_carea' id='block_1_32' title="bbox 120 2810 1789 2882">
    <p class='ocr_par' dir='ltr' id='par_1_32' title="bbox 120 2810 1789 2882">
     <span class='ocr_line' id='line_1_32' title="bbox 120 2810 1789 2882; baseline 0.001 -17"><span class='ocrx_word' id='word_1_372' title='bbox 120 2811 269 2881; x_wconf 75' lang='lat' dir='ltr'>ﬁne:</span> <span class='ocrx_word' id='word_1_373' title='bbox 298 2811 636 2867; x_wconf 64' lang='lat' dir='ltr'>saeculorum</span> <span class='ocrx_word' id='word_1_374' title='bbox 680 2810 1038 2877; x_wconf 85' lang='lat' dir='ltr'>devenerunt,</span> <span class='ocrx_word' id='word_1_375' title='bbox 1083 2811 1142 2866; x_wconf 90' lang='lat' dir='ltr'>id</span> <span class='ocrx_word' id='word_1_376' title='bbox 1174 2816 1284 2880; x_wconf 88' lang='lat' dir='ltr'>est,</span> <span class='ocrx_word' id='word_1_377' title='bbox 1317 2811 1419 2882; x_wconf 90' lang='lat' dir='ltr'>qui</span> <span class='ocrx_word' id='word_1_378' title='bbox 1452 2810 1634 2865; x_wconf 84' lang='lat' dir='ltr'>futuri</span> <span class='ocrx_word' id='word_1_379' title='bbox 1665 2827 1789 2867; x_wconf 87' lang='lat' dir='ltr'>era-</span> 
     </span>
    </p>
   </div>
   <div class='ocr_carea' id='block_1_33' title="bbox 128 2898 714 2967">
    <p class='ocr_par' dir='ltr' id='par_1_33' title="bbox 128 2898 714 2967">
     <span class='ocr_line' id='line_1_33' title="bbox 128 2898 714 2967; baseline -0.003 -12"><span class='ocrx_word' id='word_1_380' title='bbox 128 2915 291 2967; x_wconf 86' lang='lat' dir='ltr'>mus,</span> <span class='ocrx_word' id='word_1_381' title='bbox 325 2903 384 2955; x_wconf 88' lang='lat' dir='ltr'>et</span> <span class='ocrx_word' id='word_1_382' title='bbox 414 2898 714 2955; x_wconf 84' lang='lat' dir='ltr'>credituri.</span> 
     </span>
    </p>
   </div>
   <div class='ocr_carea' id='block_1_34' title="bbox 204 2988 1788 3062">
    <p class='ocr_par' dir='ltr' id='par_1_34' title="bbox 204 2988 1788 3062">
     <span class='ocr_line' id='line_1_34' title="bbox 204 2988 1788 3062; baseline 0 -18"><span class='ocrx_word' id='word_1_383' title='bbox 204 2988 517 3060; x_wconf 88' lang='lat' dir='ltr'>Sequitur:</span> <span class='ocrx_word' id='word_1_384' title='bbox 550 2989 743 3062; x_wconf 85' lang='lat' dir='ltr'>Itaque</span> <span class='ocrx_word' id='word_1_385' title='bbox 772 2991 871 3062; x_wconf 85' lang='lat' dir='ltr'>qui</span> <span class='ocrx_word' id='word_1_386' title='bbox 895 3006 955 3045; x_wconf 77' lang='lat' dir='ltr'>se</span> <span class='ocrx_word' id='word_1_387' title='bbox 983 2991 1267 3046; x_wconf 72' lang='lat' dir='ltr'>existimat</span> <span class='ocrx_word' id='word_1_388' title='bbox 1297 2992 1467 3054; x_wconf 79' lang='lat' dir='ltr'>stare,</span> <span class='ocrx_word' id='word_1_389' title='bbox 1502 2994 1613 3044; x_wconf 87' lang='lat' dir='ltr'>etc.</span> <span class='ocrx_word' id='word_1_390' title='bbox 1644 2992 1788 3044; x_wconf 88' lang='lat' dir='ltr'>Tan-</span> 
     </span>
    </p>
   </div>
   <div class='ocr_carea' id='block_1_35' title="bbox 122 3076 1789 3155">
    <p class='ocr_par' dir='ltr' id='par_1_35' title="bbox 122 3076 1789 3155">
     <span class='ocr_line' id='line_1_35' title="bbox 122 3076 1789 3155; baseline -0.002 -22"><span class='ocrx_word' id='word_1_391' title='bbox 122 3077 215 3152; x_wconf 88' lang='lat' dir='ltr'>git</span> <span class='ocrx_word' id='word_1_392' title='bbox 246 3077 405 3133; x_wconf 91' lang='lat' dir='ltr'>enim</span> <span class='ocrx_word' id='word_1_393' title='bbox 433 3077 527 3133; x_wconf 88' lang='lat' dir='ltr'>hic</span> <span class='ocrx_word' id='word_1_394' title='bbox 560 3078 694 3137; x_wconf 89' lang='lat' dir='ltr'>illos</span> <span class='ocrx_word' id='word_1_395' title='bbox 725 3078 1166 3155; x_wconf 83' lang='lat' dir='ltr'>quiidolothyta</span> <span class='ocrx_word' id='word_1_396' title='bbox 1189 3078 1592 3148; x_wconf 89' lang='lat' dir='ltr'>comedebant,</span> <span class='ocrx_word' id='word_1_397' title='bbox 1628 3076 1789 3150; x_wconf 89' lang='lat' dir='ltr'>parvi</span> 
     </span>
    </p>
   </div>
   <div class='ocr_carea' id='block_1_36' title="bbox 121 3165 1785 3239">
    <p class='ocr_par' dir='ltr' id='par_1_36' title="bbox 121 3165 1785 3239">
     <span class='ocr_line' id='line_1_36' title="bbox 121 3165 1785 3239; baseline 0 -18"><span class='ocrx_word' id='word_1_398' title='bbox 121 3165 451 3239; x_wconf 87' lang='lat' dir='ltr'>pendentes</span> <span class='ocrx_word' id='word_1_399' title='bbox 486 3165 833 3223; x_wconf 86' lang='lat' dir='ltr'>scandalum</span> <span class='ocrx_word' id='word_1_400' title='bbox 862 3167 1100 3222; x_wconf 80' lang='lat' dir='ltr'>fratris:</span> <span class='ocrx_word' id='word_1_401' title='bbox 1133 3171 1311 3223; x_wconf 87' lang='lat' dir='ltr'>terret</span> <span class='ocrx_word' id='word_1_402' title='bbox 1342 3166 1542 3233; x_wconf 90' lang='lat' dir='ltr'>etiam,</span> <span class='ocrx_word' id='word_1_403' title='bbox 1578 3183 1649 3221; x_wconf 89' lang='lat' dir='ltr'>ne</span> <span class='ocrx_word' id='word_1_404' title='bbox 1672 3166 1785 3221; x_wconf 84' lang='lat' dir='ltr'>hu-</span> 
     </span>
    </p>
   </div>
   <div class='ocr_carea' id='block_1_37' title="bbox 122 3254 1786 3326">
    <p class='ocr_par' dir='ltr' id='par_1_37' title="bbox 122 3254 1786 3326">
     <span class='ocr_line' id='line_1_37' title="bbox 122 3254 1786 3326; baseline -0.001 -15"><span class='ocrx_word' id='word_1_405' title='bbox 122 3271 310 3311; x_wconf 86' lang='lat' dir='ltr'>mana</span> <span class='ocrx_word' id='word_1_406' title='bbox 364 3254 613 3311; x_wconf 87' lang='lat' dir='ltr'>scientia</span> <span class='ocrx_word' id='word_1_407' title='bbox 668 3255 854 3310; x_wconf 84' lang='lat' dir='ltr'>inﬂati</span> <span class='ocrx_word' id='word_1_408' title='bbox 894 3256 1135 3323; x_wconf 83' lang='lat' dir='ltr'>cadant,</span> <span class='ocrx_word' id='word_1_409' title='bbox 1195 3259 1254 3309; x_wconf 87' lang='lat' dir='ltr'>et</span> <span class='ocrx_word' id='word_1_410' title='bbox 1302 3254 1694 3326; x_wconf 88' lang='lat' dir='ltr'>superbiendo</span> <span class='ocrx_word' id='word_1_411' title='bbox 1726 3254 1786 3309; x_wconf 91' lang='lat' dir='ltr'>in</span> 
     </span>
    </p>
   </div>
   <div class='ocr_carea' id='block_1_38' title="bbox 1973 2810 3558 2887">
    <p class='ocr_par' dir='ltr' id='par_1_38' title="bbox 1973 2810 3558 2887">
     <span class='ocr_line' id='line_1_38' title="bbox 1973 2810 3558 2887; baseline -0.003 -16"><span class='ocrx_word' id='word_1_412' title='bbox 1973 2816 2121 2886; x_wconf 86' lang='grc'>(616)</span> <span class='ocrx_word' id='word_1_413' title='bbox 2152 2816 2359 2872; x_wconf 87' lang='lat' dir='ltr'>Verum</span> <span class='ocrx_word' id='word_1_414' title='bbox 2397 2815 2537 2887; x_wconf 87' lang='lat' dir='ltr'>quia</span> <span class='ocrx_word' id='word_1_415' title='bbox 2574 2815 2720 2870; x_wconf 89' lang='lat' dir='ltr'>vidit</span> <span class='ocrx_word' id='word_1_416' title='bbox 2749 2831 2849 2870; x_wconf 88' lang='lat' dir='ltr'>eos</span> <span class='ocrx_word' id='word_1_417' title='bbox 2881 2816 3132 2882; x_wconf 74' lang='lat' dir='ltr'>astutos,</span> <span class='ocrx_word' id='word_1_418' title='bbox 3166 2815 3223 2869; x_wconf 88' lang='lat' dir='ltr'>et</span> <span class='ocrx_word' id='word_1_419' title='bbox 3252 2812 3365 2868; x_wconf 90' lang='lat' dir='ltr'>sibi</span> <span class='ocrx_word' id='word_1_420' title='bbox 3397 2810 3558 2868; x_wconf 85' lang='lat' dir='ltr'>calli-</span> 
     </span>
    </p>
   </div>
   <div class='ocr_carea' id='block_1_39' title="bbox 1904 2900 3557 2976">
    <p class='ocr_par' dir='ltr' id='par_1_39' title="bbox 1904 2900 3557 2976">
     <span class='ocr_line' id='line_1_39' title="bbox 1904 2900 3557 2976; baseline -0.003 -16"><span class='ocrx_word' id='word_1_421' title='bbox 1904 2905 1975 2960; x_wconf 89' lang='lat' dir='ltr'>de</span> <span class='ocrx_word' id='word_1_422' title='bbox 2010 2905 2364 2976; x_wconf 90' lang='lat' dir='ltr'>respondere</span> <span class='ocrx_word' id='word_1_423' title='bbox 2421 2920 2489 2959; x_wconf 90' lang='lat' dir='ltr'>ac</span> <span class='ocrx_word' id='word_1_424' title='bbox 2545 2904 2775 2959; x_wconf 81' lang='lat' dir='ltr'>dicere:</span> <span class='ocrx_word' id='word_1_425' title='bbox 2837 2902 2881 2958; x_wconf 91' lang='grc' dir='ltr'>Ο</span> <span class='ocrx_word' id='word_1_426' title='bbox 2913 2901 3111 2971; x_wconf 87' lang='lat' dir='ltr'>Paule,</span> <span class='ocrx_word' id='word_1_427' title='bbox 3162 2900 3213 2955; x_wconf 90' lang='lat' dir='ltr'>si</span> <span class='ocrx_word' id='word_1_428' title='bbox 3241 2916 3344 2957; x_wconf 88' lang='lat' dir='ltr'>vos</span> <span class='ocrx_word' id='word_1_429' title='bbox 3369 2916 3557 2957; x_wconf 89' lang='lat' dir='ltr'>unum</span> 
     </span>
    </p>
   </div>
   <div class='ocr_carea' id='block_1_40' title="bbox 1901 2989 3559 3062">
    <p class='ocr_par' dir='ltr' id='par_1_40' title="bbox 1901 2989 3559 3062">
     <span class='ocr_line' id='line_1_40' title="bbox 1901 2989 3559 3062; baseline -0.003 -14"><span class='ocrx_word' id='word_1_430' title='bbox 1901 2994 2065 3058; x_wconf 88' lang='lat' dir='ltr'>estis,</span> <span class='ocrx_word' id='word_1_431' title='bbox 2099 2993 2253 3048; x_wconf 88' lang='lat' dir='ltr'>sicut</span> <span class='ocrx_word' id='word_1_432' title='bbox 2284 2992 2453 3062; x_wconf 90' lang='lat' dir='ltr'>dicis,</span> <span class='ocrx_word' id='word_1_433' title='bbox 2481 2996 2539 3048; x_wconf 91' lang='lat' dir='ltr'>et</span> <span class='ocrx_word' id='word_1_434' title='bbox 2563 2990 2741 3047; x_wconf 86' lang='lat' dir='ltr'>Israel</span> <span class='ocrx_word' id='word_1_435' title='bbox 2792 2989 3045 3046; x_wconf 88' lang='lat' dir='ltr'>carnalis</span> <span class='ocrx_word' id='word_1_436' title='bbox 3095 3005 3279 3044; x_wconf 89' lang='lat' dir='ltr'>unum</span> <span class='ocrx_word' id='word_1_437' title='bbox 3302 2992 3393 3044; x_wconf 87' lang='lat' dir='ltr'>est</span> <span class='ocrx_word' id='word_1_438' title='bbox 3423 3004 3559 3045; x_wconf 86' lang='lat' dir='ltr'>cum</span> 
     </span>
    </p>
   </div>
   <div class='ocr_carea' id='block_1_41' title="bbox 1901 3075 3551 3151">
    <p class='ocr_par' dir='ltr' id='par_1_41' title="bbox 1901 3075 3551 3151">
     <span class='ocr_line' id='line_1_41' title="bbox 1901 3075 3551 3151; baseline -0.002 -16"><span class='ocrx_word' id='word_1_439' title='bbox 1901 3081 2091 3149; x_wconf 85' lang='lat' dir='ltr'>altari,</span> <span class='ocrx_word' id='word_1_440' title='bbox 2126 3081 2226 3151; x_wconf 89' lang='lat' dir='ltr'>qui</span> <span class='ocrx_word' id='word_1_441' title='bbox 2258 3080 2481 3134; x_wconf 89' lang='lat' dir='ltr'>hostias</span> <span class='ocrx_word' id='word_1_442' title='bbox 2508 3079 2783 3147; x_wconf 89' lang='lat' dir='ltr'>comedit,</span> <span class='ocrx_word' id='word_1_443' title='bbox 2806 3082 2865 3133; x_wconf 89' lang='lat' dir='ltr'>et</span> <span class='ocrx_word' id='word_1_444' title='bbox 2894 3094 3002 3132; x_wconf 89' lang='lat' dir='ltr'>nos</span> <span class='ocrx_word' id='word_1_445' title='bbox 3033 3093 3218 3132; x_wconf 89' lang='lat' dir='ltr'>unum</span> <span class='ocrx_word' id='word_1_446' title='bbox 3249 3092 3379 3132; x_wconf 88' lang='lat' dir='ltr'>esse</span> <span class='ocrx_word' id='word_1_447' title='bbox 3403 3075 3551 3132; x_wconf 90' lang='lat' dir='ltr'>dicis</span> 
     </span>
    </p>
   </div>
   <div class='ocr_carea' id='block_1_42' title="bbox 1899 3163 3550 3239">
    <p class='ocr_par' dir='ltr' id='par_1_42' title="bbox 1899 3163 3550 3239">
     <span class='ocr_line' id='line_1_42' title="bbox 1899 3163 3550 3239; baseline -0.003 -16"><span class='ocrx_word' id='word_1_448' title='bbox 1899 3185 2031 3224; x_wconf 90' lang='lat' dir='ltr'>cum</span> <span class='ocrx_word' id='word_1_449' title='bbox 2066 3168 2159 3223; x_wconf 90' lang='lat' dir='ltr'>his</span> <span class='ocrx_word' id='word_1_450' title='bbox 2191 3168 2291 3239; x_wconf 90' lang='lat' dir='ltr'>qui</span> <span class='ocrx_word' id='word_1_451' title='bbox 2322 3166 2493 3222; x_wconf 88' lang='lat' dir='ltr'>idolis</span> <span class='ocrx_word' id='word_1_452' title='bbox 2526 3165 2900 3233; x_wconf 80' lang='lat' dir='ltr'>sacrificant;</span> <span class='ocrx_word' id='word_1_453' title='bbox 2953 3165 3099 3236; x_wconf 91' lang='lat' dir='ltr'>(6l7)</span> <span class='ocrx_word' id='word_1_454' title='bbox 3147 3180 3283 3236; x_wconf 90' lang='lat' dir='ltr'>ergo</span> <span class='ocrx_word' id='word_1_455' title='bbox 3328 3163 3550 3237; x_wconf 89' lang='lat' dir='ltr'>aliquid</span> 
     </span>
    </p>
   </div>
   <div class='ocr_carea' id='block_1_43' title="bbox 1903 3252 3551 3329">
    <p class='ocr_par' dir='ltr' id='par_1_43' title="bbox 1903 3252 3551 3329">
     <span class='ocr_line' id='line_1_43' title="bbox 1903 3252 3551 3329; baseline -0.002 -18"><span class='ocrx_word' id='word_1_456' title='bbox 1903 3256 2099 3329; x_wconf 86' lang='lat' dir='ltr'>magni</span> <span class='ocrx_word' id='word_1_457' title='bbox 2125 3257 2185 3311; x_wconf 89' lang='lat' dir='ltr'>in</span> <span class='ocrx_word' id='word_1_458' title='bbox 2202 3255 2357 3311; x_wconf 90' lang='lat' dir='ltr'>idolo</span> <span class='ocrx_word' id='word_1_459' title='bbox 2381 3253 2686 3326; x_wconf 89' lang='lat' dir='ltr'>intelligis,</span> <span class='ocrx_word' id='word_1_460' title='bbox 2722 3254 2768 3310; x_wconf 90' lang='lat' dir='ltr'>si</span> <span class='ocrx_word' id='word_1_461' title='bbox 2793 3254 2921 3325; x_wconf 85' lang='lat' dir='ltr'>ejus</span> <span class='ocrx_word' id='word_1_462' title='bbox 2945 3252 3276 3311; x_wconf 74' lang='lat' dir='ltr'>sacrificate</span> <span class='ocrx_word' id='word_1_463' title='bbox 3288 3269 3396 3309; x_wconf 86' lang='lat' dir='ltr'>nos</span> <span class='ocrx_word' id='word_1_464' title='bbox 3412 3269 3551 3324; x_wconf 88' lang='lat' dir='ltr'>par-</span> 
     </span>
    </p>
   </div>
   <div class='ocr_carea' id='block_1_44' title="bbox 123 3324 3551 3416">
    <p class='ocr_par' dir='ltr' id='par_1_44' title="bbox 123 3324 3551 3416">
     <span class='ocr_line' id='line_1_44' title="bbox 123 3324 3551 3416; baseline -0.001 -15"><span class='ocrx_word' id='word_1_465' title='bbox 123 3343 812 3401; x_wconf 85' lang='lat' dir='ltr'>tentationemincidant.</span> <span class='ocrx_word' id='word_1_466' title='bbox 833 3344 899 3398; x_wconf 91' lang='lat' dir='ltr'>Et</span> <span class='ocrx_word' id='word_1_467' title='bbox 928 3324 1416 3415; x_wconf 16' lang='lat' dir='ltr'>ideosubjunxiti:</span> <span class='ocrx_word' id='word_1_468' title='bbox 1442 3345 1789 3400; x_wconf 73' lang='lat' dir='ltr'>Tentaliovos</span> <span class='ocrx_word' id='word_1_469' title='bbox 1821 3324 1863 3390; x_wconf 60' lang='grc' dir='ltr'>(ἶ</span> <span class='ocrx_word' id='word_1_470' title='bbox 1902 3324 2111 3416; x_wconf 75' lang='lat' dir='ltr'>ticipes</span> <span class='ocrx_word' id='word_1_471' title='bbox 2144 3360 2328 3398; x_wconf 91' lang='lat' dir='ltr'>unum</span> <span class='ocrx_word' id='word_1_472' title='bbox 2378 3324 2630 3399; x_wconf 79' lang='lat' dir='ltr'>reddunt</span> <span class='ocrx_word' id='word_1_473' title='bbox 2659 3361 2670 3410; x_wconf 91' lang='lat'><strong>;</strong></span> <span class='ocrx_word' id='word_1_474' title='bbox 2727 3324 2977 3413; x_wconf 88' lang='lat' dir='ltr'>ideoque</span> <span class='ocrx_word' id='word_1_475' title='bbox 3031 3340 3311 3414; x_wconf 62' lang='lat' dir='ltr'>prevenit</span> <span class='ocrx_word' id='word_1_476' title='bbox 3348 3357 3551 3399; x_wconf 85' lang='lat' dir='ltr'>eorum</span> 
     </span>
    </p>
   </div>
   <div class='ocr_carea' id='block_1_45' title="bbox 120 3431 1787 3503">
    <p class='ocr_par' dir='ltr' id='par_1_45' title="bbox 120 3431 1787 3503">
     <span class='ocr_line' id='line_1_45' title="bbox 120 3431 1787 3503; baseline 0 -16"><span class='ocrx_word' id='word_1_477' title='bbox 120 3448 240 3488; x_wconf 80' lang='lat' dir='ltr'>non</span> <span class='ocrx_word' id='word_1_478' title='bbox 267 3433 662 3503; x_wconf 81' lang='lat' dir='ltr'>apprehendat,</span> <span class='ocrx_word' id='word_1_479' title='bbox 694 3437 802 3489; x_wconf 90' lang='lat' dir='ltr'>etc.</span> <span class='ocrx_word' id='word_1_480' title='bbox 835 3434 1101 3488; x_wconf 85' lang='lat' dir='ltr'>Tentatio</span> <span class='ocrx_word' id='word_1_481' title='bbox 1133 3433 1395 3488; x_wconf 88' lang='lat' dir='ltr'>humana</span> <span class='ocrx_word' id='word_1_482' title='bbox 1423 3438 1513 3487; x_wconf 90' lang='lat' dir='ltr'>est</span> <span class='ocrx_word' id='word_1_483' title='bbox 1546 3431 1787 3502; x_wconf 89' lang='lat' dir='ltr'>aliquod</span> 
     </span>
    </p>
   </div>
   <div class='ocr_carea' id='block_1_46' title="bbox 125 3520 1789 3593">
    <p class='ocr_par' dir='ltr' id='par_1_46' title="bbox 125 3520 1789 3593">
     <span class='ocr_line' id='line_1_46' title="bbox 125 3520 1789 3593; baseline -0.002 -15"><span class='ocrx_word' id='word_1_484' title='bbox 125 3520 359 3578; x_wconf 89' lang='lat' dir='ltr'>malum</span> <span class='ocrx_word' id='word_1_485' title='bbox 392 3520 671 3593; x_wconf 88' lang='lat' dir='ltr'>cogitare,</span> <span class='ocrx_word' id='word_1_486' title='bbox 725 3520 1080 3577; x_wconf 90' lang='lat' dir='ltr'>diabolicum</span> <span class='ocrx_word' id='word_1_487' title='bbox 1141 3526 1231 3577; x_wconf 90' lang='lat' dir='ltr'>est</span> <span class='ocrx_word' id='word_1_488' title='bbox 1281 3522 1351 3576; x_wconf 90' lang='lat' dir='ltr'>ad</span> <span class='ocrx_word' id='word_1_489' title='bbox 1387 3523 1789 3593; x_wconf 89' lang='lat' dir='ltr'>operationem</span> 
     </span>
    </p>
   </div>
   <div class='ocr_carea' id='block_1_47' title="bbox 125 3609 1785 3682">
    <p class='ocr_par' dir='ltr' id='par_1_47' title="bbox 125 3609 1785 3682">
     <span class='ocr_line' id='line_1_47' title="bbox 125 3609 1785 3682; baseline -0.001 -19"><span class='ocrx_word' id='word_1_490' title='bbox 125 3609 483 3682; x_wconf 88' lang='lat' dir='ltr'>perducere;</span> <span class='ocrx_word' id='word_1_491' title='bbox 506 3609 677 3681; x_wconf 91' lang='lat' dir='ltr'>quasi</span> <span class='ocrx_word' id='word_1_492' title='bbox 700 3609 915 3666; x_wconf 88' lang='lat' dir='ltr'>diceret</span> <span class='ocrx_word' id='word_1_493' title='bbox 941 3627 953 3664; x_wconf 90' lang='lat'>:</span> <span class='ocrx_word' id='word_1_494' title='bbox 972 3609 1193 3665; x_wconf 87' lang='lat' dir='ltr'>Malum</span> <span class='ocrx_word' id='word_1_495' title='bbox 1208 3611 1464 3681; x_wconf 89' lang='lat' dir='ltr'>cogitare</span> <span class='ocrx_word' id='word_1_496' title='bbox 1481 3612 1719 3681; x_wconf 85' lang='lat' dir='ltr'>peccatu</span> <span class='ocrx_word' id='word_1_497' title='bbox 1732 3625 1785 3662; x_wconf 91' lang='lat' dir='ltr'>m</span> 
     </span>
    </p>
   </div>
   <div class='ocr_carea' id='block_1_48' title="bbox 125 3697 1790 3771">
    <p class='ocr_par' dir='ltr' id='par_1_48' title="bbox 125 3697 1790 3771">
     <span class='ocr_line' id='line_1_48' title="bbox 125 3697 1790 3771; baseline -0.001 -16"><span class='ocrx_word' id='word_1_498' title='bbox 125 3702 239 3765; x_wconf 85' lang='lat' dir='ltr'>est,</span> <span class='ocrx_word' id='word_1_499' title='bbox 260 3697 621 3754; x_wconf 89' lang='lat' dir='ltr'>diabolicum</span> <span class='ocrx_word' id='word_1_500' title='bbox 652 3715 785 3753; x_wconf 89' lang='lat' dir='ltr'>vero</span> <span class='ocrx_word' id='word_1_501' title='bbox 807 3701 879 3753; x_wconf 89' lang='lat' dir='ltr'>ad</span> <span class='ocrx_word' id='word_1_502' title='bbox 896 3698 1293 3771; x_wconf 86' lang='lat' dir='ltr'>operationem</span> <span class='ocrx_word' id='word_1_503' title='bbox 1316 3697 1790 3770; x_wconf 90' lang='lat' dir='ltr'>perducere.Alio</span> 
     </span>
    </p>
   </div>
   <div class='ocr_carea' id='block_1_49' title="bbox 124 3786 1790 3858">
    <p class='ocr_par' dir='ltr' id='par_1_49' title="bbox 124 3786 1790 3858">
     <span class='ocr_line' id='line_1_49' title="bbox 124 3786 1790 3858; baseline 0 -16"><span class='ocrx_word' id='word_1_504' title='bbox 124 3803 266 3843; x_wconf 88' lang='lat' dir='ltr'>vero</span> <span class='ocrx_word' id='word_1_505' title='bbox 289 3802 494 3854; x_wconf 89' lang='lat' dir='ltr'>sensu,</span> <span class='ocrx_word' id='word_1_506' title='bbox 526 3786 787 3843; x_wconf 89' lang='lat' dir='ltr'>humana</span> <span class='ocrx_word' id='word_1_507' title='bbox 817 3788 1059 3843; x_wconf 90' lang='lat' dir='ltr'>tentatio</span> <span class='ocrx_word' id='word_1_508' title='bbox 1091 3792 1202 3854; x_wconf 90' lang='lat' dir='ltr'>est,</span> <span class='ocrx_word' id='word_1_509' title='bbox 1227 3804 1363 3843; x_wconf 88' lang='lat' dir='ltr'>cum</span> <span class='ocrx_word' id='word_1_510' title='bbox 1396 3786 1527 3858; x_wconf 91' lang='lat' dir='ltr'>quis</span> <span class='ocrx_word' id='word_1_511' title='bbox 1558 3787 1631 3843; x_wconf 93' lang='lat' dir='ltr'>ad</span> <span class='ocrx_word' id='word_1_512' title='bbox 1658 3804 1790 3842; x_wconf 87' lang='lat' dir='ltr'>con-</span> 
     </span>
    </p>
   </div>
   <div class='ocr_carea' id='block_1_50' title="bbox 125 3874 1785 3949">
    <p class='ocr_par' dir='ltr' id='par_1_50' title="bbox 125 3874 1785 3949">
     <span class='ocr_line' id='line_1_50' title="bbox 125 3874 1785 3949; baseline -0.002 -17"><span class='ocrx_word' id='word_1_513' title='bbox 125 3874 332 3932; x_wconf 87' lang='lat' dir='ltr'>silium</span> <span class='ocrx_word' id='word_1_514' title='bbox 362 3880 626 3946; x_wconf 88' lang='lat' dir='ltr'>vocatus,</span> <span class='ocrx_word' id='word_1_515' title='bbox 655 3876 714 3931; x_wconf 89' lang='lat' dir='ltr'>in</span> <span class='ocrx_word' id='word_1_516' title='bbox 742 3877 867 3949; x_wconf 90' lang='lat' dir='ltr'>ipso</span> <span class='ocrx_word' id='word_1_517' title='bbox 898 3877 1119 3933; x_wconf 89' lang='lat' dir='ltr'>labitur</span> <span class='ocrx_word' id='word_1_518' title='bbox 1158 3876 1425 3942; x_wconf 89' lang='lat' dir='ltr'>consilio,</span> <span class='ocrx_word' id='word_1_519' title='bbox 1456 3881 1519 3930; x_wconf 89' lang='lat' dir='ltr'>ut</span> <span class='ocrx_word' id='word_1_520' title='bbox 1562 3875 1785 3930; x_wconf 89' lang='lat' dir='ltr'>malum</span> 
     </span>
    </p>
   </div>
   <div class='ocr_carea' id='block_1_51' title="bbox 121 3964 1786 4036">
    <p class='ocr_par' dir='ltr' id='par_1_51' title="bbox 121 3964 1786 4036">
     <span class='ocr_line' id='line_1_51' title="bbox 121 3964 1786 4036; baseline -0.001 -16"><span class='ocrx_word' id='word_1_521' title='bbox 121 3964 343 4020; x_wconf 85' lang='lat' dir='ltr'>habeat</span> <span class='ocrx_word' id='word_1_522' title='bbox 386 3964 648 4021; x_wconf 81' lang='lat' dir='ltr'>exitum:</span> <span class='ocrx_word' id='word_1_523' title='bbox 684 3965 793 4021; x_wconf 88' lang='lat' dir='ltr'>hoc</span> <span class='ocrx_word' id='word_1_524' title='bbox 814 3965 1145 4021; x_wconf 89' lang='lat' dir='ltr'>humanum</span> <span class='ocrx_word' id='word_1_525' title='bbox 1178 3969 1288 4036; x_wconf 89' lang='lat' dir='ltr'>est,</span> <span class='ocrx_word' id='word_1_526' title='bbox 1325 3965 1445 4020; x_wconf 86' lang='lat' dir='ltr'>sive</span> <span class='ocrx_word' id='word_1_527' title='bbox 1477 3981 1613 4018; x_wconf 89' lang='lat' dir='ltr'>cum</span> <span class='ocrx_word' id='word_1_528' title='bbox 1651 3964 1786 4036; x_wconf 91' lang='lat' dir='ltr'>quis</span> 
     </span>
    </p>
   </div>
   <div class='ocr_carea' id='block_1_52' title="bbox 124 4052 1785 4127">
    <p class='ocr_par' dir='ltr' id='par_1_52' title="bbox 124 4052 1785 4127">
     <span class='ocr_line' id='line_1_52' title="bbox 124 4052 1785 4127; baseline -0.002 -17"><span class='ocrx_word' id='word_1_529' title='bbox 124 4054 473 4127; x_wconf 88' lang='lat' dir='ltr'>quempiam</span> <span class='ocrx_word' id='word_1_530' title='bbox 490 4053 791 4110; x_wconf 87' lang='lat' dir='ltr'>hominem</span> <span class='ocrx_word' id='word_1_531' title='bbox 810 4054 1270 4126; x_wconf 84' lang='lat' dir='ltr'>videns,judicat</span> <span class='ocrx_word' id='word_1_532' title='bbox 1286 4070 1420 4109; x_wconf 89' lang='lat' dir='ltr'>eum</span> <span class='ocrx_word' id='word_1_533' title='bbox 1434 4053 1678 4120; x_wconf 90' lang='lat' dir='ltr'>bonum,</span> <span class='ocrx_word' id='word_1_534' title='bbox 1698 4052 1785 4108; x_wconf 91' lang='lat' dir='ltr'>vel</span> 
     </span>
    </p>
   </div>
   <div class='ocr_carea' id='block_1_53' title="bbox 123 4141 1272 4209">
    <p class='ocr_par' dir='ltr' id='par_1_53' title="bbox 123 4141 1272 4209">
     <span class='ocr_line' id='line_1_53' title="bbox 123 4141 1272 4209; baseline -0.002 -11"><span class='ocrx_word' id='word_1_535' title='bbox 123 4142 377 4209; x_wconf 90' lang='lat' dir='ltr'>malum,</span> <span class='ocrx_word' id='word_1_536' title='bbox 404 4141 586 4197; x_wconf 90' lang='lat' dir='ltr'>nullis</span> <span class='ocrx_word' id='word_1_537' title='bbox 617 4142 851 4198; x_wconf 88' lang='lat' dir='ltr'>indiciis</span> <span class='ocrx_word' id='word_1_538' title='bbox 872 4142 1272 4198; x_wconf 87' lang='lat' dir='ltr'>manifestum.</span> 
     </span>
    </p>
   </div>
   <div class='ocr_carea' id='block_1_54' title="bbox 199 4229 1788 4304">
    <p class='ocr_par' dir='ltr' id='par_1_54' title="bbox 199 4229 1788 4304">
     <span class='ocr_line' id='line_1_54' title="bbox 199 4229 1788 4304; baseline -0.001 -17"><span class='ocrx_word' id='word_1_539' title='bbox 199 4232 534 4304; x_wconf 89' lang='lat' dir='ltr'>Sequitur:</span> <span class='ocrx_word' id='word_1_540' title='bbox 584 4231 787 4286; x_wconf 82' lang='lat' dir='ltr'>Fidelis</span> <span class='ocrx_word' id='word_1_541' title='bbox 842 4236 1009 4286; x_wconf 77' lang='lat' dir='ltr'>Deus.</span> <span class='ocrx_word' id='word_1_542' title='bbox 1072 4230 1274 4287; x_wconf 89' lang='lat' dir='ltr'>Multis</span> <span class='ocrx_word' id='word_1_543' title='bbox 1328 4229 1519 4286; x_wconf 89' lang='lat' dir='ltr'>modis</span> <span class='ocrx_word' id='word_1_544' title='bbox 1578 4230 1788 4286; x_wconf 87' lang='lat' dir='ltr'>accidit</span> 
     </span>
    </p>
   </div>
   <div class='ocr_carea' id='block_1_55' title="bbox 124 4319 1785 4392">
    <p class='ocr_par' dir='ltr' id='par_1_55' title="bbox 124 4319 1785 4392">
     <span class='ocr_line' id='line_1_55' title="bbox 124 4319 1785 4392; baseline -0.002 -16"><span class='ocrx_word' id='word_1_545' title='bbox 124 4320 398 4376; x_wconf 86' lang='lat' dir='ltr'>tentatio.</span> <span class='ocrx_word' id='word_1_546' title='bbox 433 4320 722 4392; x_wconf 82' lang='lat' dir='ltr'>Quoniam</span> <span class='ocrx_word' id='word_1_547' title='bbox 750 4336 861 4375; x_wconf 79' lang='lat' dir='ltr'>non</span> <span class='ocrx_word' id='word_1_548' title='bbox 885 4322 1130 4392; x_wconf 85' lang='lat' dir='ltr'>patietur</span> <span class='ocrx_word' id='word_1_549' title='bbox 1161 4336 1248 4374; x_wconf 77' lang='lat' dir='ltr'>vos</span> <span class='ocrx_word' id='word_1_550' title='bbox 1278 4321 1504 4387; x_wconf 82' lang='lat' dir='ltr'>tentari,</span> <span class='ocrx_word' id='word_1_551' title='bbox 1544 4325 1655 4375; x_wconf 89' lang='lat' dir='ltr'>etc.</span> <span class='ocrx_word' id='word_1_552' title='bbox 1690 4319 1785 4373; x_wconf 88' lang='lat' dir='ltr'>Fi-</span> 
     </span>
    </p>
   </div>
   <div class='ocr_carea' id='block_1_56' title="bbox 123 4409 1785 4481">
    <p class='ocr_par' dir='ltr' id='par_1_56' title="bbox 123 4409 1785 4481">
     <span class='ocr_line' id='line_1_56' title="bbox 123 4409 1785 4481; baseline -0.001 -16"><span class='ocrx_word' id='word_1_553' title='bbox 123 4409 279 4465; x_wconf 88' lang='lat' dir='ltr'>delis</span> <span class='ocrx_word' id='word_1_554' title='bbox 304 4412 416 4473; x_wconf 89' lang='lat' dir='ltr'>est,</span> <span class='ocrx_word' id='word_1_555' title='bbox 441 4409 583 4479; x_wconf 87' lang='lat' dir='ltr'>quia</span> <span class='ocrx_word' id='word_1_556' title='bbox 606 4426 732 4481; x_wconf 69' lang='lat' dir='ltr'>qua:</span> <span class='ocrx_word' id='word_1_557' title='bbox 747 4409 1056 4481; x_wconf 87' lang='lat' dir='ltr'>promittit,</span> <span class='ocrx_word' id='word_1_558' title='bbox 1080 4409 1202 4465; x_wconf 83' lang='lat' dir='ltr'>falli</span> <span class='ocrx_word' id='word_1_559' title='bbox 1222 4425 1336 4464; x_wconf 90' lang='lat' dir='ltr'>non</span> <span class='ocrx_word' id='word_1_560' title='bbox 1358 4413 1626 4479; x_wconf 83' lang='lat' dir='ltr'>possunt,</span> <span class='ocrx_word' id='word_1_561' title='bbox 1649 4426 1785 4464; x_wconf 90' lang='lat' dir='ltr'>nam</span> 
     </span>
    </p>
   </div>
   <div class='ocr_carea' id='block_1_57' title="bbox 123 4496 1787 4569">
    <p class='ocr_par' dir='ltr' id='par_1_57' title="bbox 123 4496 1787 4569">
     <span class='ocr_line' id='line_1_57' title="bbox 123 4496 1787 4569; baseline -0.001 -14"><span class='ocrx_word' id='word_1_562' title='bbox 123 4515 245 4555; x_wconf 88' lang='lat' dir='ltr'>non</span> <span class='ocrx_word' id='word_1_563' title='bbox 280 4496 543 4565; x_wconf 83' lang='lat' dir='ltr'>fallitur;</span> <span class='ocrx_word' id='word_1_564' title='bbox 569 4498 723 4553; x_wconf 89' lang='lat' dir='ltr'>unde</span> <span class='ocrx_word' id='word_1_565' title='bbox 744 4503 800 4553; x_wconf 89' lang='lat' dir='ltr'>et</span> <span class='ocrx_word' id='word_1_566' title='bbox 828 4496 1019 4553; x_wconf 82' lang='lat' dir='ltr'>ﬁdelis</span> <span class='ocrx_word' id='word_1_567' title='bbox 1050 4498 1247 4567; x_wconf 89' lang='lat' dir='ltr'>homo,</span> <span class='ocrx_word' id='word_1_568' title='bbox 1273 4496 1412 4569; x_wconf 90' lang='lat' dir='ltr'>quia</span> <span class='ocrx_word' id='word_1_569' title='bbox 1434 4497 1639 4569; x_wconf 88' lang='lat' dir='ltr'>implet</span> <span class='ocrx_word' id='word_1_570' title='bbox 1660 4514 1787 4569; x_wconf 70' lang='lat' dir='ltr'>quae</span> 
     </span>
    </p>
   </div>
   <div class='ocr_carea' id='block_1_58' title="bbox 122 4585 1782 4661">
    <p class='ocr_par' dir='ltr' id='par_1_58' title="bbox 122 4585 1782 4661">
     <span class='ocr_line' id='line_1_58' title="bbox 122 4585 1782 4661; baseline -0.003 -18"><span class='ocrx_word' id='word_1_571' title='bbox 122 4586 445 4661; x_wconf 84' lang='lat' dir='ltr'>promittit,</span> <span class='ocrx_word' id='word_1_572' title='bbox 479 4590 537 4641; x_wconf 88' lang='lat' dir='ltr'>et</span> <span class='ocrx_word' id='word_1_573' title='bbox 568 4586 714 4641; x_wconf 82' lang='lat' dir='ltr'>ﬁdes</span> <span class='ocrx_word' id='word_1_574' title='bbox 744 4585 959 4640; x_wconf 90' lang='lat' dir='ltr'>dicitur</span> <span class='ocrx_word' id='word_1_575' title='bbox 990 4585 1148 4657; x_wconf 91' lang='lat' dir='ltr'>quod</span> <span class='ocrx_word' id='word_1_576' title='bbox 1172 4586 1294 4641; x_wconf 79' lang='lat' dir='ltr'>fiat.</span> <span class='ocrx_word' id='word_1_577' title='bbox 1326 4585 1398 4639; x_wconf 88' lang='lat' dir='ltr'>Et</span> <span class='ocrx_word' id='word_1_578' title='bbox 1422 4591 1509 4639; x_wconf 90' lang='lat' dir='ltr'>est</span> <span class='ocrx_word' id='word_1_579' title='bbox 1541 4601 1782 4639; x_wconf 88' lang='lat' dir='ltr'>sensus:</span> 
     </span>
    </p>
   </div>
   <div class='ocr_carea' id='block_1_59' title="bbox 1903 3429 3555 3502">
    <p class='ocr_par' dir='ltr' id='par_1_59' title="bbox 1903 3429 3555 3502">
     <span class='ocr_line' id='line_1_59' title="bbox 1903 3429 3555 3502; baseline -0.002 -14"><span class='ocrx_word' id='word_1_580' title='bbox 1903 3433 2207 3502; x_wconf 87' lang='lat' dir='ltr'>astutiam,</span> <span class='ocrx_word' id='word_1_581' title='bbox 2241 3437 2297 3488; x_wconf 90' lang='lat' dir='ltr'>et</span> <span class='ocrx_word' id='word_1_582' title='bbox 2325 3432 2490 3486; x_wconf 88' lang='lat' dir='ltr'>dixit:</span> <span class='ocrx_word' id='word_1_583' title='bbox 2546 3430 2686 3500; x_wconf 83' lang='lat' dir='ltr'>Quid</span> <span class='ocrx_word' id='word_1_584' title='bbox 2731 3446 2858 3502; x_wconf 85' lang='lat' dir='ltr'>ergo</span> <span class='ocrx_word' id='word_1_585' title='bbox 2879 3433 2904 3483; x_wconf 73' lang='lat'>.9</span> <span class='ocrx_word' id='word_1_586' title='bbox 2949 3429 3231 3502; x_wconf 85' lang='lat' dir='ltr'>Numquid</span> <span class='ocrx_word' id='word_1_587' title='bbox 3260 3430 3388 3485; x_wconf 83' lang='lat' dir='ltr'>dico</span> <span class='ocrx_word' id='word_1_588' title='bbox 3416 3430 3555 3502; x_wconf 87' lang='lat' dir='ltr'>quod</span> 
     </span>
    </p>
   </div>
   <div class='ocr_carea' id='block_1_60' title="bbox 1902 3516 3548 3591">
    <p class='ocr_par' dir='ltr' id='par_1_60' title="bbox 1902 3516 3548 3591">
     <span class='ocr_line' id='line_1_60' title="bbox 1902 3516 3548 3591; baseline -0.002 -15"><span class='ocrx_word' id='word_1_589' title='bbox 1902 3521 2066 3576; x_wconf 80' lang='lat' dir='ltr'>idolis</span> <span class='ocrx_word' id='word_1_590' title='bbox 2102 3521 2452 3576; x_wconf 85' lang='lat' dir='ltr'>immolatum</span> <span class='ocrx_word' id='word_1_591' title='bbox 2480 3520 2549 3575; x_wconf 80' lang='lat' dir='ltr'>sit</span> <span class='ocrx_word' id='word_1_592' title='bbox 2563 3518 2780 3591; x_wconf 85' lang='lat' dir='ltr'>aliquid</span> <span class='ocrx_word' id='word_1_593' title='bbox 2796 3522 2821 3571; x_wconf 74' lang='lat'>.9</span> <span class='ocrx_word' id='word_1_594' title='bbox 2849 3522 2960 3573; x_wconf 89' lang='lat' dir='ltr'>etc.</span> <span class='ocrx_word' id='word_1_595' title='bbox 2982 3522 3102 3572; x_wconf 89' lang='lat' dir='ltr'>Hoc</span> <span class='ocrx_word' id='word_1_596' title='bbox 3124 3522 3231 3583; x_wconf 88' lang='lat' dir='ltr'>est,</span> <span class='ocrx_word' id='word_1_597' title='bbox 3260 3533 3375 3572; x_wconf 89' lang='lat' dir='ltr'>non</span> <span class='ocrx_word' id='word_1_598' title='bbox 3396 3516 3548 3573; x_wconf 91' lang='lat' dir='ltr'>dico.</span> 
     </span>
    </p>
   </div>
   <div class='ocr_carea' id='block_1_61' title="bbox 1899 3603 3552 3682">
    <p class='ocr_par' dir='ltr' id='par_1_61' title="bbox 1899 3603 3552 3682">
     <span class='ocr_line' id='line_1_61' title="bbox 1899 3603 3552 3682; baseline -0.003 -17"><span class='ocrx_word' id='word_1_599' title='bbox 1899 3610 1970 3665; x_wconf 89' lang='lat' dir='ltr'>Et</span> <span class='ocrx_word' id='word_1_600' title='bbox 2000 3611 2140 3682; x_wconf 90' lang='lat' dir='ltr'>quia</span> <span class='ocrx_word' id='word_1_601' title='bbox 2186 3614 2453 3681; x_wconf 89' lang='lat' dir='ltr'>poterant</span> <span class='ocrx_word' id='word_1_602' title='bbox 2501 3608 2887 3680; x_wconf 89' lang='lat' dir='ltr'>respondere:</span> <span class='ocrx_word' id='word_1_603' title='bbox 2928 3606 3117 3669; x_wconf 89' lang='lat' dir='ltr'>Quare</span> <span class='ocrx_word' id='word_1_604' title='bbox 3170 3620 3307 3677; x_wconf 90' lang='lat' dir='ltr'>ergo</span> <span class='ocrx_word' id='word_1_605' title='bbox 3355 3603 3552 3661; x_wconf 85' lang='lat' dir='ltr'>dicis?</span> 
     </span>
    </p>
   </div>
   <div class='ocr_carea' id='block_1_62' title="bbox 1902 3688 3552 3771">
    <p class='ocr_par' dir='ltr' id='par_1_62' title="bbox 1902 3688 3552 3771">
     <span class='ocr_line' id='line_1_62' title="bbox 1902 3688 3552 3771; baseline -0.002 -18"><span class='ocrx_word' id='word_1_606' title='bbox 1902 3698 2225 3771; x_wconf 85' lang='lat' dir='ltr'>Respondit</span> <span class='ocrx_word' id='word_1_607' title='bbox 2254 3699 2379 3769; x_wconf 90' lang='lat' dir='ltr'>ipse</span> <span class='ocrx_word' id='word_1_608' title='bbox 2406 3716 2418 3753; x_wconf 92' lang='lat'>:</span> <span class='ocrx_word' id='word_1_609' title='bbox 2452 3701 2579 3753; x_wconf 91' lang='lat' dir='ltr'>Non</span> <span class='ocrx_word' id='word_1_610' title='bbox 2601 3702 2667 3751; x_wconf 88' lang='lat' dir='ltr'>ut</span> <span class='ocrx_word' id='word_1_611' title='bbox 2698 3694 2922 3767; x_wconf 89' lang='lat' dir='ltr'>aliquid</span> <span class='ocrx_word' id='word_1_612' title='bbox 2953 3693 3049 3762; x_wconf 89' lang='lat' dir='ltr'>sit,</span> <span class='ocrx_word' id='word_1_613' title='bbox 3081 3688 3176 3749; x_wconf 82' lang='lat' dir='ltr'>sed</span> <span class='ocrx_word' id='word_1_614' title='bbox 3205 3708 3326 3764; x_wconf 64' lang='lat' dir='ltr'>qum</span> <span class='ocrx_word' id='word_1_615' title='bbox 3356 3694 3552 3749; x_wconf 88' lang='lat' dir='ltr'>immo-</span> 
     </span>
    </p>
   </div>
   <div class='ocr_carea' id='block_1_63' title="bbox 1901 3779 3553 3861">
    <p class='ocr_par' dir='ltr' id='par_1_63' title="bbox 1901 3779 3553 3861">
     <span class='ocr_line' id='line_1_63' title="bbox 1901 3779 3553 3861; baseline -0.005 -18"><span class='ocrx_word' id='word_1_616' title='bbox 1901 3788 2019 3845; x_wconf 82' lang='lat' dir='ltr'>lant</span> <span class='ocrx_word' id='word_1_617' title='bbox 2049 3791 2254 3861; x_wconf 81' lang='lat' dir='ltr'>gentes,</span> <span class='ocrx_word' id='word_1_618' title='bbox 2279 3787 2620 3845; x_wconf 70' lang='lat' dir='ltr'>daemonibus</span> <span class='ocrx_word' id='word_1_619' title='bbox 2638 3786 2948 3850; x_wconf 78' lang='lat' dir='ltr'>immolant,</span> <span class='ocrx_word' id='word_1_620' title='bbox 2982 3786 3035 3839; x_wconf 87' lang='lat' dir='ltr'>et</span> <span class='ocrx_word' id='word_1_621' title='bbox 3061 3798 3171 3837; x_wconf 80' lang='lat' dir='ltr'>non</span> <span class='ocrx_word' id='word_1_622' title='bbox 3203 3782 3351 3843; x_wconf 83' lang='lat' dir='ltr'>Deo;</span> <span class='ocrx_word' id='word_1_623' title='bbox 3380 3779 3553 3852; x_wconf 90' lang='lat' dir='ltr'>quasi</span> 
     </span>
    </p>
   </div>
   <div class='ocr_carea' id='block_1_64' title="bbox 1898 3867 3549 3947">
    <p class='ocr_par' dir='ltr' id='par_1_64' title="bbox 1898 3867 3549 3947">
     <span class='ocr_line' id='line_1_64' title="bbox 1898 3867 3549 3947; baseline -0.005 -15"><span class='ocrx_word' id='word_1_624' title='bbox 1898 3875 2514 3947; x_wconf 77' lang='lat' dir='ltr'>diceretzQuamquam</span> <span class='ocrx_word' id='word_1_625' title='bbox 2540 3874 2757 3929; x_wconf 83' lang='lat' dir='ltr'>nihisit</span> <span class='ocrx_word' id='word_1_626' title='bbox 2782 3871 3023 3938; x_wconf 90' lang='lat' dir='ltr'>idolum,</span> <span class='ocrx_word' id='word_1_627' title='bbox 3058 3867 3329 3926; x_wconf 89' lang='lat' dir='ltr'>diabolus</span> <span class='ocrx_word' id='word_1_628' title='bbox 3350 3873 3549 3929; x_wconf 87' lang='lat' dir='ltr'>tamen</span> 
     </span>
    </p>
   </div>
   <div class='ocr_carea' id='block_1_65' title="bbox 1898 3957 3549 4038">
    <p class='ocr_par' dir='ltr' id='par_1_65' title="bbox 1898 3957 3549 4038">
     <span class='ocr_line' id='line_1_65' title="bbox 1898 3957 3549 4038; baseline -0.007 -16"><span class='ocrx_word' id='word_1_629' title='bbox 1898 3972 1985 4022; x_wconf 86' lang='lat' dir='ltr'>est</span> <span class='ocrx_word' id='word_1_630' title='bbox 2017 3965 2261 4038; x_wconf 90' lang='lat' dir='ltr'>aliquid,</span> <span class='ocrx_word' id='word_1_631' title='bbox 2298 3964 2419 4037; x_wconf 89' lang='lat' dir='ltr'>qui,</span> <span class='ocrx_word' id='word_1_632' title='bbox 2454 3961 2753 4033; x_wconf 87' lang='lat' dir='ltr'>simplices</span> <span class='ocrx_word' id='word_1_633' title='bbox 2779 3965 2835 4016; x_wconf 91' lang='lat' dir='ltr'>et</span> <span class='ocrx_word' id='word_1_634' title='bbox 2867 3976 3074 4031; x_wconf 89' lang='lat' dir='ltr'>pravos</span> <span class='ocrx_word' id='word_1_635' title='bbox 3105 3957 3373 4014; x_wconf 86' lang='lat' dir='ltr'>homines</span> <span class='ocrx_word' id='word_1_636' title='bbox 3395 3957 3549 4013; x_wconf 90' lang='lat' dir='ltr'>deci-</span> 
     </span>
    </p>
   </div>
   <div class='ocr_carea' id='block_1_66' title="bbox 1896 4043 3546 4126">
    <p class='ocr_par' dir='ltr' id='par_1_66' title="bbox 1896 4043 3546 4126">
     <span class='ocr_line' id='line_1_66' title="bbox 1896 4043 3546 4126; baseline -0.006 -17"><span class='ocrx_word' id='word_1_637' title='bbox 1896 4054 2084 4126; x_wconf 90' lang='lat' dir='ltr'>piens,</span> <span class='ocrx_word' id='word_1_638' title='bbox 2120 4051 2252 4108; x_wconf 83' lang='lat' dir='ltr'>fecit</span> <span class='ocrx_word' id='word_1_639' title='bbox 2282 4069 2343 4107; x_wconf 90' lang='lat' dir='ltr'>se</span> <span class='ocrx_word' id='word_1_640' title='bbox 2376 4052 2434 4106; x_wconf 90' lang='lat' dir='ltr'>in</span> <span class='ocrx_word' id='word_1_641' title='bbox 2488 4049 2582 4105; x_wconf 90' lang='lat' dir='ltr'>his</span> <span class='ocrx_word' id='word_1_642' title='bbox 2642 4047 2873 4105; x_wconf 89' lang='lat' dir='ltr'>adorari</span> <span class='ocrx_word' id='word_1_643' title='bbox 2922 4051 2981 4102; x_wconf 90' lang='lat' dir='ltr'>et</span> <span class='ocrx_word' id='word_1_644' title='bbox 3030 4060 3370 4118; x_wconf 89' lang='lat' dir='ltr'>quanquam</span> <span class='ocrx_word' id='word_1_645' title='bbox 3402 4043 3546 4100; x_wconf 90' lang='lat' dir='ltr'>illud</span> 
     </span>
    </p>
   </div>
   <div class='ocr_carea' id='block_1_67' title="bbox 1897 4131 3548 4214">
    <p class='ocr_par' dir='ltr' id='par_1_67' title="bbox 1897 4131 3548 4214">
     <span class='ocr_line' id='line_1_67' title="bbox 1897 4131 3548 4214; baseline -0.006 -16"><span class='ocrx_word' id='word_1_646' title='bbox 1897 4144 2052 4214; x_wconf 89' lang='lat' dir='ltr'>quod</span> <span class='ocrx_word' id='word_1_647' title='bbox 2085 4141 2328 4198; x_wconf 71' lang='lat' dir='ltr'>offertur</span> <span class='ocrx_word' id='word_1_648' title='bbox 2367 4138 2445 4195; x_wconf 91' lang='lat' dir='ltr'>sit</span> <span class='ocrx_word' id='word_1_649' title='bbox 2475 4137 2719 4210; x_wconf 89' lang='lat' dir='ltr'>aliquid,</span> <span class='ocrx_word' id='word_1_650' title='bbox 2754 4134 2893 4207; x_wconf 89' lang='lat' dir='ltr'>quia</span> <span class='ocrx_word' id='word_1_651' title='bbox 2921 4139 3188 4189; x_wconf 87' lang='lat' dir='ltr'>creatura</span> <span class='ocrx_word' id='word_1_652' title='bbox 3217 4131 3318 4189; x_wconf 90' lang='lat' dir='ltr'>Dei</span> <span class='ocrx_word' id='word_1_653' title='bbox 3351 4135 3462 4201; x_wconf 85' lang='lat' dir='ltr'>est,</span> <span class='ocrx_word' id='word_1_654' title='bbox 3489 4135 3548 4188; x_wconf 86' lang='lat' dir='ltr'>et</span> 
     </span>
    </p>
   </div>
   <div class='ocr_carea' id='block_1_68' title="bbox 1897 4220 3545 4305">
    <p class='ocr_par' dir='ltr' id='par_1_68' title="bbox 1897 4220 3545 4305">
     <span class='ocr_line' id='line_1_68' title="bbox 1897 4220 3545 4305; baseline -0.007 -18"><span class='ocrx_word' id='word_1_655' title='bbox 1897 4232 2052 4305; x_wconf 86' lang='lat' dir='ltr'>bona</span> <span class='ocrx_word' id='word_1_656' title='bbox 2083 4236 2192 4297; x_wconf 86' lang='lat' dir='ltr'>est,</span> <span class='ocrx_word' id='word_1_657' title='bbox 2226 4240 2421 4286; x_wconf 87' lang='lat' dir='ltr'>tamen</span> <span class='ocrx_word' id='word_1_658' title='bbox 2448 4233 2686 4300; x_wconf 87' lang='lat' dir='ltr'>prepter</span> <span class='ocrx_word' id='word_1_659' title='bbox 2715 4225 3003 4297; x_wconf 86' lang='lat' dir='ltr'>quasdam</span> <span class='ocrx_word' id='word_1_660' title='bbox 3026 4223 3362 4279; x_wconf 65' lang='lat' dir='ltr'>dmmonum</span> <span class='ocrx_word' id='word_1_661' title='bbox 3384 4220 3545 4276; x_wconf 85' lang='lat' dir='ltr'>invo-</span> 
     </span>
    </p>
   </div>
   <div class='ocr_carea' id='block_1_69' title="bbox 1895 4309 3541 4391">
    <p class='ocr_par' dir='ltr' id='par_1_69' title="bbox 1895 4309 3541 4391">
     <span class='ocr_line' id='line_1_69' title="bbox 1895 4309 3541 4391; baseline -0.009 -14"><span class='ocrx_word' id='word_1_662' title='bbox 1895 4320 2173 4385; x_wconf 89' lang='lat' dir='ltr'>cationes,</span> <span class='ocrx_word' id='word_1_663' title='bbox 2209 4319 2362 4390; x_wconf 90' lang='lat' dir='ltr'>quod</span> <span class='ocrx_word' id='word_1_664' title='bbox 2394 4322 2483 4373; x_wconf 89' lang='lat' dir='ltr'>est</span> <span class='ocrx_word' id='word_1_665' title='bbox 2512 4316 2801 4371; x_wconf 89' lang='lat' dir='ltr'>mundum</span> <span class='ocrx_word' id='word_1_666' title='bbox 2830 4311 3094 4367; x_wconf 89' lang='lat' dir='ltr'>redditur</span> <span class='ocrx_word' id='word_1_667' title='bbox 3123 4309 3501 4391; x_wconf 83' lang='lat' dir='ltr'>immundum</span> <span class='ocrx_word' id='word_1_668' title='bbox 3526 4326 3541 4375; x_wconf 87' lang='lat'><strong>;</strong></span> 
     </span>
    </p>
   </div>
   <div class='ocr_carea' id='block_1_70' title="bbox 1898 4396 3548 4466">
    <p class='ocr_par' dir='ltr' id='par_1_70' title="bbox 1898 4396 3548 4466">
     <span class='ocr_line' id='line_1_70' title="bbox 1898 4396 3548 4466; baseline -0.01 0"><span class='ocrx_word' id='word_1_669' title='bbox 1898 4414 1954 4466; x_wconf 90' lang='lat' dir='ltr'>et</span> <span class='ocrx_word' id='word_1_670' title='bbox 1984 4409 2113 4465; x_wconf 89' lang='lat' dir='ltr'>ideo</span> <span class='ocrx_word' id='word_1_671' title='bbox 2148 4407 2279 4464; x_wconf 92' lang='lat' dir='ltr'>nolo</span> <span class='ocrx_word' id='word_1_672' title='bbox 2300 4423 2401 4462; x_wconf 92' lang='lat' dir='ltr'>vos</span> <span class='ocrx_word' id='word_1_673' title='bbox 2430 4402 2742 4459; x_wconf 90' lang='lat' dir='ltr'>immunda</span> <span class='ocrx_word' id='word_1_674' title='bbox 2766 4399 3088 4463; x_wconf 88' lang='lat' dir='ltr'>comedere,</span> <span class='ocrx_word' id='word_1_675' title='bbox 3119 4414 3192 4454; x_wconf 91' lang='lat' dir='ltr'>ne</span> <span class='ocrx_word' id='word_1_676' title='bbox 3222 4396 3548 4453; x_wconf 88' lang='lat' dir='ltr'>immundis</span> 
     </span>
    </p>
   </div>
   <div class='ocr_carea' id='block_1_71' title="bbox 1898 4492 2618 4554">
    <p class='ocr_par' dir='ltr' id='par_1_71' title="bbox 1898 4492 2618 4554">
     <span class='ocr_line' id='line_1_71' title="bbox 1898 4492 2618 4554; baseline -0.014 0"><span class='ocrx_word' id='word_1_677' title='bbox 1898 4497 2263 4554; x_wconf 73' lang='lat' dir='ltr'>daemonibus</span> <span class='ocrx_word' id='word_1_678' title='bbox 2293 4492 2618 4549; x_wconf 91' lang='lat' dir='ltr'>sociemini.</span> 
     </span>
    </p>
   </div>
   <div class='ocr_carea' id='block_1_72' title="bbox 1970 4572 3549 4658">
    <p class='ocr_par' dir='ltr' id='par_1_72' title="bbox 1970 4572 3549 4658">
     <span class='ocr_line' id='line_1_72' title="bbox 1970 4572 3549 4658; baseline -0.009 -18"><span class='ocrx_word' id='word_1_679' title='bbox 1970 4586 2119 4658; x_wconf 83' lang='grc'>(618)</span> <span class='ocrx_word' id='word_1_680' title='bbox 2165 4585 2531 4655; x_wconf 89' lang='lat' dir='ltr'>Quapropter</span> <span class='ocrx_word' id='word_1_681' title='bbox 2580 4594 2715 4633; x_wconf 86' lang='lat' dir='ltr'>mox</span> <span class='ocrx_word' id='word_1_682' title='bbox 2745 4576 2974 4632; x_wconf 91' lang='lat' dir='ltr'>subdit:</span> <span class='ocrx_word' id='word_1_683' title='bbox 3009 4574 3140 4630; x_wconf 77' lang='lat' dir='ltr'>Nolo</span> <span class='ocrx_word' id='word_1_684' title='bbox 3186 4589 3276 4630; x_wconf 81' lang='lat' dir='ltr'>vos</span> <span class='ocrx_word' id='word_1_685' title='bbox 3312 4572 3443 4642; x_wconf 84' lang='lat' dir='ltr'>ﬁeri</span> <span class='ocrx_word' id='word_1_686' title='bbox 3467 4587 3549 4627; x_wconf 78' lang='lat' dir='ltr'>so-</span> 
     </span>
    </p>
   </div>
   <div class='ocr_carea' id='block_1_73' title="bbox 122 4660 3550 4753">
    <p class='ocr_par' dir='ltr' id='par_1_73' title="bbox 122 4660 3550 4753">
     <span class='ocr_line' id='line_1_73' title="bbox 122 4660 3550 4753; baseline -0.005 -21"><span class='ocrx_word' id='word_1_687' title='bbox 122 4660 185 4733; x_wconf 83' lang='lat' dir='ltr'>Si</span> <span class='ocrx_word' id='word_1_688' title='bbox 212 4692 322 4731; x_wconf 80' lang='lat' dir='ltr'>vos</span> <span class='ocrx_word' id='word_1_689' title='bbox 351 4675 414 4730; x_wconf 91' lang='lat' dir='ltr'>in</span> <span class='ocrx_word' id='word_1_690' title='bbox 440 4676 554 4730; x_wconf 82' lang='lat' dir='ltr'>fide</span> <span class='ocrx_word' id='word_1_691' title='bbox 586 4673 1047 4747; x_wconf 85' lang='lat' dir='ltr'>permanseritis,</span> <span class='ocrx_word' id='word_1_692' title='bbox 1094 4673 1361 4746; x_wconf 87' lang='lat' dir='ltr'>implebit</span> <span class='ocrx_word' id='word_1_693' title='bbox 1392 4674 1543 4745; x_wconf 91' lang='lat' dir='ltr'>quod</span> <span class='ocrx_word' id='word_1_694' title='bbox 1577 4672 1790 4745; x_wconf 89' lang='lat' dir='ltr'>promi-</span> <span class='ocrx_word' id='word_1_695' title='bbox 1818 4688 1865 4753; x_wconf 84' lang='lat' dir='ltr'><strong>D</strong></span> <span class='ocrx_word' id='word_1_696' title='bbox 1896 4678 2010 4731; x_wconf 83' lang='lat' dir='ltr'>cios</span> <span class='ocrx_word' id='word_1_697' title='bbox 2039 4675 2368 4739; x_wconf 62' lang='lat' dir='ltr'>daemonum,</span> <span class='ocrx_word' id='word_1_698' title='bbox 2400 4673 2509 4724; x_wconf 89' lang='lat' dir='ltr'>etc.</span> <span class='ocrx_word' id='word_1_699' title='bbox 2544 4669 2614 4723; x_wconf 88' lang='lat' dir='ltr'>Et</span> <span class='ocrx_word' id='word_1_700' title='bbox 2645 4670 2733 4722; x_wconf 89' lang='lat' dir='ltr'>est</span> <span class='ocrx_word' id='word_1_701' title='bbox 2762 4681 3011 4721; x_wconf 89' lang='lat' dir='ltr'>sensus:</span> <span class='ocrx_word' id='word_1_702' title='bbox 3044 4663 3155 4753; x_wconf 88' lang='lat' dir='ltr'>Qui</span> <span class='ocrx_word' id='word_1_703' title='bbox 3184 4660 3550 4753; x_wconf 66' lang='lat' dir='ltr'>diemonibus</span> 
     </span>
    </p>
   </div>
   <div class='ocr_carea' id='block_1_74' title="bbox 124 4762 1790 4835">
    <p class='ocr_par' dir='ltr' id='par_1_74' title="bbox 124 4762 1790 4835">
     <span class='ocr_line' id='line_1_74' title="bbox 124 4762 1790 4835; baseline -0.003 -13"><span class='ocrx_word' id='word_1_704' title='bbox 124 4767 225 4822; x_wconf 85' lang='lat' dir='ltr'>sit.</span> <span class='ocrx_word' id='word_1_705' title='bbox 260 4765 438 4833; x_wconf 87' lang='lat' dir='ltr'>Nam,</span> <span class='ocrx_word' id='word_1_706' title='bbox 471 4764 580 4820; x_wconf 88' lang='lat' dir='ltr'>etsi</span> <span class='ocrx_word' id='word_1_707' title='bbox 614 4764 772 4819; x_wconf 88' lang='lat' dir='ltr'>sinat</span> <span class='ocrx_word' id='word_1_708' title='bbox 802 4768 868 4819; x_wconf 91' lang='lat' dir='ltr'>ut</span> <span class='ocrx_word' id='word_1_709' title='bbox 902 4762 1163 4835; x_wconf 70' lang='lat' dir='ltr'>procellae</span> <span class='ocrx_word' id='word_1_710' title='bbox 1187 4762 1576 4819; x_wconf 88' lang='lat' dir='ltr'>tentationum</span> <span class='ocrx_word' id='word_1_711' title='bbox 1601 4763 1790 4817; x_wconf 86' lang='lat' dir='ltr'>insur-</span> 
     </span>
    </p>
   </div>
   <div class='ocr_carea' id='block_1_75' title="bbox 125 4851 1793 4930">
    <p class='ocr_par' dir='ltr' id='par_1_75' title="bbox 125 4851 1793 4930">
     <span class='ocr_line' id='line_1_75' title="bbox 125 4851 1793 4930; baseline -0.003 -19"><span class='ocrx_word' id='word_1_712' title='bbox 125 4858 274 4930; x_wconf 88' lang='lat' dir='ltr'>gant</span> <span class='ocrx_word' id='word_1_713' title='bbox 305 4854 379 4910; x_wconf 90' lang='lat' dir='ltr'>ad</span> <span class='ocrx_word' id='word_1_714' title='bbox 427 4858 683 4909; x_wconf 89' lang='lat' dir='ltr'>vestram</span> <span class='ocrx_word' id='word_1_715' title='bbox 739 4853 1165 4926; x_wconf 90' lang='lat' dir='ltr'>probationem,</span> <span class='ocrx_word' id='word_1_716' title='bbox 1217 4852 1267 4907; x_wconf 85' lang='lat' dir='ltr'>si</span> <span class='ocrx_word' id='word_1_717' title='bbox 1313 4869 1415 4908; x_wconf 87' lang='lat' dir='ltr'>vos</span> <span class='ocrx_word' id='word_1_718' title='bbox 1443 4851 1657 4920; x_wconf 89' lang='lat' dir='ltr'>triduo,</span> <span class='ocrx_word' id='word_1_719' title='bbox 1691 4856 1793 4906; x_wconf 90' lang='lat' dir='ltr'>aut</span> 
     </span>
    </p>
   </div>
   <div class='ocr_carea' id='block_1_76' title="bbox 125 4941 1790 5017">
    <p class='ocr_par' dir='ltr' id='par_1_76' title="bbox 125 4941 1790 5017">
     <span class='ocr_line' id='line_1_76' title="bbox 125 4941 1790 5017; baseline -0.004 -17"><span class='ocrx_word' id='word_1_720' title='bbox 125 4943 453 5017; x_wconf 87' lang='lat' dir='ltr'>quatriduo</span> <span class='ocrx_word' id='word_1_721' title='bbox 483 4941 972 5010; x_wconf 88' lang='lat' dir='ltr'>sustinueritis,et</span> <span class='ocrx_word' id='word_1_722' title='bbox 997 4942 1124 5013; x_wconf 89' lang='lat' dir='ltr'>ipso</span> <span class='ocrx_word' id='word_1_723' title='bbox 1143 4941 1353 4996; x_wconf 88' lang='lat' dir='ltr'>viderit</span> <span class='ocrx_word' id='word_1_724' title='bbox 1372 4958 1473 4996; x_wconf 90' lang='lat' dir='ltr'>vos</span> <span class='ocrx_word' id='word_1_725' title='bbox 1495 4942 1643 4996; x_wconf 81' lang='lat' dir='ltr'>ferre</span> <span class='ocrx_word' id='word_1_726' title='bbox 1674 4956 1790 4995; x_wconf 92' lang='lat' dir='ltr'>non</span> 
     </span>
    </p>
   </div>
   <div class='ocr_carea' id='block_1_77' title="bbox 124 5030 1791 5107">
    <p class='ocr_par' dir='ltr' id='par_1_77' title="bbox 124 5030 1791 5107">
     <span class='ocr_line' id='line_1_77' title="bbox 124 5030 1791 5107; baseline -0.004 -18"><span class='ocrx_word' id='word_1_727' title='bbox 124 5050 325 5107; x_wconf 85' lang='lat' dir='ltr'>posse,</span> <span class='ocrx_word' id='word_1_728' title='bbox 345 5047 459 5087; x_wconf 79' lang='lat' dir='ltr'>non</span> <span class='ocrx_word' id='word_1_729' title='bbox 486 5033 736 5104; x_wconf 83' lang='lat' dir='ltr'>patietur</span> <span class='ocrx_word' id='word_1_730' title='bbox 762 5046 855 5086; x_wconf 81' lang='lat' dir='ltr'>vos</span> <span class='ocrx_word' id='word_1_731' title='bbox 885 5033 1092 5086; x_wconf 84' lang='lat' dir='ltr'>tentari</span> <span class='ocrx_word' id='word_1_732' title='bbox 1118 5047 1291 5102; x_wconf 78' lang='lat' dir='ltr'>supra</span> <span class='ocrx_word' id='word_1_733' title='bbox 1322 5031 1381 5085; x_wconf 84' lang='lat' dir='ltr'>id</span> <span class='ocrx_word' id='word_1_734' title='bbox 1402 5030 1542 5101; x_wconf 79' lang='lat' dir='ltr'>quod</span> <span class='ocrx_word' id='word_1_735' title='bbox 1570 5030 1791 5101; x_wconf 72' lang='lat' dir='ltr'>potestis</span> 
     </span>
    </p>
   </div>
   <div class='ocr_carea' id='block_1_78' title="bbox 124 5117 1787 5192">
    <p class='ocr_par' dir='ltr' id='par_1_78' title="bbox 124 5117 1787 5192">
     <span class='ocr_line' id='line_1_78' title="bbox 124 5117 1787 5192; baseline -0.004 -13"><span class='ocrx_word' id='word_1_736' title='bbox 124 5124 412 5188; x_wconf 77' lang='lat' dir='ltr'>tolerare;</span> <span class='ocrx_word' id='word_1_737' title='bbox 442 5125 546 5177; x_wconf 89' lang='lat' dir='ltr'>aut</span> <span class='ocrx_word' id='word_1_738' title='bbox 562 5125 717 5176; x_wconf 90' lang='lat' dir='ltr'>certe</span> <span class='ocrx_word' id='word_1_739' title='bbox 741 5120 1005 5176; x_wconf 83' lang='lat' dir='ltr'>funditus</span> <span class='ocrx_word' id='word_1_740' title='bbox 1026 5119 1342 5192; x_wconf 79' lang='lat' dir='ltr'>extinguet,</span> <span class='ocrx_word' id='word_1_741' title='bbox 1382 5124 1484 5175; x_wconf 90' lang='lat' dir='ltr'>aut</span> <span class='ocrx_word' id='word_1_742' title='bbox 1506 5117 1787 5174; x_wconf 87' lang='lat' dir='ltr'>auxilium</span> 
     </span>
    </p>
   </div>
   <div class='ocr_carea' id='block_1_79' title="bbox 126 5207 1793 5281">
    <p class='ocr_par' dir='ltr' id='par_1_79' title="bbox 126 5207 1793 5281">
     <span class='ocr_line' id='line_1_79' title="bbox 126 5207 1793 5281; baseline -0.004 -13"><span class='ocrx_word' id='word_1_743' title='bbox 126 5212 487 5280; x_wconf 88' lang='lat' dir='ltr'>ministabit,</span> <span class='ocrx_word' id='word_1_744' title='bbox 532 5215 600 5266; x_wconf 89' lang='lat' dir='ltr'>ut</span> <span class='ocrx_word' id='word_1_745' title='bbox 645 5210 795 5266; x_wconf 88' lang='lat' dir='ltr'>ferre</span> <span class='ocrx_word' id='word_1_746' title='bbox 836 5210 1096 5281; x_wconf 88' lang='lat' dir='ltr'>possitis.</span> <span class='ocrx_word' id='word_1_747' title='bbox 1152 5209 1220 5263; x_wconf 89' lang='lat' dir='ltr'>Et</span> <span class='ocrx_word' id='word_1_748' title='bbox 1273 5209 1381 5263; x_wconf 91' lang='lat' dir='ltr'>hoc</span> <span class='ocrx_word' id='word_1_749' title='bbox 1438 5209 1592 5280; x_wconf 90' lang='lat' dir='ltr'>quod</span> <span class='ocrx_word' id='word_1_750' title='bbox 1652 5207 1793 5262; x_wconf 91' lang='lat' dir='ltr'>dicit</span> 
     </span>
    </p>
   </div>
   <div class='ocr_carea' id='block_1_80' title="bbox 123 5296 1790 5370">
    <p class='ocr_par' dir='ltr' id='par_1_80' title="bbox 123 5296 1790 5370">
     <span class='ocr_line' id='line_1_80' title="bbox 123 5296 1790 5370; baseline -0.005 -12"><span class='ocrx_word' id='word_1_751' title='bbox 123 5301 211 5358; x_wconf 78' lang='lat' dir='ltr'>scd</span> <span class='ocrx_word' id='word_1_752' title='bbox 240 5318 374 5357; x_wconf 84' lang='lat' dir='ltr'>cum</span> <span class='ocrx_word' id='word_1_753' title='bbox 406 5301 711 5356; x_wconf 80' lang='lat' dir='ltr'>ttntatione</span> <span class='ocrx_word' id='word_1_754' title='bbox 737 5300 901 5370; x_wconf 79' lang='lat' dir='ltr'>faciet</span> <span class='ocrx_word' id='word_1_755' title='bbox 929 5305 1270 5370; x_wconf 80' lang='lat' dir='ltr'>proventum,</span> <span class='ocrx_word' id='word_1_756' title='bbox 1303 5297 1412 5354; x_wconf 87' lang='lat' dir='ltr'>hoc</span> <span class='ocrx_word' id='word_1_757' title='bbox 1443 5301 1550 5365; x_wconf 89' lang='lat' dir='ltr'>est,</span> <span class='ocrx_word' id='word_1_758' title='bbox 1583 5296 1790 5352; x_wconf 89' lang='lat' dir='ltr'>minis-</span> 
     </span>
    </p>
   </div>
   <div class='ocr_carea' id='block_1_81' title="bbox 124 5388 642 5447">
    <p class='ocr_par' dir='ltr' id='par_1_81' title="bbox 124 5388 642 5447">
     <span class='ocr_line' id='line_1_81' title="bbox 124 5388 642 5447; baseline -0.004 -1"><span class='ocrx_word' id='word_1_759' title='bbox 124 5392 306 5447; x_wconf 86' lang='lat' dir='ltr'>trabit</span> <span class='ocrx_word' id='word_1_760' title='bbox 336 5388 642 5447; x_wconf 89' lang='lat' dir='ltr'>solatium.</span> 
     </span>
    </p>
   </div>
   <div class='ocr_carea' id='block_1_82' title="bbox 192 5476 1787 5553">
    <p class='ocr_par' dir='ltr' id='par_1_82' title="bbox 192 5476 1787 5553">
     <span class='ocr_line' id='line_1_82' title="bbox 192 5476 1787 5553; baseline -0.004 -16"><span class='ocrx_word' id='word_1_761' title='bbox 192 5480 488 5553; x_wconf 84' lang='lat' dir='ltr'>Sequitur</span> <span class='ocrx_word' id='word_1_762' title='bbox 517 5496 531 5535; x_wconf 94' lang='lat'>:</span> <span class='ocrx_word' id='word_1_763' title='bbox 565 5479 801 5548; x_wconf 82' lang='lat' dir='ltr'>Propter</span> <span class='ocrx_word' id='word_1_764' title='bbox 840 5478 1001 5549; x_wconf 84' lang='lat' dir='ltr'>quod,</span> <span class='ocrx_word' id='word_1_765' title='bbox 1053 5476 1388 5545; x_wconf 76' lang='lat' dir='ltr'>charissim&quot;,</span> <span class='ocrx_word' id='word_1_766' title='bbox 1442 5477 1622 5547; x_wconf 82' lang='lat' dir='ltr'>fugite</span> <span class='ocrx_word' id='word_1_767' title='bbox 1679 5479 1787 5530; x_wconf 88' lang='lat' dir='ltr'>etc.</span> 
     </span>
    </p>
   </div>
   <div class='ocr_carea' id='block_1_83' title="bbox 197 5707 1660 5787">
    <p class='ocr_par' dir='ltr' id='par_1_83' title="bbox 197 5707 1660 5787">
     <span class='ocr_line' id='line_1_83' title="bbox 197 5707 1660 5787; baseline -0.005 -17"><span class='ocrx_word' id='word_1_768' title='bbox 197 5715 352 5787; x_wconf 86' lang='grc'>(615)</span> <span class='ocrx_word' id='word_1_769' title='bbox 379 5713 451 5787; x_wconf 78' lang='lat' dir='ltr'>In</span> <span class='ocrx_word' id='word_1_770' title='bbox 483 5714 685 5787; x_wconf 83' lang='lat' dir='ltr'>autog.</span> <span class='ocrx_word' id='word_1_771' title='bbox 721 5725 910 5782; x_wconf 89' lang='lat' dir='ltr'>marg.</span> <span class='ocrx_word' id='word_1_772' title='bbox 942 5708 1040 5766; x_wconf 88' lang='lat' dir='ltr'>hic</span> <span class='ocrx_word' id='word_1_773' title='bbox 1069 5707 1284 5787; x_wconf 79' lang='lat' dir='ltr'>legitur</span> <span class='ocrx_word' id='word_1_774' title='bbox 1314 5724 1438 5780; x_wconf 89' lang='lat' dir='ltr'>cap.</span> <span class='ocrx_word' id='word_1_775' title='bbox 1471 5708 1660 5787; x_wconf 52' lang='lat' dir='ltr'>)_\&#39;_I_i\_r&#39;_l_.</span> 
     </span>
    </p>
   </div>
   <div class='ocr_carea' id='block_1_84' title="bbox 200 5781 1697 5859">
    <p class='ocr_par' dir='ltr' id='par_1_84' title="bbox 200 5781 1697 5859">
     <span class='ocr_line' id='line_1_84' title="bbox 200 5781 1697 5859; baseline -0.004 -18"><span class='ocrx_word' id='word_1_776' title='bbox 200 5781 351 5859; x_wconf 83' lang='lat'>(616)</span> <span class='ocrx_word' id='word_1_777' title='bbox 383 5785 492 5845; x_wconf 80' lang='lat' dir='ltr'>Hic</span> <span class='ocrx_word' id='word_1_778' title='bbox 524 5784 586 5843; x_wconf 92' lang='lat' dir='ltr'>in</span> <span class='ocrx_word' id='word_1_779' title='bbox 619 5781 816 5857; x_wconf 75' lang='lat' dir='ltr'>autog.</span> <span class='ocrx_word' id='word_1_780' title='bbox 859 5781 1047 5854; x_wconf 86' lang='lat' dir='ltr'>marg.</span> <span class='ocrx_word' id='word_1_781' title='bbox 1078 5782 1298 5856; x_wconf 88' lang='lat' dir='ltr'>legitur</span> <span class='ocrx_word' id='word_1_782' title='bbox 1327 5798 1452 5853; x_wconf 89' lang='lat' dir='ltr'>cap.</span> <span class='ocrx_word' id='word_1_783' title='bbox 1486 5781 1697 5838; x_wconf 64' lang='lat' dir='ltr'>XLI/ll.</span> 
     </span>
    </p>
   </div>
   <div class='ocr_carea' id='block_1_85' title="bbox 1900 4751 3552 4834">
    <p class='ocr_par' dir='ltr' id='par_1_85' title="bbox 1900 4751 3552 4834">
     <span class='ocr_line' id='line_1_85' title="bbox 1900 4751 3552 4834; baseline -0.01 -13"><span class='ocrx_word' id='word_1_784' title='bbox 1900 4765 2217 4834; x_wconf 88' lang='lat' dir='ltr'>sociantur,</span> <span class='ocrx_word' id='word_1_785' title='bbox 2252 4778 2286 4816; x_wconf 92' lang='lat' dir='ltr'>a</span> <span class='ocrx_word' id='word_1_786' title='bbox 2314 4761 2431 4816; x_wconf 89' lang='lat' dir='ltr'>Deo</span> <span class='ocrx_word' id='word_1_787' title='bbox 2462 4759 2839 4830; x_wconf 89' lang='lat' dir='ltr'>elongantur;</span> <span class='ocrx_word' id='word_1_788' title='bbox 2864 4759 2918 4809; x_wconf 89' lang='lat' dir='ltr'>et</span> <span class='ocrx_word' id='word_1_789' title='bbox 2951 4753 3053 4827; x_wconf 91' lang='lat' dir='ltr'>qui</span> <span class='ocrx_word' id='word_1_790' title='bbox 3077 4752 3317 4809; x_wconf 90' lang='lat' dir='ltr'>calicem</span> <span class='ocrx_word' id='word_1_791' title='bbox 3340 4751 3552 4806; x_wconf 68' lang='lat' dir='ltr'>daemo-</span> 
     </span>
    </p>
   </div>
   <div class='ocr_carea' id='block_1_86' title="bbox 1901 4839 3551 4921">
    <p class='ocr_par' dir='ltr' id='par_1_86' title="bbox 1901 4839 3551 4921">
     <span class='ocr_line' id='line_1_86' title="bbox 1901 4839 3551 4921; baseline -0.01 -12"><span class='ocrx_word' id='word_1_792' title='bbox 1901 4870 2043 4909; x_wconf 88' lang='lat' dir='ltr'>num</span> <span class='ocrx_word' id='word_1_793' title='bbox 2078 4851 2603 4921; x_wconf 87' lang='lat' dir='ltr'>bibunt,respuunt</span> <span class='ocrx_word' id='word_1_794' title='bbox 2624 4844 2867 4903; x_wconf 90' lang='lat' dir='ltr'>calicem</span> <span class='ocrx_word' id='word_1_795' title='bbox 2886 4841 3119 4899; x_wconf 90' lang='lat' dir='ltr'>Domini</span> <span class='ocrx_word' id='word_1_796' title='bbox 3147 4859 3160 4909; x_wconf 88' lang='lat'>;</span> <span class='ocrx_word' id='word_1_797' title='bbox 3186 4846 3244 4896; x_wconf 88' lang='lat' dir='ltr'>et</span> <span class='ocrx_word' id='word_1_798' title='bbox 3266 4839 3366 4913; x_wconf 90' lang='lat' dir='ltr'>qui</span> <span class='ocrx_word' id='word_1_799' title='bbox 3389 4853 3551 4894; x_wconf 88' lang='lat' dir='ltr'>men-</span> 
     </span>
    </p>
   </div>
   <div class='ocr_carea' id='block_1_87' title="bbox 1900 4927 3550 5009">
    <p class='ocr_par' dir='ltr' id='par_1_87' title="bbox 1900 4927 3550 5009">
     <span class='ocr_line' id='line_1_87' title="bbox 1900 4927 3550 5009; baseline -0.009 -11"><span class='ocrx_word' id='word_1_800' title='bbox 1900 4959 1997 4998; x_wconf 89' lang='lat' dir='ltr'>sas</span> <span class='ocrx_word' id='word_1_801' title='bbox 2028 4942 2361 4996; x_wconf 75' lang='lat' dir='ltr'>daemonum</span> <span class='ocrx_word' id='word_1_802' title='bbox 2394 4936 2665 5009; x_wconf 86' lang='lat' dir='ltr'>diligunt,</span> <span class='ocrx_word' id='word_1_803' title='bbox 2699 4950 2915 4989; x_wconf 68' lang='lat' dir='ltr'>mensae</span> <span class='ocrx_word' id='word_1_804' title='bbox 2946 4929 3177 4986; x_wconf 90' lang='lat' dir='ltr'>Domini</span> <span class='ocrx_word' id='word_1_805' title='bbox 3207 4927 3550 4983; x_wconf 86' lang='lat' dir='ltr'>detrahunt.</span> 
     </span>
    </p>
   </div>
   <div class='ocr_carea' id='block_1_88' title="bbox 1901 5016 3546 5101">
    <p class='ocr_par' dir='ltr' id='par_1_88' title="bbox 1901 5016 3546 5101">
     <span class='ocr_line' id='line_1_88' title="bbox 1901 5016 3546 5101; baseline -0.01 -14"><span class='ocrx_word' id='word_1_806' title='bbox 1901 5032 2003 5088; x_wconf 88' lang='lat' dir='ltr'>Isti</span> <span class='ocrx_word' id='word_1_807' title='bbox 2036 5046 2313 5101; x_wconf 89' lang='lat' dir='ltr'>namque,</span> <span class='ocrx_word' id='word_1_808' title='bbox 2338 5028 2479 5083; x_wconf 89' lang='lat' dir='ltr'>dum</span> <span class='ocrx_word' id='word_1_809' title='bbox 2512 5026 2634 5080; x_wconf 70' lang='lat' dir='ltr'>hazc</span> <span class='ocrx_word' id='word_1_810' title='bbox 2666 5024 2935 5096; x_wconf 89' lang='lat' dir='ltr'>agebant,</span> <span class='ocrx_word' id='word_1_811' title='bbox 2956 5019 3146 5075; x_wconf 89' lang='lat' dir='ltr'>dicere</span> <span class='ocrx_word' id='word_1_812' title='bbox 3171 5016 3331 5074; x_wconf 88' lang='lat' dir='ltr'>soliti</span> <span class='ocrx_word' id='word_1_813' title='bbox 3351 5018 3546 5072; x_wconf 89' lang='lat' dir='ltr'>erant:</span> 
     </span>
    </p>
   </div>
   <div class='ocr_carea' id='block_1_89' title="bbox 1901 5103 3551 5180">
    <p class='ocr_par' dir='ltr' id='par_1_89' title="bbox 1901 5103 3551 5180">
     <span class='ocr_line' id='line_1_89' title="bbox 1901 5103 3551 5180; baseline -0.01 -4"><span class='ocrx_word' id='word_1_814' title='bbox 1901 5121 1962 5177; x_wconf 91' lang='lat' dir='ltr'>In</span> <span class='ocrx_word' id='word_1_815' title='bbox 1995 5120 2105 5175; x_wconf 92' lang='lat' dir='ltr'>hoc</span> <span class='ocrx_word' id='word_1_816' title='bbox 2140 5117 2451 5173; x_wconf 86' lang='lat' dir='ltr'>Dominum</span> <span class='ocrx_word' id='word_1_817' title='bbox 2478 5114 2802 5180; x_wconf 77' lang='lat' dir='ltr'>imitamhr,</span> <span class='ocrx_word' id='word_1_818' title='bbox 2828 5108 3107 5180; x_wconf 89' lang='lat' dir='ltr'>quiaipse</span> <span class='ocrx_word' id='word_1_819' title='bbox 3132 5122 3265 5162; x_wconf 91' lang='lat' dir='ltr'>cum</span> <span class='ocrx_word' id='word_1_820' title='bbox 3290 5103 3551 5178; x_wconf 86' lang='lat' dir='ltr'>publica-</span> 
     </span>
    </p>
   </div>
   <div class='ocr_carea' id='block_1_90' title="bbox 1899 5193 3552 5280">
    <p class='ocr_par' dir='ltr' id='par_1_90' title="bbox 1899 5193 3552 5280">
     <span class='ocr_line' id='line_1_90' title="bbox 1899 5193 3552 5280; baseline -0.01 -15"><span class='ocrx_word' id='word_1_821' title='bbox 1899 5210 1994 5265; x_wconf 89' lang='lat' dir='ltr'>nis</span> <span class='ocrx_word' id='word_1_822' title='bbox 2025 5214 2080 5264; x_wconf 92' lang='lat' dir='ltr'>et</span> <span class='ocrx_word' id='word_1_823' title='bbox 2112 5205 2515 5280; x_wconf 88' lang='lat' dir='ltr'>peccatoribus</span> <span class='ocrx_word' id='word_1_824' title='bbox 2546 5200 2962 5257; x_wconf 88' lang='lat' dir='ltr'>manducabat.</span> <span class='ocrx_word' id='word_1_825' title='bbox 3003 5201 3067 5251; x_wconf 81' lang='lat' dir='ltr'>Et</span> <span class='ocrx_word' id='word_1_826' title='bbox 3096 5195 3224 5252; x_wconf 90' lang='lat' dir='ltr'>ideo</span> <span class='ocrx_word' id='word_1_827' title='bbox 3255 5193 3428 5250; x_wconf 89' lang='lat' dir='ltr'>dicit:</span> <span class='ocrx_word' id='word_1_828' title='bbox 3466 5198 3552 5249; x_wconf 76' lang='lat' dir='ltr'>Au</span> 
     </span>
    </p>
   </div>
   <div class='ocr_carea' id='block_1_91' title="bbox 1897 5283 3549 5358">
    <p class='ocr_par' dir='ltr' id='par_1_91' title="bbox 1897 5283 3549 5358">
     <span class='ocr_line' id='line_1_91' title="bbox 1897 5283 3549 5358; baseline -0.013 1"><span class='ocrx_word' id='word_1_829' title='bbox 1897 5301 2233 5358; x_wconf 66' lang='lat' dir='ltr'>acmulamur</span> <span class='ocrx_word' id='word_1_830' title='bbox 2268 5294 2606 5351; x_wconf 81' lang='lat' dir='ltr'>Dominum?</span> <span class='ocrx_word' id='word_1_831' title='bbox 2636 5287 2809 5355; x_wconf 83' lang='lat' dir='ltr'>Quasi</span> <span class='ocrx_word' id='word_1_832' title='bbox 2840 5286 3091 5342; x_wconf 88' lang='lat' dir='ltr'>diceret:</span> <span class='ocrx_word' id='word_1_833' title='bbox 3124 5284 3184 5341; x_wconf 91' lang='lat' dir='ltr'>Si</span> <span class='ocrx_word' id='word_1_834' title='bbox 3208 5284 3268 5340; x_wconf 88' lang='lat' dir='ltr'>in</span> <span class='ocrx_word' id='word_1_835' title='bbox 3308 5283 3417 5339; x_wconf 88' lang='lat' dir='ltr'>hoc</span> <span class='ocrx_word' id='word_1_836' title='bbox 3440 5288 3549 5339; x_wconf 88' lang='lat' dir='ltr'>Do-</span> 
     </span>
    </p>
   </div>
   <div class='ocr_carea' id='block_1_92' title="bbox 1900 5373 3553 5454">
    <p class='ocr_par' dir='ltr' id='par_1_92' title="bbox 1900 5373 3553 5454">
     <span class='ocr_line' id='line_1_92' title="bbox 1900 5373 3553 5454; baseline -0.01 -10"><span class='ocrx_word' id='word_1_837' title='bbox 1900 5390 2126 5444; x_wconf 90' lang='lat' dir='ltr'>minum</span> <span class='ocrx_word' id='word_1_838' title='bbox 2154 5383 2427 5451; x_wconf 88' lang='lat' dir='ltr'>imitami,</span> <span class='ocrx_word' id='word_1_839' title='bbox 2479 5380 2620 5454; x_wconf 92' lang='lat' dir='ltr'>quia</span> <span class='ocrx_word' id='word_1_840' title='bbox 2668 5395 2803 5435; x_wconf 92' lang='lat' dir='ltr'>cum</span> <span class='ocrx_word' id='word_1_841' title='bbox 2848 5374 3255 5450; x_wconf 89' lang='lat' dir='ltr'>peccatoribus</span> <span class='ocrx_word' id='word_1_842' title='bbox 3300 5373 3553 5428; x_wconf 89' lang='lat' dir='ltr'>mandu-</span> 
     </span>
    </p>
   </div>
   <div class='ocr_carea' id='block_1_93' title="bbox 1900 5459 3555 5535">
    <p class='ocr_par' dir='ltr' id='par_1_93' title="bbox 1900 5459 3555 5535">
     <span class='ocr_line' id='line_1_93' title="bbox 1900 5459 3555 5535; baseline -0.011 -2"><span class='ocrx_word' id='word_1_843' title='bbox 1900 5478 2045 5534; x_wconf 89' lang='lat' dir='ltr'>catis</span> <span class='ocrx_word' id='word_1_844' title='bbox 2078 5476 2137 5530; x_wconf 91' lang='lat' dir='ltr'>in</span> <span class='ocrx_word' id='word_1_845' title='bbox 2168 5475 2277 5530; x_wconf 90' lang='lat' dir='ltr'>hoc</span> <span class='ocrx_word' id='word_1_846' title='bbox 2308 5479 2506 5528; x_wconf 88' lang='lat' dir='ltr'>tamen</span> <span class='ocrx_word' id='word_1_847' title='bbox 2538 5485 2655 5525; x_wconf 90' lang='lat' dir='ltr'>non</span> <span class='ocrx_word' id='word_1_848' title='bbox 2678 5463 3020 5531; x_wconf 89' lang='lat' dir='ltr'>imitamini,</span> <span class='ocrx_word' id='word_1_849' title='bbox 3054 5462 3195 5535; x_wconf 88' lang='lat' dir='ltr'>quia</span> <span class='ocrx_word' id='word_1_850' title='bbox 3225 5459 3555 5532; x_wconf 86' lang='lat' dir='ltr'>idolothyta</span> 
     </span>
    </p>
   </div>
   <div class='ocr_carea' id='block_1_94' title="bbox 1972 5690 3475 5780">
    <p class='ocr_par' dir='ltr' id='par_1_94' title="bbox 1972 5690 3475 5780">
     <span class='ocr_line' id='line_1_94' title="bbox 1972 5690 3475 5780; baseline -0.009 -20"><span class='ocrx_word' id='word_1_851' title='bbox 1972 5708 2120 5776; x_wconf 88' lang='grc'>(617)</span> <span class='ocrx_word' id='word_1_852' title='bbox 2148 5704 2254 5758; x_wconf 88' lang='lat' dir='ltr'>Hic</span> <span class='ocrx_word' id='word_1_853' title='bbox 2284 5703 2342 5780; x_wconf 86' lang='lat' dir='ltr'>in</span> <span class='ocrx_word' id='word_1_854' title='bbox 2372 5704 2569 5773; x_wconf 88' lang='lat' dir='ltr'>autog.</span> <span class='ocrx_word' id='word_1_855' title='bbox 2603 5715 2795 5780; x_wconf 68' lang='lat' dir='ltr'>marg.</span> <span class='ocrx_word' id='word_1_856' title='bbox 2817 5697 3043 5780; x_wconf 68' lang='lat' dir='ltr'>legitur</span> <span class='ocrx_word' id='word_1_857' title='bbox 3071 5710 3199 5765; x_wconf 85' lang='lat' dir='ltr'>cap.</span> <span class='ocrx_word' id='word_1_858' title='bbox 3220 5690 3475 5780; x_wconf 42' lang='grc' dir='ltr'>ἔρξω.</span> 
     </span>
    </p>
   </div>
   <div class='ocr_carea' id='block_1_95' title="bbox 1972 5762 3408 5849">
    <p class='ocr_par' dir='ltr' id='par_1_95' title="bbox 1972 5762 3408 5849">
     <span class='ocr_line' id='line_1_95' title="bbox 1972 5762 3408 5849; baseline -0.01 -16"><span class='ocrx_word' id='word_1_859' title='bbox 1972 5762 2120 5849; x_wconf 76' lang='grc'>(618)</span> <span class='ocrx_word' id='word_1_860' title='bbox 2154 5782 2220 5832; x_wconf 86' lang='lat' dir='ltr'>In</span> <span class='ocrx_word' id='word_1_861' title='bbox 2252 5778 2449 5846; x_wconf 89' lang='lat' dir='ltr'>autog.</span> <span class='ocrx_word' id='word_1_862' title='bbox 2475 5762 2664 5842; x_wconf 54' lang='lat' dir='ltr'>mvarg-</span> <span class='ocrx_word' id='word_1_863' title='bbox 2693 5762 2790 5828; x_wconf 76' lang='lat' dir='ltr'>hic</span> <span class='ocrx_word' id='word_1_864' title='bbox 2816 5762 3032 5841; x_wconf 76' lang='lat' dir='ltr'>legitur</span> <span class='ocrx_word' id='word_1_865' title='bbox 3058 5762 3188 5836; x_wconf 75' lang='lat' dir='ltr'>cap.</span> <span class='ocrx_word' id='word_1_866' title='bbox 3220 5762 3408 5821; x_wconf 81' lang='lat' dir='ltr'>XLIX.</span> 
     </span>
    </p>
   </div>
  </div>
