3902 6422
367 463 487 528 375

1372 464 1708 529 ATTONIS
1752 463 2334 528 VERCELLENSIS
2382 462 2735 526 EPISCOPI

3674 462 3782 524 3‘76

373 597 719 655 comeditis?
752 597 877 671 ipse
905 599 1060 655 enim
1092 616 1399 671 nunquam
1447 598 1663 669 legitur
1692 597 2016 669 idolothyta
2044 599 2099 664 Α
2126 594 2420 659 laudetur,
2473 595 2786 666 Sequitur:
2821 593 2951 649 Sine
2997 593 3295 666 offensione
3342 595 3511 648 estote
3563 593 3784 661 Judzis,

373 687 719 743 comedisse.
752 688 821 742 Et
849 688 899 744 si
930 689 1293 744 comedenda
1323 692 1538 752 essent,
1563 703 1669 742 suo
1694 691 2016 741 monstras-

2129 688 2240 739 etc.
2272 690 2351 739 Ac
2385 684 2431 739 si
2461 683 2594 738 aliis
2622 683 2816 739 verbis
2848 682 3033 738 dicat:
3060 683 3281 738 Judaeis
3311 681 3372 737 in
3401 682 3785 737 oﬂ’ensiouem

376 777 466 831 set
494 773 779 846 exemplo.
814 776 959 848 Ergo
986 777 1123 848 quia
1154 775 1486 847 exemplum
1508 775 1836 841 ostenditis,
1863 774 2019 845 quod
2128 770 2290 839 estis,
2325 772 2463 843 quia
2495 771 2690 827 dicitis
2720 771 2932 827 habere
2962 787 3063 827 vos
3112 770 3300 842 legem
3349 774 3406 825 et
3447 769 3782 842 prophetas,

373 863 656 919 Dominus
686 880 801 919 non
832 864 1105 931 ostendit,
1153 866 1404 935 fortiores
1443 865 1545 920 illo
1594 864 1759 919 estis.
1801 865 1861 919 In
1894 862 2021 934 qui-

373 950 626 1007 busdam
656 952 1086 1024 exemplaribus
1118 953 1454 1009 invenitur:
1501 954 1581 1008 An
1629 954 1699 1008 ad
1728 952 2024 1007 celandum

375 1040 668 1097 Dominum
720 1045 1115 1112 provocamus?
1143 1043 1212 1097 Et
1269 1046 1359 1097 est
1406 1058 1656 1097 sensus:
1719 1042 1870 1097 Dum
1912 1041 2025 1096 ista

378 1128 573 1200 agitis,
605 1130 893 1201 numquid
935 1146 1051 1187 non
1100 1132 1426 1202 provocatis
1458 1130 1647 1198 illum,
1684 1135 1748 1184 ut
1778 1128 2022 1184 ulcisca-

376 1220 475 1274 tur
500 1221 756 1274 vestrum
782 1222 806 1275 Ρ
834 1224 953 1275 Aut
982 1220 1249 1277 fortiores
1297 1220 1398 1277 illo
1428 1221 1605 1288 estis;
1641 1227 1699 1275 et
1737 1221 1865 1275 ideo
1910 1235 2026 1274 non

380 1308 611 1379 potest?

451 1415 757 1486 Sequitur:
807 1416 1005 1471 Omnia
1057 1417 1200 1470 mihi
1249 1417 1432 1481 licent,
1467 1420 1603 1482 etc.,
1650 1415 1801 1471 sicut
1831 1431 2030 1486 supra.

378 1501 697 1573 Sequitur:
732 1503 899 1559 Omne
920 1503 1061 1574 quod
1107 1505 1169 1557 in
1211 1505 1438 1559 macello
1469 1506 1638 1569 venit,
1673 1508 1787 1557 etc.
1824 1502 2033 1557 Prohi-

379 1589 591 1645 buerat
616 1605 715 1645 eos
742 1590 1066 1664 idolothyta
1086 1593 1409 1656 comedere,
1444 1597 1500 1648 et
1525 1591 1851 1665 plurimum
1879 1608 2035 1647 coar-

383 1681 662 1749 ctaverat,
695 1679 839 1735 adeo
871 1683 934 1734 ut
972 1697 1119 1751 pene
1166 1681 1469 1737 videretur
1516 1682 1712 1751 ipsam
1761 1686 2035 1735 naturam

383 1766 715 1823 damnasse.
746 1769 814 1822 Et
843 1768 985 1839 quia
1012 1785 1219 1826 carnes
1264 1769 1436 1825 idolis
1467 1768 1782 1823 immolatae
1816 1769 1874 1822 in
1910 1785 2035 1823 ma-

385 1853 530 1910 cello
559 1855 980 1926 vendebantur,
1006 1874 1076 1912 ne
1098 1862 1199 1912 aut
1225 1858 1341 1928 ipsi
1372 1858 1626 1912 nimium
1650 1861 2035 1923 arctarentur,

384 1946 488 1998 aut
515 1946 726 1999 natura
755 1943 1035 2000 damnata
1080 1945 1400 2014 videretur,
1430 1946 1793 2001 descendens
1826 1961 2035 2001 conce-
2069 1965 2117 2029 Β

383 2030 491 2086 dit.
526 2031 915 2104 0mne,inquit
944 2034 1090 2105 quod
1134 2036 1195 2089 in
1253 2035 1480 2091 macello
1525 2037 1696 2104 venit,
1747 2040 1856 2090 etc.
1893 2035 2040 2105 (619)

381 2118 493 2173 Sed
521 2135 703 2190 quare
725 2121 909 2191 jussit
935 2138 1052 2177 non
1105 2122 1516 2195 interrogare?
1556 2139 1627 2178 ne
1671 2123 2042 2178 Christianus

378 2206 885 2274 manifestaretur,
920 2215 977 2265 et
1016 2212 1086 2266 ad
1135 2211 1486 2267 derisionem
1528 2210 1688 2266 illius
1747 2210 2041 2282 quidquid

381 2300 537 2352 esset
571 2295 945 2353 immolatum
977 2299 1289 2355 diceretur.
1341 2300 1412 2354 Et
1460 2299 1600 2371 quia
1629 2299 1816 2355 voluit
1845 2304 2040 2355 osten-

387 2382 523 2439 dere
551 2383 697 2439 illud
719 2387 875 2457 quod
888 2386 1060 2443 idolis
1079 2387 1424 2443 immolatur
1442 2392 1654 2443 natura
1670 2403 1797 2443 esse
1821 2389 2039 2443 bonum

389 2470 727 2542 subjunxit:
760 2474 985 2528 Domini
1011 2482 1092 2529 est
1124 2484 1296 2541 terra,
1325 2482 1435 2529 etc.
1462 2493 1476 2543 ;
1511 2492 1577 2531 ac
1608 2476 1658 2531 si
1690 2476 1907 2531 diceret
1934 2493 1946 2530 :
1979 2475 2038 2529 Si

394 2558 625 2614 Domini
648 2563 737 2615 est
793 2565 971 2626 terra,
1003 2567 1059 2617 et
1090 2562 1232 2617 illud
1280 2563 1535 2617 Domini.
1587 2568 1830 2635 Propter
1872 2565 2043 2633 cujus

401 2647 820 2704 conscientiam
863 2649 1112 2721 jusserit
1178 2667 1292 2705 non
1347 2651 1726 2723 interrogare,
1795 2650 2043 2706 inferius

400 2734 692 2792 ostendit:
752 2737 870 2792 Non
927 2746 1081 2793 tuam
1132 2737 1325 2809 inquit
1387 2738 1481 2792 sed
1533 2740 1783 2793 alterius.
1856 2740 2046 2803 Quare

398 2835 537 2893 ergo
568 2828 805 2895 propter
825 2824 1065 2880 alterius
1083 2824 1112 2879 ?
1131 2825 1211 2881 Ne
1233 2830 1333 2880 aut
1352 2826 1410 2880 in
1442 2825 1614 2882 idolis
1639 2827 1763 2882 suis
1792 2826 2044 2893 laetetur,

370 2913 503 2965 .aut
530 2910 634 2965 des
680 2911 763 2966 illi
796 2912 1183 2977 occasionem,
1235 2918 1298 2968 ut
1343 2914 1727 2984 reprehendat
1759 2918 1817 2968 et
1855 2914 2043 2969 dicat:

397 2998 586 3062 Quare
615 2998 726 3055 iste
756 2999 978 3056 idolum
1010 3006 1345 3057 exsecratur
1382 3003 1554 3073 cujus
1584 3001 1891 3057 immolata
1921 3007 2044 3057 tam

393 3084 645 3143 libenter
673 3088 974 3144 comedit?

452 3184 611 3264 ’(620)
643 3193 957 3264 Sequitur:
994 3194 1053 3250 Si
1081 3196 1175 3266 qui
1218 3198 1369 3250 vocat
1396 3212 1487 3251 vos
1536 3194 1869 3265 inﬁdelium,
1931 3200 2042 3252 etc.

2132 865 2190 917 et
2240 860 2584 932 intelligere,
2640 865 2697 916 et
2741 859 3067 931 idolothyta
3112 859 3443 925 comeditis,
3497 860 3659 930 quod
3708 858 3786 914 illi

2133 954 2530 1005 exsecrantur.
2565 948 2827 1003 Gentibus
2849 950 3048 1014 etiam,
3083 949 3223 1019 quia
3269 964 3386 1003 non
3434 947 3634 1004 solum
3680 964 3785 1003 non

2135 1037 2473 1108 increpatis,
2493 1041 2556 1092 ut
2577 1037 2647 1092 ab
2680 1037 2770 1092 his
2792 1037 3084 1106 recedant,
3100 1036 3200 1091 sed
3228 1035 3601 1091 occasionem
3618 1035 3788 1102 datis,

2136 1127 2272 1181 utin
2297 1125 2415 1181 illis
2430 1125 3119 1196 permaneant,quoniam
3144 1125 3393 1179 credunt
3414 1140 3519 1179 vos
3550 1124 3611 1178 in
3626 1123 3789 1179 idolis

2139 1213 2361 1285 aliquid
2410 1214 2608 1286 magni
2661 1213 3004 1285 intelligere.
3075 1217 3144 1270 Et
3193 1214 3443 1269 Ecclesiae
3466 1215 3613 1274 Dei;
3663 1212 3792 1283 quia

2139 1302 2511 1374 simplicibus
2564 1302 2719 1357 datis
2775 1304 3166 1367 occasionem,
3220 1301 3307 1356 vel
3355 1299 3658 1367 imitandi,
3704 1301 3787 1355 vel

2141 1390 2612 1462 reprehendenti.
2647 1391 2926 1462 Sequitur
2945 1408 2963 1444 :
2988 1391 3137 1446 Sicut
3166 1393 3216 1445 et
3236 1407 3335 1459 ego
3352 1406 3450 1461 per
3483 1396 3674 1446 omnia
3695 1405 3794 1445 om-

2140 1480 2307 1536 nibus
2349 1481 2557 1548 placeo.
2626 1478 2903 1550 Nunquid
2958 1478 3433 1551 persecutoribus
3482 1477 3792 1550 placebat?

2143 1569 2290 1623 Non.
2323 1569 2431 1623 Sed
2459 1568 2529 1624 de
2543 1569 2819 1623 omnibus
2833 1569 3145 1640 generibus
3158 1572 3324 1624 erant
3338 1567 3571 1635 ﬁdeles,
3589 1568 3794 1638 quibus

2146 1656 2245 1711 ille
2277 1656 2560 1728 placebat.
2621 1657 2745 1711 Non
2779 1662 2868 1712 est
2919 1656 3249 1712 contrarius
3299 1656 3435 1723 sibi,
3498 1656 3643 1729 quia
3668 1655 3791 1711 alibi

2147 1745 2289 1799 dicit
2318 1760 2380 1800 se
2425 1762 2540 1800 non
2600 1745 2828 1816 placere
2888 1745 3251 1816 hominibus,
3313 1745 3597 1817 quoniam
3632 1745 3792 1800 finem

2150 1832 2344 1904 placiti
2361 1833 2452 1888 sui
2484 1850 2601 1889 non
2632 1834 2691 1889 in
2724 1833 3066 1890 hominibus
3098 1834 3519 1890 constituebat.

2220 1940 2368 2010 (622)
2396 1939 2551 2010 (CAP.
2585 1939 2703 2009 ΧΙ.)
2735 1939 3042 2010 Sequitur:
3084 1941 3198 1995 Non
3222 1954 3481 2011 quaerens
3503 1938 3646 2011 quod
3670 1937 3793 1992 mihi

2151 2029 2287 2084 utile
2316 2034 2412 2099 est,
2438 2033 2570 2083 etc..
2592 2045 2799 2099 usque,
2826 2030 2968 2083 sicut
2997 2045 3090 2099 ego
3121 2030 3433 2084 Christi.Et
3455 2033 3549 2083 est
3568 2041 3787 2083 sensus:

2153 2116 2317 2172 Sicut
2354 2116 2624 2172 Christus
2664 2133 2779 2172 non
2833 2134 2936 2188 pro
2970 2134 3055 2183 se,
3112 2118 3211 2172 sed
3246 2134 3349 2189 pro
3383 2121 3594 2172 nostra
3624 2115 3792 2171 salute

2152 2221 2384 2260 carnem
2420 2205 2697 2277 suscepit,
2729 2210 2785 2261 et
2811 2205 3125 2277 opprobria
3152 2206 3458 2273 sustinuit,
3484 2205 3570 2260 ita
3598 2209 3654 2259 et
3673 2221 3791 2275 apo-

2153 2292 2336 2349 stolos
2358 2310 2473 2349 non
2497 2310 2599 2365 pro
2632 2310 2713 2365 se,
2747 2293 2847 2349 sed
2878 2311 2981 2365 pro
3004 2293 3192 2350 salute
3226 2295 3458 2366 generis
3483 2292 3725 2349 humani
3743 2290 3791 2345 in

2144 2382 2444 2437 mundum
2478 2382 2726 2449 direxit;
2760 2382 2845 2438 sic
2867 2389 2922 2438 et
2951 2399 3052 2438 vos
3083 2384 3329 2438 fratrum
3363 2382 3623 2438 salutem
3655 2398 3792 2453 quaa-

2154 2487 2280 2526 rere
2301 2471 2552 2526 studete.
2586 2472 2899 2542 Sequitur:
2931 2471 3117 2528 Laudo
3145 2488 3253 2540 vos,
3274 2475 3513 2543 fratres,
3539 2471 3676 2543 quod
3713 2485 3793 2540 per

2153 2560 2339 2615 omnia
2371 2575 2633 2615 memores
2662 2562 2772 2615 mei
2801 2562 2952 2629 estis,
2976 2566 3084 2615 ctc.
3111 2560 3239 2615 Haec
3270 2576 3486 2632 nempe
3509 2560 3689 2615 verba
3712 2574 3792 2630 per

2156 2646 2405 2702 ironiam
2437 2647 2592 2702 dicta
2622 2651 2779 2702 silnt.
2806 2648 2958 2703 Sane
2986 2648 3289 2703 sciendum
3314 2649 3457 2720 quia
3481 2652 3608 2705 erat
3627 2646 3791 2718 turpis

2155 2739 2211 2789 et
2240 2734 2554 2790 inhonesta
2602 2736 2965 2790 consuetudo
3016 2737 3171 2806 apud
3220 2736 3561 2793 Corinthios
3614 2741 3677 2791 ut
3702 2734 3788 2788 viri

2156 2822 2351 2876 criniti
2400 2822 2761 2890 incederent,
2819 2827 2875 2878 et
2923 2823 3200 2879 mulieres
3248 2841 3366 2879 non
3403 2825 3601 2881 velato
3632 2821 3788 2895 capite

2156 2910 2342 2965 Deum
2391 2916 2665 2965 orarent:
2708 2927 2887 2982 quam
2937 2913 3426 2967 consuetudinem
3476 2912 3788 2987 aggreditur

2154 2997 2471 3070 Apostolus
2517 2998 2939 3069 reprehendere
2995 3004 3053 3054 et
3106 3001 3405 3071 damnare,
3460 3001 3786 3057 inchiansa

2156 3086 2482 3159 primorum
2524 3086 2831 3142 hominum
2864 3087 3173 3143 creatione.
3204 3089 3297 3143 Ait
3325 3089 3488 3144 enim
3514 3108 3528 3147 :
3561 3090 3686 3146 Volo
3710 3100 3785 3141 vos

2153 3177 2314 3241 scire,
2346 3178 2457 3230 etc.
2493 3175 2668 3245 Caput
2699 3177 2814 3230 viri
2845 3176 3132 3238 Christus;
3163 3177 3313 3248 (623)
3364 3178 3509 3248 quia
3541 3194 3643 3249 per
3673 3189 3783 3231 eum

394 3278 500 3334 His
523 3263 716 3336 verbis
737 3263 863 3337 non
895 3280 1046 3351 cogit
1075 3263 1173 3337 eos
1203 3281 1305 3351 ire,
1328 3282 1430 3337 sed
1455 3282 1513 3336 in
1538 3263 1741 3337 eorum
1774 3281 2036 3337 libertate

2172 3263 2356 3318 Jmnia
2379 3279 2393 3319 :
2426 3272 2589 3334 caput
2617 3264 2872 3320 mulieris
2897 3267 2984 3320 vir
3008 3285 3027 3331 ;
3057 3264 3196 3335 quia
3217 3266 3287 3321 de
3316 3266 3447 3336 ipso
3471 3271 3664 3321 creata
3689 3268 3783 3319 est:

394 3367 580 3438 ponit,
612 3372 677 3423 ut
703 3370 773 3424 ad
804 3325 1135 3442 exemplum
1184 3327 1437 3441 Domini,
1489 3371 1539 3426 si
1591 3388 1653 3425 se
1702 3370 2044 3443 agnoverint
2074 3325 2116 3392 ϐ
2154 3356 2318 3443 εαραι
2349 3351 2555 3443 chris“
2592 3354 2753 3443 De”,
2798 3353 2886 3408 Vel
2935 3358 3169 3425 Propter
3217 3353 3671 3420 humanitatem-
3716 3347 3784 3404 vel

393 3456 673 3527 prodesse
702 3473 893 3529 posse,
916 3457 1024 3513 hoc
1044 3463 1152 3529 est,
1181 3462 1283 3513 aut
1321 3459 1608 3531 exemplo,
1642 3465 1745 3514 aut
1774 3458 2042 3514 doctrina

391 3558 490 3599 eos
515 3543 729 3600 lucrari
779 3561 972 3617 posse,
1011 3547 1247 3601 vadant.
1297 3548 1613 3618 Sequitur:
1651 3549 1714 3604 Ut
1737 3547 1869 3619 quid
1893 3549 2043 3603 enim

393 3631 620 3688 libertas
648 3649 768 3689 mea
782 3633 1087 3705 judicatur,
1108 3639 1218 3689 etc.
1243 3651 1257 3700 ;
1282 3651 1348 3689 ac
1377 3635 1425 3689 si
1450 3635 1607 3689 dicat
1646 3652 1660 3689 :
1694 3636 1868 3691 Liber
1886 3652 2040 3705 sum,

393 3719 535 3789 quia
564 3720 764 3774 omnia
792 3722 1015 3777 munda
1043 3727 1099 3776 et
1126 3720 1286 3776 licita
1313 3721 1575 3794 intelligo
1601 3741 1615 3792 ς
1649 3739 1829 3793 quare
1859 3722 2041 3777 idolo-

390 3804 560 3877 thyta
609 3808 988 3875 comedendo,
1023 3809 1204 3863 debeo
1238 3808 1377 3863 dare
1437 3810 1829 3877 occasionem,
1866 3815 1930 3865 ut
1959 3811 2042 3867 al-

390 3892 577 3949 terius
609 3910 700 3950 me
730 3896 1089 3951 conscientia
1129 3896 1352 3967 judicet
1372 3897 1399 3951 ?
1429 3897 1742 3969 Sequitur:
1778 3900 1842 3954 Et
1869 3901 1922 3954 si
1950 3916 2044 3971 ego

389 3997 517 4036 cum
538 3983 724 4053 gratia
754 3986 1044 4056 participe,
1077 3990 1185 4040 etc.
1211 3986 1279 4040 Et
1310 3989 1399 4041 est
1428 4002 1639 4042 sensus
1667 3988 1763 4042 :Si
1794 4003 1900 4059 ego
1933 3989 2042 4044 sub

389 4069 489 4125 Dei
519 4070 903 4140 invocatione,
937 4072 1342 4129 benedictione
1383 4090 1449 4128 ac
1477 4075 1868 4142 veneratione,
1904 4093 2039 4132 cum

386 4158 708 4230 gratiarum
742 4159 969 4215 actione
991 4159 1150 4216 licita
1171 4162 1448 4233 percipio,
1477 4178 1658 4232 quare
1680 4164 2039 4219 comedendo

387 4243 716 4318 idolothyta
743 4245 874 4302 aliis
896 4249 1075 4304 debeo
1097 4248 1458 4305 occasionem
1483 4250 1735 4321 praebere
1770 4252 2041 4324 blasphe-

387 4333 588 4389 mandi
616 4350 708 4390 me
726 4333 755 4388 ?

456 4439 602 4511 (621)
634 4441 940 4513 Sequitur:
969 4442 1092 4498 Sive
1120 4459 1246 4514 ergo
1274 4444 1646 4511 manducetis,
1680 4448 1795 4501 sive
1830 4446 2037 4515 bibitis,

385 4531 496 4583 etc.
527 4528 631 4584 His
678 4530 872 4586 verbis
921 4531 1356 4589 evidentissima
1400 4532 1690 4589 idolorum
1751 4536 2038 4591 sacrificia

387 4622 648 4671 exsecrat
702 4620 758 4673 et
806 4620 1158 4676 condemnat
1206 4622 1540 4692 Apostolus.
1591 4624 1739 4691 Quid
1771 4625 1926 4680 enim
1962 4626 2032 4680 ad

388 4699 623 4758 laudem
655 4703 756 4760 Dei
779 4683 1326 4780 attinetidolothyta
1345 4683 1686 4767 comedere?
1703 4713 1853 4768 Dum
1887 4712 2043 4768 enim
2077 4683 2122 4747 D

386 4789 761 4847 immolatum
793 4793 967 4850 idolis
989 4797 1333 4867 comeditur,
1358 4800 1564 4870 major,
1597 4800 1863 4872 inquam,
1885 4801 1936 4856 ei
1958 4802 2043 4855 in-

378 4879 542 4951 juria
568 4880 877 4953 irrogatur.
913 4882 973 4938 Si
1001 4900 1134 4939 vero
1167 4885 1225 4939 in
1256 4885 1403 4959 lege,
1435 4888 1576 4955 luci,
1611 4894 1668 4944 et
1699 4906 1809 4945 area
1837 4906 1901 4945 ac
1937 4890 2041 4945 de-

387 4964 559 5023 lubra
587 4969 809 5025 destrui
831 4987 897 5026 ac
928 4972 1249 5027 comminui
1274 4974 1581 5045 jubentur,
1631 4978 1787 5048 quod
1822 4978 1891 5031 ad
1921 4978 2045 5033 lau-

384 5055 517 5112 dem
550 5056 647 5113 Dei
677 5059 1246 5132 pertinet,quomodo
1280 5063 1602 5137 idolothyta
1632 5066 1933 5121 comedere
1964 5067 2037 5121 ad

384 5141 620 5200 laudem
652 5147 904 5202 attinet?
943 5149 1145 5205 Divina
1175 5151 1399 5207 scilicet
1446 5154 1557 5208 sub
1589 5153 1951 5210 invocatione
1981 5159 2039 5210 et

384 5229 787 5290 benedictione
814 5251 950 5290 cum
980 5238 1306 5309 gratiarum
1328 5241 1555 5295 actione
1577 5240 1922 5312 simpliciter
1952 5259 2039 5298 ce-

382 5316 625 5387 lebrare,
659 5325 715 5377 et
745 5322 1166 5395 indigentibus
1218 5327 1547 5383 necessaria
1593 5328 1930 5384 ministrare
1962 5331 2032 5385 ad

380 5402 614 5463 laudem
648 5409 746 5465 Dei
776 5413 1049 5483 pertinet,
1076 5415 1215 5485 quia
1240 5432 1308 5470 ex
1342 5415 1449 5472 hoc
1498 5417 1671 5473 datur
1702 5419 1856 5474 unde
1879 5418 2034 5475 Deus

644 5606 705 5685 ln
739 5610 936 5685 autog.
967 5623 1156 5678 marg.
1304 5610 1521 5685 legitur
1541 5629 1667 5685 cap.
1702 5615 1764 5669 L.

469 5674 615 5755 ﬁt???)
643 5678 706 5755 te
738 5674 1154 5755 sums-mars-
1190 5679 1283 5734 hic
1304 5674 1516 5755 lesitur
1548 5674 1674 5755 δεῖ).
1706 5686 1793 5740 LI.

461 5745 607 5818 (621)
638 5747 822 5807 Hicin
859 5745 1053 5819 autog.
1088 5745 1271 5820 marg.
1306 5745 1516 5823 legitur
1546 5745 1672 5826 cap.
1710 5756 1819 5810 LII.

2153 3440 2293 3511 quia
2325 3440 2396 3495 ab
2428 3457 2495 3496 eo
2521 3442 2778 3512 genitus.

2225 3547 2373 3617 (624)
2404 3547 2717 3618 Sequitur:
2773 3547 2961 3602 Omnis
2992 3550 3084 3603 vir
3131 3564 3317 3615 orans,
3367 3548 3426 3603 id
3458 3552 3568 3616 est,
3611 3542 3785 3620 praedi'

2154 3652 2315 3704 cans,
2346 3644 2446 3689 aut
2471 3636 2894 3707 prophetans,id
2919 3637 3233 3704 est,futura
3254 3637 3602 3708 praedicens,
3636 3633 3782 3689 velato

2155 3726 2353 3795 capite,
2380 3723 2636 3794 deturpat
2666 3730 2830 3795 caput
2859 3725 3190 3796 suum,quia
3218 3726 3552 3797 ignominia
3592 3727 3677 3779 est
3696 3717 3780 3774 illi.

2154 3812 2464 3883 Sequitur:
2504 3813 2596 3868 Vir
2626 3828 2733 3868 non
2766 3813 2921 3868 debet
2968 3817 3154 3869 vetare
3182 3818 3345 3885 caput
3368 3831 3390 3875 ;
3423 3812 3684 3868 videlicet
3709 3803 3781 3862 sui

2154 3901 2363 3971 capitis
2384 3900 2711 3957 libertatem
2728 3902 3318 3973 ostendat.Sequitur:
3337 3903 3611 3970 Quoniam
3630 3902 3783 3965 imago

2152 3997 2205 4044 et
2230 3990 2411 4059 gloria
2440 3991 2540 4044 Dei
2569 3992 2664 4045 est.
2699 3989 2948 4057 Scilicet,
2974 3991 3113 4063 quia
3146 3991 3298 4046 sicut
3335 4007 3493 4045 unus
3527 3994 3674 4043 Deus
3692 3985 3781 4045 est.

2152 4093 2257 4148 per
2282 4093 2457 4149 quem
2489 4083 2548 4132 et
2580 4093 2648 4133 ex
2681 4095 2796 4150 quo
2828 4078 3047 4147 omnia,
3081 4078 3163 4133 sic
3196 4083 3251 4133 et
3282 4077 3414 4150 ipse
3465 4091 3647 4134 unum
3676 4068 3785 4126 fecit

2152 4164 2473 4235 hominem,
2508 4183 2577 4221 ex
2608 4183 2722 4237 quo
2749 4184 2954 4222 omnes
2994 4166 3264 4222 homines
3291 4193 3301 4227 ;
3349 4173 3409 4222 et
3438 4167 3566 4222 ideo
3595 4160 3690 4219 Dei
3716 4158 3786 4211 est

2151 4252 2359 4326 ειοτίει,
2392 4255 2532 4325 quia
2563 4255 2634 4309 ad
2658 4254 2874 4310 diaboli
2908 4256 3096 4310 factus
3123 4261 3210 4311 est
3241 4252 3681 4317 contumeliam,
3700 4240 3782 4317 qui

2152 4359 2213 4398 se
2244 4342 2428 4398 voluit
2461 4342 2703 4410 elevare,
2738 4350 2802 4398 ut
2830 4350 2985 4399 esset
3014 4361 3193 4416 super
3222 4344 3445 4401 omnia.

2221 4450 2540 4521 Sequitur:
2589 4449 2791 4506 Mulier
2845 4451 3031 4519 gloria
3059 4455 3141 4505 est
3188 4452 3336 4511 viri;
3393 4448 3533 4522 quia
3563 4446 3631 4501 de
3675 4442 3779 4511 ipso

2154 4540 2307 4593 facta
2337 4543 2427 4593 est
2454 4557 2466 4605 ;
2502 4540 2652 4610 quod
2688 4544 2745 4594 et
2767 4539 2941 4593 latius
2974 4539 3312 4609 exsequitur
3332 4553 3525 4611 usque
3555 4531 3646 4589 ubi
3677 4528 3775 4583 ait:

2160 4627 2277 4682 Ideo
2303 4632 2626 4698 potestatem
2655 4627 3050 4698 (subauditur,
3071 4626 3407 4697 velaminis)
3426 4626 3572 4681 debet
3600 4617 3778 4674 habere

2152 4726 2380 4786 propter
2409 4717 2660 4786 Angelos,
2712 4716 2766 4769 id
2815 4720 2921 4785 est,
2973 4721 3209 4787 propter
3263 4714 3662 4787 praedicatores
3702 4698 3773 4754 vel

2156 4794 2430 4859 cmlestes'
2450 4804 2712 4877 angelos,
2750 4805 2847 4875 qui
2871 4805 3077 4859 adesse
3096 4820 3211 4859 non
3232 4788 3773 4869 dubitantur,ubidi-

2156 4891 2290 4947 vina
2320 4892 2579 4948 coelestia
2599 4892 2989 4949 celebrantur.
3023 4892 3125 4947 Vel
3158 4898 3312 4948 certe
3341 4891 3599 4948 velamen
3627 4877 3774 4936 debet

2154 4981 2387 5052 habere,
2420 4981 2528 5037 hoc
2559 4993 2673 5052 est,
2705 4988 2939 5053 propter
2968 4982 3221 5053 primam
3271 4972 3771 5060 transgressiones)

2154 5069 2580 5141 subjectionem
2612 5075 2960 5125 monstrare.
2992 5070 3298 5125 Enimvero
3322 5086 3394 5125 ne
3423 5062 3682 5122 mulieres
3702 5065 3772 5149 Ill:

2153 5157 2337 5212 mium
2363 5159 2635 5228 subjectae
2668 5159 3275 5230 viderentur,etsuper
3296 5175 3394 5213 eas
3425 5151 3770 5240 nimiumjllr1

2151 5246 2590 5316 extollerentur,
2612 5247 2741 5302 ideo
2765 5246 3103 5317 subjunxit:
3137 5249 3315 5319 Neque
3333 5248 3421 5303 vir
3438 5246 3553 5298 sine
3565 5232 3772 5291 muliere

2151 5336 2206 5388 in
2238 5335 2471 5391 Domino
2495 5352 2515 5395 ;
2540 5334 2694 5404 quod
2723 5338 2779 5388 et
2810 5333 3187 5404 confirmans,
3216 5333 3379 5403 dicit,
3405 5326 3595 5385 Omnia
3611 5324 3769 5375 autem

2148 5438 2217 5477 ea:
2245 5424 2376 5479 Deo.
2411 5423 2572 5487 Quod
2600 5439 2754 5488 vero,
2805 5422 2947 5477 sicut
2986 5424 3038 5477 et
3067 5423 3154 5477 vir
3194 5438 3296 5492 per
3324 5419 3622 5478 mulierem,
3668 5413 3765 5458 ηοη

2241 5620 2367 5690 622)
2397 5621 2456 5674 In
2490 5622 2685 5688 autog.
2722 5631 2907 5687 marg.
2943 5615 3037 5690 hic
3068 5615 3283 5690 legitur
3307 5630 3433 5685 cap.

2240 5673 2364 5755 6235
2397 5673 2460 5745 In
2494 5673 2690 5760 autog.
2727 5673 2913 5760 marg.
2950 5687 3046 5744 hic
3074 5673 3292 5760 legitur
3312 5673 3439 5757 cap.

2220 5748 2366 5832 ((⁵24)
2396 5762 2500 5817 Hic
2531 5762 2591 5818 in
2622 5748 2817 5832 Eutog.
2853 5748 3038 5831 marg.
3071 5748 3285 5832 legitur
3313 5748 3438 5827 cap.
3469 5748 3567 5807 LX.
