3902 6436
377 368 496 430 379

1396 381 1733 445 ATTONIS
1783 379 2370 451 VERCELLENSIS
2416 386 2767 452 EPISGOPI

3674 398 3783 471 380

376 507 478 563 sed
507 506 659 564 infra
690 525 915 566 caenam
957 513 1203 569 tradidit
1260 519 1325 571 ut
1379 515 1593 589 legitur
1624 534 1636 573 :
1673 514 2107 595 CwnantibusA
2139 518 2828 584 batur,etrel.Sciendum
2852 526 2993 598 quia
3010 530 3326 601 utrumque
3343 526 3662 602 discipulis
3679 537 3781 591 tra-

374 601 563 653 autem
594 600 711 655 illis
743 601 952 670 (Matth.
984 620 1142 671 xxvr,
1199 607 1311 679 26).
1366 612 1499 674 etc.,
1533 608 1588 663 id
1624 614 1731 680 est,
1764 617 2024 665 comesto

374 689 622 759 agno.Et
642 689 788 746 bene
814 692 1217 766 quidem,quia
1241 713 1604 768 consequens
1628 703 1752 754 erat
1774 704 1836 754 ut
1857 705 2023 755 vetus

375 776 600 833 Pascha
629 779 919 848 ﬁniretur,
970 784 1246 857 deinceps
1295 787 1367 841 ad
1401 803 1614 842 novum
1646 789 2019 846 transiretur.

366 865 488 922 Nec
522 869 699 925 etiam
727 872 799 926 ob
830 872 938 928 hoc
968 875 1416 945 reprehenditur
1458 877 1735 948 Ecclesia,
1771 880 1908 951 quia
1929 882 2019 952 je-

299 967 305 973 '
368 954 517 1024 juna
542 959 787 1030 percipit
817 985 830 1025 ;
862 961 1011 1029 ideo,
1069 962 1207 1034 quia
1237 981 1473 1021 necesse
1521 970 1611 1021 est
1668 973 1733 1023 ut
1764 969 2020 1040 primum

372 1044 572 1101 anima
602 1047 850 1118 spiritali
898 1049 1026 1105 cibo
1076 1051 1365 1123 signetur,
1416 1057 1760 1125 potmodum
1809 1075 2021 1129 corpus

370 1134 667 1189 communi
698 1140 1353 1197 sustentetur.Fertetur
1378 1144 1532 1199 enim
1559 1146 1711 1217 quod
1739 1146 1857 1200 haec
1881 1163 2020 1200 con-

368 1222 616 1277 suetudo
645 1226 800 1295 apud
832 1227 1141 1299 {Egyptum
1180 1236 1461 1287 servetur.
1498 1233 1599 1289 Die
1629 1235 2019 1291 Sabbatorum

366 1313 698 1383 congregati
733 1315 804 1369 ad
838 1319 1744 1394 vesperum,aliiesurientes,alii
1780 1325 1925 1379 ebrii
1947 1326 2017 1380 ad

364 1399 805 1471 percipiendum
841 1421 1056 1477 corpus
1087 1410 1385 1464 accedant.
1411 1411 1599 1466 Etiam
1621 1412 1889 1468 nonnulli
1916 1432 2018 1486 pro

366 1486 583 1544 babilis
602 1489 732 1545 vitae
762 1491 868 1547 viri
899 1495 1345 1553 tradideruntut
1367 1500 1548 1555 semel
1580 1501 1637 1555 in
1671 1502 1909 1569 anno,id
1932 1508 2019 1560 est

363 1591 605 1647 vespere
638 1579 969 1637 festivitatis
1003 1586 1338 1655 Paschae,ob
1360 1589 1662 1645 certiorem
1696 1592 2017 1648 veneratio-

365 1681 763 1732 nem,omnem
789 1671 1045 1742 primum
1073 1674 1269 1730 cibum
1304 1681 1837 1747 sumerent,deinde
1862 1698 2018 1754 mys-

364 1753 578 1810 terium
611 1754 868 1828 corporis
892 1764 949 1815 et
978 1764 1544 1835 sanguinis,tantum
1570 1771 1778 1822 utante
1802 1753 2016 1826 nonam

353 1839 654 1949 jpjunium
671 1846 1528 1949 nonaqlverentEt-notandum
1546 1856 1684 1926 quia
1699 1860 2017 1928 utrumque
2048 1885 2094 1949 Β

365 1930 648 1988 Dominus
679 1934 924 1991 tradidit
952 1937 1284 2011 discipulis,
1310 1958 1522 2015 corpus
1554 1948 1609 1999 et
1639 1947 2010 2018 sanguinem,

365 2020 644 2090 quoniam
677 2027 993 2097 utrumque
1025 2032 1302 2100 suscepit,
1335 2036 1392 2087 et
1421 2032 1679 2089 animam
1712 2039 1769 2090 et
1800 2052 2011 2108 corpus

364 2112 421 2163 et
452 2112 770 2183 utrumque
800 2114 1045 2171 salvavit
1078 2135 1091 2184 ;
1118 2136 1253 2174 nam
1280 2121 1431 2175 sicut
1445 2138 1548 2192 per
1566 2140 1775 2194 panem
1799 2141 2013 2197 corpus

359 2196 444 2253 ita
456 2201 919 2272 persanguinem
942 2204 1138 2261 anima
1155 2207 1523 2281 signatur.Et
1545 2211 1849 2268 sciendum
1876 2196 2014 2285 quia

360 2285 471 2343 hoc
502 2294 936 2348 sacramentum
969 2294 1249 2351 ultimum
1281 2298 1525 2354 tradidit
1561 2318 1574 2368 ;
1606 2318 1741 2356 nam
1776 2303 2011 2368 tradito,

360 2375 559 2431 statim
591 2378 736 2434 abiit
764 2381 835 2435 ad
868 2380 1059 2438 locum
1120 2386 1220 2441 ubi
1277 2391 1402 2442 erat
1458 2389 1780 2446 tradendus
1815 2406 1828 2447 :
1861 2396 1917 2445 et.
1946 2408 2011 2447 eo

355 2463 530 2519 modo
561 2468 1054 2536 quemadmodum
1087 2472 1137 2527 si
1170 2475 1303 2545 quis
1339 2491 1478 2549 erga
1536 2477 1713 2533 ﬁnem
1744 2478 1871 2534 vitae
1905 2478 2010 2534 ali-

360 2553 517 2623 quod
550 2552 829 2610 dilectum
864 2574 1079 2615 munus
1110 2561 1389 2630 alicui,ad
1414 2566 1875 2622 recordationem
1898 2567 2010 2635 sui,

358 2640 536 2696 donet
553 2642 881 2700 amico.Sed
906 2649 1174 2720 nunquid
1189 2650 1315 2722 ipse
1333 2653 1694 2725 prospiciens
1713 2672 1826 2710 non
1853 2672 2013 2711 com-

361 2731 760 2803 pungitur,vel
792 2735 969 2790 etiam
1003 2739 1073 2792 ad
1105 2738 1395 2813 lacrymas
1425 2743 2011 2814 provocatur?Simi-

359 2816 495 2875 liter
523 2824 581 2875 et
611 2837 718 2877 nos
748 2825 1296 2896 sanctiﬁcantes,vel
1329 2831 1715 2904 percipientes
1748 2831 1857 2888 hoc
1888 2850 2012 2905 my-

361 2906 601 2978 terium,
635 2913 947 2984 compungi
975 2914 1060 2970 vel
1094 2917 1164 2971 ad
1199 2916 1487 2990 lacrymas
1519 2922 1816 2992 provocari
1849 2922 2016 2978 debe-

366 2997 599 3052 mus.Et
632 2997 767 3054 binc
790 3005 879 3056 est
906 3004 1059 3073 quod
1083 3008 1355 3062 sacerdos
1377 3008 1525 3064 dans
1557 3008 1640 3064 illi
1666 3012 2011 3082 mysterium

362 3085 461 3157 qui
496 3084 746 3159 ignorat,
775 3089 917 3145 dicit
950 3108 963 3145 :
998 3093 1203 3166 Accipe
1234 3113 1449 3168 corpus
1485 3115 1497 3151 :
1531 3099 1794 3170 proﬁciet
1822 3099 1929 3154 tibi
1952 3099 2009 3153 in

364 3173 541 3229 vitam
572 3180 871 3245 aeternam,
907 3184 971 3236 ut
1000 3181 1097 3237 ille
1143 3184 1387 3241 audiens
1418 3203 1653 3260 corpus,
1688 3188 2009 3255 tremiscat,

362 3266 422 3318 et
450 3278 582 3319 cum
617 3268 937 3324 reverentia
966 3274 1142 3343 atque
1171 3274 1393 3344 pudore
1424 3276 1721 3348 percipiat.
1887 3268 1897 3279 ’

434 3350 546 3407 Sed
566 3353 869 3412 sciendum
894 3358 1033 3430 quia
1053 3376 1165 3415 non
1181 3364 1455 3436 praecepit
1476 3364 1764 3421 Dominus
1777 3366 2011 3437 quando

346 3439 784 3515 perciperetur,
808 3446 1085 3518 quoniam
1117 3449 1167 3503 si
1199 3452 1767 3523 praecepisset,aliter
1790 3454 2013 3526 absque

362 3527 682 3586 offensione
709 3548 840 3589 esse
860 3551 974 3591 non
995 3543 1221 3609 posset;
1246 3540 1347 3596 sed
1370 3546 1564 3597 tamen
1593 3542 1841 3614 qualiter
1862 3560 2011 3614 pra:-

363 3617 537 3688 cepit,
566 3624 623 3673 et
653 3623 935 3693 apostolis
966 3627 1200 3696 quando
1224 3629 1667 3700 percipiendum
1690 3635 1847 3686 esset
1873 3630 2010 3685 reli-

364 3704 511 3774 quit.
546 3705 709 3764 Unde
740 3726 853 3765 non
913 3712 1216 3771 dubitatur
1262 3716 1335 3769 ab
1392 3718 1674 3788 apostolis
1731 3718 2009 3773 tradiium

363 3790 546 3847 fuisse
577 3793 658 3850 ita
688 3797 1151 3870 percipiendum.
1181 3804 1314 3858 Iam
1366 3821 1479 3860 non
1530 3809 1612 3860 est
1668 3808 2013 3862 Dominicam

363 3884 961 3955 caenam‘manducare,
997 3887 1053 3943 id
1086 3894 1175 3945 est
1227 3909 1343 3946 non
1401 3892 1562 3950 illam
1622 3895 2009 3966 Dominicam,

366 3969 467 4023 sed
500 3975 751 4028 vestram
785 3976 1040 4033 sumitis.
1101 3979 1173 4035 Et
1232 3980 1342 4037 hoc
1392 3984 1629 4055 exponit
1658 3985 1960 4041 subdendo
1994 4001 2008 4040 :

366 4055 786 4133 Unusquisque
834 4080 993 4120 suam
1038 4084 1272 4136 caenam,
1334 4075 1444 4125 etc.
1480 4089 1493 4138 ;
1527 4076 1578 4126 et
1599 4074 1744 4129 alius
1791 4074 2012 4145 quidem

363 4151 561 4203 esurit.
595 4151 746 4207 alius
776 4162 959 4209 autem
987 4156 1172 4213 ebrius
1216 4163 1313 4214 est.
1367 4161 1631 4233 Nunquid
1686 4163 1868 4219 domos
1897 4178 2007 4218 non

365 4234 576 4316 habetis
603 4239 760 4296 ?etc.
793 4243 970 4305 Quasi
1001 4244 1221 4302 diceret
1253 4271 1267 4314 ;
1298 4248 1576 4320 Nunquid
1634 4268 1749 4305 non
1780 4251 2007 4308 habetis

366 4324 466 4381 ubi
497 4342 841 4384 communes
872 4330 1032 4388 cibos
1076 4336 1370 4406 percipere
1426 4337 1665 4409 possitis
1693 4339 1721 4393 ?
1750 4339 2007 4395 Habetis.

348 4414 552 4480 .Quare
581 4432 718 4490 ergo
743 4434 968 4475 ccenam
1000 4419 1059 4476 in
1111 4422 1367 4478 Ecclesia
1424 4424 1731 4481 celebratis
1758 4426 1784 4481 ?
1815 4432 1916 4482 aut
1936 4430 2008 4483 ob

362 4501 472 4559 hoc
504 4505 789 4573 facitis,ut
816 4526 916 4565 vos
948 4511 1157 4567 divites
1187 4514 1640 4583 ostendatis,aut
1657 4535 1771 4573 non
1790 4518 2008 4575 haben-

279 4632 292 4650 .
363 4596 452 4647 tes
483 4597 856 4654 confundatis
875 4599 906 4654 ‘l
935 4601 1076 4669 Quid
1104 4602 1285 4657 dicam
1312 4604 1461 4660 vobis
1490 4608 1515 4658 .9
1544 4606 1733 4662 Lauda
1753 4624 1865 4676 vos,
1897 4613 2006 4665 etc.
2040 4623 2088 4685 Β

367 4682 543 4746 Quasi
576 4684 794 4740 diceret
824 4702 837 4740 :
873 4688 1031 4744 Talis
1062 4692 1213 4746 actio
1247 4709 1359 4748 non
1393 4694 1706 4752 laudabilis
1737 4697 2006 4765 habetur,

369 4771 427 4827 id
460 4778 568 4840 est,
600 4790 714 4828 non
745 4775 887 4830 estis
919 4776 1080 4849 digni
1110 4777 1304 4847 laude,
1328 4798 1394 4839 eo
1426 4784 1579 4854 quod
1610 4784 1671 4840 in
1694 4786 2008 4844 Ecclesium

364 4862 707 4920 convenitis.

436 4954 584 5027 (v.27)
612 4957 720 5027 Ego
749 4958 898 5011 enim
925 4959 1113 5028 accepi
1152 4975 1186 5013 a
1216 4961 1474 5025 Domino,
1529 4964 1637 5017 etc.
1688 4964 1737 5018 A
1765 4963 2010 5022 Domino

362 5041 475 5098 iste
505 5045 747 5116 accepit,
780 5063 895 5101 non
929 5063 963 5100 a
991 5046 1222 5103 Christo
1253 5047 1491 5104 homine
1530 5050 1723 5109 adhuc
1755 5056 2007 5122 mortali,

364 5134 431 5185 ut
460 5127 668 5200 caeteri,
701 5133 859 5188 sicut
884 5134 1010 5205 ipse
1066 5136 1206 5190 dicit
1240 5152 1251 5189 :
1284 5141 1403 5193 Non
1436 5138 1506 5193 ab
1564 5138 1785 5196 homine
1828 5146 2013 5213 accepi

366 5219 529 5274 illud.
563 5221 645 5274 vel
673 5222 856 5276 didici
885 5222 1024 5293 (Gal.
1058 5242 1097 5293 1,
1133 5226 1204 5293 1),
1239 5230 1349 5282 etc.
1380 5227 1487 5281 Sed
1546 5226 1673 5283 ideo
1705 5246 1738 5282 a
1782 5231 2010 5289 Domino

367 5306 528 5373 dicit,
560 5312 626 5362 ut
654 5308 872 5363 arctius
903 5310 959 5364 in
993 5329 1191 5367 eorum
1218 5315 1493 5372 cordibus
1516 5316 1834 5375 inculcaret
1857 5323 2008 5392 quod

366 5394 596 5451 dicebat
628 5411 641 5450 :
676 5398 945 5465 Quoniam
977 5399 1234 5458 Dominus
1262 5404 1412 5458 Iesus
1433 5406 1493 5461 in
1520 5423 1628 5478 qua
1656 5412 1809 5464 nocte
1829 5410 2008 5466 trade-

435 5628 587 5751 (627)
628 5628 693 5682 In
722 5632 921 5698 autog.
950 5643 1133 5701 marg.
1165 5630 1260 5712 hic
1295 5632 1504 5717 legitur
1529 5652 1653 5709 cap.
1691 5638 1858 5695 LVII.

459 5700 589 5751 628)
621 5699 681 5751 ln
714 5702 914 5751 autoz.
948 5714 1132 5751 mare.
1168 5702 1262 5751 hin
1292 5701 1507 5751 lemtnr
1531 5725 1651 5751 ηηη
1691 5710 1858 5751 LVIII

459 5700 589 5769 6‘28)
621 5699 681 5755 ln
714 5702 914 5769 autog.
948 5699 1132 5772 marg.
1168 5702 1262 5757 hic
1292 5699 1507 5775 legitur
1531 5699 1655 5779 cap.
1691 5710 1885 5765 LVIII.

440 5754 454 5774 ἱ

2134 609 2303 675 didit,
2426 616 2513 691 est
2544 629 2763 691 panem,
2786 616 3094 691 etvinum,
3117 618 3402 691 quoniam
3467 626 3780 691 utrumque

2133 680 2411 752 suscepit,
2444 688 2497 737 et
2532 680 2772 739 salvavit
2802 686 2858 739 id
2892 692 2998 755 est,
3034 680 3290 743 animam
3323 694 3379 744 et
3410 707 3647 762 corpus.
3682 680 3780 749 Per

2132 786 2342 841 panem
2363 788 2705 845 corpus,per
2725 775 2926 830 vinum
2952 777 3151 832 anima
3180 778 3777 849 designatur.Novum

2132 860 2275 914 dicit
2304 861 2565 928 calicem,
2600 864 2669 917 ad
2706 863 3143 920 distinctionem
3175 868 3408 923 veteris.
3432 869 3657 924 Mortem
3686 871 3778 926 Do-

2131 949 2277 1002 mini
2306 951 2740 1021 annuntiabitis,
2777 952 2923 1018 Quid
2956 958 3044 1009 est
3072 953 3229 1009 enim
3270 962 3518 1011 mortem
3553 957 3775 1014 Domini

2132 1039 2502 1105 annuntiare,
2540 1040 2649 1095 nisi
2685 1042 2755 1095 ad
2790 1045 3135 1098 memoriam
3193 1061 3483 1113 revocare,
3537 1048 3692 1118 quod
3720 1049 3777 1103 ﬁt

2131 1132 2232 1181 aut
2262 1144 2395 1182 cum
2420 1145 2851 1201 consecramus,
2887 1137 3140 1187 autcum
3176 1134 3538 1205 percipimus
3570 1153 3774 1208 corpus

2131 1214 2319 1287 ipsius
2350 1216 2377 1270 ‘?
2406 1219 2583 1273 Donec
2614 1221 2973 1287 veniat,bene
3004 1222 3144 1276 dicit
3175 1222 3314 1294 quia
3348 1230 3664 1296 postquam
3687 1225 3774 1281 ille

2130 1304 2374 1377 venerit,
2410 1307 2529 1361 hinc
2561 1311 2839 1381 mysteria
2868 1328 2983 1366 non
3017 1312 3492 1369 celebrabuntur.

2201 1398 2349 1468 (628)
2375 1400 2558 1469 Itaque
2587 1401 2897 1471 quicunque
2942 1402 3238 1457 manducat
3288 1420 3512 1475 panem,
3550 1407 3658 1459 etc.
3689 1409 3772 1459 In-

2131 1485 2303 1559 digne
2336 1488 2581 1559 percipit
2603 1489 2703 1560 qui
2728 1507 2840 1545 non
2875 1492 3199 1545 secundum
3225 1486 3641 1549 auctoritatem
3673 1498 3773 1548 tra-

2130 1575 2323 1630 dentis
2355 1576 2702 1631 sumitJleus
2726 1578 2841 1631 nrit
2872 1580 3118 1648 corporis
3144 1583 3195 1634 et
3223 1581 3517 1649 sanguinis
3538 1582 3771 1647 Domini;

2129 1663 2266 1733 quia
2294 1662 2383 1717 sui
2418 1669 2614 1719 reatus
2647 1665 3105 1737 inﬁperceptione
3152 1667 3489 1723 accumulat
3520 1686 3769 1740 poenam,

2128 1752 2265 1822 quia
2297 1753 2559 1807 futurum
2584 1753 2665 1807 illi
2688 1754 2983 1824 judicium
3014 1761 3363 1828 reservatur,
3388 1757 3446 1811 in
3482 1774 3599 1829 quo
3622 1756 3769 1813 illius

2128 1841 2357 1896 occulta
2386 1842 2945 1909 manifestabuntur,
2977 1848 3034 1899 et
3064 1845 3111 1898 si
3161 1845 3334 1917 digne
3390 1844 3482 1901 vel
3542 1844 3767 1919 indigne

2128 1930 2404 2002 percepit.
2438 1932 2632 1987 Probet
2661 1934 2868 2000 autem,
2901 1936 3011 1987 etc.
3047 1934 3107 1988 Id
3138 1938 3249 2003 est,
3278 1934 3615 2007 investiget,
3650 1951 3765 2007 per-

2128 2020 2345 2091 quirat,
2377 2019 2425 2074 si
2454 2020 2668 2093 dignus
2700 2026 2788 2076 est
2819 2022 3137 2094 percipere,
3169 2028 3226 2078 et
3270 2028 3413 2079 tunc
3473 2023 3763 2096 percipiat,

2126 2109 2271 2163 Nam
2307 2109 2414 2164 hoc
2445 2109 2789 2183 mysterium
2823 2110 2936 2166 tale
2967 2109 3075 2183 est,
3109 2116 3174 2166 ut
3199 2112 3374 2186 digne
3408 2113 3767 2184 percipienti-

2128 2199 2238 2254 bus
2270 2198 2791 2272 salutem,indigne
2822 2216 2956 2255 vero
2987 2217 3217 2273 poenam
3252 2200 3763 2272 ministret,quem-

2127 2288 2445 2343 admodum
2477 2288 2875 2344 Judaz.Judas
2923 2290 3078 2345 enim
3125 2294 3440 2361 postquam
3500 2289 3760 2362 percepit,

2127 2378 2376 2433 Satanas
2409 2377 2672 2433 introivit
2705 2378 2761 2433 in
2791 2377 2959 2434 illum
2995 2380 3145 2450 (Luc.
3175 2396 3311 2445 xxu,
3342 2378 3376 2432 3
3411 2397 3424 2446 ;
3458 2380 3623 2435 Joan.
3654 2395 3759 2443 χιιι,

2120 2466 2315 2538 27).Et
2344 2466 2394 2522 si
2423 2465 2521 2522 ille
2553 2466 2654 2538 qui
2674 2466 2915 2540 indigne
2946 2467 3195 2540 suscipit
3225 2468 3296 2523 ad
3330 2467 3758 2523 damnationem

2123 2556 2390 2626 suscipit,
2424 2556 2609 2611 multo
2637 2556 2826 2628 magis
2857 2555 3157 2627 indignus,
3192 2555 3249 2609 id
3280 2559 3388 2623 est,
3446 2555 3549 2626 qui
3580 2552 3759 2625 aliqua

2121 2643 2503 2699 immunditia
2534 2643 2837 2716 polluitur,
2876 2646 2995 2699 Non
3043 2643 3355 2700 discernens
3406 2644 3560 2717 (629)
3586 2658 3758 2716 corpus

2124 2735 2182 2789 id
2216 2738 2323 2800 est,
2356 2733 2554 2789 cibum
2586 2751 2620 2789 a
2648 2733 2891 2800 cibo,vel
2914 2732 3284 2789 solummodo
3315 2750 3538 2805 purum
3568 2747 3758 2806 panem

2123 2838 2251 2879 esse
2284 2826 2472 2894 putat.

2192 2910 2314 2966 Ideo
2344 2912 2489 2965 inter
2517 2925 2606 2964 vos
2637 2910 2800 2964 multi
2830 2911 3062 2980 inﬁrmi,
3095 2914 3206 2965 etc.
3242 2910 3326 2976 Et,
3362 2910 3511 2981 quia
3559 2910 3760 2965 dixerat

2124 3000 2418 3071 superius.
2455 3001 2779 3071 Quicunque
2809 3000 3128 3069 manducat,
3162 3002 3296 3069 etc.,
3357 3002 3422 3053 ut
3458 2999 3668 3054 certior
3695 2994 3757 3050 il-

2120 3087 2237 3143 lius
2270 3088 2525 3142 narratio
2557 3089 2919 3154 redderetur,
2968 3086 3276 3158 subjunxit
3308 3104 3320 3143 :
3352 3087 3479 3143 Ideo
3510 3088 3756 3153 interra:

2121 3177 2699 3244 mutti,etc.lnﬁrmos
2722 3177 2879 3247 dicit,
2908 3177 3047 3248 quia
3076 3177 3175 3233 alii
3208 3175 3366 3232 febre
3396 3178 3755 3239 vexabantur,

2041 3254 2084 3321 C
2124 3264 2220 3321 alii
2255 3264 2717 3321 debilitabantur
2746 3265 2841 3321 alii
2863 3269 3047 3321 morte
3061 3265 3322 3337 corporis
3345 3264 3754 3337 plectebantur.

2122 3354 2234 3410 Sed
2267 3371 2446 3427 quare
2478 3355 2586 3410 hoc
2618 3355 2688 3409 ad
2723 3355 3068 3410 memoriam
3099 3353 3355 3409 revocat?
3390 3353 3460 3410 Ut
3489 3352 3600 3425 ipsi
3631 3349 3754 3407 alio-

2122 3460 2253 3498 rum
2286 3444 2515 3517 ﬂagella
2546 3444 2850 3499 audientes
2882 3443 3404 3516 corrigerentur,ut
3432 3441 3580 3499 illud
3615 3440 3757 3495 :Pes-

2120 3535 2307 3589 tilente
2333 3535 2631 3605 ﬂagellato,
2651 3536 2887 3589 astutior
2913 3533 3167 3588 redditur
3193 3533 3410 3604 sapiens
3440 3537 3624 3595 (Prov.
3653 3544 3753 3590 xxx,

2120 3624 2211 3695 25)
2241 3647 2254 3690 ;
2286 3628 2342 3677 et
2375 3641 2387 3677 :
2420 3612 2725 3679 Laetabitur
2744 3624 2949 3694 justus,
2979 3639 3103 3677 cum
3159 3620 3362 3677 viderit
3393 3620 3575 3693 (Psal.
3636 3632 3752 3682 LVII,

2122 3712 2231 3783 11),
2265 3716 2373 3766 etc.
3432 3796 3442 3800 _
3738 3788 3749 3800 .

2194 3800 2349 3869 Quod
2373 3801 2425 3855 si
2441 3802 2816 3872 nosmetipsos,
2846 3805 2953 3856 etc.
2989 3801 3059 3855 Et
3115 3800 3282 3869 bene,
3345 3796 3485 3869 quia
3544 3794 3639 3850 ille
3667 3794 3752 3861 qui

2122 3906 2261 3945 suas
2291 3890 2548 3945 actiones
2564 3890 2750 3945 malas
2765 3889 3133 3963 agnoscendo
3157 3882 3751 3960 corrigitetemendat,

2121 3996 2155 4034 a
2185 3979 2299 4035 Deo
2333 3996 2447 4034 non
2471 3978 2793 4050 judicatur.
2859 3982 3009 4033 Dum
3049 3977 3364 4047 judicamus
3421 3984 3623 4038 autem,
3651 3974 3748 4026 etc.

2122 4068 2244 4125 Sive
2274 4086 2309 4123 a
2339 4070 2565 4123 Domino
2585 4068 2934 4139 judicamur,
2961 4069 3127 4122 sivea
3155 4066 3384 4122 Domino
3414 4060 3749 4155 corripimus;

2121 4157 2434 4212 dicendum
2467 4162 2557 4213 est
2587 4158 2725 4228 quia
2757 4156 2852 4211 ille
2892 4156 3063 4227 cujus
3112 4157 3243 4210 acta
3284 4151 3669 4226 ﬂagellantur,
3696 4151 3749 4201 in

2122 4251 2411 4317 crepatur,
2444 4249 2509 4300 ut
2538 4247 2901 4301 emendetur.
2951 4246 3012 4302 Ut
3066 4261 3178 4300 non
3235 4244 3515 4332 cumphoc
3567 4232 3751 4332 mundo

2118 4336 2469 4403 damnemur,
2507 4335 2561 4390 id
2615 4340 2724 4404 est,
2777 4351 2911 4390 cum
2964 4331 3303 4389 inﬁdelibus
3350 4330 3469 4388 sive
3503 4330 3746 4401 paganis.

2120 4425 2284 4480 Unde
2314 4424 2455 4479 dicit
2483 4423 2759 4495 Origenes
2792 4439 2806 4479 :
2840 4422 2947 4490 Qui
2979 4422 3218 4494 indigne
3245 4419 3333 4476 vel
3394 4414 3749 4491 impudenlﬁr

2118 4512 2387 4586 percipit,
2421 4513 2491 4567 ab
2526 4511 2746 4567 inﬁdeli
2777 4511 2864 4567 vel
2897 4526 3125 4583 pagano
3155 4509 3240 4566 nil
3269 4508 3466 4567 distat.

2193 4602 2340 4672 (630)
2379 4604 2567 4672 Itaque
2607 4603 2841 4671 /ratres;
2891 4602 3020 4665 mei,
3080 4604 3188 4656 etc.
3249 4598 3443 4654 Finita
3497 4596 3746 4660 increpa-

2120 4689 2485 4756 tione,donat
2511 4689 2594 4744 eis
2613 4688 2922 4745 consilium
2947 4688 3087 4759 quid
3115 4687 3193 4743 sit
3212 4681 3745 4760 agendum,dicens;

2118 4780 2323 4851 Itaque,
2356 4781 2556 4847 fratres
2582 4779 2691 4833 mei
2720 4781 2808 4832 etc
2843 4798 2879 4848 .;
2915 4777 2970 4832 id
3005 4782 3114 4847 est,
3146 4776 3360 4833 oblatio
3408 4778 3598 4832 vestra
3648 4764 3746 4863 sub

2121 4867 2298 4923 unius
2326 4867 2427 4923 Dei
2454 4866 2820 4922 invocatione
2850 4866 3269 4936 sanctificatur,
3303 4870 3360 4921 et
3389 4880 3502 4921 non
3530 4867 3746 4952 propria

2121 4957 2407 5013 habeatur
2460 4956 2559 5012 sed
2594 4956 2925 5011 communis
2974 4956 3305 5028 deputetur.
3331 4956 3393 5011 Si
3419 4954 3540 5026 quis
3569 4943 3744 5005 esurit.

2120 5047 2269 5103 domi
2295 5046 2604 5116 manducet,
2639 5045 2694 5099 id
2730 5050 2840 5112 est,
2873 5045 2922 5100 si
2956 5046 3090 5118 quis
3122 5043 3437 5116 impatiens
3466 5043 3571 5108 est,
3601 5046 3742 5128 cout-

2123 5155 2331 5193 munes
2362 5136 2522 5191 cibos
2551 5136 2610 5191 in
2644 5136 2815 5192 domo
2847 5136 3145 5209 percipiat,
3161 5139 3218 5192 et
3246 5152 3364 5190 non
3395 5147 3527 5189 cum
3543 5125 3743 5218 sancti.-

2120 5227 2310 5283 ﬁcatis
2333 5226 2549 5298 jungat
2579 5243 2805 5281 caenam
2837 5208 2895 5281 in
2928 5225 3171 5281 ecclesia
3204 5243 3217 5282 :
3255 5227 3316 5282 Ut
3343 5239 3454 5280 non
3509 5221 3564 5275 in
3610 5208 3746 5308 judi-

2119 5318 2268 5372 cium
2299 5316 2660 5383 conveniatis,
2691 5314 2750 5369 id
2804 5320 2913 5384 est,
2976 5318 3041 5370 ut
3098 5314 3198 5371 ubi
3256 5312 3478 5387 putatis
3504 5308 3744 5365 invenire

2119 5407 2468 5477 profectum,
2499 5404 2813 5462 inveniatis
2839 5404 3150 5461 defectum.

2189 5636 2335 5708 (6'29)
2366 5635 2539 5709 Vulg.
2573 5635 2935 5709 dijudicansa
2968 5707 2978 5709 _
3051 5706 3063 5709 _
3147 5705 3158 5709 _
3452 5701 3477 5709 _
3504 5697 3562 5709 η,

2192 5698 2342 5781 (630)
2373 5711 2441 5766 In
2472 5698 2668 5782 autog.
2702 5724 2890 5782 marg.
2921 5705 3264 5781 hiclegitur
3293 5722 3423 5779 cap.
3452 5698 3585 5759 LIX.
