3902 6410
141 393 241 458 381

707 393 1128 458 EXPOSITIO
1174 399 1251 458 IN
1297 397 1726 459 EPlS'l‘OlAS
1776 399 2031 462 PAULI.
2074 433 2153 445 --
2182 401 2260 462 IN
2308 401 2559 463 EPIST.
2603 402 2625 463 Ι
2671 401 2777 462 AD
2823 399 2997 462 COR.

3444 393 3562 456 382

206 528 434 597 (latera,
467 545 591 583 cum
624 545 838 595 venero,
869 529 1173 600 disponam.
1211 531 1393 587 Multa
1426 532 1582 587 enim
1615 537 1785 588 erant
1811 543 1866 599 Α
1897 533 2055 588 Facit
2083 538 2138 588 et
2168 535 2448 590 adversus
2478 533 2894 605 Arium,quiet
2911 531 3129 604 gradus
3158 529 3218 585 in
3241 528 3557 598 Trinitate,

141 618 204 674 de
233 618 560 673 ministerio
613 617 878 674 Ecclesiae
910 619 1176 688 dicenda,
1209 628 1266 675 et
1315 621 1443 675 ideo
1501 639 1612 675 non
1666 626 1789 676 erat

143 724 494 778 consequens
510 724 610 777 per
631 708 938 778 epistolam
953 725 1051 763 eos
1078 710 1607 765 docere.Generalis
1630 711 1786 765 enim

140 796 386 852 Ecclesia
419 796 584 852 illius
617 802 905 868 praecepta
929 805 1140 853 servat.
1161 800 1228 854 Et
1264 800 1391 855 ideo
1415 800 1704 872 promittit
1727 817 1787 854 se

142 890 460 952 venturum,
487 890 692 957 etquae
727 903 963 941 necesse
986 893 1153 943 erant
1174 889 1504 944 docturum.
1530 891 1676 944 Nam
1700 906 1788 944 ve-

139 975 322 1030 niente
345 973 466 1040 illo,
497 975 623 1030 viva
645 992 781 1030 voce
805 976 1129 1047 disposuit;
1157 978 1309 1032 unde
1344 995 1456 1032 non
1484 978 1788 1033 dubitatur

141 1065 205 1120 ab
229 1063 502 1134 Apostolo
536 1064 973 1122 ecclesiasticus
1003 1067 1144 1122 ordo
1178 1068 1427 1124 traditus
1450 1070 1617 1140 (631).
1654 1071 1787 1124 Erat

141 1169 380 1223 namque
411 1155 780 1209 consuetudo
813 1155 871 1210 in
914 1156 1232 1226 primordio
1265 1157 1556 1222 Ecclesiae,
1591 1163 1652 1212 ut
1685 1158 1782 1229 qui

139 1243 769 1314 credebant,baptizati,
795 1245 969 1299 etiam
994 1244 1194 1300 ﬁdeles
1217 1246 1424 1311 ell‘ecti,
1460 1247 1789 1318 acciperent

139 1332 373 1404 gratiam
409 1331 691 1403 loquendi
724 1332 1536 1405 omnibuslinguis,videlicet
1559 1336 1790 1402 ideo,ut

140 1419 318 1493 magis
347 1420 660 1492 magisque
693 1423 763 1476 ad
797 1422 974 1476 ﬁdem
1007 1424 1387 1479 confluerent.
1412 1425 1520 1480 Sed
1544 1425 1786 1496 quia,si-

141 1515 230 1564 cut
257 1510 348 1564 hic
373 1509 693 1580 Apostolus
743 1511 885 1565 dicit
919 1529 931 1566 :
962 1513 1139 1582 Signa
1165 1530 1270 1583 pro
1300 1513 1640 1583 inﬁdelibus,
1676 1529 1786 1568 non

140 1597 380 1666 ﬁdelibus
410 1601 455 1669 (1
489 1598 611 1654 Cor.
644 1616 755 1667 xxv,
794 1601 1051 1670 22),jam
1078 1600 1322 1658 dilatata
1354 1603 1486 1672 ﬁde,
1513 1603 1784 1673 plurimis

139 1688 305 1743 etiam
332 1688 770 1743 confluentibus
801 1689 872 1742 ad
908 1689 1331 1756 crudelitatem,
1356 1707 1582 1747 cessare
1613 1693 1786 1764 ccepit

137 1774 258 1846 ipsa
305 1777 690 1832 consuetudo.
741 1776 1023 1832 Corinthii
1066 1795 1220 1845 vero,
1253 1795 1386 1834 cum
1430 1779 1555 1850 jam
1590 1787 1787 1837 essent

1901 626 1955 676 et
1987 622 2196 677 Filium
2224 625 2507 679 minorem
2531 627 2720 692 Patre,
2745 627 2800 678 et
2823 621 3108 692 Spiritum
3136 625 3404 674 sanctum
3430 634 3554 674 am-

1899 710 2088 765 bobus
2130 713 2402 767 asseruit.
2439 714 2599 779 Quod
2636 712 2762 767 ideo
2813 710 3158 765 conﬁrmare
3193 707 3552 776 nitebantur,

1899 801 2055 869 quod
2090 817 2322 874 semper
2355 801 2524 856 Pater
2562 803 2619 854 in
2651 800 2840 872 primo
2898 799 3019 854 loco
3051 800 3388 868 poneretur,
3421 811 3555 849 cum

1899 887 1993 943 hic
2027 889 2084 942 in
2119 889 2308 960 primo
2363 891 2616 961 Spiritus
2661 893 2924 956 sanctus,
2957 892 3016 942 et
3043 886 3101 942 in
3155 885 3359 940 ultimo
3390 884 3559 938 Pater

1899 985 2170 1048 ponatur.
2201 979 2305 1034 Per
2337 980 2651 1034 divisiones
2683 979 3029 1050 gratiarum,
3053 972 3554 1030 ministrationum

1902 1070 2075 1138 atque
2110 1069 2538 1139 operationum,
2568 1069 2714 1123 forte
2744 1068 2975 1121 diversa
3005 1065 3059 1119 in
3086 1063 3344 1119 Ecclesia
3374 1061 3558 1117 voluit

1900 1155 2145 1228 intelligi
2191 1157 2402 1226 ofﬁcia,
2437 1174 2688 1229 quorum
2738 1156 3077 1210 varietatem
3111 1152 3386 1220 ostendit,
3419 1167 3552 1206 cum

1902 1262 2032 1300 mox
2053 1246 2268 1317 subjun
2277 1247 2386 1318 git:
2413 1249 2713 1320 Unicuique
2729 1246 2890 1301 datur
2917 1245 3297 1314 manifestatio
3314 1241 3554 1312 Spiritus

1899 1334 1968 1388 ad
2002 1335 2316 1402 utilitatem,
2351 1334 2436 1389 vel
2469 1354 2586 1390 suae
2619 1336 2851 1402 salutis,
2886 1334 2971 1389 vel
3006 1331 3268 1388 Ecclesia:
3299 1330 3551 1386 aediﬁca-

1898 1422 2097 1478 tionis.

1970 1511 2248 1582 Sequitur
2277 1529 2292 1568 :
2329 1513 2440 1567 Alii
2471 1512 2691 1585 quidem
2739 1529 2836 1584 per
2863 1512 3144 1582 Spiritum
3173 1510 3346 1564 datur
3374 1522 3554 1564 sermo

1893 1603 2203 1671 sapientim,
2235 1603 2342 1657 alii
2368 1618 2549 1658 sermo
2571 1603 2836 1658 scientia’.
2865 1598 3178 1655 Dicitenim
3213 1599 3420 1653 beatus
3440 1597 3553 1650 Au-

1895 1690 2173 1760 gustinus
2204 1691 2358 1762 quod
2394 1691 2569 1746 distet
2597 1691 2749 1746 inter
2765 1688 3116 1762 sapientiam
3148 1692 3206 1742 et
3223 1685 3550 1742 scientiam.

1896 1778 2214 1850 Sapientia,
2248 1780 2458 1851 inquit,
2494 1787 2582 1835 est
2613 1781 2944 1836 divinarum
2976 1777 3252 1850 cognitio,
3283 1772 3548 1838 scicntia,

137 1865 448 1932 credentes,
474 1871 674 1936 tamen
708 1866 846 1938 quia
868 1866 1059 1922 adhuc
1082 1873 1249 1922 erant
1279 1874 1569 1924 amatores
1602 1869 1784 1942 philo—
1815 1904 1863 1969 B
1895 1867 2312 1936 humanarum,
2357 1875 2618 1925 attamen
2669 1887 2784 1924 non
2818 1867 3056 1922 illarum
3104 1881 3253 1936 quas
3300 1863 3546 1928 scimus,

135 1953 374 2024 sophicae
396 1955 695 2024 doctrina,
721 1954 831 2011 hoc
855 1956 1075 2010 donum
1100 1957 1293 2028 majus
1316 1958 1592 2013 omnibus
1616 1959 1780 2029 judi-

134 2043 353 2110 cabant,
388 2049 446 2099 et
496 2043 820 2117 plurimum
858 2043 1010 2099 idem
1060 2045 1276 2101 habere
1325 2046 1780 2114 desiderabant;

135 2131 282 2187 unde
311 2138 369 2187 et
397 2132 458 2186 hi
478 2132 578 2204 qui
612 2133 865 2188 habeant
887 2133 1290 2205 despiciebant
1314 2153 1427 2191 non
1466 2136 1780 2203 habentes;

134 2221 210 2277 illi
239 2238 372 2278 vero
404 2221 505 2294 qui
537 2238 654 2276 non
688 2222 980 2277 habebant
1012 2222 1362 2292 dejiciebant
1395 2241 1478 2294 se,
1512 2242 1626 2279 non
1660 2241 1780 2279 cre-

134 2311 334 2366 dentes
362 2310 609 2365 attinere
641 2310 712 2365 ad
758 2326 991 2381 corpus,
1023 2310 1113 2366 vel
1146 2317 1301 2367 certe
1349 2314 1785 2368 aemulabantur

135 2400 236 2456 hos
266 2399 366 2471 qui
401 2415 514 2454 non
546 2399 861 2453 habebant.

203 2489 354 2558 (632)
381 2487 536 2556 (CAP.
569 2487 715 2555 XII.)
747 2488 862 2543 Hoc
911 2505 1121 2560 nempe
1168 2490 1508 2562 aggreditur
1537 2492 1782 2562 Aposto-

136 2582 230 2633 lus
260 2577 683 2649 reprehendere
699 2577 754 2631 in
776 2575 1208 2648 illis,inchoans
1233 2579 1390 2650 loqui
1420 2581 1489 2636 de
1511 2581 1784 2652 spiritua-

135 2666 304 2721 libus.
339 2665 437 2720 Ait
477 2665 631 2721 enim
667 2683 680 2721 :
714 2668 786 2721 De
814 2668 1199 2738 spiritualibns
1248 2671 1372 2724 nolo
1405 2686 1493 2724 vos
1524 2673 1784 2738 ignorare

136 2756 756 2825 (subauditur,donis).
790 2760 868 2810 De
900 2757 1776 2830 quibuslocuturus,praemisit:

133 2845 429 2917 antiquam
481 2860 682 2899 eorum
734 2846 1256 2916 conversationem,
1310 2849 1512 2904 dicens
1547 2867 1559 2904 :
1593 2849 1780 2919 Scitis,

131 2936 252 3006 quia
280 2949 402 2988 cum
433 2937 618 3002 gentes
670 2937 855 2989 essetis
889 2936 1057 3005 (633),
1090 2940 1199 2991 etc.
1251 2936 1350 2993 Ille
1382 2938 1598 3009 quippe
1625 2941 1778 2994 anti-

129 3039 294 3094 quam
325 3023 828 3079 conversationem
860 3023 991 3079 ideo
1013 3041 1112 3080 eos
1145 3027 1445 3082 reminisci
1477 3029 1680 3099 voluit,
1716 3035 1780 3085 ut

125 3113 414 3186 superbire
465 3113 839 3182 desisterent,
872 3119 929 3168 et
957 3113 1017 3168 in
1073 3115 1408 3170 humilitate
1439 3134 1779 3187 permanere

126 3203 416 3258 studerent
444 3202 534 3257 vel
567 3208 722 3258 certe
745 3207 812 3257 ut
841 3203 995 3257 sicut
1026 3203 1190 3275 prius
1212 3205 1283 3259 ad
1317 3205 1642 3277 impulsum
1668 3209 1778 3262 daa-

1895 1956 2033 2027 quid
2067 1959 2188 2011 auri
2223 1958 2434 2029 quidve
2465 1957 2710 2030 argenti,
2746 1962 2888 2029 quot
2917 1956 3091 2011 etiam
3125 1957 3182 2008 et
3212 1950 3417 2023 quales
3447 1949 3546 2004 ha-

1893 2045 2101 2100 bemus
2134 2046 2485 2111 fuados,sed
2516 2046 2615 2102 illa
2636 2051 2721 2102 est
2754 2064 2882 2116 qua:
2905 2043 3176 2100 consistit
3199 2041 3258 2095 in
3293 2041 3547 2111 quatuor
3620 2053 3628 2062 ‘

1892 2133 2231 2200 virtutibus,
2266 2135 2484 2206 quibus
2535 2134 2615 2190 nil
2667 2135 2871 2190 utilius
2923 2134 2981 2187 in
3013 2133 3131 2186 vita
3176 2127 3541 2192 hominibus,

1894 2221 2004 2278 hoc
2035 2227 2142 2292 est,
2178 2241 2293 2296 qua
2324 2229 2379 2278 et
2410 2223 2730 2295 prudentia:
2755 2223 3042 2278 discimus
3074 2217 3455 2283 intellectum,
3489 2222 3546 2270 et

1886 2311 2133 2382 justitize
2165 2313 2554 2383 sanctitatem,
2591 2318 2647 2367 et
2678 2311 3036 2368 fortitudinis
3071 2309 3267 2375 robur,
3301 2323 3366 2362 ac
3397 2309 3545 2361 tem-

1894 2401 2168 2472 perantize
2201 2403 2398 2457 decus.

1967 2485 2283 2561 Sequitur:
2323 2492 2492 2545 Alteri
2521 2492 2671 2561 fides.
2706 2490 2813 2544 Illa
2851 2488 3118 2544 videlicet
3154 2503 3288 2558 qua,
3323 2484 3544 2555 pudore

1894 2578 2141 2649 abjecto,
2166 2578 2343 2634 libere
2373 2579 2713 2634 conﬁteatur
2741 2579 2896 2650 quod
2927 2576 3190 2632 credidit.
3220 2575 3335 2630 Alii
3357 2574 3546 2643 gratia

1890 2669 2192 2722 sanitatum
2218 2686 2230 2723 :
2257 2685 2374 2740 qua
2405 2668 2776 2724 inﬁrmitates
2799 2672 2960 2722 curet
2990 2683 3055 2722 ac
3086 2665 3343 2720 morbos.
3376 2662 3541 2719 Unde

1893 2757 2098 2812 Petrus
2131 2775 2143 2812 :
2176 2759 2378 2825 /Enea,
2412 2766 2573 2812 sanat
2606 2761 2655 2813 te
2688 2759 2969 2812 Dominus.
3000 2757 3115 2812 Alii
3144 2755 3386 2826 operatio
3416 2754 3534 2807 vir-

1892 2849 2071 2900 tutum
2114 2847 2266 2917 (πίει.
2323 2865 2396 2914 1x,
2433 2849 2560 2917 3-1);
2598 2847 2837 2912 scilicet,
2872 2851 2937 2901 ut
2983 2846 3275 2902 daemones
3305 2841 3544 2913 ejiciant

1890 2937 2003 2990 Alii
2028 2937 2360 3007 prophetia,-
2403 2941 2467 2991 ut
2501 2937 2695 2991 futura
2729 2936 3126 3009 pronuntient.
3153 2933 3268 2988 Alii
3295 2931 3546 2987 discretio

1888 3027 2226 3096 spirituum;
2257 3031 2481 3089 ut,cum
2515 3025 2712 3097 aliqua
2737 3024 3019 3088 audit,vel
3051 3019 3542 3094 legit,possitdis-

1891 3129 2126 3168 cernere
2157 3115 2328 3183 cujus
2359 3114 2479 3168 sint
2509 3114 2774 3185 spiritus.
2810 3114 2922 3167 .tlii
2948 3127 3152 3182 genera
3181 3111 3499 3178 linguarum
3518 3125 3539 3169 ;

1890 3207 1954 3256 ut
1983 3202 2230 3256 diversis
2261 3201 2480 3274 linguis
2512 3201 2937 3273 loquatur.Alii
2954 3199 3330 3271 interpretatio
3345 3212 3543 3253 sermo-

129 3307 355 3346 monum
387 3291 462 3346 ad
496 3291 761 3346 diversos
793 3291 1182 3347 trahebantur
1211 3309 1460 3360 errores,
1495 3295 1578 3350 sic
1608 3313 1776 3352 econ-
1808 3267 1850 3334 C
1888 3307 2024 3344 num
2048 3308 2067 3352 ;
2103 3296 2164 3344 ut
2217 3308 2350 3345 cum
2403 3290 2603 3362 aliqua
2652 3289 2949 3361 leguntur,
2985 3288 3070 3343 νει
3115 3287 3415 3352 dicunt-UP.
3467 3283 3539 3340 ad

128 3380 289 3435 trario
294 3382 419 3451 jam
434 3381 726 3443 conversi,
749 3397 883 3436 cum
904 3381 1188 3436 haberent
1199 3399 1338 3437 evan
1349 3383 1542 3455 gelicte
1557 3385 1774 3440 doctri-

130 3484 204 3523 nae
236 3469 588 3541 magistrum
613 3485 681 3524 ac
703 3469 1020 3535 doctorem,
1038 3475 1422 3541 sequerentur
1441 3471 1604 3527 illum
1629 3491 1774 3544 quo-

127 3573 345 3629 cunque
365 3573 464 3613 eos
487 3558 722 3612 trahere
744 3557 932 3613 vellet.
951 3557 1113 3613 Unde
1131 3560 1188 3613 in
1210 3561 1566 3630 quibusdam
1587 3577 1776 3617 exem-

129 3643 374 3716 plaribus
405 3645 1195 3702 invenitur28imulacrorum
1223 3650 1460 3718 formam
1491 3651 1768 3706 habentes.

127 3733 292 3802 Cujus
321 3735 400 3790 rei
434 3734 694 3806 quisque
723 3733 914 3789 cultor
943 3740 1053 3806 est,
1085 3735 1244 3792 illius
1278 3737 1526 3792 formam
1559 3739 1774 3795 habere

126 3821 338 3878 dicitur.
375 3829 441 3878 Et
491 3823 639 3894 quia
685 3823 782 3878 isti
806 3824 933 3894 jam
987 3825 1250 3880 conversi
1302 3833 1486 3893 erant,
1521 3828 1770 3884 formam

124 3912 395 3984 Evangelii
427 3913 651 3968 habere
681 3913 991 3982 debebant,
1017 3912 1128 3969 hoc
1158 3919 1266 3981 est,
1296 3914 1484 3970 lucem
1517 3933 1769 3990 evange-

122 3995 229 4053 licae
256 4001 540 4056 doctrinae
573 4001 631 4054 in
667 4016 778 4055 sua
806 4002 1250 4056 conversatione
1280 4005 1606 4059 ostendere.

183 4090 449 4160 Sequitur
482 4107 495 4145 :
533 4089 660 4145 Ideo
690 4098 879 4144 notum
910 4090 1062 4144 vobis
1089 4092 1257 4160 facio,
1293 4096 1403 4146 etc.
1440 4092 1506 4146 Et
1536 4098 1624 4148 est
1645 4111 1771 4150 sen-

123 4193 213 4233 sus
243 4195 254 4232 :
287 4179 416 4243 Qui.
443 4179 729 4251 spiritum
761 4179 860 4232 Dei
918 4178 1110 4246 habet,
1147 4179 1292 4234 nihil
1327 4197 1665 4252 perversum
1697 4185 1769 4238 de

123 4264 353 4324 Domino
379 4268 565 4324 sentit
593 4285 607 4333 ;
643 4273 701 4322 et
746 4268 848 4339 qui
880 4273 1034 4322 recte
1065 4267 1282 4340 aliquid
1339 4271 1410 4324 de
1437 4269 1538 4326 illo
1570 4273 1765 4343 sentit,

125 4371 225 4411 non
246 4357 356 4413 nisi
380 4375 484 4430 per
503 4357 759 4430 gratiam
782 4357 1037 4428 Spiritus
1059 4358 1248 4413 sancti
1272 4361 1768 4432 agnoscitSequi-

125 4448 210 4500 tur
239 4463 250 4501 :
284 4449 345 4502 Et
375 4463 544 4503 nemo
573 4451 751 4514 potest
780 4447 986 4517 dicere,
1019 4447 1280 4502 Dominus
1321 4450 1494 4516 Iesus,
1522 4454 1631 4505 etc.
1665 4451 1768 4506 Hic

122 4535 294 4590 oritur
317 4537 569 4607 quaestio
591 4551 772 4606 quare
797 4536 972 4600 dicat,
1001 4539 1172 4590 Nemo
1199 4545 1368 4606 potest
1395 4538 1596 4603 dicere,
1630 4555 1764 4595 cum

1889 3379 2212 3450 profectum
2236 3378 2485 3434 aliorum
2520 3378 2834 3435 salubriter
2853 3379 2913 3434 in
2946 3378 3188 3434 alteram
3221 3373 3539 3448 possitlin-

1859 3507 1866 3512 ς
1888 3483 2068 3538 gnam
2100 3469 2438 3523 transferre.

1961 3556 2239 3627 Sequitur
2272 3574 2284 3610 :
2318 3562 2454 3613 Haec
2490 3565 2674 3611 autem
2702 3559 2891 3611 omnia
2922 3557 3179 3626 operatur
3206 3570 3351 3608 unus
3381 3556 3544 3624 atque

1884 3646 2029 3700 idem
2062 3646 2319 3716 Spiritus,
2339 3653 2446 3700 etc.
2466 3647 2568 3701 His
2599 3645 2789 3701 verbis
2819 3643 3080 3699 ostendit
3102 3643 3386 3697 unitatem
3409 3641 3540 3695 Tri-

1883 3734 2169 3802 nitatis,et
2201 3735 2523 3789 trinitatem
2551 3732 3102 3805 unitatis,quonism
3134 3731 3351 3786 dicitur
3373 3730 3542 3784 Pater

1883 3823 2058 3893 Deus,
2093 3828 2150 3878 et
2184 3823 2362 3879 Filius
2401 3829 2570 3888 Deus,
2604 3828 2662 3878 et
2689 3823 2940 3895 Spiritus
2991 3825 3232 3877 sanctus
3262 3820 3438 3889 Deus,
3471 3835 3537 3874 ac

1883 3912 2133 3982 singulis
2167 3913 2416 3983 quisque
2434 3913 2681 3976 Deus,et
2709 3918 2908 3967 tamen
2930 3916 3049 3967 tres
3078 3926 3235 3966 unus
3261 3911 3534 3975 Deus.Ac,

1883 4016 1986 4071 per
2009 4000 2135 4064 hoc,
2162 4001 2316 4070 quod
2340 4005 2616 4071 cperatur
2638 4001 2825 4063 Pater,
2847 4003 3122 4071 operatur
3141 3997 3322 4053 Filius
3337 4001 3393 4052 et
3413 3997 3539 4068 Spi-

1881 4088 2028 4143 ritus
2051 4095 2318 4156 sanctus;
2351 4105 2489 4160 ergo
2520 4093 2576 4143 et
2606 4088 2785 4143 totius
2815 4087 3119 4142 Trinitatis
3143 4102 3258 4141 una
3290 4090 3378 4140 est
3399 4101 3536 4156 ope-

1882 4177 2066 4244 ratio;
2103 4177 2256 4232 unde
2286 4194 2419 4231 cum
2472 4177 2743 4248 superius
2789 4177 3034 4232 dixisset
3066 4180 3246 4230 Deum
3279 4178 3533 4242 Patrem,

1879 4271 1935 4322 et
1966 4267 2150 4321 Deum
2185 4266 2424 4330 Filium,
2453 4283 2566 4321 non
2587 4271 2784 4321 tamen
2817 4266 3004 4338 piguit
3029 4265 3230 4320 dicere
3248 4263 3534 4336 Spiritum

1878 4361 2148 4412 sanctum
2181 4358 2378 4412 omnia
2402 4356 2678 4412 dividere.
2703 4361 2823 4412 Hac
2852 4355 3027 4412 etiam
3061 4354 3354 4411 sententia
3380 4354 3534 4409 Deus

1879 4445 2248 4516 apertissime
2279 4447 2738 4511 demonstratur,
2774 4461 2908 4499 cum
2949 4443 3148 4499 omnia
3178 4443 3383 4498 dividit
3413 4459 3528 4498 non

1877 4534 1950 4588 ad
1981 4534 2319 4605 imperium,
2349 4535 2449 4589 sed
2480 4533 2794 4587 voluntate.
2821 4532 2984 4587 Unde
3015 4532 3192 4587 etiam
3223 4531 3530 4586 attenden-

123 4621 388 4680 Dominus
420 4625 582 4680 dicat
619 4641 631 4681 :
664 4627 780 4679 Non
829 4626 1010 4680 omnis
1041 4627 1138 4694 qui
1164 4625 1297 4679 dicit
1347 4628 1511 4691 mihi,
1544 4629 1774 4684 Domine
1802 4639 1848 4702 D
1879 4623 2020 4677 dum
2055 4627 2143 4676 est
2173 4638 2352 4692 quare
2404 4621 2505 4692 qui
2541 4622 2738 4676 minus
2787 4621 3013 4692 accipit,
3045 4620 3131 4676 vel
3166 4637 3228 4675 se
3259 4620 3531 4691 dejicere,

124 4712 310 4780 (Matth.
343 4731 443 4783 νη,
473 4716 594 4785 21),
647 4719 756 4769 etc.
787 4713 898 4769 Sed
946 4714 1027 4768 ibi
1063 4715 1257 4768 dicere
1313 4731 1416 4786 pro
1466 4733 1609 4772 sono
1640 4721 1769 4773 tan-

121 4802 254 4867 tum,
285 4803 378 4858 hic
409 4820 517 4875 pro
550 4805 741 4857 facere
768 4801 1122 4873 intelligitur
1147 4803 1425 4873 positum.
1452 4806 1764 4876 Sequitur:

121 4889 410 4948 Diuisione:
439 4894 759 4964 gratiarum
810 4895 960 4961 sunt,
993 4898 1105 4947 etc.
1141 4891 1242 4947 His
1290 4894 1482 4948 verbis
1512 4897 1770 4953 ostendit

117 4978 414 5057 Apostolus
444 4998 565 5037 non
589 4981 877 5052 Spiritum
899 4985 1194 5045 sanctum,
1214 4981 1314 5036 sed
1339 4983 1494 5036 dona
1521 4984 1650 5054 ejus
1674 4986 1766 5039 di-

117 5067 241 5138 vidi,
274 5071 426 5124 verbi
459 5067 674 5142 gratia,
707 5084 813 5124 ceu
840 5068 950 5140 sol,
973 5069 1075 5140 qui
1105 5070 1214 5125 etsi
1249 5086 1353 5140 per
1381 5071 1610 5126 diversa
1641 5072 1767 5128 loca

119 5157 292 5214 radios
321 5175 463 5214 suos
513 5157 818 5223 diﬁ‘nn‘dit,
851 5175 966 5213 non
1015 5163 1215 5214 tamen
1266 5159 1566 5215 dividitur.
1605 5162 1674 5215 Et
1704 5166 1768 5216 ut

118 5243 286 5315 ipsius
313 5249 479 5303 dona
511 5264 633 5302 non
685 5247 1049 5314 hominibus,
1081 5249 1181 5303 sed
1218 5248 1334 5304 Deo
1366 5251 1762 5315 ascribantur,

118 5327 296 5394 gratia
325 5332 635 5383 vocantur.
673 5328 834 5384 Facit
864 5327 957 5383 hic
987 5327 1154 5383 locus
1185 5329 1468 5384 adversus
1500 5331 1761 5386 Macedo-

97 5411 288 5483 ‘nium,
316 5417 419 5488 qui
447 5416 693 5488 negavit
740 5415 1027 5488 Spiritum
1076 5421 1348 5472 sanctum
1378 5433 1510 5474 esse
1552 5418 1760 5477 Deum.

183 5573 502 5646 (631)Nota
550 5575 931 5635 ecclesiastici
980 5575 1205 5633 ordinis
1257 5576 1635 5634 traditionem
1687 5580 1758 5635 ab

124 5648 382 5714 apostolis
410 5647 685 5704 derivari.

186 5717 321 5792 (332)
353 5724 418 5778 In
451 5724 655 5794 autog.
689 5737 876 5794 marg.
909 5720 1004 5778 hic
1035 5720 1249 5795 legitur
1279 5736 1406 5793 cap.
1441 5719 1550 5778 LX.

1880 4712 1966 4767 vel
1997 4711 2161 4767 alteri
2197 4711 2454 4766 invidere
2487 4728 2599 4766 non
2633 4711 2857 4781 debeat,
2881 4711 3048 4782 quasi
3079 4711 3363 4783 majorem
3396 4727 3529 4782 par-

1879 4805 1997 4855 tem
2032 4799 2542 4871 prazoccupaverit,
2578 4816 2710 4854 cum
2745 4799 2873 4871 ipse
2903 4805 3076 4871 prout
3106 4799 3230 4854 vult
3256 4799 3532 4854 omnibus

1878 4889 2118 4944 dividat.
2152 4890 2208 4943 Si
2241 4889 2396 4944 enim
2429 4888 2810 4944 invidendum
2841 4893 3014 4959 esset,
3039 4889 3234 4961 potius
3264 4887 3532 4943 inviden-

1875 4979 2018 5033 dum
2051 4979 2168 5033 Deo
2203 4961 2379 5050 q‘uam
2414 4978 2661 5034 homini.

1951 5068 2095 5134 Quia
2127 5067 2300 5139 coepit
2342 5066 2505 5139 loqui
2551 5067 2622 5122 de
2653 5068 2928 5122 varietate
2960 5067 3317 5140 spiritalium
3349 5068 3531 5124 dono-

1881 5173 2036 5222 rum,
2071 5162 2228 5212 utea
2260 5157 2476 5211 arctius
2508 5157 2967 5222 commendaret,
2991 5157 3298 5227 subjunxit
3326 5158 3532 5214 simili-

1875 5247 2139 5301 tudinem
2173 5246 2436 5317 corporis
2467 5251 2523 5300 et
2555 5246 2976 5302 membrorum.
3012 5245 3108 5300 Ait
3135 5247 3290 5301 enim
3327 5263 3340 5301 :
3374 5247 3531 5304 Sicut

1874 5338 2024 5390 enim
2051 5351 2245 5407 corpus
2273 5352 2450 5388 unum
2479 5339 2574 5405 est,
2606 5338 2654 5390 et
2703 5337 2948 5390 membra
2997 5335 3158 5391 habet
3185 5337 3384 5401 multa,
3418 5341 3526 5392 etc.

1873 5427 1942 5479 Et
1970 5429 2060 5480 est
2089 5440 2300 5479 sensus
2333 5439 2346 5478 ε
2379 5423 2436 5477 Si
2468 5427 2696 5480 tantum
2752 5441 2935 5479 unum
2979 5429 3135 5480 esset
3167 5425 3523 5493 membrum,

1941 5583 2094 5708 (ἓξ)
2120 5581 2184 5637 In
2207 5584 2412 5653 .autog.
2448 5599 2632 5653 marg.
2665 5581 2760 5638 hic
2810 5582 3024 5656 legitur
3052 5583 3343 5640 Dominica
3369 5585 3526 5638 vacat

1941 5670 1962 5708 s
2057 5669 2150 5708 en.
2789 5679 2799 5688 ι

1864 5669 1986 5726 post
2013 5669 2150 5709 Ven.
2789 5679 2799 5688 ι
