3902 6460
420 452 536 514 383

1437 456 1774 519 ATTONIS
1820 457 2407 521 VERCELLENSIS
2453 460 2812 524 EPISCOPI

3759 456 3855 517 384

415 589 540 662 jam
571 605 688 645 non
729 594 884 648 esset
932 608 1164 665 corpus,
1197 592 1307 649 hoc
1354 599 1460 660 est,
1496 611 1630 665 pars
1662 612 1775 650 non
1825 602 1979 652 esset
2010 597 2067 650 in
2098 593 2153 660 Α
2183 594 2305 649 hac
2357 595 2617 650 abundat
2666 595 2982 664 frumento,
3016 595 3118 647 aut
3168 590 3327 658 vino,
3363 588 3478 645 illa
3534 604 3677 645 vero
3728 588 3852 655 oleo,

422 682 581 735 toto:
620 684 679 735 at
708 697 840 736 vero
870 682 1013 753 quia
1043 683 1230 738 multa
1251 687 1391 739 sunt
1422 685 1704 751 membra,
1735 688 1791 741 et
1821 686 2072 755 diversa,

426 782 494 822 ex
527 767 675 839 ipsis
696 769 944 825 diversis
968 772 1415 843 compaginatur
1436 789 1617 828 unum
1645 790 1893 844 corpus;
1919 776 2074 829 unde

426 859 485 911 et
514 857 730 912 dicitur
758 873 989 929 corpus,
1012 860 1099 914 vel
1131 866 1279 914 certe
1301 862 1454 930 quod
1488 867 1827 934 corruptum
1855 868 2070 934 pereat.

427 944 753 1016 Sequitur:
789 951 873 1002 Ita
921 952 972 1003 et
1004 948 1268 1003 Christus.
1303 951 1478 1013 Quasi
1525 951 1771 1006 dixisset
1825 977 1838 1008 :
1894 952 2075 1006 Multa

427 1038 565 1089 sunt
587 1036 849 1090 membra
871 1036 1244 1099 Christi,cum
1272 1040 1767 1109 quibusChristus
1782 1058 1963 1095 unum
1989 1045 2077 1096 est

426 1137 659 1194 corpus.
684 1123 1063 1195 QuaprOpter,
1086 1128 1423 1196 exponendo
1451 1130 1601 1196 quod
1625 1128 1724 1193 ait,
1750 1132 1828 1184 ita
1844 1134 1895 1184 et
1918 1130 2075 1184 Chri-

420 1215 559 1275 stus,
589 1212 932 1284 subjungit:
960 1216 1189 1269 Etenim
1218 1217 1277 1270 in
1306 1234 1415 1271 uno
1446 1220 1651 1287 spiritu
1680 1235 1861 1273 omnes
1888 1236 1983 1272 nos
2017 1221 2079 1273 in

424 1316 596 1353 unum
627 1300 821 1370 corpus
852 1304 1126 1373 baptizati
1153 1322 1360 1360 sumus.
1394 1308 1463 1360 Et
1501 1311 1590 1361 est
1622 1323 1833 1362 sensus
1868 1325 1879 1360 :
1917 1307 2080 1361 Sicut

425 1403 540 1442 uno
562 1388 772 1445 sniritu
796 1393 991 1445 omnia
1020 1392 1384 1449 viviﬁcantur
1400 1396 1658 1465 corporis
1694 1398 1974 1459 membra,
1994 1398 2077 1450 sic

426 1480 699 1532 etomnes
719 1479 815 1549 qui
833 1496 933 1550 per
948 1481 1194 1551 gratiam
1223 1483 1591 1552 baptismatis
1616 1483 1871 1538 renatiin
1895 1501 2076 1539 unum

430 1565 783 1621 conveniunt
822 1584 1053 1639 corpus,
1089 1587 1204 1625 uno
1237 1572 1445 1641 spiritu
1499 1572 1882 1628 vivificantur.
1918 1573 2080 1627 Unde

430 1658 520 1708 est
550 1654 688 1725 quia
720 1655 767 1710 si
800 1655 1033 1727 aliquod
1068 1659 1398 1714 membrum
1431 1662 1689 1732 corporis
1720 1662 2080 1729 abscidatur,

433 1758 548 1796 non
571 1743 697 1813 jam
718 1744 789 1799 ab
812 1745 939 1816 ipso
961 1746 1168 1817 spiritu
1187 1748 1550 1815 viviﬁcatur;
1586 1751 1669 1805 sic
1692 1755 1747 1805 et
1769 1752 1868 1820 qui
1896 1767 1929 1804 a
1950 1766 2080 1804 cor-

433 1846 571 1901 pore
600 1831 871 1887 Ecclesia
902 1834 1246 1905 absciditur,
1282 1854 1393 1892 non
1419 1839 1547 1908 jam
1580 1839 1870 1893 vivificare
1902 1855 2081 1893 mere-

2183 684 2267 739 sic
2299 688 2354 738 et
2384 684 2453 739 de
2484 684 2726 739 cateris.
2784 682 3081 737 Invenitur
3126 680 3539 736 nihilominus
3571 678 3635 733 in
3673 680 3852 733 mundi

2184 772 2509 828 elementis.
2546 773 2708 828 Unde
2744 773 3002 826 mundus
3026 788 3201 839 unus,
3228 770 3346 825 nisi
3371 786 3449 824 ex
3483 768 3747 823 diversis
3766 768 3853 823 ele-

2187 862 2449 916 mentis?
2479 863 2624 916 Nam
2658 862 2706 917 si
2759 877 2990 932 semper
3037 859 3195 914 calor
3224 864 3411 924 esset,
3452 863 3524 912 ut
3558 858 3621 911 in
3651 863 3851 923 astate,

2186 954 2287 1005 aut
2316 967 2543 1021 semper
2577 950 2783 1020 frigus,
2819 954 2882 1003 ut
2914 955 2970 1003 in
3023 947 3232 1013 hieme,
3268 956 3438 1001 terra
3473 946 3712 1000 fructus
3744 963 3852 1016 pro-

2186 1040 2397 1095 ducere
2429 1056 2543 1093 non
2585 1044 2804 1109 posset.
2852 1039 3215 1108 Quapropter
3241 1033 3378 1107 ipsa
3411 1034 3739 1089 diversitas
3769 1033 3856 1089 ele~

2188 1135 2519 1184 mentorum
2541 1128 2861 1199 quamdam
2888 1126 3024 1179 facit
3046 1124 3429 1195 temperiem.
3460 1123 3561 1178 Sic
3584 1128 3641 1177 et
3667 1122 3722 1176 in
3747 1139 3851 1177 me-

2188 1216 2361 1277 tallis,
2393 1218 2533 1270 dum
2568 1214 2891 1284 aurum,vel
2924 1218 3234 1285 argentum
3262 1212 3610 1284 pretiosius
3643 1216 3732 1266 est
3761 1212 3852 1265 fer-

2188 1323 2272 1375 ro,
2307 1306 2522 1359 ferrum
2555 1322 2689 1360 vero
2724 1303 2933 1358 utilius
2965 1308 3053 1357 cst
3080 1302 3403 1357 ambobus.

2261 1413 2555 1483 Sequitur.
2590 1413 2648 1465 Si
2677 1412 2885 1465 dixerit
2931 1411 3085 1464 auris
3114 1427 3131 1463 :
3162 1410 3281 1464 Non
3334 1425 3475 1462 sum
3515 1409 3729 1474 oculus,
3760 1413 3851 1462 etc.

2188 1502 2295 1556 Per
2327 1500 2579 1563 oculum,
2616 1504 2672 1553 et
2718 1516 2958 1553 manum
3012 1496 3298 1552 sublimes
3355 1497 3419 1551 in
3475 1496 3744 1553 Ecclesia
3773 1497 3851 1551 de-

2192 1588 2501 1660 signantur
2529 1606 2541 1655 ;
2577 1604 2677 1659 per
2699 1604 2921 1653 aurem,
2941 1586 3262 1641 mediocres
3290 1604 3303 1653 ;
3344 1602 3457 1657 per
3482 1586 3698 1657 pedem
3720 1602 3849 1647 vero,

2194 1678 2444 1731 minimi.
2494 1676 2561 1731 Hi
2612 1693 2866 1748 quoque,
2911 1675 3051 1746 quia
3101 1691 3343 1745 parvam
3398 1674 3669 1745 gratiam
3718 1690 3849 1728 acce-

2191 1773 2424 1837 perunt,
2457 1783 2572 1821 non
2623 1782 2685 1820 se
2725 1766 2937 1820 debent
2983 1763 3256 1835 dejicere,
3308 1779 3516 1833 neque
3548 1763 3845 1833 deepicere,

2193 1871 2379 1926 neque
2411 1856 2642 1909 credere
2697 1870 2810 1907 non
2844 1852 3088 1907 attinere
3119 1852 3189 1906 ad
3220 1868 3450 1921 corpus
3487 1868 3501 1905 :
3538 1867 3700 1920 nam,
3733 1850 3843 1920 quia

434 1921 563 2024 ξαν-1
582 1919 796 2020 V919“
841 1924 1056 1995 (ἰυῖΡΡθ
1078 1927 1415 2024 ’(ξείθῐξάθΐῖ
1459 1928 2084 2024 υηξῙΘΔΟίιῐηρδὲ-ἶίυθίυτ
2111 1961 2159 2024 Β
2193 1919 2460 1997 membra
2488 1947 2647 2009 sunt,
2684 1943 2754 1996 ad
2790 1958 3002 2012 corpus
3021 1941 3221 2012 utique
3244 1919 3538 1994 attinent.
3566 1919 3841 2009 Sequitur:

436 2007 705 2063 Ecclesia
738 2025 969 2082 corpus,
1002 2013 1340 2083 subjunxit:
1379 2015 1501 2070 Sive
1528 2017 1730 2083 Judaei,
1762 2019 1877 2071 sive
1903 2020 2079 2087 genti-

436 2096 532 2166 les,
566 2101 676 2153 etc.
714 2098 904 2155 Pauca
934 2105 1126 2157 tamen
1160 2103 1304 2157 dixit
1334 2105 1433 2159 sed
1481 2122 1584 2170 per
1613 2105 1734 2160 hac
1766 2123 1952 2177 pauca
1980 2122 2084 2160 vo-

435 2184 544 2240 luit
572 2186 817 2260 intelligi
865 2191 1063 2246 omnia
1091 2209 1214 2260 qua
1246 2194 1316 2248 ad
1350 2195 1822 2265 conjunctionem
1855 2199 1911 2249 et
1941 2212 2082 2249 con-

434 2274 741 2331 nexionem
775 2276 956 2347 hujus
981 2282 1239 2351 corporis
1270 2281 1792 2355 attinent,excepto
1826 2288 2082 2355 peccato.

510 2382 784 2454 Sequitur
815 2401 828 2439 ε
860 2386 925 2439 Et
952 2402 1134 2441 omnes
1165 2404 1272 2441 uno
1302 2390 1506 2459 spiritu
1532 2392 1707 2460 potati
1734 2407 1943 2460 sumus,
1976 2390 2086 2445 hoc

440 2474 531 2525 est
562 2471 867 2541 potionati.
896 2474 1043 2528 Sane
1074 2475 1402 2545 sciendum,
1429 2478 1570 2547 quia
1598 2478 1745 2533 solet
1775 2477 1990 2549 aliquis
2020 2495 2088 2533 ex

438 2574 559 2613 una
589 2558 819 2627 potione
853 2561 1053 2615 multis
1084 2562 1213 2617 aliis
1246 2565 1541 2635 propinari
1578 2583 1590 2621 :
1622 2567 1777 2621 verbi
1809 2567 2016 2637 gratia,
2036 2567 2087 2621 si

438 2645 652 2702 habeat
681 2647 869 2715 multa
914 2649 1168 2718 vascula,
1202 2656 1258 2705 et
1306 2652 1578 2723 imparia,
1610 2670 1741 2708 cum
1794 2656 2087 2726 potionem

438 2735 733 2803 diffundit,
766 2738 1139 2794 vasculorum
1172 2732 1503 2796 considerat
1549 2743 1963 2813 capacitatem;
2004 2744 2087 2798 sic

439 2828 498 2880 et
527 2829 678 2881 Deus
722 2825 976 2897 singulis
1012 2829 1183 2897 juxta
1210 2830 1589 2900 capacitatem
1624 2849 1793 2886 suam
1838 2832 2086 2903 gratiam

440 2913 871 2969 subministrat.
904 2916 1363 2987 Sequitueram
1390 2923 1442 2973 et
1462 2935 1651 2989 corpus
1680 2937 1788 2975 non
1810 2930 1886 2975 est
1915 2936 2089 2975 unum

441 3003 771 3069 membrum,
802 3004 897 3060 sed
923 3006 1203 3061 multa.Et
1232 3011 1320 3061 est
1351 3008 1885 3063 sensus:Si.unum
1909 3024 2088 3063 mem-

435 3090 607 3146 brum
657 3097 834 3161 esset,
875 3094 1001 3166 jam
1068 3111 1182 3149 non
1239 3100 1395 3150 esset
1442 3113 1673 3168 corpus,
1725 3097 1831 3151 hoc
1878 3102 1987 3162 est,
2039 3097 2087 3151 si

437 3180 845 3251 unusquisque
874 3182 1074 3237 omnia
1123 3184 1297 3254 dona,
1327 3201 1647 3256 omnesque
1695 3185 1914 3256 gratias
1946 3184 2089 3240 acci-

439 3272 620 3338 peret,
656 3286 769 3325 non
804 3286 986 3325 unum
1018 3276 1171 3327 esset
1200 3289 1433 3345 corpus,
1467 3274 1567 3328 sed
1603 3274 1808 3329 multa.

511 3374 789 3446 Sequitur
820 3392 833 3431 :
863 3376 922 3431 Si
965 3377 1170 3433 dixerit
1212 3396 1328 3449 pes,
1362 3385 1470 3435 etc.
1504 3380 1654 3435 Dicit
1701 3382 1906 3435 beatus
1938 3397 2088 3451 papa

441 3463 756 3535 Gregorius
787 3466 927 3535 quia
957 3483 1058 3537 per
1103 3468 1441 3523 varietatem
1491 3469 1770 3541 corporis,
1805 3487 1871 3524 ac
1902 3485 2086 3524 mem-

441 3551 705 3620 brorum,
734 3553 987 3610 varietas
1017 3556 1358 3627 designatur
1387 3558 1741 3629 spiritalium
1774 3559 2086 3614 donorum.

440 3640 624 3696 Habet
670 3658 926 3714 namque
958 3643 1212 3700 Ecclesia
1241 3645 1576 3713 nonnullos,
1610 3646 1711 3715 qui
1743 3651 1881 3701 sunt
1912 3646 2087 3711 oculi,

441 3729 641 3785 futura
687 3732 1106 3801 pravidendo:
1160 3738 1299 3787 sunt
1344 3738 1401 3787 et
1449 3750 1639 3801 aures,
1674 3734 2089 3804 magistrorum

445 3822 731 3888 pracepta
780 3818 1085 3874 humiliter
1129 3820 1524 3891 suscipiendo,
1557 3826 1614 3876 et
1651 3838 1841 3885 nares,
1878 3823 2030 3877 bona
2060 3838 2093 3875 a

444 3904 617 3959 malis
669 3905 1073 3973 discernenda,
1109 3913 1165 3963 et
1215 3926 1279 3963 os
1329 3910 1567 3980 quidem
1616 3910 1985 3964 admonendo
2035 3914 2093 3964 et

445 3992 822 4061 exhortando,
839 4000 895 4050 et
920 3996 1289 4065 manus,aliis
1309 3998 1699 4054 ministrando
1725 4016 1737 4063 ;
1765 3999 1939 4069 pedes
1961 4015 2091 4053 vero

444 4088 605 4149 sunt,
643 4099 743 4153 pro
776 4083 965 4139 salute
994 4084 1242 4141 aliorum
1292 4086 1696 4142 discurrendo.
1736 4087 1833 4142 llle
1883 4103 2093 4158 nempe

445 4186 738 4242 supernus
768 4173 1068 4229 ordinatur
1104 4175 1187 4229 sic
1219 4175 1559 4246 qualitatem
1591 4175 1879 4231 ordinavit
1909 4192 2092 4230 mem-

446 4258 709 4326 brorum,
742 4265 807 4315 ut
834 4261 1082 4316 invicem
1129 4262 1240 4317 sibi
1272 4264 1471 4318 omnia
1500 4265 1911 4319 subderentur.
1946 4264 2093 4317 Nam

445 4346 598 4402 oculi
648 4365 759 4403 non
795 4348 906 4405 sibi
955 4349 1145 4405 solum
1194 4351 1408 4418 vident,
1443 4353 1543 4407 sed
1595 4352 1871 4406 omnibus
1919 4368 2098 4407 mem-

445 4436 588 4491 bris.
622 4436 714 4493 Sic
765 4442 821 4493 et
850 4442 1075 4495 catera.
1111 4439 1393 4494 Similiter
1422 4445 1479 4495 et
1522 4439 1863 4511 qualitatem
1896 4440 2093 4511 dispo-

443 4526 565 4579 suit
604 4526 958 4594 animarum,
996 4533 1059 4582 ut
1110 4544 1211 4599 per
1260 4528 1650 4583 humilitatem
1703 4530 1951 4583 invicem
1982 4528 2094 4583 sibi

442 4614 643 4669 omnia
673 4616 937 4671 membra
966 4617 1232 4672 Ecclesia
1252 4618 1850 4673 subderenturzverbi
1883 4616 2117 4688 gratia“

2191 2030 2252 2086 Si
2302 2035 2475 2086 totum
2518 2047 2713 2102 corpus
2756 2031 2965 2093 oculus,
3024 2034 3135 2084 etc.
3194 2029 3259 2082 Et
3314 2032 3413 2083 est
3464 2043 3683 2082 sensus
3736 2045 3747 2081 :
3795 2026 3840 2080 Si

2195 2137 2349 2174 unus
2382 2136 2585 2174 omnes
2617 2120 2837 2191 gratias
2888 2118 3229 2187 accepisset,
3265 2117 3586 2187 quomodo
3618 2115 3842 2170 Ecclesia

2196 2225 2406 2280 corpus
2438 2208 2655 2262 Christi
2687 2208 2892 2263 ﬁeret?
2922 2206 3198 2277 Sequitur
3226 2223 3238 2260 :
3265 2206 3438 2260 Nunc
3473 2209 3667 2262 autem
3692 2204 3839 2274 posuit

2200 2303 2342 2353 Deus
2372 2299 2637 2365 membra,
2671 2302 2781 2351 etc.
2814 2296 2953 2359 Quis
2994 2297 3121 2367 jam
3151 2311 3267 2349 non
3302 2293 3515 2349 videat
3541 2310 3659 2364 quo
3683 2296 3838 2362 Apos-

2195 2386 2296 2441 toli
2330 2387 2575 2441 intentio
2624 2386 2877 2440 tendat?
2907 2383 3187 2439 Videlicet
3219 2400 3252 2437 a
3305 2382 3717 2438 similitudine
3742 2397 3839 2434 cor-

2198 2476 2353 2547 poris
2390 2474 2657 2540 humani,
2683 2473 2898 2528 transit
2926 2474 2998 2527 ad
3021 2472 3539 2526 manil‘estandam
3573 2470 3835 2525 veritatem

2198 2564 2458 2635 corporis
2508 2562 2811 2633 spiritalis,
2848 2562 2905 2617 id
2956 2566 3066 2630 est,
3100 2560 3402 2615 Ecclesia.
3447 2558 3839 2631 Unumquodque

2197 2668 2408 2715 eorum,
2444 2651 2606 2717 dicit,
2642 2653 2786 2705 sicut
2818 2650 3025 2711 voluit;
3058 2649 3198 2720 quia
3228 2649 3569 2721 unicuique
3602 2646 3834 2719 gratiam,

2199 2758 2375 2812 quam
2406 2739 2608 2809 voluit,
2644 2738 2911 2794 contulit.

2271 2845 2548 2916 Sequitur
2579 2863 2592 2900 :
2631 2845 2779 2912 Quod
2808 2846 2859 2899 si
2887 2849 3064 2900 essent
3096 2846 3281 2898 omnia
3325 2861 3515 2901 unum
3542 2843 3831 2903 membrum,

2198 2938 2294 2990 ubi
2322 2937 2562 3004 corpus?
2612 2934 2728 2988 Hoc
2776 2938 2911 2989 est:
2947 2933 3005 2987 Si
3065 2949 3271 2987 omnes
3326 2935 3539 2989 omnia
3585 2934 3730 2988 dona
3755 2929 3833 2983 ha-

2199 3024 2419 3086 berent,
2454 3023 2607 3077 unde
2646 3038 2714 3077 ex
2757 3016 3011 3077 diversis
3062 3020 3350 3077 membris
3402 3037 3597 3078 unum
3650 3031 3829 3088 corpus

2199 3114 2364 3168 ﬁeret
2411 3110 2720 3166 Ecclesia?
2774 3112 2840 3165 Et
2895 3111 3023 3165 ideo
3074 3110 3351 3181 sequitur
3394 3127 3408 3165 :
3473 3112 3631 3165 Nunc
3678 3110 3830 3161 autem

2196 3202 2376 3256 multa
2423 3200 2638 3271 quidem
2686 3200 2956 3269 membra,
3005 3203 3112 3255 etc.
3160 3199 3439 3270 sequitur
3474 3217 3491 3255 :
3532 3201 3649 3255 Non
3694 3199 3830 3267 potest

2198 3290 2381 3344 dicere
2428 3290 2617 3344 oculus
2662 3290 2907 3343 manui:
2941 3293 3125 3359 Opera
3156 3291 3254 3343 tua
3307 3305 3427 3344 non
3478 3290 3702 3356 indigeo
3727 3302 3744 3337 :
3769 3280 3828 3333 vi-

2199 3377 2428 3443 delicet,
2473 3377 2613 3448 quia
2644 3394 2857 3431 manus
2889 3393 3000 3431 non
3033 3376 3145 3432 sibi
3175 3375 3402 3445 solum,
3436 3378 3541 3433 sed
3592 3372 3828 3431 omnibus

2200 3465 2481 3521 membris
2506 3464 2793 3521 laborant.
2820 3466 2915 3520 Sic
2946 3468 3003 3519 et
3033 3465 3210 3535 pedes
3228 3482 3350 3520 non
3386 3465 3501 3520 sibi
3527 3460 3825 3519 ambulant:

2199 3556 2354 3610 unde
2401 3560 2459 3609 et
2508 3570 2639 3608 mox
2691 3554 3005 3625 sequitur:
3041 3554 3144 3607 Aut
3193 3562 3368 3621 caput
3416 3552 3692 3624 pedibus:
3734 3550 3825 3603 Non

2198 3646 2325 3699 estis
2356 3643 2667 3698 necessarii.
2701 3643 2807 3697 Per
2847 3641 3082 3697 oculum
3113 3642 3410 3708 videlicet,
3447 3646 3507 3696 et
3541 3642 3727 3710 caput,
3756 3648 3827 3688 su-

2200 3731 2410 3787 blimes
2461 3732 2519 3785 in
2564 3730 2816 3785 Ecclesia
2845 3732 3268 3802 designantur;
3307 3747 3414 3802 per
3446 3744 3703 3795 manum,
3734 3736 3827 3777 me-

2201 3821 2463 3885 diocres;
2501 3824 2556 3874 et
2607 3836 2709 3890 per
2739 3820 2937 3890 pedes,
2986 3819 3237 3873 minimi.
3272 3820 3387 3874 Sed
3442 3819 3542 3890 qui
3576 3814 3823 3872 sublimes

2201 3914 2359 3977 sunt,
2394 3926 2507 3963 non
2538 3913 2785 3980 possunt
2816 3909 3007 3963 dicere
3040 3908 3464 3971 mediocribus,
3492 3911 3594 3962 aut
3623 3900 3823 3976 parvis:

2202 3998 2327 4052 Non
2359 3998 2500 4051 estis
2548 3996 2718 4051 nobis
2766 3996 3114 4062 necessarii;
3150 3996 3315 4066 quia,
3351 3995 3466 4050 nisi
3516 3992 3707 4049 adsint
3732 3982 3828 4045 isti,

2204 4084 2304 4156 qui
2323 4085 2601 4149 serviant,
2617 4101 2817 4139 eorum
2842 4083 3361 4155 deciditdignitas:
3382 4083 3633 4138 istorum
3650 4086 3826 4141 nempe

2203 4173 2476 4227 exercitio
2505 4172 2589 4226 illi
2655 4173 3056 4242 sublevantur,
3089 4176 3147 4226 et
3177 4171 3467 4243 obsequio
3498 4188 3511 4225 :
3545 4164 3696 4223 verbi
3723 4175 3829 4232 gra-

2202 4261 2307 4326 tia,
2362 4261 2538 4315 habet
2586 4277 2685 4314 rex
2743 4277 2977 4331 corpus,
3043 4261 3221 4315 duces
3280 4259 3574 4325 videlicet,
3608 4249 3829 4323 comites

2206 4353 2380 4413 atque
2410 4349 2678 4404 tribunos
2706 4366 2718 4404 :
2752 4349 2907 4403 inter
2937 4348 3058 4403 hac
3083 4348 3358 4403 membra
3380 4347 3558 4401 habet
3578 4346 3634 4399 et
3662 4336 3827 4411 pedes.

2205 4438 2462 4505 milites;
2497 4438 2597 4492 sed
2632 4454 2745 4492 non
2780 4442 2971 4508 potest
3002 4436 3230 4491 dicere:
3260 4437 3387 4493 Non
3421 4434 3565 4490 estis
3587 4426 3719 4485 mihi
3745 4436 3828 4475 ne-

2206 4527 2464 4597 cessarii,
2518 4544 2650 4581 cum
2701 4528 2890 4597 magis
2935 4526 3026 4580 his
3074 4525 3359 4595 indigeat,
3389 4522 3550 4577 velut
3594 4513 3825 4590 pedibUS.

2208 4616 2307 4688 qui
2365 4633 2479 4686 pra
2530 4616 2660 4669 aliis
2713 4616 2994 4670 membris
3045 4615 3480 4669 necessariores
3529 4610 3678 4668 sunt,
3708 4613 3827 4671 ί]υο-

444 4699 541 4756 ille
589 4702 947 4773 quicunque,
996 4705 1137 4759 dum
1193 4707 1378 4760 cernit
1436 4713 1489 4761 te
1546 4708 1759 4761 habere
1816 4686 2089 4776 gratiam,
2124 4686 2170 4748 Π
2205 4686 2388 4770 niam,
2421 4704 2469 4758 si
2506 4720 2608 4758 nec
2658 4703 2877 4773 oculos,
2911 4718 3018 4758 nec
3065 4718 3259 4772 aures,
3294 4708 3400 4757 aut
3428 4713 3596 4755 nares
3626 4689 3823 4776 hama}

443 4805 621 4861 quam
650 4789 777 4861 ipse
829 4807 942 4845 non
989 4792 1180 4857 habet,
1232 4795 1506 4849 subditur
1553 4796 1684 4864 tibi,
1736 4794 2007 4851 similiter
2037 4799 2095 4848 et

442 4884 506 4933 tu
538 4878 642 4934 illi.
679 4879 842 4935 Unde
874 4881 1080 4935 Petrus
1108 4882 1445 4952 Apostolus,
1466 4881 2090 4954 unusquisque,inquit,

440 4969 583 5024 sicut
611 4971 817 5039 accepit
864 4972 1123 5038 gratiam
1170 4972 1214 5037 (1
1264 4972 1408 5025 Petr.
1464 4988 1538 5037 1v,
1588 4973 1696 5041 10),
1748 4977 1859 5026 etc.
1896 4972 2095 5026 Multis

442 5056 646 5112 formis
677 5058 886 5130 gratia,
920 5076 1049 5129 qua
1078 5064 1217 5113 tunc
1265 5064 1416 5114 recte
1448 5058 1680 5127 dicitur,
1715 5061 2093 5115 administra-

440 5150 560 5210 tur,
594 5146 643 5199 si
674 5147 882 5217 gratia,
916 5165 1093 5218 quam
1129 5148 1331 5217 habes,
1369 5164 1469 5219 per
1498 5146 1894 5204 humilitatem
1928 5147 2095 5203 alteri

443 5232 743 5287 tribuitur.
793 5235 932 5289 Hinc
981 5236 1138 5290 idem
1189 5236 1406 5290 Paulus
1437 5237 1518 5289 ait
1569 5253 1581 5290 :
1635 5241 1740 5290 Per
1768 5236 2097 5290 charitatem

445 5319 686 5390 Spiritus
714 5324 915 5377 servite
962 5326 1198 5379 invicem
1231 5324 1370 5394 (Gal.
1402 5342 1456 5393 ν,
1493 5326 1599 5396 13).
1635 5326 1796 5379 Tunc
1828 5342 1933 5379 nos
1964 5342 2093 5395 per-

445 5407 595 5463 fecte
626 5409 882 5464 charitas
913 5427 947 5465 a
969 5412 1113 5483 jugo
1148 5412 1367 5482 peccati
1419 5413 1648 5476 liberat,
1680 5430 1812 5467 cum
1846 5412 2094 5468 aliorum

446 5498 692 5569 gratias,
717 5499 885 5568 quasi
915 5503 1178 5569 proprias
1209 5502 1583 5570 deputamus,
1608 5509 1665 5557 et
1688 5509 1919 5557 nostras
1944 5502 2094 5567 aliis,

445 5586 617 5657 quasi
652 5584 881 5640 illorum
926 5588 1189 5657 preprias
1221 5588 1726 5646 administramus.
1760 5596 1890 5646 Haec
1918 5592 2094 5646 etiam

447 5674 724 5746 qualitas,
756 5680 994 5746 propter
1026 5676 1307 5731 unitatem
1341 5694 1404 5732 ac
1435 5681 1826 5747 concordiam,
1863 5682 1933 5735 ab
1966 5681 2093 5751 ipso

447 5762 781 5820 ordinatore
811 5762 868 5818 in
903 5761 1239 5833 regionibus
1276 5765 1561 5836 disposita
1604 5767 1918 5837 invenitur,
1951 5769 2090 5824 dum

2205 4793 2451 4864 pedibus
2501 4792 2802 4847 ambulare
2851 4796 3060 4862 potest,
3112 4796 3168 4846 et
3216 4791 3417 4846 cibum
3469 4795 3734 4858 quaerere.
3770 4772 3826 4827 Et

2202 4881 2332 4936 ideo
2362 4879 2694 4951 subjunxit:
2717 4880 2822 4935 Sed
2851 4882 3020 4935 multo
3051 4881 3227 4949 magis
3257 4893 3385 4950 qua
3413 4875 3661 4931 videntur
3676 4876 3820 4920 mem-

2206 4972 2304 5025 bra
2331 4972 2576 5040 corporis
2606 4972 2780 5023 nostri
2811 4968 3128 5039 inﬁrmiora
3156 4983 3290 5036 esse,
3312 4963 3675 5021 necessariam
3698 4952 3823 5049 δξιηίν

2203 5068 2258 5113 et
2306 5073 2432 5128 qua
2478 5061 2738 5128 putamus
2792 5058 3135 5128 ignobiliora
3183 5070 3320 5121 esse,
3371 5058 3479 5108 etc.
3533 5046 3823 5103 Inﬁrmiora

2205 5152 2262 5202 et
2293 5145 2643 5217 ignobiliora
2696 5146 2960 5200 membra
2990 5146 3167 5215 pedes
3213 5141 3490 5214 appellat,
3522 5148 3682 5207 quos,
3702 5133 3824 5217 tua}

2203 5215 2517 5289 videantur
2544 5250 2672 5289 esse
2703 5235 2771 5287 ad
2818 5233 3318 5304 comparationem
3354 5230 3601 5285 aliorum
3632 5215 3822 5273 infirml

2205 5329 2263 5378 et
2292 5322 2600 5393 ignobiles,
2617 5322 3018 5377 abundantiam
3034 5321 3240 5376 honore
3270 5314 3680 5400 circumdamiﬁi

2208 5388 2372 5465 niam'
2399 5417 2455 5466 et
2486 5412 2696 5483 pannis
2727 5416 2785 5466 et
2829 5410 3240 5465 calceamentis
3272 5406 3543 5477 tegimus.
3577 5388 3823 5483 Similiter

2206 5506 2263 5554 εἰ
2294 5501 2392 5570 qui
2447 5471 2549 5571 per
2598 5501 2773 5571 pedes
2824 5499 3151 5570 signantur,
3186 5471 3522 5569 quanquam
3570 5471 3818 5556 igDObiles

2211 5587 2532 5653 videantur,
2559 5588 2956 5643 exhortatione
2986 5593 3183 5642 tamen
3215 5590 3273 5640 et
3295 5575 3681 5639 admonitione
3708 5573 3816 5632 P’o’

2205 5677 2448 5732 vocandi
2481 5682 2640 5745 sunt,
2674 5693 2746 5733 ne
2791 5677 2935 5732 forte
2984 5692 3045 5731 se
3076 5674 3375 5747 dejiciant,
3408 5663 3691 5725 credentes
3717 5658 3813 5704 non

2209 5766 2457 5823 attinere
2490 5767 2560 5825 ad
2609 5783 2823 5839 corpus
2857 5784 2870 5826 ;
2904 5765 3118 5839 quibus
3150 5781 3269 5823 non
3301 5761 3469 5818 debet
3517 5762 3638 5811 esse
3665 5749 3811 5801 cum:
