  <div class='ocr_page' id='page_1' title='image "/cluster/home/n/w/nwhite01/storage/ocr_20150623/134-135/uc1.31175013627537/201.png"; bbox 0 0 3902 6430; ppageno 0'>
   <div class='ocr_carea' id='block_1_1' title="bbox 346 456 3734 528">
    <p class='ocr_par' dir='ltr' id='par_1_1' title="bbox 346 456 3734 528">
     <span class='ocr_line' id='line_1_1' title="bbox 346 456 3734 528; baseline -0 -2"><span class='ocrx_word' id='word_1_1' title='bbox 346 466 462 528; x_wconf 86' lang='lat'>387</span> <span class='ocrx_word' id='word_1_2' title='bbox 1365 458 1706 519; x_wconf 85' lang='lat' dir='ltr'>ATTONIS</span> <span class='ocrx_word' id='word_1_3' title='bbox 1751 456 2208 517; x_wconf 80' lang='lat' dir='ltr'>VERCELLEN</span> <span class='ocrx_word' id='word_1_4' title='bbox 2222 458 2336 518; x_wconf 88' lang='lat' dir='ltr'>SIS</span> <span class='ocrx_word' id='word_1_5' title='bbox 2384 458 2734 519; x_wconf 85' lang='lat' dir='ltr'>EPISCOPI</span> <span class='ocrx_word' id='word_1_6' title='bbox 3631 465 3734 527; x_wconf 89' lang='lat'>388</span> 
     </span>
    </p>
   </div>
   <div class='ocr_carea' id='block_1_2' title="bbox 343 587 3735 667">
    <p class='ocr_par' dir='ltr' id='par_1_2' title="bbox 343 587 3735 667">
     <span class='ocr_line' id='line_1_2' title="bbox 343 587 3735 667; baseline -0.001 -13"><span class='ocrx_word' id='word_1_7' title='bbox 343 598 663 667; x_wconf 82' lang='lat' dir='ltr'>invenitur,</span> <span class='ocrx_word' id='word_1_8' title='bbox 697 600 753 651; x_wconf 90' lang='lat' dir='ltr'>et</span> <span class='ocrx_word' id='word_1_9' title='bbox 780 597 928 651; x_wconf 89' lang='lat' dir='ltr'>forte</span> <span class='ocrx_word' id='word_1_10' title='bbox 957 594 1111 660; x_wconf 88' lang='lat' dir='ltr'>ideo,</span> <span class='ocrx_word' id='word_1_11' title='bbox 1136 592 1274 665; x_wconf 86' lang='lat' dir='ltr'>quia</span> <span class='ocrx_word' id='word_1_12' title='bbox 1300 590 1459 647; x_wconf 88' lang='lat' dir='ltr'>nulla</span> <span class='ocrx_word' id='word_1_13' title='bbox 1486 590 1598 645; x_wconf 87' lang='lat' dir='ltr'>erit</span> <span class='ocrx_word' id='word_1_14' title='bbox 1624 587 1955 661; x_wconf 83' lang='lat' dir='ltr'>ignorantia</span> <span class='ocrx_word' id='word_1_15' title='bbox 1981 611 1995 653; x_wconf 88' lang='lat'>;</span> <span class='ocrx_word' id='word_1_16' title='bbox 2028 589 2078 654; x_wconf 84' lang='grc' dir='ltr'>Α</span> <span class='ocrx_word' id='word_1_17' title='bbox 2108 589 2310 655; x_wconf 82' lang='lat' dir='ltr'>credit,</span> <span class='ocrx_word' id='word_1_18' title='bbox 2334 588 2393 644; x_wconf 88' lang='lat' dir='ltr'>id</span> <span class='ocrx_word' id='word_1_19' title='bbox 2426 594 2533 657; x_wconf 88' lang='lat' dir='ltr'>est,</span> <span class='ocrx_word' id='word_1_20' title='bbox 2570 588 2885 660; x_wconf 89' lang='lat' dir='ltr'>implenda,</span> <span class='ocrx_word' id='word_1_21' title='bbox 2920 590 2979 646; x_wconf 91' lang='lat' dir='ltr'>in</span> <span class='ocrx_word' id='word_1_22' title='bbox 3006 590 3217 646; x_wconf 84' lang='lat' dir='ltr'>divinis</span> <span class='ocrx_word' id='word_1_23' title='bbox 3244 590 3412 647; x_wconf 85' lang='lat' dir='ltr'>libris</span> <span class='ocrx_word' id='word_1_24' title='bbox 3440 608 3567 664; x_wconf 76' lang='lat' dir='ltr'>quas</span> <span class='ocrx_word' id='word_1_25' title='bbox 3614 611 3735 666; x_wconf 86' lang='lat' dir='ltr'>pro-</span> 
     </span>
    </p>
   </div>
   <div class='ocr_carea' id='block_1_3' title="bbox 340 670 3823 755">
    <p class='ocr_par' dir='ltr' id='par_1_3' title="bbox 340 670 3823 755">
     <span class='ocr_line' id='line_1_3' title="bbox 340 670 3823 755; baseline -0.001 -11"><span class='ocrx_word' id='word_1_26' title='bbox 340 703 479 744; x_wconf 90' lang='lat' dir='ltr'>nam</span> <span class='ocrx_word' id='word_1_27' title='bbox 508 684 769 742; x_wconf 84' lang='lat' dir='ltr'>ofﬁcium</span> <span class='ocrx_word' id='word_1_28' title='bbox 800 683 1016 755; x_wconf 77' lang='lat' dir='ltr'>linguas</span> <span class='ocrx_word' id='word_1_29' title='bbox 1047 682 1175 738; x_wconf 90' lang='lat' dir='ltr'>ideo</span> <span class='ocrx_word' id='word_1_30' title='bbox 1218 694 1565 735; x_wconf 88' lang='lat' dir='ltr'>concessum</span> <span class='ocrx_word' id='word_1_31' title='bbox 1598 683 1708 745; x_wconf 88' lang='lat' dir='ltr'>est,</span> <span class='ocrx_word' id='word_1_32' title='bbox 1751 682 1817 732; x_wconf 88' lang='lat' dir='ltr'>ut</span> <span class='ocrx_word' id='word_1_33' title='bbox 1864 693 2004 731; x_wconf 89' lang='lat' dir='ltr'>suos</span> <span class='ocrx_word' id='word_1_34' title='bbox 2116 677 2445 733; x_wconf 90' lang='lat' dir='ltr'>mittuntur.</span> <span class='ocrx_word' id='word_1_35' title='bbox 2481 680 2677 734; x_wconf 84' lang='lat' dir='ltr'>Omnia</span> <span class='ocrx_word' id='word_1_36' title='bbox 2706 683 2889 750; x_wconf 85' lang='lat' dir='ltr'>sperat</span> <span class='ocrx_word' id='word_1_37' title='bbox 2921 696 3056 734; x_wconf 90' lang='lat' dir='ltr'>vera</span> <span class='ocrx_word' id='word_1_38' title='bbox 3110 696 3238 735; x_wconf 91' lang='lat' dir='ltr'>esse</span> <span class='ocrx_word' id='word_1_39' title='bbox 3296 697 3423 751; x_wconf 64' lang='lat' dir='ltr'>qua;</span> <span class='ocrx_word' id='word_1_40' title='bbox 3482 682 3738 739; x_wconf 91' lang='lat' dir='ltr'>dicuntur</span> <span class='ocrx_word' id='word_1_41' title='bbox 3822 670 3823 685; x_wconf 36' lang='lat'>‘</span> 
     </span>
    </p>
   </div>
   <div class='ocr_carea' id='block_1_4' title="bbox 351 765 3741 843">
    <p class='ocr_par' dir='ltr' id='par_1_4' title="bbox 351 765 3741 843">
     <span class='ocr_line' id='line_1_4' title="bbox 351 765 3741 843; baseline -0.001 -10"><span class='ocrx_word' id='word_1_42' title='bbox 351 782 514 833; x_wconf 88' lang='lat' dir='ltr'>actus</span> <span class='ocrx_word' id='word_1_43' title='bbox 546 774 815 831; x_wconf 86' lang='lat' dir='ltr'>homines</span> <span class='ocrx_word' id='word_1_44' title='bbox 847 770 978 826; x_wconf 89' lang='lat' dir='ltr'>aliis</span> <span class='ocrx_word' id='word_1_45' title='bbox 1014 766 1567 837; x_wconf 88' lang='lat' dir='ltr'>manifestent,quia</span> <span class='ocrx_word' id='word_1_46' title='bbox 1613 768 1959 837; x_wconf 78' lang='lat' dir='ltr'>ignorantur</span> <span class='ocrx_word' id='word_1_47' title='bbox 1985 781 1998 819; x_wconf 90' lang='lat'><strong>:</strong></span> <span class='ocrx_word' id='word_1_48' title='bbox 2113 765 2282 837; x_wconf 76' lang='grc'>(641).</span> <span class='ocrx_word' id='word_1_49' title='bbox 2308 766 2558 822; x_wconf 82' lang='lat' dir='ltr'>Charitas</span> <span class='ocrx_word' id='word_1_50' title='bbox 2587 784 2872 839; x_wconf 82' lang='lat' dir='ltr'>nunquam</span> <span class='ocrx_word' id='word_1_51' title='bbox 2902 768 3139 838; x_wconf 76' lang='lat' dir='ltr'>excidet,</span> <span class='ocrx_word' id='word_1_52' title='bbox 3170 768 3227 823; x_wconf 94' lang='lat' dir='ltr'>id</span> <span class='ocrx_word' id='word_1_53' title='bbox 3261 779 3369 836; x_wconf 86' lang='lat' dir='ltr'>est,</span> <span class='ocrx_word' id='word_1_54' title='bbox 3402 786 3518 826; x_wconf 88' lang='lat' dir='ltr'>non</span> <span class='ocrx_word' id='word_1_55' title='bbox 3540 771 3741 843; x_wconf 89' lang='lat' dir='ltr'>patitur</span> 
     </span>
    </p>
   </div>
   <div class='ocr_carea' id='block_1_5' title="bbox 349 854 3736 933">
    <p class='ocr_par' dir='ltr' id='par_1_5' title="bbox 349 854 3736 933">
     <span class='ocr_line' id='line_1_5' title="bbox 349 854 3736 933; baseline -0.002 -10"><span class='ocrx_word' id='word_1_56' title='bbox 349 872 493 923; x_wconf 87' lang='lat' dir='ltr'>tunc</span> <span class='ocrx_word' id='word_1_57' title='bbox 517 878 652 920; x_wconf 89' lang='lat' dir='ltr'>vero</span> <span class='ocrx_word' id='word_1_58' title='bbox 683 879 798 917; x_wconf 89' lang='lat' dir='ltr'>non</span> <span class='ocrx_word' id='word_1_59' title='bbox 830 862 940 916; x_wconf 88' lang='lat' dir='ltr'>erit</span> <span class='ocrx_word' id='word_1_60' title='bbox 969 874 1224 924; x_wconf 83' lang='lat' dir='ltr'>necesse,</span> <span class='ocrx_word' id='word_1_61' title='bbox 1255 857 1395 928; x_wconf 89' lang='lat' dir='ltr'>quia</span> <span class='ocrx_word' id='word_1_62' title='bbox 1424 855 1609 910; x_wconf 88' lang='lat' dir='ltr'>deerit</span> <span class='ocrx_word' id='word_1_63' title='bbox 1646 854 2000 927; x_wconf 83' lang='lat' dir='ltr'>ignorantia.</span> <span class='ocrx_word' id='word_1_64' title='bbox 2116 871 2318 909; x_wconf 89' lang='lat' dir='ltr'>casum</span> <span class='ocrx_word' id='word_1_65' title='bbox 2351 854 2441 911; x_wconf 87' lang='lat' dir='ltr'>vel</span> <span class='ocrx_word' id='word_1_66' title='bbox 2474 857 2706 911; x_wconf 91' lang='lat' dir='ltr'>ruinam</span> <span class='ocrx_word' id='word_1_67' title='bbox 2734 875 2747 924; x_wconf 91' lang='lat'>;</span> <span class='ocrx_word' id='word_1_68' title='bbox 2778 874 2910 911; x_wconf 89' lang='lat' dir='ltr'>nam</span> <span class='ocrx_word' id='word_1_69' title='bbox 2932 856 3236 913; x_wconf 83' lang='lat' dir='ltr'>humilitas</span> <span class='ocrx_word' id='word_1_70' title='bbox 3258 875 3559 930; x_wconf 81' lang='lat' dir='ltr'>nunquam</span> <span class='ocrx_word' id='word_1_71' title='bbox 3579 860 3736 933; x_wconf 86' lang='lat' dir='ltr'>cadit,</span> 
     </span>
    </p>
   </div>
   <div class='ocr_carea' id='block_1_6' title="bbox 418 942 3740 1022">
    <p class='ocr_par' dir='ltr' id='par_1_6' title="bbox 418 942 3740 1022">
     <span class='ocr_line' id='line_1_6' title="bbox 418 942 3740 1022; baseline -0.002 -11"><span class='ocrx_word' id='word_1_72' title='bbox 418 957 614 1011; x_wconf 82' lang='lat' dir='ltr'>Factus</span> <span class='ocrx_word' id='word_1_73' title='bbox 640 968 758 1008; x_wconf 83' lang='lat' dir='ltr'>sum</span> <span class='ocrx_word' id='word_1_74' title='bbox 788 950 933 1005; x_wconf 85' lang='lat' dir='ltr'>velut</span> <span class='ocrx_word' id='word_1_75' title='bbox 963 965 1035 1003; x_wconf 67' lang='lat' dir='ltr'>(es</span> <span class='ocrx_word' id='word_1_76' title='bbox 1063 963 1286 1014; x_wconf 85' lang='lat' dir='ltr'>sonans,</span> <span class='ocrx_word' id='word_1_77' title='bbox 1320 948 1434 999; x_wconf 89' lang='lat' dir='ltr'>etc.</span> <span class='ocrx_word' id='word_1_78' title='bbox 1480 946 1576 999; x_wconf 70' lang='lat' dir='ltr'>rEs</span> <span class='ocrx_word' id='word_1_79' title='bbox 1627 944 1783 998; x_wconf 89' lang='lat' dir='ltr'>enim</span> <span class='ocrx_word' id='word_1_80' title='bbox 1856 942 2004 996; x_wconf 86' lang='lat' dir='ltr'>irra-</span> <span class='ocrx_word' id='word_1_81' title='bbox 2116 942 2372 998; x_wconf 90' lang='lat' dir='ltr'>charitas</span> <span class='ocrx_word' id='word_1_82' title='bbox 2395 961 2648 1016; x_wconf 82' lang='lat' dir='ltr'>namque</span> <span class='ocrx_word' id='word_1_83' title='bbox 2675 946 2896 1017; x_wconf 85' lang='lat' dir='ltr'>absque</span> <span class='ocrx_word' id='word_1_84' title='bbox 2918 944 3248 1001; x_wconf 84' lang='lat' dir='ltr'>humilitate</span> <span class='ocrx_word' id='word_1_85' title='bbox 3269 963 3397 1004; x_wconf 90' lang='lat' dir='ltr'>esse</span> <span class='ocrx_word' id='word_1_86' title='bbox 3434 965 3547 1003; x_wconf 91' lang='lat' dir='ltr'>non</span> <span class='ocrx_word' id='word_1_87' title='bbox 3569 955 3740 1022; x_wconf 85' lang='lat' dir='ltr'>potest</span> 
     </span>
    </p>
   </div>
   <div class='ocr_carea' id='block_1_7' title="bbox 343 1031 3739 1106">
    <p class='ocr_par' dir='ltr' id='par_1_7' title="bbox 343 1031 3739 1106">
     <span class='ocr_line' id='line_1_7' title="bbox 343 1031 3739 1106; baseline -0.002 -5"><span class='ocrx_word' id='word_1_88' title='bbox 343 1033 1301 1102; x_wconf 83' lang='lat' dir='ltr'>tionabileelementumest,etnisi</span> <span class='ocrx_word' id='word_1_89' title='bbox 1322 1037 1751 1106; x_wconf 89' lang='lat' dir='ltr'>tangatur,non</span> <span class='ocrx_word' id='word_1_90' title='bbox 1792 1033 1964 1086; x_wconf 90' lang='lat' dir='ltr'>sonat</span> <span class='ocrx_word' id='word_1_91' title='bbox 1989 1036 2004 1089; x_wconf 87' lang='grc'>;</span> <span class='ocrx_word' id='word_1_92' title='bbox 2115 1031 2432 1087; x_wconf 81' lang='lat' dir='ltr'>Humilitas</span> <span class='ocrx_word' id='word_1_93' title='bbox 2462 1032 2644 1100; x_wconf 89' lang='lat' dir='ltr'>enim,</span> <span class='ocrx_word' id='word_1_94' title='bbox 2671 1050 2786 1105; x_wconf 91' lang='lat' dir='ltr'>quo</span> <span class='ocrx_word' id='word_1_95' title='bbox 2817 1033 3075 1089; x_wconf 80' lang='lat' dir='ltr'>cmlestia</span> <span class='ocrx_word' id='word_1_96' title='bbox 3105 1040 3461 1106; x_wconf 89' lang='lat' dir='ltr'>penetrat,eo</span> <span class='ocrx_word' id='word_1_97' title='bbox 3491 1054 3553 1092; x_wconf 92' lang='lat' dir='ltr'>se</span> <span class='ocrx_word' id='word_1_98' title='bbox 3578 1043 3739 1094; x_wconf 81' lang='lat' dir='ltr'>terre-</span> 
     </span>
    </p>
   </div>
   <div class='ocr_carea' id='block_1_8' title="bbox 345 1119 2003 1192">
    <p class='ocr_par' dir='ltr' id='par_1_8' title="bbox 345 1119 2003 1192">
     <span class='ocr_line' id='line_1_8' title="bbox 345 1119 2003 1192; baseline -0.011 0"><span class='ocrx_word' id='word_1_99' title='bbox 345 1151 477 1192; x_wconf 91' lang='lat' dir='ltr'>cum</span> <span class='ocrx_word' id='word_1_100' title='bbox 489 1146 623 1187; x_wconf 90' lang='lat' dir='ltr'>vero</span> <span class='ocrx_word' id='word_1_101' title='bbox 634 1124 1146 1192; x_wconf 77' lang='lat' dir='ltr'>sonuerit,nullius</span> <span class='ocrx_word' id='word_1_102' title='bbox 1163 1122 1568 1177; x_wconf 81' lang='lat' dir='ltr'>aediﬁcationis</span> <span class='ocrx_word' id='word_1_103' title='bbox 1582 1126 1757 1191; x_wconf 85' lang='lat' dir='ltr'>atque</span> <span class='ocrx_word' id='word_1_104' title='bbox 1781 1119 2003 1174; x_wconf 86' lang='lat' dir='ltr'>utilita-</span> 
     </span>
    </p>
   </div>
   <div class='ocr_carea' id='block_1_9' title="bbox 340 1207 3735 1295">
    <p class='ocr_par' dir='ltr' id='par_1_9' title="bbox 340 1207 3735 1295">
     <span class='ocr_line' id='line_1_9' title="bbox 340 1207 3735 1295; baseline -0.002 -17"><span class='ocrx_word' id='word_1_105' title='bbox 340 1225 423 1295; x_wconf 66' lang='lat' dir='ltr'>tis</span> <span class='ocrx_word' id='word_1_106' title='bbox 452 1218 683 1284; x_wconf 80' lang='lat' dir='ltr'>existit;</span> <span class='ocrx_word' id='word_1_107' title='bbox 716 1214 990 1270; x_wconf 83' lang='lat' dir='ltr'>similiter</span> <span class='ocrx_word' id='word_1_108' title='bbox 1017 1213 1116 1284; x_wconf 92' lang='lat' dir='ltr'>qui</span> <span class='ocrx_word' id='word_1_109' title='bbox 1150 1212 1430 1267; x_wconf 90' lang='lat' dir='ltr'>omnibus</span> <span class='ocrx_word' id='word_1_110' title='bbox 1463 1209 1683 1281; x_wconf 85' lang='lat' dir='ltr'>linguis</span> <span class='ocrx_word' id='word_1_111' title='bbox 1742 1209 2008 1277; x_wconf 84' lang='lat' dir='ltr'>loquitur</span> <span class='ocrx_word' id='word_1_112' title='bbox 2116 1207 2174 1262; x_wconf 92' lang='lat' dir='ltr'>in</span> <span class='ocrx_word' id='word_1_113' title='bbox 2207 1207 2429 1265; x_wconf 81' lang='lat' dir='ltr'>intimis</span> <span class='ocrx_word' id='word_1_114' title='bbox 2459 1211 2776 1266; x_wconf 82' lang='lat' dir='ltr'>consistere</span> <span class='ocrx_word' id='word_1_115' title='bbox 2805 1211 3140 1267; x_wconf 63' lang='lat' dir='ltr'>aestimatsi</span> <span class='ocrx_word' id='word_1_116' title='bbox 3171 1214 3327 1268; x_wconf 90' lang='lat' dir='ltr'>enim</span> <span class='ocrx_word' id='word_1_117' title='bbox 3352 1213 3735 1285; x_wconf 83' lang='lat' dir='ltr'>superioribus</span> 
     </span>
    </p>
   </div>
   <div class='ocr_carea' id='block_1_10' title="bbox 341 1296 3739 1381">
    <p class='ocr_par' dir='ltr' id='par_1_10' title="bbox 341 1296 3739 1381">
     <span class='ocr_line' id='line_1_10' title="bbox 341 1296 3739 1381; baseline -0.002 -14"><span class='ocrx_word' id='word_1_118' title='bbox 341 1312 565 1381; x_wconf 86' lang='lat' dir='ltr'>absque</span> <span class='ocrx_word' id='word_1_119' title='bbox 594 1303 877 1361; x_wconf 82' lang='lat' dir='ltr'>charitato</span> <span class='ocrx_word' id='word_1_120' title='bbox 908 1300 1135 1357; x_wconf 86' lang='lat' dir='ltr'>nullius</span> <span class='ocrx_word' id='word_1_121' title='bbox 1163 1305 1254 1356; x_wconf 89' lang='lat' dir='ltr'>est</span> <span class='ocrx_word' id='word_1_122' title='bbox 1282 1298 1578 1355; x_wconf 80' lang='lat' dir='ltr'>utilitatis.</span> <span class='ocrx_word' id='word_1_123' title='bbox 1610 1300 1675 1352; x_wconf 83' lang='lat' dir='ltr'>Et</span> <span class='ocrx_word' id='word_1_124' title='bbox 1703 1299 1756 1352; x_wconf 86' lang='lat' dir='ltr'>si</span> <span class='ocrx_word' id='word_1_125' title='bbox 1775 1298 2006 1352; x_wconf 84' lang='lat' dir='ltr'>habeam</span> <span class='ocrx_word' id='word_1_126' title='bbox 2107 1296 2413 1369; x_wconf 80' lang='lat' dir='ltr'>jungatur,</span> <span class='ocrx_word' id='word_1_127' title='bbox 2446 1300 2648 1354; x_wconf 74' lang='lat' dir='ltr'>excidit</span> <span class='ocrx_word' id='word_1_128' title='bbox 2678 1300 2825 1371; x_wconf 77' lang='grc'>(642)</span> <span class='ocrx_word' id='word_1_129' title='bbox 2856 1300 3171 1372; x_wconf 89' lang='lat' dir='ltr'>legendum</span> <span class='ocrx_word' id='word_1_130' title='bbox 3197 1319 3210 1369; x_wconf 91' lang='lat'>;</span> <span class='ocrx_word' id='word_1_131' title='bbox 3244 1303 3507 1358; x_wconf 89' lang='lat' dir='ltr'>siautem</span> <span class='ocrx_word' id='word_1_132' title='bbox 3527 1302 3739 1360; x_wconf 56' lang='lat' dir='ltr'>inferio.</span> 
     </span>
    </p>
   </div>
   <div class='ocr_carea' id='block_1_11' title="bbox 331 1384 2553 1471">
    <p class='ocr_par' dir='ltr' id='par_1_11' title="bbox 331 1384 2553 1471">
     <span class='ocr_line' id='line_1_11' title="bbox 331 1384 2553 1471; baseline -0.003 -22"><span class='ocrx_word' id='word_1_133' title='bbox 331 1396 700 1471; x_wconf 72' lang='lat' dir='ltr'>prophetiam,</span> <span class='ocrx_word' id='word_1_134' title='bbox 728 1391 789 1446; x_wconf 91' lang='lat' dir='ltr'>id</span> <span class='ocrx_word' id='word_1_135' title='bbox 821 1393 930 1455; x_wconf 91' lang='lat' dir='ltr'>est,</span> <span class='ocrx_word' id='word_1_136' title='bbox 959 1392 1026 1444; x_wconf 88' lang='lat' dir='ltr'>ut</span> <span class='ocrx_word' id='word_1_137' title='bbox 1052 1388 1254 1441; x_wconf 81' lang='lat' dir='ltr'>futura</span> <span class='ocrx_word' id='word_1_138' title='bbox 1282 1385 1616 1458; x_wconf 70' lang='lat' dir='ltr'>praedicam,</span> <span class='ocrx_word' id='word_1_139' title='bbox 1657 1388 1711 1438; x_wconf 88' lang='lat' dir='ltr'>et</span> <span class='ocrx_word' id='word_1_140' title='bbox 1758 1385 2006 1438; x_wconf 87' lang='lat' dir='ltr'>noverim</span> <span class='ocrx_word' id='word_1_141' title='bbox 2114 1384 2298 1453; x_wconf 89' lang='lat' dir='ltr'>ribus,</span> <span class='ocrx_word' id='word_1_142' title='bbox 2316 1387 2553 1444; x_wconf 70' lang='lat' dir='ltr'>excidet.</span> 
     </span>
    </p>
   </div>
   <div class='ocr_carea' id='block_1_12' title="bbox 334 1473 1985 1559">
    <p class='ocr_par' dir='ltr' id='par_1_12' title="bbox 334 1473 1981 1559">
     <span class='ocr_line' id='line_1_12' title="bbox 334 1473 1981 1559; baseline -0.01 -16"><span class='ocrx_word' id='word_1_143' title='bbox 334 1485 598 1559; x_wconf 78' lang='lat' dir='ltr'>mysteria</span> <span class='ocrx_word' id='word_1_144' title='bbox 639 1482 848 1549; x_wconf 88' lang='lat' dir='ltr'>omnia,</span> <span class='ocrx_word' id='word_1_145' title='bbox 880 1477 939 1531; x_wconf 90' lang='lat' dir='ltr'>id</span> <span class='ocrx_word' id='word_1_146' title='bbox 975 1481 1084 1543; x_wconf 89' lang='lat' dir='ltr'>est,</span> <span class='ocrx_word' id='word_1_147' title='bbox 1118 1474 1341 1539; x_wconf 90' lang='lat' dir='ltr'>divina,</span> <span class='ocrx_word' id='word_1_148' title='bbox 1372 1482 1423 1529; x_wconf 88' lang='lat' dir='ltr'>et</span> <span class='ocrx_word' id='word_1_149' title='bbox 1450 1488 1666 1528; x_wconf 85' lang='lat' dir='ltr'>omnem</span> <span class='ocrx_word' id='word_1_150' title='bbox 1694 1473 1981 1528; x_wconf 75' lang='lat' dir='ltr'>scientiam</span> 
     </span>
    </p>
   </div>
   <div class='ocr_carea' id='block_1_13' title="bbox 2106 1473 3734 1559">
    <p class='ocr_par' dir='ltr' id='par_1_13' title="bbox 2181 1474 3734 1549">
     <span class='ocr_line' id='line_1_13' title="bbox 2181 1474 3734 1549; baseline 0.005 -19"><span class='ocrx_word' id='word_1_151' title='bbox 2181 1474 2307 1530; x_wconf 81' lang='lat' dir='ltr'>Sive</span> <span class='ocrx_word' id='word_1_152' title='bbox 2356 1478 2659 1547; x_wconf 72' lang='lat' dir='ltr'>prophetiae</span> <span class='ocrx_word' id='word_1_153' title='bbox 2704 1479 3142 1549; x_wconf 85' lang='lat' dir='ltr'>evacuabuntur,</span> <span class='ocrx_word' id='word_1_154' title='bbox 3201 1482 3311 1536; x_wconf 87' lang='lat' dir='ltr'>etc.</span> <span class='ocrx_word' id='word_1_155' title='bbox 3364 1480 3545 1537; x_wconf 83' lang='lat' dir='ltr'>Aliter</span> <span class='ocrx_word' id='word_1_156' title='bbox 3598 1482 3734 1538; x_wconf 88' lang='lat' dir='ltr'>enim</span> 
     </span>
    </p>
   </div>
   <div class='ocr_carea' id='block_1_14' title="bbox 337 1561 3737 1641">
    <p class='ocr_par' dir='ltr' id='par_1_14' title="bbox 337 1561 3737 1641">
     <span class='ocr_line' id='line_1_14' title="bbox 337 1561 3737 1641; baseline -0.001 -10"><span class='ocrx_word' id='word_1_157' title='bbox 337 1575 685 1634; x_wconf 78' lang='lat' dir='ltr'>humanam,</span> <span class='ocrx_word' id='word_1_158' title='bbox 715 1576 768 1624; x_wconf 82' lang='lat' dir='ltr'>et</span> <span class='ocrx_word' id='word_1_159' title='bbox 792 1566 1019 1622; x_wconf 86' lang='lat' dir='ltr'>habeam</span> <span class='ocrx_word' id='word_1_160' title='bbox 1050 1579 1268 1620; x_wconf 88' lang='lat' dir='ltr'>omnem</span> <span class='ocrx_word' id='word_1_161' title='bbox 1297 1563 1478 1634; x_wconf 86' lang='lat' dir='ltr'>ﬁdem.</span> <span class='ocrx_word' id='word_1_162' title='bbox 1513 1561 1660 1616; x_wconf 90' lang='lat' dir='ltr'>Nota</span> <span class='ocrx_word' id='word_1_163' title='bbox 1681 1561 1818 1633; x_wconf 83' lang='lat' dir='ltr'>quia</span> <span class='ocrx_word' id='word_1_164' title='bbox 1847 1577 2002 1616; x_wconf 88' lang='lat' dir='ltr'>eam-</span> <span class='ocrx_word' id='word_1_165' title='bbox 2109 1563 2408 1633; x_wconf 78' lang='lat' dir='ltr'>prephetiae</span> <span class='ocrx_word' id='word_1_166' title='bbox 2437 1567 2866 1635; x_wconf 84' lang='lat' dir='ltr'>evacuabuntur,</span> <span class='ocrx_word' id='word_1_167' title='bbox 2899 1566 3068 1622; x_wconf 88' lang='lat' dir='ltr'>aliter</span> <span class='ocrx_word' id='word_1_168' title='bbox 3094 1571 3392 1624; x_wconf 85' lang='lat' dir='ltr'>cessabunt</span> <span class='ocrx_word' id='word_1_169' title='bbox 3446 1571 3659 1641; x_wconf 70' lang='lat' dir='ltr'>linquar,</span> <span class='ocrx_word' id='word_1_170' title='bbox 3687 1575 3737 1627; x_wconf 89' lang='lat' dir='ltr'>et</span> 
     </span>
    </p>
   </div>
   <div class='ocr_carea' id='block_1_15' title="bbox 341 1649 3735 1732">
    <p class='ocr_par' dir='ltr' id='par_1_15' title="bbox 341 1649 3735 1732">
     <span class='ocr_line' id='line_1_15' title="bbox 341 1649 3735 1732; baseline -0.002 -13"><span class='ocrx_word' id='word_1_171' title='bbox 341 1664 478 1719; x_wconf 90' lang='lat' dir='ltr'>dem</span> <span class='ocrx_word' id='word_1_172' title='bbox 510 1656 953 1732; x_wconf 84' lang='lat' dir='ltr'>appellatﬁdem</span> <span class='ocrx_word' id='word_1_173' title='bbox 968 1668 1408 1724; x_wconf 88' lang='lat' dir='ltr'>omnem,quam</span> <span class='ocrx_word' id='word_1_174' title='bbox 1424 1651 1708 1705; x_wconf 87' lang='lat' dir='ltr'>Dominus</span> <span class='ocrx_word' id='word_1_175' title='bbox 1730 1650 1790 1703; x_wconf 93' lang='lat' dir='ltr'>in</span> <span class='ocrx_word' id='word_1_176' title='bbox 1816 1649 2001 1704; x_wconf 85' lang='lat' dir='ltr'>Evan-</span> <span class='ocrx_word' id='word_1_177' title='bbox 2113 1650 2285 1706; x_wconf 85' lang='lat' dir='ltr'>aliter</span> <span class='ocrx_word' id='word_1_178' title='bbox 2312 1654 2541 1708; x_wconf 83' lang='lat' dir='ltr'>scientia</span> <span class='ocrx_word' id='word_1_179' title='bbox 2573 1655 2907 1711; x_wconf 82' lang='lat' dir='ltr'>destruetur.</span> <span class='ocrx_word' id='word_1_180' title='bbox 2951 1657 3072 1712; x_wconf 89' lang='lat' dir='ltr'>Duo</span> <span class='ocrx_word' id='word_1_181' title='bbox 3104 1657 3381 1728; x_wconf 67' lang='lat' dir='ltr'>praedicta</span> <span class='ocrx_word' id='word_1_182' title='bbox 3420 1660 3735 1726; x_wconf 87' lang='lat' dir='ltr'>cessabunt,</span> 
     </span>
    </p>
   </div>
   <div class='ocr_carea' id='block_1_16' title="bbox 344 1738 3737 1824">
    <p class='ocr_par' dir='ltr' id='par_1_16' title="bbox 344 1738 3737 1824">
     <span class='ocr_line' id='line_1_16' title="bbox 344 1738 3737 1824; baseline -0.001 -17"><span class='ocrx_word' id='word_1_183' title='bbox 344 1750 497 1824; x_wconf 89' lang='lat' dir='ltr'>gelio</span> <span class='ocrx_word' id='word_1_184' title='bbox 549 1763 728 1820; x_wconf 85' lang='lat' dir='ltr'>grano</span> <span class='ocrx_word' id='word_1_185' title='bbox 785 1744 1009 1815; x_wconf 87' lang='lat' dir='ltr'>sinapis</span> <span class='ocrx_word' id='word_1_186' title='bbox 1067 1740 1363 1797; x_wconf 86' lang='lat' dir='ltr'>assimilat</span> <span class='ocrx_word' id='word_1_187' title='bbox 1418 1740 1621 1810; x_wconf 80' lang='lat' dir='ltr'>(Matth.</span> <span class='ocrx_word' id='word_1_188' title='bbox 1705 1754 1841 1804; x_wconf 84' lang='lat' dir='ltr'>xvu,</span> <span class='ocrx_word' id='word_1_189' title='bbox 1890 1738 1996 1803; x_wconf 79' lang='lat'>19;</span> <span class='ocrx_word' id='word_1_190' title='bbox 2110 1740 2249 1809; x_wconf 90' lang='lat' dir='ltr'>quia</span> <span class='ocrx_word' id='word_1_191' title='bbox 2275 1739 2334 1795; x_wconf 88' lang='lat' dir='ltr'>in</span> <span class='ocrx_word' id='word_1_192' title='bbox 2366 1740 2473 1797; x_wconf 88' lang='lat' dir='ltr'>hac</span> <span class='ocrx_word' id='word_1_193' title='bbox 2502 1744 2772 1813; x_wconf 73' lang='lat' dir='ltr'>praesenti</span> <span class='ocrx_word' id='word_1_194' title='bbox 2804 1744 2919 1799; x_wconf 92' lang='lat' dir='ltr'>vita</span> <span class='ocrx_word' id='word_1_195' title='bbox 2966 1744 3279 1816; x_wconf 73' lang='lat' dir='ltr'>finientur;</span> <span class='ocrx_word' id='word_1_196' title='bbox 3334 1746 3578 1803; x_wconf 90' lang='lat' dir='ltr'>scientia</span> <span class='ocrx_word' id='word_1_197' title='bbox 3621 1763 3737 1803; x_wconf 88' lang='lat' dir='ltr'>vero</span> 
     </span>
    </p>
   </div>
   <div class='ocr_carea' id='block_1_17' title="bbox 345 1826 3736 1908">
    <p class='ocr_par' dir='ltr' id='par_1_17' title="bbox 345 1826 3736 1908">
     <span class='ocr_line' id='line_1_17' title="bbox 345 1826 3736 1908; baseline -0.001 -13"><span class='ocrx_word' id='word_1_198' title='bbox 345 1843 472 1895; x_wconf 88' lang='lat' dir='ltr'>Luc.</span> <span class='ocrx_word' id='word_1_199' title='bbox 498 1836 718 1906; x_wconf 79' lang='lat' dir='ltr'>xvn,6),</span> <span class='ocrx_word' id='word_1_200' title='bbox 746 1850 862 1888; x_wconf 89' lang='lat' dir='ltr'>non</span> <span class='ocrx_word' id='word_1_201' title='bbox 894 1835 1131 1903; x_wconf 86' lang='lat' dir='ltr'>prepter</span> <span class='ocrx_word' id='word_1_202' title='bbox 1151 1826 1741 1892; x_wconf 87' lang='lat' dir='ltr'>mediocritatem,sed</span> <span class='ocrx_word' id='word_1_203' title='bbox 1766 1830 2002 1897; x_wconf 85' lang='lat' dir='ltr'>propter</span> <span class='ocrx_word' id='word_1_204' title='bbox 2110 1829 2461 1896; x_wconf 89' lang='lat' dir='ltr'>destruetur,</span> <span class='ocrx_word' id='word_1_205' title='bbox 2490 1832 2627 1902; x_wconf 88' lang='lat' dir='ltr'>quia</span> <span class='ocrx_word' id='word_1_206' title='bbox 2656 1832 2713 1887; x_wconf 91' lang='lat' dir='ltr'>in</span> <span class='ocrx_word' id='word_1_207' title='bbox 2745 1833 2940 1889; x_wconf 89' lang='lat' dir='ltr'>futuro</span> <span class='ocrx_word' id='word_1_208' title='bbox 2970 1834 3467 1906; x_wconf 86' lang='lat' dir='ltr'>augmentabitur.</span> <span class='ocrx_word' id='word_1_209' title='bbox 3499 1835 3568 1891; x_wconf 89' lang='lat' dir='ltr'>Et</span> <span class='ocrx_word' id='word_1_210' title='bbox 3611 1852 3736 1908; x_wconf 86' lang='lat' dir='ltr'>qua-</span> 
     </span>
    </p>
   </div>
   <div class='ocr_carea' id='block_1_18' title="bbox 340 1914 3735 2019">
    <p class='ocr_par' dir='ltr' id='par_1_18' title="bbox 340 1914 3735 2019">
     <span class='ocr_line' id='line_1_18' title="bbox 340 1914 3735 2019; baseline -0.001 -36"><span class='ocrx_word' id='word_1_211' title='bbox 340 1925 734 2019; x_wconf 60' lang='lat' dir='ltr'>i_ntegritatem</span> <span class='ocrx_word' id='word_1_212' title='bbox 756 1917 1389 2019; x_wconf 51' lang='lat' dir='ltr'>vivacitatemdiltinta</span> <span class='ocrx_word' id='word_1_213' title='bbox 1412 1916 1506 1970; x_wconf 91' lang='lat' dir='ltr'>hic</span> <span class='ocrx_word' id='word_1_214' title='bbox 1529 1915 1743 1971; x_wconf 86' lang='lat' dir='ltr'>mentio</span> <span class='ocrx_word' id='word_1_215' title='bbox 1781 1914 1998 1970; x_wconf 88' lang='lat' dir='ltr'>montis</span> <span class='ocrx_word' id='word_1_216' title='bbox 2027 1954 2077 2019; x_wconf 82' lang='lat' dir='ltr'><strong>B</strong></span> <span class='ocrx_word' id='word_1_217' title='bbox 2109 1916 2530 2019; x_wconf 31' lang='lat' dir='ltr'>literni-subdit:-</span> <span class='ocrx_word' id='word_1_218' title='bbox 2560 1921 2641 1975; x_wconf 70' lang='lat' dir='ltr'>Ex</span> <span class='ocrx_word' id='word_1_219' title='bbox 2662 1925 2820 1992; x_wconf 85' lang='lat' dir='ltr'>parte</span> <span class='ocrx_word' id='word_1_220' title='bbox 2848 1923 2998 1977; x_wconf 86' lang='lat' dir='ltr'>enim</span> <span class='ocrx_word' id='word_1_221' title='bbox 3018 1926 3419 1992; x_wconf 83' lang='lat' dir='ltr'>cognoscimus,</span> <span class='ocrx_word' id='word_1_222' title='bbox 3462 1930 3572 1980; x_wconf 89' lang='lat' dir='ltr'>etc.</span> <span class='ocrx_word' id='word_1_223' title='bbox 3603 1929 3735 1980; x_wconf 88' lang='lat' dir='ltr'>Bene</span> 
     </span>
    </p>
   </div>
   <div class='ocr_carea' id='block_1_19' title="bbox 2116 1119 3823 1196">
    <p class='ocr_par' dir='ltr' id='par_1_19' title="bbox 2116 1119 3823 1196">
     <span class='ocr_line' id='line_1_19' title="bbox 2116 1119 3823 1196; baseline 0.006 -24"><span class='ocrx_word' id='word_1_224' title='bbox 2116 1119 2208 1174; x_wconf 91' lang='lat' dir='ltr'>nis</span> <span class='ocrx_word' id='word_1_225' title='bbox 2238 1120 2520 1176; x_wconf 70' lang='lat' dir='ltr'>inhaerere</span> <span class='ocrx_word' id='word_1_226' title='bbox 2552 1127 2755 1193; x_wconf 89' lang='lat' dir='ltr'>putat;</span> <span class='ocrx_word' id='word_1_227' title='bbox 2787 1127 2841 1177; x_wconf 90' lang='lat' dir='ltr'>et</span> <span class='ocrx_word' id='word_1_228' title='bbox 2872 1139 2988 1193; x_wconf 90' lang='lat' dir='ltr'>quo</span> <span class='ocrx_word' id='word_1_229' title='bbox 3018 1122 3590 1196; x_wconf 87' lang='lat' dir='ltr'>altioraconscendit,</span> <span class='ocrx_word' id='word_1_230' title='bbox 3605 1143 3667 1182; x_wconf 89' lang='lat' dir='ltr'>eo</span> <span class='ocrx_word' id='word_1_231' title='bbox 3686 1144 3739 1183; x_wconf 88' lang='lat' dir='ltr'>se</span> <span class='ocrx_word' id='word_1_232' title='bbox 3822 1130 3823 1196; x_wconf 49' lang='grc' dir='ltr'>ἢ</span> 
     </span>
    </p>
   </div>
   <div class='ocr_carea' id='block_1_20' title="bbox 343 2006 1388 2085">
    <p class='ocr_par' dir='ltr' id='par_1_20' title="bbox 343 2006 1388 2085">
     <span class='ocr_line' id='line_1_20' title="bbox 343 2006 1388 2085; baseline -0.012 -14"><span class='ocrx_word' id='word_1_233' title='bbox 343 2017 429 2085; x_wconf 85' lang='lat' dir='ltr'>ﬁt,</span> <span class='ocrx_word' id='word_1_234' title='bbox 458 2013 639 2070; x_wconf 89' lang='lat' dir='ltr'>veluti</span> <span class='ocrx_word' id='word_1_235' title='bbox 672 2015 730 2067; x_wconf 81' lang='lat' dir='ltr'>et.</span> <span class='ocrx_word' id='word_1_236' title='bbox 751 2010 833 2065; x_wconf 89' lang='lat' dir='ltr'>ibi</span> <span class='ocrx_word' id='word_1_237' title='bbox 866 2008 1076 2079; x_wconf 80' lang='lat' dir='ltr'>(Matth.</span> <span class='ocrx_word' id='word_1_238' title='bbox 1107 2023 1241 2076; x_wconf 83' lang='lat' dir='ltr'>xvn,</span> <span class='ocrx_word' id='word_1_239' title='bbox 1283 2006 1388 2074; x_wconf 88' lang='grc'>19).</span> 
     </span>
    </p>
   </div>
   <div class='ocr_carea' id='block_1_21' title="bbox 416 2092 1994 2163">
    <p class='ocr_par' dir='ltr' id='par_1_21' title="bbox 416 2092 1994 2163">
     <span class='ocr_line' id='line_1_21' title="bbox 416 2092 1994 2163; baseline -0.008 -4"><span class='ocrx_word' id='word_1_240' title='bbox 416 2103 755 2158; x_wconf 79' lang='lat' dir='ltr'>Charitatem</span> <span class='ocrx_word' id='word_1_241' title='bbox 812 2105 995 2153; x_wconf 85' lang='lat' dir='ltr'>autem</span> <span class='ocrx_word' id='word_1_242' title='bbox 1051 2111 1162 2150; x_wconf 85' lang='lat' dir='ltr'>non</span> <span class='ocrx_word' id='word_1_243' title='bbox 1214 2095 1465 2163; x_wconf 84' lang='lat' dir='ltr'>habeam,</span> <span class='ocrx_word' id='word_1_244' title='bbox 1517 2092 1664 2147; x_wconf 87' lang='lat' dir='ltr'>nihil</span> <span class='ocrx_word' id='word_1_245' title='bbox 1689 2108 1835 2147; x_wconf 89' lang='lat' dir='ltr'>sum.</span> <span class='ocrx_word' id='word_1_246' title='bbox 1870 2093 1994 2148; x_wconf 89' lang='lat' dir='ltr'>Non</span> 
     </span>
    </p>
   </div>
   <div class='ocr_carea' id='block_1_22' title="bbox 340 2181 1993 2264">
    <p class='ocr_par' dir='ltr' id='par_1_22' title="bbox 340 2181 1993 2264">
     <span class='ocr_line' id='line_1_22' title="bbox 340 2181 1993 2264; baseline -0.009 -16"><span class='ocrx_word' id='word_1_247' title='bbox 340 2196 515 2264; x_wconf 87' lang='lat' dir='ltr'>negat</span> <span class='ocrx_word' id='word_1_248' title='bbox 543 2206 605 2245; x_wconf 87' lang='lat' dir='ltr'>se</span> <span class='ocrx_word' id='word_1_249' title='bbox 636 2184 1104 2243; x_wconf 88' lang='lat' dir='ltr'>substantialiter</span> <span class='ocrx_word' id='word_1_250' title='bbox 1132 2182 1389 2249; x_wconf 89' lang='lat' dir='ltr'>esse,sed</span> <span class='ocrx_word' id='word_1_251' title='bbox 1421 2182 1482 2236; x_wconf 91' lang='lat' dir='ltr'>in</span> <span class='ocrx_word' id='word_1_252' title='bbox 1510 2181 1836 2236; x_wconf 88' lang='lat' dir='ltr'>ministerio</span> <span class='ocrx_word' id='word_1_253' title='bbox 1851 2197 1993 2251; x_wconf 71' lang='lat' dir='ltr'>prse-</span> 
     </span>
    </p>
   </div>
   <div class='ocr_carea' id='block_1_23' title="bbox 337 2269 1990 2336">
    <p class='ocr_par' dir='ltr' id='par_1_23' title="bbox 337 2269 1990 2336">
     <span class='ocr_line' id='line_1_23' title="bbox 337 2269 1990 2336; baseline -0.007 -1"><span class='ocrx_word' id='word_1_254' title='bbox 337 2277 650 2336; x_wconf 81' lang='lat' dir='ltr'>dicationis</span> <span class='ocrx_word' id='word_1_255' title='bbox 675 2274 822 2330; x_wconf 86' lang='lat' dir='ltr'>nihil</span> <span class='ocrx_word' id='word_1_256' title='bbox 854 2291 916 2329; x_wconf 89' lang='lat' dir='ltr'>se</span> <span class='ocrx_word' id='word_1_257' title='bbox 948 2289 1077 2329; x_wconf 86' lang='lat' dir='ltr'>esse</span> <span class='ocrx_word' id='word_1_258' title='bbox 1112 2270 1269 2326; x_wconf 83' lang='lat' dir='ltr'>dicit.</span> <span class='ocrx_word' id='word_1_259' title='bbox 1304 2272 1369 2325; x_wconf 84' lang='lat' dir='ltr'>Et</span> <span class='ocrx_word' id='word_1_260' title='bbox 1397 2272 1452 2324; x_wconf 84' lang='lat' dir='ltr'>si</span> <span class='ocrx_word' id='word_1_261' title='bbox 1478 2269 1827 2335; x_wconf 73' lang='lat' dir='ltr'>distribuere,</span> <span class='ocrx_word' id='word_1_262' title='bbox 1879 2274 1990 2324; x_wconf 87' lang='lat' dir='ltr'>etc.</span> 
     </span>
    </p>
   </div>
   <div class='ocr_carea' id='block_1_24' title="bbox 337 2359 1991 2439">
    <p class='ocr_par' dir='ltr' id='par_1_24' title="bbox 337 2359 1991 2439">
     <span class='ocr_line' id='line_1_24' title="bbox 337 2359 1991 2439; baseline -0.009 -12"><span class='ocrx_word' id='word_1_263' title='bbox 337 2370 487 2427; x_wconf 84' lang='lat' dir='ltr'>Nota</span> <span class='ocrx_word' id='word_1_264' title='bbox 513 2367 653 2439; x_wconf 88' lang='lat' dir='ltr'>quia</span> <span class='ocrx_word' id='word_1_265' title='bbox 678 2361 1155 2419; x_wconf 88' lang='lat' dir='ltr'>distributionem</span> <span class='ocrx_word' id='word_1_266' title='bbox 1182 2359 1526 2415; x_wconf 85' lang='lat' dir='ltr'>facultatum</span> <span class='ocrx_word' id='word_1_267' title='bbox 1553 2359 1833 2431; x_wconf 84' lang='lat' dir='ltr'>martyrio</span> <span class='ocrx_word' id='word_1_268' title='bbox 1854 2374 1991 2413; x_wconf 89' lang='lat' dir='ltr'>con-</span> 
     </span>
    </p>
   </div>
   <div class='ocr_carea' id='block_1_25' title="bbox 331 2446 1987 2529">
    <p class='ocr_par' dir='ltr' id='par_1_25' title="bbox 331 2446 1987 2529">
     <span class='ocr_line' id='line_1_25' title="bbox 331 2446 1987 2529; baseline -0.005 -16"><span class='ocrx_word' id='word_1_269' title='bbox 331 2457 572 2529; x_wconf 85' lang='lat' dir='ltr'>jungit;</span> <span class='ocrx_word' id='word_1_270' title='bbox 604 2455 701 2510; x_wconf 88' lang='lat' dir='ltr'>ubi</span> <span class='ocrx_word' id='word_1_271' title='bbox 716 2452 1041 2508; x_wconf 83' lang='lat' dir='ltr'>ostenditur</span> <span class='ocrx_word' id='word_1_272' title='bbox 1055 2452 1252 2521; x_wconf 88' lang='lat' dir='ltr'>magni</span> <span class='ocrx_word' id='word_1_273' title='bbox 1267 2448 1455 2503; x_wconf 86' lang='lat' dir='ltr'>meriti</span> <span class='ocrx_word' id='word_1_274' title='bbox 1471 2464 1599 2503; x_wconf 89' lang='lat' dir='ltr'>esse</span> <span class='ocrx_word' id='word_1_275' title='bbox 1628 2446 1987 2505; x_wconf 87' lang='lat' dir='ltr'>distributio.</span> 
     </span>
    </p>
   </div>
   <div class='ocr_carea' id='block_1_26' title="bbox 340 2535 1988 2615">
    <p class='ocr_par' dir='ltr' id='par_1_26' title="bbox 340 2535 1988 2615">
     <span class='ocr_line' id='line_1_26' title="bbox 340 2535 1988 2615; baseline -0.007 -14"><span class='ocrx_word' id='word_1_276' title='bbox 340 2545 453 2601; x_wconf 89' lang='lat' dir='ltr'>Sed</span> <span class='ocrx_word' id='word_1_277' title='bbox 488 2543 627 2615; x_wconf 86' lang='lat' dir='ltr'>quia</span> <span class='ocrx_word' id='word_1_278' title='bbox 656 2541 845 2597; x_wconf 80' lang='lat' dir='ltr'>solent</span> <span class='ocrx_word' id='word_1_279' title='bbox 873 2539 1115 2610; x_wconf 88' lang='lat' dir='ltr'>quidam</span> <span class='ocrx_word' id='word_1_280' title='bbox 1146 2536 1422 2591; x_wconf 85' lang='lat' dir='ltr'>simulate</span> <span class='ocrx_word' id='word_1_281' title='bbox 1443 2535 1551 2590; x_wconf 91' lang='lat' dir='ltr'>hoc</span> <span class='ocrx_word' id='word_1_282' title='bbox 1576 2536 1769 2606; x_wconf 89' lang='lat' dir='ltr'>ipsum</span> <span class='ocrx_word' id='word_1_283' title='bbox 1797 2551 1988 2606; x_wconf 85' lang='lat' dir='ltr'>agere,</span> 
     </span>
    </p>
   </div>
   <div class='ocr_carea' id='block_1_27' title="bbox 336 2624 1990 2702">
    <p class='ocr_par' dir='ltr' id='par_1_27' title="bbox 336 2624 1990 2702">
     <span class='ocr_line' id='line_1_27' title="bbox 336 2624 1990 2702; baseline -0.006 -13"><span class='ocrx_word' id='word_1_284' title='bbox 336 2634 469 2689; x_wconf 91' lang='lat' dir='ltr'>ideo</span> <span class='ocrx_word' id='word_1_285' title='bbox 500 2629 841 2702; x_wconf 80' lang='lat' dir='ltr'>subjunxit:</span> <span class='ocrx_word' id='word_1_286' title='bbox 876 2627 1218 2683; x_wconf 82' lang='lat' dir='ltr'>Charitatem</span> <span class='ocrx_word' id='word_1_287' title='bbox 1246 2628 1430 2680; x_wconf 86' lang='lat' dir='ltr'>autem</span> <span class='ocrx_word' id='word_1_288' title='bbox 1456 2624 1828 2688; x_wconf 81' lang='lat' dir='ltr'>nonhabeam,</span> <span class='ocrx_word' id='word_1_289' title='bbox 1846 2625 1990 2679; x_wconf 87' lang='lat' dir='ltr'>nihil</span> 
     </span>
    </p>
   </div>
   <div class='ocr_carea' id='block_1_28' title="bbox 333 2711 1985 2793">
    <p class='ocr_par' dir='ltr' id='par_1_28' title="bbox 333 2711 1985 2793">
     <span class='ocr_line' id='line_1_28' title="bbox 333 2711 1985 2793; baseline -0.006 -15"><span class='ocrx_word' id='word_1_290' title='bbox 333 2718 844 2793; x_wconf 72' lang='lat' dir='ltr'>mihiprodesLSed</span> <span class='ocrx_word' id='word_1_291' title='bbox 877 2714 1153 2771; x_wconf 87' lang='lat' dir='ltr'>simulate</span> <span class='ocrx_word' id='word_1_292' title='bbox 1191 2713 1422 2768; x_wconf 87' lang='lat' dir='ltr'>duobus</span> <span class='ocrx_word' id='word_1_293' title='bbox 1467 2712 1657 2767; x_wconf 91' lang='lat' dir='ltr'>modis</span> <span class='ocrx_word' id='word_1_294' title='bbox 1690 2711 1985 2784; x_wconf 89' lang='lat' dir='ltr'>intellige:</span> 
     </span>
    </p>
   </div>
   <div class='ocr_carea' id='block_1_29' title="bbox 335 2800 1987 2883">
    <p class='ocr_par' dir='ltr' id='par_1_29' title="bbox 335 2800 1987 2883">
     <span class='ocr_line' id='line_1_29' title="bbox 335 2800 1987 2883; baseline -0.007 -17"><span class='ocrx_word' id='word_1_295' title='bbox 335 2810 475 2883; x_wconf 89' lang='lat' dir='ltr'>quia</span> <span class='ocrx_word' id='word_1_296' title='bbox 502 2826 612 2865; x_wconf 82' lang='lat' dir='ltr'>sua</span> <span class='ocrx_word' id='word_1_297' title='bbox 641 2806 979 2871; x_wconf 87' lang='lat' dir='ltr'>tribuit,aut</span> <span class='ocrx_word' id='word_1_298' title='bbox 1008 2803 1352 2874; x_wconf 85' lang='lat' dir='ltr'>martyrium</span> <span class='ocrx_word' id='word_1_299' title='bbox 1368 2800 1601 2871; x_wconf 89' lang='lat' dir='ltr'>adit,vel</span> <span class='ocrx_word' id='word_1_300' title='bbox 1641 2806 1793 2855; x_wconf 89' lang='lat' dir='ltr'>certe</span> <span class='ocrx_word' id='word_1_301' title='bbox 1811 2818 1987 2873; x_wconf 90' lang='lat' dir='ltr'>appe-</span> 
     </span>
    </p>
   </div>
   <div class='ocr_carea' id='block_1_30' title="bbox 334 2891 1985 2960">
    <p class='ocr_par' dir='ltr' id='par_1_30' title="bbox 334 2891 1985 2960">
     <span class='ocr_line' id='line_1_30' title="bbox 334 2891 1985 2960; baseline -0.006 -6"><span class='ocrx_word' id='word_1_302' title='bbox 334 2900 446 2954; x_wconf 86' lang='lat' dir='ltr'>titu</span> <span class='ocrx_word' id='word_1_303' title='bbox 479 2899 753 2953; x_wconf 69' lang='lat' dir='ltr'>humanae</span> <span class='ocrx_word' id='word_1_304' title='bbox 780 2893 995 2956; x_wconf 83' lang='lat' dir='ltr'>laudis,</span> <span class='ocrx_word' id='word_1_305' title='bbox 1028 2897 1132 2947; x_wconf 89' lang='lat' dir='ltr'>aut</span> <span class='ocrx_word' id='word_1_306' title='bbox 1163 2891 1431 2960; x_wconf 75' lang='lat' dir='ltr'>fingendo</span> <span class='ocrx_word' id='word_1_307' title='bbox 1463 2907 1525 2945; x_wconf 91' lang='lat' dir='ltr'>se</span> <span class='ocrx_word' id='word_1_308' title='bbox 1550 2891 1826 2958; x_wconf 89' lang='lat' dir='ltr'>amicum,</span> <span class='ocrx_word' id='word_1_309' title='bbox 1852 2907 1985 2945; x_wconf 88' lang='lat' dir='ltr'>cum</span> 
     </span>
    </p>
   </div>
   <div class='ocr_carea' id='block_1_31' title="bbox 338 2985 743 3044">
    <p class='ocr_par' dir='ltr' id='par_1_31' title="bbox 338 2985 743 3044">
     <span class='ocr_line' id='line_1_31' title="bbox 338 2985 743 3044; baseline -0.012 -2"><span class='ocrx_word' id='word_1_310' title='bbox 338 2987 416 3044; x_wconf 85' lang='lat' dir='ltr'>sit</span> <span class='ocrx_word' id='word_1_311' title='bbox 445 2985 743 3041; x_wconf 89' lang='lat' dir='ltr'>inimicus.</span> 
     </span>
    </p>
   </div>
   <div class='ocr_carea' id='block_1_32' title="bbox 409 3068 1985 3145">
    <p class='ocr_par' dir='ltr' id='par_1_32' title="bbox 409 3068 1985 3145">
     <span class='ocr_line' id='line_1_32' title="bbox 409 3068 1985 3145; baseline -0.004 -14"><span class='ocrx_word' id='word_1_312' title='bbox 409 3075 668 3131; x_wconf 84' lang='lat' dir='ltr'>Charitas</span> <span class='ocrx_word' id='word_1_313' title='bbox 694 3073 915 3145; x_wconf 76' lang='lat' dir='ltr'>patiens</span> <span class='ocrx_word' id='word_1_314' title='bbox 941 3079 1038 3135; x_wconf 87' lang='lat' dir='ltr'>est,</span> <span class='ocrx_word' id='word_1_315' title='bbox 1079 3074 1187 3126; x_wconf 89' lang='lat' dir='ltr'>etc.</span> <span class='ocrx_word' id='word_1_316' title='bbox 1248 3068 1659 3124; x_wconf 89' lang='lat' dir='ltr'>Nominaverat</span> <span class='ocrx_word' id='word_1_317' title='bbox 1710 3068 1985 3139; x_wconf 87' lang='lat' dir='ltr'>superius</span> 
     </span>
    </p>
   </div>
   <div class='ocr_carea' id='block_1_33' title="bbox 334 3157 1978 3229">
    <p class='ocr_par' dir='ltr' id='par_1_33' title="bbox 334 3157 1978 3229">
     <span class='ocr_line' id='line_1_33' title="bbox 334 3157 1978 3229; baseline -0.007 -8"><span class='ocrx_word' id='word_1_318' title='bbox 334 3164 674 3221; x_wconf 84' lang='lat' dir='ltr'>charitatem</span> <span class='ocrx_word' id='word_1_319' title='bbox 699 3183 713 3229; x_wconf 86' lang='lat'>;</span> <span class='ocrx_word' id='word_1_320' title='bbox 731 3178 885 3217; x_wconf 91' lang='lat' dir='ltr'>nunc</span> <span class='ocrx_word' id='word_1_321' title='bbox 895 3178 1030 3215; x_wconf 90' lang='lat' dir='ltr'>vero</span> <span class='ocrx_word' id='word_1_322' title='bbox 1044 3160 1310 3215; x_wconf 87' lang='lat' dir='ltr'>membra</span> <span class='ocrx_word' id='word_1_323' title='bbox 1323 3158 1392 3213; x_wconf 92' lang='lat' dir='ltr'>ch</span> <span class='ocrx_word' id='word_1_324' title='bbox 1401 3158 1483 3212; x_wconf 88' lang='lat' dir='ltr'>ari</span> <span class='ocrx_word' id='word_1_325' title='bbox 1493 3157 1628 3212; x_wconf 85' lang='lat' dir='ltr'>tatis</span> <span class='ocrx_word' id='word_1_326' title='bbox 1642 3158 1978 3227; x_wconf 87' lang='lat' dir='ltr'>ostendens,</span> 
     </span>
    </p>
   </div>
   <div class='ocr_carea' id='block_1_34' title="bbox 333 3245 1978 3321">
    <p class='ocr_par' dir='ltr' id='par_1_34' title="bbox 333 3245 1978 3321">
     <span class='ocr_line' id='line_1_34' title="bbox 333 3245 1978 3321; baseline -0.005 -13"><span class='ocrx_word' id='word_1_327' title='bbox 333 3254 513 3309; x_wconf 86' lang='lat' dir='ltr'>dicit:</span> <span class='ocrx_word' id='word_1_328' title='bbox 549 3252 804 3307; x_wconf 82' lang='lat' dir='ltr'>Charitas</span> <span class='ocrx_word' id='word_1_329' title='bbox 830 3252 1045 3321; x_wconf 83' lang='lat' dir='ltr'>patiens</span> <span class='ocrx_word' id='word_1_330' title='bbox 1071 3253 1169 3314; x_wconf 85' lang='lat' dir='ltr'>est,</span> <span class='ocrx_word' id='word_1_331' title='bbox 1202 3252 1311 3302; x_wconf 89' lang='lat' dir='ltr'>etc.</span> <span class='ocrx_word' id='word_1_332' title='bbox 1348 3247 1603 3311; x_wconf 87' lang='lat' dir='ltr'>Patiens,</span> <span class='ocrx_word' id='word_1_333' title='bbox 1636 3245 1793 3300; x_wconf 87' lang='lat' dir='ltr'>mala</span> <span class='ocrx_word' id='word_1_334' title='bbox 1851 3261 1978 3316; x_wconf 90' lang='lat' dir='ltr'>per-</span> 
     </span>
    </p>
   </div>
   <div class='ocr_carea' id='block_1_35' title="bbox 2109 2004 3731 2085">
    <p class='ocr_par' dir='ltr' id='par_1_35' title="bbox 2109 2004 3731 2085">
     <span class='ocr_line' id='line_1_35' title="bbox 2109 2004 3731 2085; baseline 0.006 -25"><span class='ocrx_word' id='word_1_335' title='bbox 2109 2004 2216 2061; x_wconf 90' lang='lat' dir='ltr'>hoc</span> <span class='ocrx_word' id='word_1_336' title='bbox 2246 2007 2408 2076; x_wconf 92' lang='lat' dir='ltr'>dicit,</span> <span class='ocrx_word' id='word_1_337' title='bbox 2434 2008 2572 2080; x_wconf 89' lang='lat' dir='ltr'>quia</span> <span class='ocrx_word' id='word_1_338' title='bbox 2601 2010 2801 2065; x_wconf 87' lang='lat' dir='ltr'>nullus</span> <span class='ocrx_word' id='word_1_339' title='bbox 2834 2011 3117 2083; x_wconf 88' lang='lat' dir='ltr'>mortalis,</span> <span class='ocrx_word' id='word_1_340' title='bbox 3151 2029 3218 2068; x_wconf 89' lang='lat' dir='ltr'>ac</span> <span class='ocrx_word' id='word_1_341' title='bbox 3245 2014 3302 2067; x_wconf 91' lang='lat' dir='ltr'>in</span> <span class='ocrx_word' id='word_1_342' title='bbox 3330 2012 3601 2085; x_wconf 65' lang='lat' dir='ltr'>praesenti</span> <span class='ocrx_word' id='word_1_343' title='bbox 3627 2013 3731 2069; x_wconf 88' lang='lat' dir='ltr'>vita</span> 
     </span>
    </p>
   </div>
   <div class='ocr_carea' id='block_1_36' title="bbox 2105 2095 3735 2172">
    <p class='ocr_par' dir='ltr' id='par_1_36' title="bbox 2105 2095 3735 2172">
     <span class='ocr_line' id='line_1_36' title="bbox 2105 2095 3735 2172; baseline 0.006 -24"><span class='ocrx_word' id='word_1_344' title='bbox 2105 2095 2356 2166; x_wconf 89' lang='lat' dir='ltr'>positus,</span> <span class='ocrx_word' id='word_1_345' title='bbox 2389 2099 2639 2167; x_wconf 82' lang='lat' dir='ltr'>perfecte</span> <span class='ocrx_word' id='word_1_346' title='bbox 2661 2115 3009 2169; x_wconf 88' lang='lat' dir='ltr'>cognoscere</span> <span class='ocrx_word' id='word_1_347' title='bbox 3031 2106 3260 2172; x_wconf 84' lang='lat' dir='ltr'>potest;</span> <span class='ocrx_word' id='word_1_348' title='bbox 3284 2102 3475 2158; x_wconf 89' lang='lat' dir='ltr'>multa</span> <span class='ocrx_word' id='word_1_349' title='bbox 3494 2101 3642 2158; x_wconf 91' lang='lat' dir='ltr'>enim</span> <span class='ocrx_word' id='word_1_350' title='bbox 3655 2102 3735 2157; x_wconf 89' lang='lat' dir='ltr'>hic</span> 
     </span>
    </p>
   </div>
   <div class='ocr_carea' id='block_1_37' title="bbox 2104 2188 3732 2259">
    <p class='ocr_par' dir='ltr' id='par_1_37' title="bbox 2104 2188 3732 2259">
     <span class='ocr_line' id='line_1_37' title="bbox 2104 2188 3732 2259; baseline 0.005 -23"><span class='ocrx_word' id='word_1_351' title='bbox 2104 2190 2561 2253; x_wconf 80' lang='lat' dir='ltr'>cognoscuntur,</span> <span class='ocrx_word' id='word_1_352' title='bbox 2596 2188 2696 2241; x_wconf 90' lang='lat' dir='ltr'>sed</span> <span class='ocrx_word' id='word_1_353' title='bbox 2729 2192 2924 2243; x_wconf 87' lang='lat' dir='ltr'>tamen</span> <span class='ocrx_word' id='word_1_354' title='bbox 2949 2206 3063 2244; x_wconf 90' lang='lat' dir='ltr'>non</span> <span class='ocrx_word' id='word_1_355' title='bbox 3087 2190 3322 2259; x_wconf 90' lang='lat' dir='ltr'>omnia;</span> <span class='ocrx_word' id='word_1_356' title='bbox 3347 2194 3410 2246; x_wconf 87' lang='lat' dir='ltr'>et</span> <span class='ocrx_word' id='word_1_357' title='bbox 3438 2192 3563 2247; x_wconf 93' lang='lat' dir='ltr'>ideo</span> <span class='ocrx_word' id='word_1_358' title='bbox 3582 2188 3732 2256; x_wconf 89' lang='lat' dir='ltr'>dicit;</span> 
     </span>
    </p>
   </div>
   <div class='ocr_carea' id='block_1_38' title="bbox 2103 2274 3731 2351">
    <p class='ocr_par' dir='ltr' id='par_1_38' title="bbox 2103 2274 3731 2351">
     <span class='ocr_line' id='line_1_38' title="bbox 2103 2274 3731 2351; baseline 0.004 -25"><span class='ocrx_word' id='word_1_359' title='bbox 2103 2274 2145 2326; x_wconf 72' lang='lat'><em>13</em></span> <span class='ocrx_word' id='word_1_360' title='bbox 2162 2290 2186 2321; x_wconf 63' lang='lat' dir='ltr'>Ir</span> <span class='ocrx_word' id='word_1_361' title='bbox 2212 2278 2368 2343; x_wconf 89' lang='lat' dir='ltr'>parte</span> <span class='ocrx_word' id='word_1_362' title='bbox 2425 2279 2822 2344; x_wconf 82' lang='lat' dir='ltr'>cognoscimus,</span> <span class='ocrx_word' id='word_1_363' title='bbox 2872 2285 2923 2333; x_wconf 88' lang='lat' dir='ltr'>et</span> <span class='ocrx_word' id='word_1_364' title='bbox 2951 2294 3023 2332; x_wconf 77' lang='lat' dir='ltr'>ea:</span> <span class='ocrx_word' id='word_1_365' title='bbox 3066 2282 3224 2350; x_wconf 82' lang='lat' dir='ltr'>parte</span> <span class='ocrx_word' id='word_1_366' title='bbox 3250 2282 3656 2351; x_wconf 88' lang='lat' dir='ltr'>prophetamus,</span> <span class='ocrx_word' id='word_1_367' title='bbox 3685 2279 3731 2333; x_wconf 90' lang='lat' dir='ltr'>id</span> 
     </span>
    </p>
   </div>
   <div class='ocr_carea' id='block_1_39' title="bbox 2103 2362 3731 2437">
    <p class='ocr_par' dir='ltr' id='par_1_39' title="bbox 2103 2362 3731 2437">
     <span class='ocr_line' id='line_1_39' title="bbox 2103 2362 3731 2437; baseline 0.002 -21"><span class='ocrx_word' id='word_1_368' title='bbox 2103 2368 2210 2429; x_wconf 83' lang='lat' dir='ltr'>est,</span> <span class='ocrx_word' id='word_1_369' title='bbox 2240 2362 2437 2417; x_wconf 86' lang='lat' dir='ltr'>futura</span> <span class='ocrx_word' id='word_1_370' title='bbox 2470 2363 2880 2432; x_wconf 66' lang='lat' dir='ltr'>prmdicimus:</span> <span class='ocrx_word' id='word_1_371' title='bbox 2916 2364 3051 2419; x_wconf 90' lang='lat' dir='ltr'>Cum</span> <span class='ocrx_word' id='word_1_372' title='bbox 3089 2374 3276 2421; x_wconf 84' lang='lat' dir='ltr'>autem</span> <span class='ocrx_word' id='word_1_373' title='bbox 3331 2368 3547 2422; x_wconf 87' lang='lat' dir='ltr'>venerit</span> <span class='ocrx_word' id='word_1_374' title='bbox 3604 2366 3731 2437; x_wconf 86' lang='lat' dir='ltr'>quod</span> 
     </span>
    </p>
   </div>
   <div class='ocr_carea' id='block_1_40' title="bbox 2096 2452 3734 2526">
    <p class='ocr_par' dir='ltr' id='par_1_40' title="bbox 2096 2452 3734 2526">
     <span class='ocr_line' id='line_1_40' title="bbox 2096 2452 3734 2526; baseline 0.002 -23"><span class='ocrx_word' id='word_1_375' title='bbox 2096 2452 2403 2521; x_wconf 80' lang='lat' dir='ltr'>perfectum</span> <span class='ocrx_word' id='word_1_376' title='bbox 2434 2454 2894 2519; x_wconf 87' lang='lat' dir='ltr'>est,evaeuabitur</span> <span class='ocrx_word' id='word_1_377' title='bbox 2921 2454 3062 2526; x_wconf 87' lang='lat' dir='ltr'>quod</span> <span class='ocrx_word' id='word_1_378' title='bbox 3083 2471 3152 2509; x_wconf 77' lang='lat' dir='ltr'>ea:</span> <span class='ocrx_word' id='word_1_379' title='bbox 3167 2463 3329 2525; x_wconf 87' lang='lat' dir='ltr'>parte</span> <span class='ocrx_word' id='word_1_380' title='bbox 3349 2465 3469 2518; x_wconf 86' lang='lat' dir='ltr'>est;</span> <span class='ocrx_word' id='word_1_381' title='bbox 3488 2472 3597 2511; x_wconf 90' lang='lat' dir='ltr'>non</span> <span class='ocrx_word' id='word_1_382' title='bbox 3626 2455 3734 2526; x_wconf 79' lang='lat' dir='ltr'>ipsa</span> 
     </span>
    </p>
   </div>
   <div class='ocr_carea' id='block_1_41' title="bbox 2101 2538 3733 2621">
    <p class='ocr_par' dir='ltr' id='par_1_41' title="bbox 2101 2538 3733 2621">
     <span class='ocr_line' id='line_1_41' title="bbox 2101 2538 3733 2621; baseline 0.001 -28"><span class='ocrx_word' id='word_1_383' title='bbox 2101 2538 2364 2609; x_wconf 86' lang='lat' dir='ltr'>scientia,</span> <span class='ocrx_word' id='word_1_384' title='bbox 2399 2557 2523 2611; x_wconf 72' lang='lat' dir='ltr'>qua:</span> <span class='ocrx_word' id='word_1_385' title='bbox 2555 2558 2711 2597; x_wconf 92' lang='lat' dir='ltr'>nunc</span> <span class='ocrx_word' id='word_1_386' title='bbox 2741 2542 3010 2607; x_wconf 88' lang='lat' dir='ltr'>habetur,</span> <span class='ocrx_word' id='word_1_387' title='bbox 3042 2542 3101 2598; x_wconf 91' lang='lat' dir='ltr'>in</span> <span class='ocrx_word' id='word_1_388' title='bbox 3136 2544 3333 2621; x_wconf 80' lang='lat' dir='ltr'>futuro</span> <span class='ocrx_word' id='word_1_389' title='bbox 3378 2543 3733 2601; x_wconf 87' lang='lat' dir='ltr'>evacuabitur</span> 
     </span>
    </p>
   </div>
   <div class='ocr_carea' id='block_1_42' title="bbox 2101 2629 3728 2703">
    <p class='ocr_par' dir='ltr' id='par_1_42' title="bbox 2101 2629 3728 2703">
     <span class='ocr_line' id='line_1_42' title="bbox 2101 2629 3728 2703; baseline 0.002 -22"><span class='ocrx_word' id='word_1_390' title='bbox 2101 2629 2254 2698; x_wconf 91' lang='lat' dir='ltr'>quod</span> <span class='ocrx_word' id='word_1_391' title='bbox 2283 2646 2351 2684; x_wconf 87' lang='lat' dir='ltr'>ex</span> <span class='ocrx_word' id='word_1_392' title='bbox 2382 2634 2545 2700; x_wconf 89' lang='lat' dir='ltr'>parte</span> <span class='ocrx_word' id='word_1_393' title='bbox 2575 2630 2789 2694; x_wconf 86' lang='lat' dir='ltr'>est,sed</span> <span class='ocrx_word' id='word_1_394' title='bbox 2814 2632 3179 2702; x_wconf 89' lang='lat' dir='ltr'>imperfectio</span> <span class='ocrx_word' id='word_1_395' title='bbox 3201 2634 3473 2703; x_wconf 87' lang='lat' dir='ltr'>ejusdem</span> <span class='ocrx_word' id='word_1_396' title='bbox 3497 2631 3728 2688; x_wconf 73' lang='lat' dir='ltr'>scientia</span> 
     </span>
    </p>
   </div>
   <div class='ocr_carea' id='block_1_43' title="bbox 2098 2717 3731 2789">
    <p class='ocr_par' dir='ltr' id='par_1_43' title="bbox 2098 2717 3731 2789">
     <span class='ocr_line' id='line_1_43' title="bbox 2098 2717 3731 2789; baseline 0.001 -19"><span class='ocrx_word' id='word_1_397' title='bbox 2098 2717 2453 2784; x_wconf 86' lang='lat' dir='ltr'>destruetur,</span> <span class='ocrx_word' id='word_1_398' title='bbox 2488 2717 2626 2788; x_wconf 88' lang='lat' dir='ltr'>quia</span> <span class='ocrx_word' id='word_1_399' title='bbox 2656 2720 3152 2789; x_wconf 88' lang='lat' dir='ltr'>augmentabitur.</span> <span class='ocrx_word' id='word_1_400' title='bbox 3188 2721 3254 2776; x_wconf 88' lang='lat' dir='ltr'>Et</span> <span class='ocrx_word' id='word_1_401' title='bbox 3306 2721 3446 2777; x_wconf 89' lang='lat' dir='ltr'>talis</span> <span class='ocrx_word' id='word_1_402' title='bbox 3496 2726 3584 2778; x_wconf 88' lang='lat' dir='ltr'>est</span> <span class='ocrx_word' id='word_1_403' title='bbox 3635 2717 3731 2774; x_wconf 88' lang='lat' dir='ltr'>ista</span> 
     </span>
    </p>
   </div>
   <div class='ocr_carea' id='block_1_44' title="bbox 2097 2805 3731 2881">
    <p class='ocr_par' dir='ltr' id='par_1_44' title="bbox 2097 2805 3731 2881">
     <span class='ocr_line' id='line_1_44' title="bbox 2097 2805 3731 2881; baseline 0 -22"><span class='ocrx_word' id='word_1_404' title='bbox 2097 2805 2332 2872; x_wconf 88' lang='lat' dir='ltr'>locutio,</span> <span class='ocrx_word' id='word_1_405' title='bbox 2367 2807 2867 2876; x_wconf 86' lang='lat' dir='ltr'>quemadmodum</span> <span class='ocrx_word' id='word_1_406' title='bbox 2899 2808 2947 2863; x_wconf 93' lang='lat' dir='ltr'>si</span> <span class='ocrx_word' id='word_1_407' title='bbox 2969 2810 3156 2864; x_wconf 91' lang='lat' dir='ltr'>nubes</span> <span class='ocrx_word' id='word_1_408' title='bbox 3187 2815 3518 2881; x_wconf 89' lang='lat' dir='ltr'>opponatur</span> <span class='ocrx_word' id='word_1_409' title='bbox 3563 2806 3731 2876; x_wconf 88' lang='lat' dir='ltr'>soli,et</span> 
     </span>
    </p>
   </div>
   <div class='ocr_carea' id='block_1_45' title="bbox 2095 2891 3727 2962">
    <p class='ocr_par' dir='ltr' id='par_1_45' title="bbox 2095 2891 3727 2962">
     <span class='ocr_line' id='line_1_45' title="bbox 2095 2891 3727 2962; baseline 0.002 -18"><span class='ocrx_word' id='word_1_410' title='bbox 2095 2891 2225 2962; x_wconf 89' lang='lat' dir='ltr'>ipsa</span> <span class='ocrx_word' id='word_1_411' title='bbox 2241 2891 2476 2946; x_wconf 88' lang='lat' dir='ltr'>claritas</span> <span class='ocrx_word' id='word_1_412' title='bbox 2500 2892 2876 2948; x_wconf 87' lang='lat' dir='ltr'>abstrahatur</span> <span class='ocrx_word' id='word_1_413' title='bbox 2899 2913 2912 2962; x_wconf 90' lang='lat'>;</span> <span class='ocrx_word' id='word_1_414' title='bbox 2938 2896 2986 2949; x_wconf 90' lang='lat' dir='ltr'>si</span> <span class='ocrx_word' id='word_1_415' title='bbox 3010 2912 3141 2951; x_wconf 91' lang='lat' dir='ltr'>vero</span> <span class='ocrx_word' id='word_1_416' title='bbox 3164 2898 3549 2952; x_wconf 86' lang='lat' dir='ltr'>subtrahatur</span> <span class='ocrx_word' id='word_1_417' title='bbox 3564 2896 3727 2950; x_wconf 86' lang='lat' dir='ltr'>nubes</span> 
     </span>
    </p>
   </div>
   <div class='ocr_carea' id='block_1_46' title="bbox 2095 2979 3727 3051">
    <p class='ocr_par' dir='ltr' id='par_1_46' title="bbox 2095 2979 3727 3051">
     <span class='ocr_line' id='line_1_46' title="bbox 2095 2979 3727 3051; baseline 0.002 -19"><span class='ocrx_word' id='word_1_418' title='bbox 2095 2982 2287 3050; x_wconf 88' lang='lat' dir='ltr'>potest</span> <span class='ocrx_word' id='word_1_419' title='bbox 2316 2980 2449 3050; x_wconf 85' lang='lat' dir='ltr'>quis</span> <span class='ocrx_word' id='word_1_420' title='bbox 2480 2979 2669 3036; x_wconf 87' lang='lat' dir='ltr'>dicere</span> <span class='ocrx_word' id='word_1_421' title='bbox 2693 2997 2706 3036; x_wconf 89' lang='lat'><strong>:</strong></span> <span class='ocrx_word' id='word_1_422' title='bbox 2740 2982 3025 3039; x_wconf 87' lang='lat' dir='ltr'>Evacuata</span> <span class='ocrx_word' id='word_1_423' title='bbox 3056 2988 3146 3039; x_wconf 90' lang='lat' dir='ltr'>est</span> <span class='ocrx_word' id='word_1_424' title='bbox 3170 2985 3428 3041; x_wconf 89' lang='lat' dir='ltr'>charitas</span> <span class='ocrx_word' id='word_1_425' title='bbox 3451 2984 3608 3051; x_wconf 88' lang='lat' dir='ltr'>solis;</span> <span class='ocrx_word' id='word_1_426' title='bbox 3630 2997 3727 3038; x_wconf 87' lang='lat' dir='ltr'>non</span> 
     </span>
    </p>
   </div>
   <div class='ocr_carea' id='block_1_47' title="bbox 2095 3067 3723 3147">
    <p class='ocr_par' dir='ltr' id='par_1_47' title="bbox 2095 3067 3723 3147">
     <span class='ocr_line' id='line_1_47' title="bbox 2095 3067 3723 3147; baseline 0.001 -26"><span class='ocrx_word' id='word_1_427' title='bbox 2095 3067 2249 3139; x_wconf 91' lang='lat' dir='ltr'>quod</span> <span class='ocrx_word' id='word_1_428' title='bbox 2282 3068 2411 3139; x_wconf 90' lang='lat' dir='ltr'>ipsa</span> <span class='ocrx_word' id='word_1_429' title='bbox 2439 3068 2677 3125; x_wconf 87' lang='lat' dir='ltr'>claritas</span> <span class='ocrx_word' id='word_1_430' title='bbox 2709 3071 2785 3126; x_wconf 89' lang='lat' dir='ltr'>sit</span> <span class='ocrx_word' id='word_1_431' title='bbox 2833 3078 3131 3141; x_wconf 77' lang='lat' dir='ltr'>evacuate,</span> <span class='ocrx_word' id='word_1_432' title='bbox 3186 3074 3287 3129; x_wconf 90' lang='lat' dir='ltr'>sed</span> <span class='ocrx_word' id='word_1_433' title='bbox 3348 3069 3723 3147; x_wconf 86' lang='lat' dir='ltr'>augmentatio</span> 
     </span>
    </p>
   </div>
   <div class='ocr_carea' id='block_1_48' title="bbox 2090 3157 3722 3233">
    <p class='ocr_par' dir='ltr' id='par_1_48' title="bbox 2090 3157 3722 3233">
     <span class='ocr_line' id='line_1_48' title="bbox 2090 3157 3722 3233; baseline 0 -22"><span class='ocrx_word' id='word_1_434' title='bbox 2090 3157 2371 3212; x_wconf 89' lang='lat' dir='ltr'>claritatis</span> <span class='ocrx_word' id='word_1_435' title='bbox 2392 3158 2606 3214; x_wconf 91' lang='lat' dir='ltr'>dicitur</span> <span class='ocrx_word' id='word_1_436' title='bbox 2621 3176 2935 3217; x_wconf 89' lang='lat' dir='ltr'>evacuasse</span> <span class='ocrx_word' id='word_1_437' title='bbox 2958 3162 3459 3233; x_wconf 87' lang='lat' dir='ltr'>imperfectionem</span> <span class='ocrx_word' id='word_1_438' title='bbox 3482 3160 3722 3233; x_wconf 87' lang='lat' dir='ltr'>ejusdem</span> 
     </span>
    </p>
   </div>
   <div class='ocr_carea' id='block_1_49' title="bbox 2091 3246 3721 3319">
    <p class='ocr_par' dir='ltr' id='par_1_49' title="bbox 2091 3246 3721 3319">
     <span class='ocr_line' id='line_1_49' title="bbox 2091 3246 3721 3319; baseline 0.001 -19"><span class='ocrx_word' id='word_1_439' title='bbox 2091 3246 2395 3301; x_wconf 86' lang='lat' dir='ltr'>claritatis.</span> <span class='ocrx_word' id='word_1_440' title='bbox 2422 3248 2489 3302; x_wconf 89' lang='lat' dir='ltr'>Et</span> <span class='ocrx_word' id='word_1_441' title='bbox 2522 3247 2630 3304; x_wconf 91' lang='lat' dir='ltr'>hoc</span> <span class='ocrx_word' id='word_1_442' title='bbox 2660 3248 2853 3319; x_wconf 90' lang='lat' dir='ltr'>ipsum</span> <span class='ocrx_word' id='word_1_443' title='bbox 2887 3250 3590 3307; x_wconf 88' lang='lat' dir='ltr'>submissasimilitudine</span> <span class='ocrx_word' id='word_1_444' title='bbox 3610 3264 3721 3303; x_wconf 81' lang='lat' dir='ltr'>ma-</span> 
     </span>
    </p>
   </div>
   <div class='ocr_carea' id='block_1_50' title="bbox 330 3317 3709 3408">
    <p class='ocr_par' dir='ltr' id='par_1_50' title="bbox 330 3317 3709 3408">
     <span class='ocr_line' id='line_1_50' title="bbox 330 3317 3709 3408; baseline -0.003 -11"><span class='ocrx_word' id='word_1_445' title='bbox 330 3341 605 3408; x_wconf 86' lang='lat' dir='ltr'>ferendo;</span> <span class='ocrx_word' id='word_1_446' title='bbox 641 3317 899 3408; x_wconf 76' lang='lat' dir='ltr'>benigna,</span> <span class='ocrx_word' id='word_1_447' title='bbox 932 3338 1084 3392; x_wconf 90' lang='lat' dir='ltr'>bona</span> <span class='ocrx_word' id='word_1_448' title='bbox 1116 3333 1723 3391; x_wconf 86' lang='lat' dir='ltr'>tribuendo.Charitas</span> <span class='ocrx_word' id='word_1_449' title='bbox 1749 3334 1982 3388; x_wconf 69' lang='lat' dir='ltr'>Graecus</span> <span class='ocrx_word' id='word_1_450' title='bbox 2012 3317 2054 3383; x_wconf 85' lang='lat' dir='ltr'>C</span> <span class='ocrx_word' id='word_1_451' title='bbox 2092 3334 2349 3405; x_wconf 84' lang='lat' dir='ltr'>nifestat,</span> <span class='ocrx_word' id='word_1_452' title='bbox 2385 3336 2617 3392; x_wconf 90' lang='lat' dir='ltr'>dicens:</span> <span class='ocrx_word' id='word_1_453' title='bbox 2654 3317 2788 3392; x_wconf 80' lang='lat' dir='ltr'>Cum</span> <span class='ocrx_word' id='word_1_454' title='bbox 2835 3354 3006 3394; x_wconf 87' lang='lat' dir='ltr'>essem</span> <span class='ocrx_word' id='word_1_455' title='bbox 3052 3340 3341 3407; x_wconf 81' lang='lat' dir='ltr'>parvulus,</span> <span class='ocrx_word' id='word_1_456' title='bbox 3394 3346 3506 3396; x_wconf 87' lang='lat' dir='ltr'>etc.</span> <span class='ocrx_word' id='word_1_457' title='bbox 3570 3339 3709 3394; x_wconf 89' lang='lat' dir='ltr'>Hanc</span> 
     </span>
    </p>
   </div>
   <div class='ocr_carea' id='block_1_51' title="bbox 330 3421 1975 3497">
    <p class='ocr_par' dir='ltr' id='par_1_51' title="bbox 330 3421 1975 3497">
     <span class='ocr_line' id='line_1_51' title="bbox 330 3421 1975 3497; baseline -0.006 -11"><span class='ocrx_word' id='word_1_458' title='bbox 330 3446 523 3486; x_wconf 88' lang='lat' dir='ltr'>sermo</span> <span class='ocrx_word' id='word_1_459' title='bbox 554 3432 663 3494; x_wconf 87' lang='lat' dir='ltr'>est,</span> <span class='ocrx_word' id='word_1_460' title='bbox 695 3433 754 3482; x_wconf 92' lang='lat' dir='ltr'>et</span> <span class='ocrx_word' id='word_1_461' title='bbox 781 3427 1194 3497; x_wconf 87' lang='lat' dir='ltr'>interpretatur</span> <span class='ocrx_word' id='word_1_462' title='bbox 1219 3424 1458 3478; x_wconf 84' lang='lat' dir='ltr'>dilectio.</span> <span class='ocrx_word' id='word_1_463' title='bbox 1508 3421 1750 3477; x_wconf 88' lang='lat' dir='ltr'>Dilectio</span> <span class='ocrx_word' id='word_1_464' title='bbox 1779 3429 1975 3476; x_wconf 90' lang='lat' dir='ltr'>autem</span> 
     </span>
    </p>
   </div>
   <div class='ocr_carea' id='block_1_52' title="bbox 331 3510 1978 3588">
    <p class='ocr_par' dir='ltr' id='par_1_52' title="bbox 331 3510 1978 3588">
     <span class='ocr_line' id='line_1_52' title="bbox 331 3510 1978 3588; baseline -0.006 -13"><span class='ocrx_word' id='word_1_465' title='bbox 331 3520 568 3584; x_wconf 84' lang='lat' dir='ltr'>dicitur,</span> <span class='ocrx_word' id='word_1_466' title='bbox 600 3534 665 3573; x_wconf 91' lang='lat' dir='ltr'>eo</span> <span class='ocrx_word' id='word_1_467' title='bbox 698 3516 853 3588; x_wconf 91' lang='lat' dir='ltr'>quod</span> <span class='ocrx_word' id='word_1_468' title='bbox 884 3516 1036 3569; x_wconf 89' lang='lat' dir='ltr'>duos</span> <span class='ocrx_word' id='word_1_469' title='bbox 1066 3514 1219 3567; x_wconf 89' lang='lat' dir='ltr'>inter</span> <span class='ocrx_word' id='word_1_470' title='bbox 1256 3529 1318 3567; x_wconf 87' lang='lat' dir='ltr'>se</span> <span class='ocrx_word' id='word_1_471' title='bbox 1375 3511 1532 3581; x_wconf 83' lang='lat' dir='ltr'>liget.</span> <span class='ocrx_word' id='word_1_472' title='bbox 1567 3510 1818 3565; x_wconf 82' lang='lat' dir='ltr'>Charitas</span> <span class='ocrx_word' id='word_1_473' title='bbox 1866 3526 1978 3565; x_wconf 83' lang='lat' dir='ltr'>non</span> 
     </span>
    </p>
   </div>
   <div class='ocr_carea' id='block_1_53' title="bbox 330 3599 1976 3673">
    <p class='ocr_par' dir='ltr' id='par_1_53' title="bbox 330 3599 1976 3673">
     <span class='ocr_line' id='line_1_53' title="bbox 330 3599 1976 3673; baseline -0.005 -12"><span class='ocrx_word' id='word_1_474' title='bbox 330 3607 645 3673; x_wconf 62' lang='lat' dir='ltr'>maculatur,</span> <span class='ocrx_word' id='word_1_475' title='bbox 680 3605 737 3661; x_wconf 89' lang='lat' dir='ltr'>id</span> <span class='ocrx_word' id='word_1_476' title='bbox 769 3608 879 3672; x_wconf 89' lang='lat' dir='ltr'>est,</span> <span class='ocrx_word' id='word_1_477' title='bbox 912 3612 1029 3657; x_wconf 84' lang='lat' dir='ltr'>non</span> <span class='ocrx_word' id='word_1_478' title='bbox 1066 3602 1307 3666; x_wconf 88' lang='lat' dir='ltr'>invidet,</span> <span class='ocrx_word' id='word_1_479' title='bbox 1367 3601 1506 3670; x_wconf 85' lang='lat' dir='ltr'>quia</span> <span class='ocrx_word' id='word_1_480' title='bbox 1556 3599 1811 3653; x_wconf 89' lang='lat' dir='ltr'>visibilia</span> <span class='ocrx_word' id='word_1_481' title='bbox 1839 3616 1976 3653; x_wconf 89' lang='lat' dir='ltr'>con-</span> 
     </span>
    </p>
   </div>
   <div class='ocr_carea' id='block_1_54' title="bbox 329 3686 1979 3761">
    <p class='ocr_par' dir='ltr' id='par_1_54' title="bbox 329 3686 1979 3761">
     <span class='ocr_line' id='line_1_54' title="bbox 329 3686 1979 3761; baseline -0.006 -10"><span class='ocrx_word' id='word_1_482' title='bbox 329 3695 578 3761; x_wconf 78' lang='lat' dir='ltr'>temnit;</span> <span class='ocrx_word' id='word_1_483' title='bbox 614 3695 733 3748; x_wconf 85' lang='lat' dir='ltr'>sive</span> <span class='ocrx_word' id='word_1_484' title='bbox 766 3707 882 3746; x_wconf 90' lang='lat' dir='ltr'>non</span> <span class='ocrx_word' id='word_1_485' title='bbox 912 3690 1243 3751; x_wconf 70' lang='lat' dir='ltr'>aemulatur,</span> <span class='ocrx_word' id='word_1_486' title='bbox 1277 3688 1333 3742; x_wconf 90' lang='lat' dir='ltr'>id</span> <span class='ocrx_word' id='word_1_487' title='bbox 1358 3693 1467 3753; x_wconf 89' lang='lat' dir='ltr'>est,</span> <span class='ocrx_word' id='word_1_488' title='bbox 1501 3704 1615 3741; x_wconf 57' lang='lat' dir='ltr'>non</span> <span class='ocrx_word' id='word_1_489' title='bbox 1650 3686 1979 3757; x_wconf 83' lang='lat' dir='ltr'>inflat,quia</span> 
     </span>
    </p>
   </div>
   <div class='ocr_carea' id='block_1_55' title="bbox 331 3774 1979 3852">
    <p class='ocr_par' dir='ltr' id='par_1_55' title="bbox 331 3774 1979 3852">
     <span class='ocr_line' id='line_1_55' title="bbox 331 3774 1979 3852; baseline -0.005 -14"><span class='ocrx_word' id='word_1_490' title='bbox 331 3786 490 3838; x_wconf 63' lang='lat' dir='ltr'>caret</span> <span class='ocrx_word' id='word_1_491' title='bbox 518 3779 1008 3852; x_wconf 87' lang='lat' dir='ltr'>superbia.Mater</span> <span class='ocrx_word' id='word_1_492' title='bbox 1035 3776 1193 3830; x_wconf 89' lang='lat' dir='ltr'>enim</span> <span class='ocrx_word' id='word_1_493' title='bbox 1224 3774 1549 3828; x_wconf 78' lang='lat' dir='ltr'>inflationis</span> <span class='ocrx_word' id='word_1_494' title='bbox 1583 3775 1860 3843; x_wconf 87' lang='lat' dir='ltr'>superbia</span> <span class='ocrx_word' id='word_1_495' title='bbox 1890 3780 1979 3829; x_wconf 89' lang='lat' dir='ltr'>est</span> 
     </span>
    </p>
   </div>
   <div class='ocr_carea' id='block_1_56' title="bbox 329 3861 1974 3941">
    <p class='ocr_par' dir='ltr' id='par_1_56' title="bbox 329 3861 1974 3941">
     <span class='ocr_line' id='line_1_56' title="bbox 329 3861 1974 3941; baseline -0.005 -15"><span class='ocrx_word' id='word_1_496' title='bbox 329 3870 448 3927; x_wconf 81' lang='lat' dir='ltr'>Non</span> <span class='ocrx_word' id='word_1_497' title='bbox 471 3870 586 3941; x_wconf 77' lang='lat' dir='ltr'>agit</span> <span class='ocrx_word' id='word_1_498' title='bbox 607 3883 921 3939; x_wconf 79' lang='lat' dir='ltr'>perperam,</span> <span class='ocrx_word' id='word_1_499' title='bbox 954 3864 1013 3919; x_wconf 93' lang='lat' dir='ltr'>id</span> <span class='ocrx_word' id='word_1_500' title='bbox 1044 3869 1155 3927; x_wconf 82' lang='lat' dir='ltr'>est,</span> <span class='ocrx_word' id='word_1_501' title='bbox 1186 3861 1564 3935; x_wconf 88' lang='lat' dir='ltr'>perversa,vel</span> <span class='ocrx_word' id='word_1_502' title='bbox 1596 3862 1974 3930; x_wconf 86' lang='lat' dir='ltr'>distortuosa,</span> 
     </span>
    </p>
   </div>
   <div class='ocr_carea' id='block_1_57' title="bbox 330 3947 1976 4031">
    <p class='ocr_par' dir='ltr' id='par_1_57' title="bbox 330 3947 1976 4031">
     <span class='ocr_line' id='line_1_57' title="bbox 330 3947 1976 4031; baseline -0.005 -16"><span class='ocrx_word' id='word_1_503' title='bbox 330 3959 470 4031; x_wconf 79' lang='lat' dir='ltr'>quia</span> <span class='ocrx_word' id='word_1_504' title='bbox 500 3958 559 4012; x_wconf 93' lang='lat' dir='ltr'>in</span> <span class='ocrx_word' id='word_1_505' title='bbox 591 3957 755 4012; x_wconf 88' lang='lat' dir='ltr'>illum</span> <span class='ocrx_word' id='word_1_506' title='bbox 782 3954 1166 4010; x_wconf 89' lang='lat' dir='ltr'>intentionem</span> <span class='ocrx_word' id='word_1_507' title='bbox 1199 3968 1366 4007; x_wconf 90' lang='lat' dir='ltr'>suam</span> <span class='ocrx_word' id='word_1_508' title='bbox 1401 3947 1664 4017; x_wconf 83' lang='lat' dir='ltr'>collocat,</span> <span class='ocrx_word' id='word_1_509' title='bbox 1698 3951 1757 4005; x_wconf 90' lang='lat' dir='ltr'>in</span> <span class='ocrx_word' id='word_1_510' title='bbox 1807 3952 1976 4022; x_wconf 88' lang='lat' dir='ltr'>cujus</span> 
     </span>
    </p>
   </div>
   <div class='ocr_carea' id='block_1_58' title="bbox 326 4041 1973 4121">
    <p class='ocr_par' dir='ltr' id='par_1_58' title="bbox 326 4041 1973 4121">
     <span class='ocr_line' id='line_1_58' title="bbox 326 4041 1973 4121; baseline -0.005 -17"><span class='ocrx_word' id='word_1_511' title='bbox 326 4047 547 4121; x_wconf 85' lang='lat' dir='ltr'>regulis</span> <span class='ocrx_word' id='word_1_512' title='bbox 577 4046 659 4102; x_wconf 90' lang='lat' dir='ltr'>nil</span> <span class='ocrx_word' id='word_1_513' title='bbox 690 4046 1113 4100; x_wconf 87' lang='lat' dir='ltr'>distortuosum</span> <span class='ocrx_word' id='word_1_514' title='bbox 1154 4041 1469 4097; x_wconf 87' lang='lat' dir='ltr'>invenitur.</span> <span class='ocrx_word' id='word_1_515' title='bbox 1527 4042 1647 4096; x_wconf 86' lang='lat' dir='ltr'>Non</span> <span class='ocrx_word' id='word_1_516' title='bbox 1703 4044 1884 4111; x_wconf 83' lang='lat' dir='ltr'>inﬂat,</span> <span class='ocrx_word' id='word_1_517' title='bbox 1917 4041 1973 4095; x_wconf 91' lang='lat' dir='ltr'>id</span> 
     </span>
    </p>
   </div>
   <div class='ocr_carea' id='block_1_59' title="bbox 327 4130 1973 4207">
    <p class='ocr_par' dir='ltr' id='par_1_59' title="bbox 327 4130 1973 4207">
     <span class='ocr_line' id='line_1_59' title="bbox 327 4130 1973 4207; baseline -0.004 -14"><span class='ocrx_word' id='word_1_518' title='bbox 327 4141 441 4204; x_wconf 88' lang='lat' dir='ltr'>est,</span> <span class='ocrx_word' id='word_1_519' title='bbox 474 4152 589 4192; x_wconf 88' lang='lat' dir='ltr'>non</span> <span class='ocrx_word' id='word_1_520' title='bbox 621 4134 906 4207; x_wconf 90' lang='lat' dir='ltr'>superbit.</span> <span class='ocrx_word' id='word_1_521' title='bbox 932 4133 1051 4187; x_wconf 86' lang='lat' dir='ltr'>Non</span> <span class='ocrx_word' id='word_1_522' title='bbox 1099 4135 1178 4187; x_wconf 83' lang='lat' dir='ltr'>est</span> <span class='ocrx_word' id='word_1_523' title='bbox 1216 4131 1478 4199; x_wconf 89' lang='lat' dir='ltr'>ambiosa,</span> <span class='ocrx_word' id='word_1_524' title='bbox 1510 4130 1569 4185; x_wconf 92' lang='lat' dir='ltr'>id</span> <span class='ocrx_word' id='word_1_525' title='bbox 1608 4135 1716 4197; x_wconf 89' lang='lat' dir='ltr'>est,</span> <span class='ocrx_word' id='word_1_526' title='bbox 1747 4136 1973 4202; x_wconf 88' lang='lat' dir='ltr'>tempo-</span> 
     </span>
    </p>
   </div>
   <div class='ocr_carea' id='block_1_60' title="bbox 326 4218 1973 4290">
    <p class='ocr_par' dir='ltr' id='par_1_60' title="bbox 326 4218 1973 4290">
     <span class='ocr_line' id='line_1_60' title="bbox 326 4218 1973 4290; baseline -0.004 -10"><span class='ocrx_word' id='word_1_527' title='bbox 326 4225 473 4281; x_wconf 83' lang='lat' dir='ltr'>ralia</span> <span class='ocrx_word' id='word_1_528' title='bbox 501 4221 1264 4290; x_wconf 86' lang='lat' dir='ltr'>contemnit,sivehonorem</span> <span class='ocrx_word' id='word_1_529' title='bbox 1295 4219 1600 4290; x_wconf 83' lang='lat' dir='ltr'>regiminis</span> <span class='ocrx_word' id='word_1_530' title='bbox 1648 4218 1805 4290; x_wconf 89' lang='lat' dir='ltr'>parvi</span> <span class='ocrx_word' id='word_1_531' title='bbox 1834 4236 1973 4290; x_wconf 86' lang='lat' dir='ltr'>pen-</span> 
     </span>
    </p>
   </div>
   <div class='ocr_carea' id='block_1_61' title="bbox 323 4307 1975 4384">
    <p class='ocr_par' dir='ltr' id='par_1_61' title="bbox 323 4307 1975 4384">
     <span class='ocr_line' id='line_1_61' title="bbox 323 4307 1975 4384; baseline -0.005 -15"><span class='ocrx_word' id='word_1_532' title='bbox 323 4315 441 4369; x_wconf 86' lang='lat' dir='ltr'>det.</span> <span class='ocrx_word' id='word_1_533' title='bbox 471 4315 589 4369; x_wconf 82' lang='lat' dir='ltr'>Nen</span> <span class='ocrx_word' id='word_1_534' title='bbox 610 4313 812 4384; x_wconf 69' lang='lat' dir='ltr'>quaerit</span> <span class='ocrx_word' id='word_1_535' title='bbox 834 4327 952 4383; x_wconf 71' lang='lat' dir='ltr'>qua:</span> <span class='ocrx_word' id='word_1_536' title='bbox 980 4326 1081 4365; x_wconf 81' lang='lat' dir='ltr'>sua</span> <span class='ocrx_word' id='word_1_537' title='bbox 1106 4313 1258 4377; x_wconf 83' lang='lat' dir='ltr'>sunt,</span> <span class='ocrx_word' id='word_1_538' title='bbox 1291 4308 1488 4375; x_wconf 86' lang='lat' dir='ltr'>id&#39;est,</span> <span class='ocrx_word' id='word_1_539' title='bbox 1544 4307 1891 4379; x_wconf 88' lang='lat' dir='ltr'>temporalia</span> <span class='ocrx_word' id='word_1_540' title='bbox 1917 4313 1975 4363; x_wconf 86' lang='lat' dir='ltr'>et</span> 
     </span>
    </p>
   </div>
   <div class='ocr_carea' id='block_1_62' title="bbox 327 4396 1974 4471">
    <p class='ocr_par' dir='ltr' id='par_1_62' title="bbox 327 4396 1974 4471">
     <span class='ocr_line' id='line_1_62' title="bbox 327 4396 1974 4471; baseline -0.004 -13"><span class='ocrx_word' id='word_1_541' title='bbox 327 4402 668 4459; x_wconf 82' lang='lat' dir='ltr'>transitoria</span> <span class='ocrx_word' id='word_1_542' title='bbox 697 4417 813 4457; x_wconf 89' lang='lat' dir='ltr'>non</span> <span class='ocrx_word' id='word_1_543' title='bbox 838 4399 1223 4471; x_wconf 85' lang='lat' dir='ltr'>concupiscit,</span> <span class='ocrx_word' id='word_1_544' title='bbox 1257 4397 1395 4466; x_wconf 88' lang='lat' dir='ltr'>sive,</span> <span class='ocrx_word' id='word_1_545' title='bbox 1416 4396 1553 4468; x_wconf 89' lang='lat' dir='ltr'>quia</span> <span class='ocrx_word' id='word_1_546' title='bbox 1565 4413 1829 4469; x_wconf 76' lang='lat' dir='ltr'>sua,qua3</span> <span class='ocrx_word' id='word_1_547' title='bbox 1848 4396 1974 4452; x_wconf 89' lang='lat' dir='ltr'>sine</span> 
     </span>
    </p>
   </div>
   <div class='ocr_carea' id='block_1_63' title="bbox 327 4486 1975 4560">
    <p class='ocr_par' dir='ltr' id='par_1_63' title="bbox 327 4486 1975 4560">
     <span class='ocr_line' id='line_1_63' title="bbox 327 4486 1975 4560; baseline -0.005 -12"><span class='ocrx_word' id='word_1_548' title='bbox 327 4488 646 4548; x_wconf 64' lang='lat' dir='ltr'>offensione</span> <span class='ocrx_word' id='word_1_549' title='bbox 693 4490 910 4546; x_wconf 86' lang='lat' dir='ltr'>habere</span> <span class='ocrx_word' id='word_1_550' title='bbox 964 4493 1214 4560; x_wconf 85' lang='lat' dir='ltr'>poterat,</span> <span class='ocrx_word' id='word_1_551' title='bbox 1269 4486 1539 4558; x_wconf 86' lang='lat' dir='ltr'>largitur.</span> <span class='ocrx_word' id='word_1_552' title='bbox 1596 4487 1715 4541; x_wconf 87' lang='lat' dir='ltr'>Non</span> <span class='ocrx_word' id='word_1_553' title='bbox 1769 4489 1975 4554; x_wconf 82' lang='lat' dir='ltr'>cogitat</span> 
     </span>
    </p>
   </div>
   <div class='ocr_carea' id='block_1_64' title="bbox 323 4569 1969 4651">
    <p class='ocr_par' dir='ltr' id='par_1_64' title="bbox 323 4569 1969 4651">
     <span class='ocr_line' id='line_1_64' title="bbox 323 4569 1969 4651; baseline -0.004 -16"><span class='ocrx_word' id='word_1_554' title='bbox 323 4582 554 4635; x_wconf 84' lang='lat' dir='ltr'>malum.</span> <span class='ocrx_word' id='word_1_555' title='bbox 587 4569 801 4651; x_wconf 83' lang='lat' dir='ltr'>Magna</span> <span class='ocrx_word' id='word_1_556' title='bbox 829 4583 919 4633; x_wconf 90' lang='lat' dir='ltr'>est</span> <span class='ocrx_word' id='word_1_557' title='bbox 965 4578 1148 4632; x_wconf 89' lang='lat' dir='ltr'>virtus</span> <span class='ocrx_word' id='word_1_558' title='bbox 1178 4575 1504 4646; x_wconf 90' lang='lat' dir='ltr'>charitatis,</span> <span class='ocrx_word' id='word_1_559' title='bbox 1536 4574 1820 4646; x_wconf 91' lang='lat' dir='ltr'>quoniam</span> <span class='ocrx_word' id='word_1_560' title='bbox 1854 4592 1969 4630; x_wconf 90' lang='lat' dir='ltr'>non</span> 
     </span>
    </p>
   </div>
   <div class='ocr_carea' id='block_1_65' title="bbox 2086 3425 3708 3500">
    <p class='ocr_par' dir='ltr' id='par_1_65' title="bbox 2086 3425 3708 3500">
     <span class='ocr_line' id='line_1_65' title="bbox 2086 3425 3708 3500; baseline 0.001 -23"><span class='ocrx_word' id='word_1_561' title='bbox 2086 3430 2430 3495; x_wconf 72' lang='lat' dir='ltr'>praesentem</span> <span class='ocrx_word' id='word_1_562' title='bbox 2460 3425 2638 3481; x_wconf 86' lang='lat' dir='ltr'>vitam</span> <span class='ocrx_word' id='word_1_563' title='bbox 2671 3427 2980 3483; x_wconf 89' lang='lat' dir='ltr'>assimulat</span> <span class='ocrx_word' id='word_1_564' title='bbox 3009 3430 3162 3483; x_wconf 63' lang='lat' dir='ltr'>aetati</span> <span class='ocrx_word' id='word_1_565' title='bbox 3199 3429 3445 3500; x_wconf 88' lang='lat' dir='ltr'>parvuli,</span> <span class='ocrx_word' id='word_1_566' title='bbox 3472 3429 3708 3484; x_wconf 86' lang='lat' dir='ltr'>futuram</span> 
     </span>
    </p>
   </div>
   <div class='ocr_carea' id='block_1_66' title="bbox 2084 3514 3727 3588">
    <p class='ocr_par' dir='ltr' id='par_1_66' title="bbox 2084 3514 3727 3588">
     <span class='ocr_line' id='line_1_66' title="bbox 2084 3514 3727 3588; baseline 0 -23"><span class='ocrx_word' id='word_1_567' title='bbox 2084 3528 2217 3567; x_wconf 90' lang='lat' dir='ltr'>vero</span> <span class='ocrx_word' id='word_1_568' title='bbox 2248 3514 2403 3567; x_wconf 64' lang='lat' dir='ltr'>aetati</span> <span class='ocrx_word' id='word_1_569' title='bbox 2434 3514 2560 3568; x_wconf 90' lang='lat' dir='ltr'>viri.</span> <span class='ocrx_word' id='word_1_570' title='bbox 2596 3516 2661 3570; x_wconf 89' lang='lat' dir='ltr'>Et</span> <span class='ocrx_word' id='word_1_571' title='bbox 2692 3516 2857 3584; x_wconf 88' lang='lat' dir='ltr'>bene,</span> <span class='ocrx_word' id='word_1_572' title='bbox 2888 3518 3026 3588; x_wconf 91' lang='lat' dir='ltr'>quia</span> <span class='ocrx_word' id='word_1_573' title='bbox 3056 3522 3284 3573; x_wconf 89' lang='lat' dir='ltr'>tantum</span> <span class='ocrx_word' id='word_1_574' title='bbox 3339 3518 3522 3574; x_wconf 88' lang='lat' dir='ltr'>distat</span> <span class='ocrx_word' id='word_1_575' title='bbox 3596 3516 3727 3569; x_wconf 84' lang='lat' dir='ltr'>inter</span> 
     </span>
    </p>
   </div>
   <div class='ocr_carea' id='block_1_67' title="bbox 2086 3601 3722 3679">
    <p class='ocr_par' dir='ltr' id='par_1_67' title="bbox 2086 3601 3722 3679">
     <span class='ocr_line' id='line_1_67' title="bbox 2086 3601 3722 3679; baseline 0 -25"><span class='ocrx_word' id='word_1_576' title='bbox 2086 3601 2236 3655; x_wconf 87' lang='lat' dir='ltr'>hanc</span> <span class='ocrx_word' id='word_1_577' title='bbox 2267 3608 2611 3673; x_wconf 69' lang='lat' dir='ltr'>prmsentem</span> <span class='ocrx_word' id='word_1_578' title='bbox 2642 3604 2818 3659; x_wconf 89' lang='lat' dir='ltr'>vitam</span> <span class='ocrx_word' id='word_1_579' title='bbox 2846 3612 2903 3659; x_wconf 91' lang='lat' dir='ltr'>et</span> <span class='ocrx_word' id='word_1_580' title='bbox 2925 3606 3203 3669; x_wconf 88' lang='lat' dir='ltr'>futuram,</span> <span class='ocrx_word' id='word_1_581' title='bbox 3234 3613 3525 3679; x_wconf 89' lang='lat' dir='ltr'>quantum</span> <span class='ocrx_word' id='word_1_582' title='bbox 3582 3605 3722 3659; x_wconf 86' lang='lat' dir='ltr'>inter</span> 
     </span>
    </p>
   </div>
   <div class='ocr_carea' id='block_1_68' title="bbox 2087 3690 3719 3768">
    <p class='ocr_par' dir='ltr' id='par_1_68' title="bbox 2087 3690 3719 3768">
     <span class='ocr_line' id='line_1_68' title="bbox 2087 3690 3719 3768; baseline 0.002 -27"><span class='ocrx_word' id='word_1_583' title='bbox 2087 3693 2312 3743; x_wconf 64' lang='lat' dir='ltr'>aetatem</span> <span class='ocrx_word' id='word_1_584' title='bbox 2346 3690 2504 3761; x_wconf 90' lang='lat' dir='ltr'>parvi</span> <span class='ocrx_word' id='word_1_585' title='bbox 2536 3697 2592 3745; x_wconf 89' lang='lat' dir='ltr'>et</span> <span class='ocrx_word' id='word_1_586' title='bbox 2616 3692 3040 3763; x_wconf 51' lang='lat' dir='ltr'>magniuSicut</span> <span class='ocrx_word' id='word_1_587' title='bbox 3094 3695 3251 3750; x_wconf 89' lang='lat' dir='ltr'>enim</span> <span class='ocrx_word' id='word_1_588' title='bbox 3313 3690 3563 3768; x_wconf 86' lang='lat' dir='ltr'>pueritia</span> <span class='ocrx_word' id='word_1_589' title='bbox 3619 3705 3719 3747; x_wconf 86' lang='lat' dir='ltr'>non</span> 
     </span>
    </p>
   </div>
   <div class='ocr_carea' id='block_1_69' title="bbox 2085 3776 3715 3856">
    <p class='ocr_par' dir='ltr' id='par_1_69' title="bbox 2085 3776 3715 3856">
     <span class='ocr_line' id='line_1_69' title="bbox 2085 3776 3715 3856; baseline 0.002 -27"><span class='ocrx_word' id='word_1_590' title='bbox 2085 3776 2335 3831; x_wconf 88' lang='lat' dir='ltr'>destruit</span> <span class='ocrx_word' id='word_1_591' title='bbox 2364 3777 2695 3847; x_wconf 78' lang='lat' dir='ltr'>infantiam,</span> <span class='ocrx_word' id='word_1_592' title='bbox 2727 3785 2785 3835; x_wconf 86' lang='lat' dir='ltr'>et</span> <span class='ocrx_word' id='word_1_593' title='bbox 2814 3782 3209 3839; x_wconf 89' lang='lat' dir='ltr'>adolescentia</span> <span class='ocrx_word' id='word_1_594' title='bbox 3238 3785 3580 3856; x_wconf 90' lang='lat' dir='ltr'>pueritiam,</span> <span class='ocrx_word' id='word_1_595' title='bbox 3628 3776 3715 3834; x_wconf 87' lang='lat' dir='ltr'>sed</span> 
     </span>
    </p>
   </div>
   <div class='ocr_carea' id='block_1_70' title="bbox 2086 3863 3714 3936">
    <p class='ocr_par' dir='ltr' id='par_1_70' title="bbox 2086 3863 3714 3936">
     <span class='ocr_line' id='line_1_70' title="bbox 2086 3863 3714 3936; baseline 0.001 -21"><span class='ocrx_word' id='word_1_596' title='bbox 2086 3863 2233 3917; x_wconf 88' lang='lat' dir='ltr'>vires</span> <span class='ocrx_word' id='word_1_597' title='bbox 2267 3870 2647 3936; x_wconf 87' lang='lat' dir='ltr'>augmentat:</span> <span class='ocrx_word' id='word_1_598' title='bbox 2683 3868 2763 3923; x_wconf 89' lang='lat' dir='ltr'>ita</span> <span class='ocrx_word' id='word_1_599' title='bbox 2792 3887 2897 3925; x_wconf 92' lang='lat' dir='ltr'>nec</span> <span class='ocrx_word' id='word_1_600' title='bbox 2928 3872 3172 3926; x_wconf 90' lang='lat' dir='ltr'>scientia</span> <span class='ocrx_word' id='word_1_601' title='bbox 3226 3873 3425 3928; x_wconf 89' lang='lat' dir='ltr'>futura</span> <span class='ocrx_word' id='word_1_602' title='bbox 3480 3864 3714 3926; x_wconf 89' lang='lat' dir='ltr'>destruit</span> 
     </span>
    </p>
   </div>
   <div class='ocr_carea' id='block_1_71' title="bbox 2084 3951 3715 4029">
    <p class='ocr_par' dir='ltr' id='par_1_71' title="bbox 2084 3951 3715 4029">
     <span class='ocr_line' id='line_1_71' title="bbox 2084 3951 3715 4029; baseline 0.001 -25"><span class='ocrx_word' id='word_1_603' title='bbox 2084 3951 2280 4019; x_wconf 89' lang='lat' dir='ltr'>istam,</span> <span class='ocrx_word' id='word_1_604' title='bbox 2314 3953 2413 4008; x_wconf 89' lang='lat' dir='ltr'>sed</span> <span class='ocrx_word' id='word_1_605' title='bbox 2463 3961 2822 4026; x_wconf 83' lang='lat' dir='ltr'>augmentat.</span> <span class='ocrx_word' id='word_1_606' title='bbox 2886 3959 3202 4029; x_wconf 84' lang='lat' dir='ltr'>Subjunxit</span> <span class='ocrx_word' id='word_1_607' title='bbox 3249 3961 3427 4017; x_wconf 88' lang='lat' dir='ltr'>etiam</span> <span class='ocrx_word' id='word_1_608' title='bbox 3486 3958 3715 4014; x_wconf 87' lang='lat' dir='ltr'>alteram</span> 
     </span>
    </p>
   </div>
   <div class='ocr_carea' id='block_1_72' title="bbox 2085 4038 3715 4115">
    <p class='ocr_par' dir='ltr' id='par_1_72' title="bbox 2085 4038 3715 4115">
     <span class='ocr_line' id='line_1_72' title="bbox 2085 4038 3715 4115; baseline 0.008 -23"><span class='ocrx_word' id='word_1_609' title='bbox 2085 4038 2533 4096; x_wconf 86' lang='lat' dir='ltr'>similitudinem</span> <span class='ocrx_word' id='word_1_610' title='bbox 2564 4045 2636 4098; x_wconf 88' lang='lat' dir='ltr'>ad</span> <span class='ocrx_word' id='word_1_611' title='bbox 2669 4046 3009 4115; x_wconf 65' lang='lat' dir='ltr'>prmdictum</span> <span class='ocrx_word' id='word_1_612' title='bbox 3064 4049 3411 4105; x_wconf 90' lang='lat' dir='ltr'>attinentem</span> <span class='ocrx_word' id='word_1_613' title='bbox 3470 4056 3715 4105; x_wconf 71' lang='lat' dir='ltr'>sensum,</span> 
     </span>
    </p>
   </div>
   <div class='ocr_carea' id='block_1_73' title="bbox 2083 4129 3711 4207">
    <p class='ocr_par' dir='ltr' id='par_1_73' title="bbox 2083 4129 3711 4207">
     <span class='ocr_line' id='line_1_73' title="bbox 2083 4129 3711 4207; baseline 0.01 -25"><span class='ocrx_word' id='word_1_614' title='bbox 2083 4129 2317 4183; x_wconf 89' lang='lat' dir='ltr'>dicens:</span> <span class='ocrx_word' id='word_1_615' title='bbox 2348 4130 2598 4186; x_wconf 82' lang='lat' dir='ltr'>Videmus</span> <span class='ocrx_word' id='word_1_616' title='bbox 2615 4147 2762 4189; x_wconf 79' lang='lat' dir='ltr'>nunc</span> <span class='ocrx_word' id='word_1_617' title='bbox 2784 4150 2882 4205; x_wconf 87' lang='lat' dir='ltr'>per</span> <span class='ocrx_word' id='word_1_618' title='bbox 2898 4138 3181 4207; x_wconf 86' lang='lat' dir='ltr'>speculum</span> <span class='ocrx_word' id='word_1_619' title='bbox 3211 4139 3266 4192; x_wconf 88' lang='lat' dir='ltr'>in</span> <span class='ocrx_word' id='word_1_620' title='bbox 3292 4132 3711 4207; x_wconf 65' lang='lat' dir='ltr'>mrzigmate,et°-</span> 
     </span>
    </p>
   </div>
   <div class='ocr_carea' id='block_1_74' title="bbox 2085 4216 3704 4295">
    <p class='ocr_par' dir='ltr' id='par_1_74' title="bbox 2085 4216 3704 4295">
     <span class='ocr_line' id='line_1_74' title="bbox 2085 4216 3704 4295; baseline 0.004 -24"><span class='ocrx_word' id='word_1_621' title='bbox 2085 4216 2185 4273; x_wconf 89' lang='lat' dir='ltr'>Ille</span> <span class='ocrx_word' id='word_1_622' title='bbox 2214 4219 2371 4273; x_wconf 90' lang='lat' dir='ltr'>enim</span> <span class='ocrx_word' id='word_1_623' title='bbox 2404 4221 2505 4291; x_wconf 88' lang='lat' dir='ltr'>qui</span> <span class='ocrx_word' id='word_1_624' title='bbox 2538 4238 2640 4293; x_wconf 88' lang='lat' dir='ltr'>per</span> <span class='ocrx_word' id='word_1_625' title='bbox 2669 4222 2974 4295; x_wconf 87' lang='lat' dir='ltr'>speculum</span> <span class='ocrx_word' id='word_1_626' title='bbox 3002 4225 3159 4281; x_wconf 91' lang='lat' dir='ltr'>videt</span> <span class='ocrx_word' id='word_1_627' title='bbox 3190 4243 3303 4282; x_wconf 92' lang='lat' dir='ltr'>non</span> <span class='ocrx_word' id='word_1_628' title='bbox 3338 4242 3458 4281; x_wconf 89' lang='lat' dir='ltr'>rem</span> <span class='ocrx_word' id='word_1_629' title='bbox 3504 4231 3704 4278; x_wconf 65' lang='lat' dir='ltr'>veram.</span> 
     </span>
    </p>
   </div>
   <div class='ocr_carea' id='block_1_75' title="bbox 2083 4305 3707 4386">
    <p class='ocr_par' dir='ltr' id='par_1_75' title="bbox 2083 4305 3707 4386">
     <span class='ocr_line' id='line_1_75' title="bbox 2083 4305 3707 4386; baseline -0.001 -27"><span class='ocrx_word' id='word_1_630' title='bbox 2083 4307 2182 4360; x_wconf 90' lang='lat' dir='ltr'>sed</span> <span class='ocrx_word' id='word_1_631' title='bbox 2218 4324 2338 4361; x_wconf 89' lang='lat' dir='ltr'>rem</span> <span class='ocrx_word' id='word_1_632' title='bbox 2370 4325 2513 4364; x_wconf 70' lang='lat' dir='ltr'>verte</span> <span class='ocrx_word' id='word_1_633' title='bbox 2539 4310 2944 4369; x_wconf 88' lang='lat' dir='ltr'>similitudinis</span> <span class='ocrx_word' id='word_1_634' title='bbox 2976 4314 3272 4386; x_wconf 91' lang='lat' dir='ltr'>prospicit.</span> <span class='ocrx_word' id='word_1_635' title='bbox 3338 4310 3617 4370; x_wconf 85' lang='lat' dir='ltr'>Similiter</span> <span class='ocrx_word' id='word_1_636' title='bbox 3658 4305 3707 4358; x_wconf 81' lang='lat' dir='ltr'>et</span> 
     </span>
    </p>
   </div>
   <div class='ocr_carea' id='block_1_76' title="bbox 2083 4393 3705 4472">
    <p class='ocr_par' dir='ltr' id='par_1_76' title="bbox 2083 4393 3705 4472">
     <span class='ocr_line' id='line_1_76' title="bbox 2083 4393 3705 4472; baseline 0.001 -23"><span class='ocrx_word' id='word_1_637' title='bbox 2083 4394 2332 4465; x_wconf 69' lang='lat' dir='ltr'>aenigma</span> <span class='ocrx_word' id='word_1_638' title='bbox 2360 4396 2520 4452; x_wconf 87' lang='lat' dir='ltr'>aliud</span> <span class='ocrx_word' id='word_1_639' title='bbox 2552 4398 2774 4471; x_wconf 88' lang='lat' dir='ltr'>aliquid</span> <span class='ocrx_word' id='word_1_640' title='bbox 2824 4403 3099 4458; x_wconf 88' lang='lat' dir='ltr'>ostendit.</span> <span class='ocrx_word' id='word_1_641' title='bbox 3160 4404 3305 4461; x_wconf 86' lang='lat' dir='ltr'>Nam</span> <span class='ocrx_word' id='word_1_642' title='bbox 3355 4402 3600 4472; x_wconf 70' lang='lat' dir='ltr'>aenigma</span> <span class='ocrx_word' id='word_1_643' title='bbox 3627 4393 3705 4448; x_wconf 69' lang='lat' dir='ltr'>est</span> 
     </span>
    </p>
   </div>
   <div class='ocr_carea' id='block_1_77' title="bbox 2082 4476 3701 4559">
    <p class='ocr_par' dir='ltr' id='par_1_77' title="bbox 2082 4476 3701 4559">
     <span class='ocr_line' id='line_1_77' title="bbox 2082 4476 3701 4559; baseline 0.002 -21"><span class='ocrx_word' id='word_1_644' title='bbox 2082 4484 2333 4540; x_wconf 88' lang='lat' dir='ltr'>obscura</span> <span class='ocrx_word' id='word_1_645' title='bbox 2361 4489 2653 4543; x_wconf 88' lang='lat' dir='ltr'>sententia</span> <span class='ocrx_word' id='word_1_646' title='bbox 2682 4490 2985 4559; x_wconf 89' lang='lat' dir='ltr'>quodlibet</span> <span class='ocrx_word' id='word_1_647' title='bbox 3016 4491 3172 4547; x_wconf 89' lang='lat' dir='ltr'>aliud</span> <span class='ocrx_word' id='word_1_648' title='bbox 3205 4493 3629 4548; x_wconf 86' lang='lat' dir='ltr'>demonstrans,</span> <span class='ocrx_word' id='word_1_649' title='bbox 3653 4476 3701 4532; x_wconf 75' lang='lat' dir='ltr'>id</span> 
     </span>
    </p>
   </div>
   <div class='ocr_carea' id='block_1_78' title="bbox 2081 4566 3709 4647">
    <p class='ocr_par' dir='ltr' id='par_1_78' title="bbox 2081 4566 3709 4647">
     <span class='ocr_line' id='line_1_78' title="bbox 2081 4566 3709 4647; baseline 0.002 -20"><span class='ocrx_word' id='word_1_650' title='bbox 2081 4578 2189 4642; x_wconf 88' lang='lat' dir='ltr'>est,</span> <span class='ocrx_word' id='word_1_651' title='bbox 2224 4590 2337 4628; x_wconf 91' lang='lat' dir='ltr'>non</span> <span class='ocrx_word' id='word_1_652' title='bbox 2362 4575 2591 4647; x_wconf 90' lang='lat' dir='ltr'>veritas,</span> <span class='ocrx_word' id='word_1_653' title='bbox 2625 4579 2725 4633; x_wconf 90' lang='lat' dir='ltr'>sed</span> <span class='ocrx_word' id='word_1_654' title='bbox 2757 4579 3079 4635; x_wconf 89' lang='lat' dir='ltr'>similitudo</span> <span class='ocrx_word' id='word_1_655' title='bbox 3133 4586 3223 4636; x_wconf 93' lang='lat' dir='ltr'>est</span> <span class='ocrx_word' id='word_1_656' title='bbox 3280 4582 3382 4647; x_wconf 92' lang='lat' dir='ltr'>rei,</span> <span class='ocrx_word' id='word_1_657' title='bbox 3444 4581 3506 4632; x_wconf 89' lang='lat' dir='ltr'>ut</span> <span class='ocrx_word' id='word_1_658' title='bbox 3585 4566 3709 4626; x_wconf 67' lang='lat' dir='ltr'>sunt</span> 
     </span>
    </p>
   </div>
   <div class='ocr_carea' id='block_1_79' title="bbox 324 4658 3710 4747">
    <p class='ocr_par' dir='ltr' id='par_1_79' title="bbox 324 4658 3710 4747">
     <span class='ocr_line' id='line_1_79' title="bbox 324 4658 3710 4747; baseline -0.002 -23"><span class='ocrx_word' id='word_1_659' title='bbox 324 4668 513 4724; x_wconf 89' lang='lat' dir='ltr'>solum</span> <span class='ocrx_word' id='word_1_660' title='bbox 548 4685 665 4723; x_wconf 91' lang='lat' dir='ltr'>non</span> <span class='ocrx_word' id='word_1_661' title='bbox 696 4671 969 4738; x_wconf 88' lang='lat' dir='ltr'>operatur</span> <span class='ocrx_word' id='word_1_662' title='bbox 1000 4666 1243 4734; x_wconf 89' lang='lat' dir='ltr'>malum,</span> <span class='ocrx_word' id='word_1_663' title='bbox 1277 4681 1477 4719; x_wconf 84' lang='lat' dir='ltr'>verum</span> <span class='ocrx_word' id='word_1_664' title='bbox 1497 4665 1673 4719; x_wconf 86' lang='lat' dir='ltr'>etiam</span> <span class='ocrx_word' id='word_1_665' title='bbox 1696 4681 1799 4718; x_wconf 89' lang='lat' dir='ltr'>nec</span> <span class='ocrx_word' id='word_1_666' title='bbox 1822 4663 1975 4735; x_wconf 84' lang='lat' dir='ltr'>cogi-</span> <span class='ocrx_word' id='word_1_667' title='bbox 2004 4683 2049 4747; x_wconf 83' lang='lat' dir='ltr'><strong>D</strong></span> <span class='ocrx_word' id='word_1_668' title='bbox 2084 4658 2378 4732; x_wconf 74' lang='lat' dir='ltr'>alleget-lci</span> <span class='ocrx_word' id='word_1_669' title='bbox 2406 4681 2634 4721; x_wconf 87' lang='lat' dir='ltr'>sensus.</span> <span class='ocrx_word' id='word_1_670' title='bbox 2669 4667 2816 4739; x_wconf 87' lang='lat' dir='ltr'>Ergo</span> <span class='ocrx_word' id='word_1_671' title='bbox 2850 4684 2951 4738; x_wconf 90' lang='lat' dir='ltr'>per</span> <span class='ocrx_word' id='word_1_672' title='bbox 2980 4669 3284 4740; x_wconf 88' lang='lat' dir='ltr'>speculum</span> <span class='ocrx_word' id='word_1_673' title='bbox 3318 4671 3378 4725; x_wconf 89' lang='lat' dir='ltr'>in</span> <span class='ocrx_word' id='word_1_674' title='bbox 3405 4658 3710 4735; x_wconf 64' lang='lat' dir='ltr'>aenigmate</span> 
     </span>
    </p>
   </div>
   <div class='ocr_carea' id='block_1_80' title="bbox 321 4752 1973 4823">
    <p class='ocr_par' dir='ltr' id='par_1_80' title="bbox 321 4752 1973 4823">
     <span class='ocr_line' id='line_1_80' title="bbox 321 4752 1973 4823; baseline -0.003 -12"><span class='ocrx_word' id='word_1_675' title='bbox 321 4761 442 4821; x_wconf 88' lang='lat' dir='ltr'>tat;</span> <span class='ocrx_word' id='word_1_676' title='bbox 477 4764 695 4823; x_wconf 83' lang='lat' dir='ltr'>tamen,</span> <span class='ocrx_word' id='word_1_677' title='bbox 730 4755 778 4810; x_wconf 89' lang='lat' dir='ltr'>si</span> <span class='ocrx_word' id='word_1_678' title='bbox 810 4755 879 4810; x_wconf 88' lang='lat' dir='ltr'>ad</span> <span class='ocrx_word' id='word_1_679' title='bbox 914 4759 1168 4809; x_wconf 87' lang='lat' dir='ltr'>mentem</span> <span class='ocrx_word' id='word_1_680' title='bbox 1190 4752 1973 4816; x_wconf 87' lang='lat' dir='ltr'>veniret,resecat.Quoniam</span> 
     </span>
    </p>
   </div>
   <div class='ocr_carea' id='block_1_81' title="bbox 322 4842 1975 4914">
    <p class='ocr_par' dir='ltr' id='par_1_81' title="bbox 322 4842 1975 4914">
     <span class='ocr_line' id='line_1_81' title="bbox 322 4842 1975 4914; baseline -0.004 -12"><span class='ocrx_word' id='word_1_681' title='bbox 322 4851 462 4902; x_wconf 87' lang='lat' dir='ltr'>sunt</span> <span class='ocrx_word' id='word_1_682' title='bbox 492 4843 757 4900; x_wconf 89' lang='lat' dir='ltr'>nonnulli</span> <span class='ocrx_word' id='word_1_683' title='bbox 793 4844 893 4914; x_wconf 90' lang='lat' dir='ltr'>qui</span> <span class='ocrx_word' id='word_1_684' title='bbox 924 4858 1040 4897; x_wconf 91' lang='lat' dir='ltr'>non</span> <span class='ocrx_word' id='word_1_685' title='bbox 1073 4846 1412 4913; x_wconf 87' lang='lat' dir='ltr'>operantur,</span> <span class='ocrx_word' id='word_1_686' title='bbox 1453 4844 1551 4895; x_wconf 88' lang='lat' dir='ltr'>sed</span> <span class='ocrx_word' id='word_1_687' title='bbox 1587 4846 1780 4896; x_wconf 89' lang='lat' dir='ltr'>tamen</span> <span class='ocrx_word' id='word_1_688' title='bbox 1816 4842 1975 4913; x_wconf 85' lang='lat' dir='ltr'>cogi-</span> 
     </span>
    </p>
   </div>
   <div class='ocr_carea' id='block_1_82' title="bbox 320 4929 1974 5007">
    <p class='ocr_par' dir='ltr' id='par_1_82' title="bbox 320 4929 1974 5007">
     <span class='ocr_line' id='line_1_82' title="bbox 320 4929 1974 5007; baseline -0.004 -17"><span class='ocrx_word' id='word_1_689' title='bbox 320 4934 497 4990; x_wconf 85' lang='lat' dir='ltr'>tando</span> <span class='ocrx_word' id='word_1_690' title='bbox 530 4937 799 5007; x_wconf 87' lang='lat' dir='ltr'>pereunt.</span> <span class='ocrx_word' id='word_1_691' title='bbox 832 4933 951 4987; x_wconf 85' lang='lat' dir='ltr'>Non</span> <span class='ocrx_word' id='word_1_692' title='bbox 1006 4929 1211 5003; x_wconf 84' lang='lat' dir='ltr'>gaudet</span> <span class='ocrx_word' id='word_1_693' title='bbox 1260 4944 1424 4997; x_wconf 82' lang='lat' dir='ltr'>super</span> <span class='ocrx_word' id='word_1_694' title='bbox 1481 4930 1801 4998; x_wconf 81' lang='lat' dir='ltr'>iniquitate,</span> <span class='ocrx_word' id='word_1_695' title='bbox 1854 4936 1974 4984; x_wconf 85' lang='lat' dir='ltr'>tam</span> 
     </span>
    </p>
   </div>
   <div class='ocr_carea' id='block_1_83' title="bbox 323 5011 1975 5092">
    <p class='ocr_par' dir='ltr' id='par_1_83' title="bbox 323 5011 1975 5092">
     <span class='ocr_line' id='line_1_83' title="bbox 323 5011 1975 5092; baseline -0.004 -14"><span class='ocrx_word' id='word_1_696' title='bbox 323 5023 591 5079; x_wconf 84' lang='lat' dir='ltr'>facientis</span> <span class='ocrx_word' id='word_1_697' title='bbox 622 5038 798 5091; x_wconf 83' lang='lat' dir='ltr'>quam</span> <span class='ocrx_word' id='word_1_698' title='bbox 832 5011 1525 5092; x_wconf 83' lang='lat' dir='ltr'>patientis,quiaillorum</span> <span class='ocrx_word' id='word_1_699' title='bbox 1561 5017 1774 5072; x_wconf 83' lang='lat' dir='ltr'>damna</span> <span class='ocrx_word' id='word_1_700' title='bbox 1796 5017 1975 5073; x_wconf 88' lang='lat' dir='ltr'>veluti</span> 
     </span>
    </p>
   </div>
   <div class='ocr_carea' id='block_1_84' title="bbox 324 5106 1977 5181">
    <p class='ocr_par' dir='ltr' id='par_1_84' title="bbox 324 5106 1977 5181">
     <span class='ocr_line' id='line_1_84' title="bbox 324 5106 1977 5181; baseline -0.003 -15"><span class='ocrx_word' id='word_1_701' title='bbox 324 5128 435 5167; x_wconf 86' lang='lat' dir='ltr'>sua</span> <span class='ocrx_word' id='word_1_702' title='bbox 463 5113 723 5181; x_wconf 81' lang='lat' dir='ltr'>deputat.</span> <span class='ocrx_word' id='word_1_703' title='bbox 759 5108 1078 5180; x_wconf 63' lang='lat' dir='ltr'>Crngaudet</span> <span class='ocrx_word' id='word_1_704' title='bbox 1111 5112 1295 5162; x_wconf 89' lang='lat' dir='ltr'>autem</span> <span class='ocrx_word' id='word_1_705' title='bbox 1314 5107 1686 5171; x_wconf 81' lang='lat' dir='ltr'>veritati,tam</span> <span class='ocrx_word' id='word_1_706' title='bbox 1710 5106 1977 5162; x_wconf 83' lang='lat' dir='ltr'>facientis</span> 
     </span>
    </p>
   </div>
   <div class='ocr_carea' id='block_1_85' title="bbox 322 5194 1979 5270">
    <p class='ocr_par' dir='ltr' id='par_1_85' title="bbox 322 5194 1979 5270">
     <span class='ocr_line' id='line_1_85' title="bbox 322 5194 1979 5270; baseline -0.002 -17"><span class='ocrx_word' id='word_1_707' title='bbox 322 5214 501 5270; x_wconf 88' lang='lat' dir='ltr'>quam</span> <span class='ocrx_word' id='word_1_708' title='bbox 533 5198 903 5252; x_wconf 87' lang='lat' dir='ltr'>sustinentis.</span> <span class='ocrx_word' id='word_1_709' title='bbox 940 5198 1145 5253; x_wconf 88' lang='lat' dir='ltr'>Omnia</span> <span class='ocrx_word' id='word_1_710' title='bbox 1176 5197 1388 5267; x_wconf 69' lang='lat' dir='ltr'>suffert,</span> <span class='ocrx_word' id='word_1_711' title='bbox 1421 5194 1509 5249; x_wconf 90' lang='lat' dir='ltr'>vel</span> <span class='ocrx_word' id='word_1_712' title='bbox 1570 5195 1846 5256; x_wconf 83' lang='lat' dir='ltr'>sustinet,</span> <span class='ocrx_word' id='word_1_713' title='bbox 1875 5200 1979 5250; x_wconf 91' lang='lat' dir='ltr'>aut</span> 
     </span>
    </p>
   </div>
   <div class='ocr_carea' id='block_1_86' title="bbox 319 5280 1977 5358">
    <p class='ocr_par' dir='ltr' id='par_1_86' title="bbox 319 5280 1977 5358">
     <span class='ocr_line' id='line_1_86' title="bbox 319 5280 1977 5358; baseline -0.003 -17"><span class='ocrx_word' id='word_1_714' title='bbox 319 5286 613 5358; x_wconf 88' lang='lat' dir='ltr'>patienter</span> <span class='ocrx_word' id='word_1_715' title='bbox 625 5284 1096 5353; x_wconf 87' lang='lat' dir='ltr'>perferendo,aut</span> <span class='ocrx_word' id='word_1_716' title='bbox 1116 5282 1599 5354; x_wconf 88' lang='lat' dir='ltr'>exspectando,ut</span> <span class='ocrx_word' id='word_1_717' title='bbox 1619 5280 1977 5351; x_wconf 66' lang='lat' dir='ltr'>impleantui</span> 
     </span>
    </p>
   </div>
   <div class='ocr_carea' id='block_1_87' title="bbox 316 5369 1976 5445">
    <p class='ocr_par' dir='ltr' id='par_1_87' title="bbox 316 5369 1976 5445">
     <span class='ocr_line' id='line_1_87' title="bbox 316 5369 1976 5445; baseline -0.004 -14"><span class='ocrx_word' id='word_1_718' title='bbox 316 5391 386 5431; x_wconf 88' lang='lat' dir='ltr'>ea</span> <span class='ocrx_word' id='word_1_719' title='bbox 402 5390 531 5445; x_wconf 62' lang='lat' dir='ltr'>quas</span> <span class='ocrx_word' id='word_1_720' title='bbox 552 5370 1081 5444; x_wconf 86' lang='lat' dir='ltr'>promittuntur.Et</span> <span class='ocrx_word' id='word_1_721' title='bbox 1104 5371 1215 5428; x_wconf 90' lang='lat' dir='ltr'>hoc</span> <span class='ocrx_word' id='word_1_722' title='bbox 1235 5378 1327 5427; x_wconf 89' lang='lat' dir='ltr'>est</span> <span class='ocrx_word' id='word_1_723' title='bbox 1355 5370 1511 5443; x_wconf 91' lang='lat' dir='ltr'>quod</span> <span class='ocrx_word' id='word_1_724' title='bbox 1538 5369 1759 5440; x_wconf 84' lang='lat' dir='ltr'>subdit,</span> <span class='ocrx_word' id='word_1_725' title='bbox 1788 5372 1976 5426; x_wconf 86' lang='lat' dir='ltr'>omnia</span> 
     </span>
    </p>
   </div>
   <div class='ocr_carea' id='block_1_88' title="bbox 397 5545 1977 5623">
    <p class='ocr_par' dir='ltr' id='par_1_88' title="bbox 397 5545 1977 5623">
     <span class='ocr_line' id='line_1_88' title="bbox 397 5545 1977 5623; baseline 0.001 -20"><span class='ocrx_word' id='word_1_726' title='bbox 397 5548 547 5623; x_wconf 78' lang='grc'>(641)</span> <span class='ocrx_word' id='word_1_727' title='bbox 582 5546 771 5623; x_wconf 68' lang='lat' dir='ltr'>Yet-ba</span> <span class='ocrx_word' id='word_1_728' title='bbox 819 5549 1406 5623; x_wconf 77' lang='lat' dir='ltr'>omnia..._dieun_tur,</span> <span class='ocrx_word' id='word_1_729' title='bbox 1448 5545 1647 5623; x_wconf 81' lang='lat' dir='ltr'>aliqua</span> <span class='ocrx_word' id='word_1_730' title='bbox 1708 5548 1977 5605; x_wconf 89' lang='lat' dir='ltr'>videntur</span> 
     </span>
    </p>
   </div>
   <div class='ocr_carea' id='block_1_89' title="bbox 322 5618 1974 5690">
    <p class='ocr_par' dir='ltr' id='par_1_89' title="bbox 322 5618 1974 5690">
     <span class='ocr_line' id='line_1_89' title="bbox 322 5618 1974 5690; baseline -0.001 -12"><span class='ocrx_word' id='word_1_731' title='bbox 322 5618 786 5690; x_wconf 82' lang='lat' dir='ltr'>transpositione</span> <span class='ocrx_word' id='word_1_732' title='bbox 808 5689 812 5690; x_wconf 19' lang='grc' dir='ltr'><em>ν</em></span> <span class='ocrx_word' id='word_1_733' title='bbox 838 5618 1059 5690; x_wconf 78' lang='lat' dir='ltr'>vitiata.</span> <span class='ocrx_word' id='word_1_734' title='bbox 1084 5620 1411 5690; x_wconf 78' lang='lat' dir='ltr'>Legendum</span> <span class='ocrx_word' id='word_1_735' title='bbox 1445 5618 1604 5673; x_wconf 88' lang='lat' dir='ltr'>enim</span> <span class='ocrx_word' id='word_1_736' title='bbox 1665 5624 1932 5689; x_wconf 89' lang='lat' dir='ltr'>putarem</span> <span class='ocrx_word' id='word_1_737' title='bbox 1962 5639 1974 5676; x_wconf 90' lang='lat'>:</span> 
     </span>
    </p>
   </div>
   <div class='ocr_carea' id='block_1_90' title="bbox 323 5688 1979 5760">
    <p class='ocr_par' dir='ltr' id='par_1_90' title="bbox 323 5688 1979 5760">
     <span class='ocr_line' id='line_1_90' title="bbox 323 5688 1979 5760; baseline -0.001 -11"><span class='ocrx_word' id='word_1_738' title='bbox 323 5688 533 5753; x_wconf 79' lang='lat' dir='ltr'>Omnia</span> <span class='ocrx_word' id='word_1_739' title='bbox 561 5697 766 5759; x_wconf 70' lang='lat' dir='ltr'>Sperat.</span> <span class='ocrx_word' id='word_1_740' title='bbox 791 5688 949 5755; x_wconf 74' lang='lat' dir='ltr'>idest</span> <span class='ocrx_word' id='word_1_741' title='bbox 979 5689 1273 5760; x_wconf 81' lang='lat' dir='ltr'>implenda,</span> <span class='ocrx_word' id='word_1_742' title='bbox 1303 5692 1360 5744; x_wconf 82' lang='lat' dir='ltr'>in</span> <span class='ocrx_word' id='word_1_743' title='bbox 1381 5689 1611 5744; x_wconf 80' lang='lat' dir='ltr'>divinis.</span> <span class='ocrx_word' id='word_1_744' title='bbox 1634 5688 1766 5754; x_wconf 81' lang='lat' dir='ltr'>etc.,</span> <span class='ocrx_word' id='word_1_745' title='bbox 1789 5692 1979 5747; x_wconf 86' lang='lat' dir='ltr'>omnia</span> 
     </span>
    </p>
   </div>
   <div class='ocr_carea' id='block_1_91' title="bbox 326 5759 1979 5835">
    <p class='ocr_par' dir='ltr' id='par_1_91' title="bbox 326 5759 1979 5835">
     <span class='ocr_line' id='line_1_91' title="bbox 326 5759 1979 5835; baseline 0.001 -14"><span class='ocrx_word' id='word_1_746' title='bbox 326 5763 506 5835; x_wconf 75' lang='lat' dir='ltr'>credit</span> <span class='ocrx_word' id='word_1_747' title='bbox 526 5774 656 5819; x_wconf 81' lang='lat' dir='ltr'>vera</span> <span class='ocrx_word' id='word_1_748' title='bbox 681 5774 821 5831; x_wconf 80' lang='lat' dir='ltr'>esse,</span> <span class='ocrx_word' id='word_1_749' title='bbox 844 5774 959 5834; x_wconf 66' lang='lat' dir='ltr'>quae</span> <span class='ocrx_word' id='word_1_750' title='bbox 978 5759 1279 5823; x_wconf 82' lang='lat' dir='ltr'>dicuntur;</span> <span class='ocrx_word' id='word_1_751' title='bbox 1302 5760 1409 5817; x_wconf 88' lang='lat' dir='ltr'>hoc</span> <span class='ocrx_word' id='word_1_752' title='bbox 1432 5760 1587 5817; x_wconf 85' lang='lat' dir='ltr'>enim</span> <span class='ocrx_word' id='word_1_753' title='bbox 1610 5761 1781 5818; x_wconf 89' lang='lat' dir='ltr'>modo</span> <span class='ocrx_word' id='word_1_754' title='bbox 1802 5762 1979 5823; x_wconf 79' lang='lat' dir='ltr'>verba</span> 
     </span>
    </p>
   </div>
   <div class='ocr_carea' id='block_1_92' title="bbox 2085 4749 3710 4829">
    <p class='ocr_par' dir='ltr' id='par_1_92' title="bbox 2085 4749 3710 4829">
     <span class='ocr_line' id='line_1_92' title="bbox 2085 4749 3710 4829; baseline -0.004 -26"><span class='ocrx_word' id='word_1_755' title='bbox 2085 4749 2375 4821; x_wconf 89' lang='lat' dir='ltr'>videmus,</span> <span class='ocrx_word' id='word_1_756' title='bbox 2407 4753 2547 4823; x_wconf 88' lang='lat' dir='ltr'>quia</span> <span class='ocrx_word' id='word_1_757' title='bbox 2575 4772 2690 4810; x_wconf 92' lang='lat' dir='ltr'>non</span> <span class='ocrx_word' id='word_1_758' title='bbox 2726 4757 2974 4827; x_wconf 87' lang='lat' dir='ltr'>perfecte</span> <span class='ocrx_word' id='word_1_759' title='bbox 3006 4759 3290 4829; x_wconf 84' lang='lat' dir='ltr'>gaudium</span> <span class='ocrx_word' id='word_1_760' title='bbox 3350 4758 3478 4811; x_wconf 68' lang='lat' dir='ltr'>vitae</span> <span class='ocrx_word' id='word_1_761' title='bbox 3519 4751 3710 4804; x_wconf 56' lang='lat' dir='ltr'>futurae</span> 
     </span>
    </p>
   </div>
   <div class='ocr_carea' id='block_1_93' title="bbox 2086 4829 3718 4921">
    <p class='ocr_par' dir='ltr' id='par_1_93' title="bbox 2086 4829 3718 4921">
     <span class='ocr_line' id='line_1_93' title="bbox 2086 4829 3718 4921; baseline 0.001 -30"><span class='ocrx_word' id='word_1_762' title='bbox 2086 4840 2520 4910; x_wconf 83' lang='lat' dir='ltr'>cognoscimus.</span> <span class='ocrx_word' id='word_1_763' title='bbox 2585 4844 2729 4897; x_wconf 83' lang='lat' dir='ltr'>Tune</span> <span class='ocrx_word' id='word_1_764' title='bbox 2780 4854 2964 4899; x_wconf 85' lang='lat' dir='ltr'>autem</span> <span class='ocrx_word' id='word_1_765' title='bbox 3017 4845 3165 4918; x_wconf 85' lang='lat' dir='ltr'>[acie</span> <span class='ocrx_word' id='word_1_766' title='bbox 3218 4847 3288 4901; x_wconf 85' lang='lat' dir='ltr'>ad</span> <span class='ocrx_word' id='word_1_767' title='bbox 3320 4843 3556 4915; x_wconf 85' lang='lat' dir='ltr'>laeiem;</span> <span class='ocrx_word' id='word_1_768' title='bbox 3590 4829 3718 4921; x_wconf 52' lang='lat' dir='ltr'>qui}</span> 
     </span>
    </p>
   </div>
   <div class='ocr_carea' id='block_1_94' title="bbox 2087 4920 3712 5001">
    <p class='ocr_par' dir='ltr' id='par_1_94' title="bbox 2087 4920 3712 5001">
     <span class='ocr_line' id='line_1_94' title="bbox 2087 4920 3712 5001; baseline -0.007 -20"><span class='ocrx_word' id='word_1_769' title='bbox 2087 4931 2350 4983; x_wconf 87' lang='lat' dir='ltr'>nostrum</span> <span class='ocrx_word' id='word_1_770' title='bbox 2369 4930 2943 5001; x_wconf 71' lang='lat' dir='ltr'>gaudium,laatitiam</span> <span class='ocrx_word' id='word_1_771' title='bbox 2970 4938 3027 4987; x_wconf 91' lang='lat' dir='ltr'>et</span> <span class='ocrx_word' id='word_1_772' title='bbox 3047 4933 3222 4988; x_wconf 83' lang='lat' dir='ltr'>ﬁnem</span> <span class='ocrx_word' id='word_1_773' title='bbox 3248 4930 3432 4989; x_wconf 88' lang='lat' dir='ltr'>nostri</span> <span class='ocrx_word' id='word_1_774' title='bbox 3452 4920 3712 4980; x_wconf 71' lang='lat' dir='ltr'>desiderii</span> 
     </span>
    </p>
   </div>
   <div class='ocr_carea' id='block_1_95' title="bbox 2084 5008 3717 5089">
    <p class='ocr_par' dir='ltr' id='par_1_95' title="bbox 2084 5008 3717 5089">
     <span class='ocr_line' id='line_1_95' title="bbox 2084 5008 3717 5089; baseline 0.004 -20"><span class='ocrx_word' id='word_1_775' title='bbox 2084 5014 2437 5071; x_wconf 87' lang='lat' dir='ltr'>videbimus.</span> <span class='ocrx_word' id='word_1_776' title='bbox 2470 5017 2735 5089; x_wconf 89' lang='lat' dir='ltr'>ldipsum</span> <span class='ocrx_word' id='word_1_777' title='bbox 2777 5021 3137 5085; x_wconf 83' lang='lat' dir='ltr'>manifestat,</span> <span class='ocrx_word' id='word_1_778' title='bbox 3199 5016 3539 5076; x_wconf 70' lang='lat' dir='ltr'>subdendOI</span> <span class='ocrx_word' id='word_1_779' title='bbox 3570 5008 3717 5089; x_wconf 53' lang='lat' dir='ltr'>Nu&quot;?</span> 
     </span>
    </p>
   </div>
   <div class='ocr_carea' id='block_1_96' title="bbox 2086 5081 3710 5174">
    <p class='ocr_par' dir='ltr' id='par_1_96' title="bbox 2086 5081 3710 5174">
     <span class='ocr_line' id='line_1_96' title="bbox 2086 5081 3710 5174; baseline -0.009 -24"><span class='ocrx_word' id='word_1_780' title='bbox 2086 5098 2460 5162; x_wconf 85' lang='lat' dir='ltr'>cognoscimus</span> <span class='ocrx_word' id='word_1_781' title='bbox 2478 5081 2750 5168; x_wconf 73' lang='lat' dir='ltr'>exparte,</span> <span class='ocrx_word' id='word_1_782' title='bbox 2783 5106 2891 5154; x_wconf 91' lang='lat' dir='ltr'>etc.</span> <span class='ocrx_word' id='word_1_783' title='bbox 2928 5101 2987 5155; x_wconf 83' lang='lat' dir='ltr'>Id</span> <span class='ocrx_word' id='word_1_784' title='bbox 3017 5081 3130 5167; x_wconf 75' lang='lat' dir='ltr'>est,</span> <span class='ocrx_word' id='word_1_785' title='bbox 3169 5109 3516 5174; x_wconf 83' lang='lat' dir='ltr'>cognoscam</span> <span class='ocrx_word' id='word_1_786' title='bbox 3572 5081 3710 5174; x_wconf 79' lang='lat' dir='ltr'>sicut</span> 
     </span>
    </p>
   </div>
   <div class='ocr_carea' id='block_1_97' title="bbox 2085 5170 3715 5257">
    <p class='ocr_par' dir='ltr' id='par_1_97' title="bbox 2085 5170 3715 5257">
     <span class='ocr_line' id='line_1_97' title="bbox 2085 5170 3715 5257; baseline -0.004 -20"><span class='ocrx_word' id='word_1_787' title='bbox 2085 5198 2424 5256; x_wconf 87' lang='lat' dir='ltr'>cognoscor,</span> <span class='ocrx_word' id='word_1_788' title='bbox 2458 5190 2514 5241; x_wconf 89' lang='lat' dir='ltr'>et</span> <span class='ocrx_word' id='word_1_789' title='bbox 2537 5188 2743 5243; x_wconf 82' lang='lat' dir='ltr'>videbo</span> <span class='ocrx_word' id='word_1_790' title='bbox 2775 5194 2839 5243; x_wconf 92' lang='lat' dir='ltr'>ut</span> <span class='ocrx_word' id='word_1_791' title='bbox 2869 5190 3086 5257; x_wconf 89' lang='lat' dir='ltr'>videor,</span> <span class='ocrx_word' id='word_1_792' title='bbox 3119 5195 3185 5246; x_wconf 91' lang='lat' dir='ltr'>ut</span> <span class='ocrx_word' id='word_1_793' title='bbox 3211 5170 3465 5247; x_wconf 73' lang='lat' dir='ltr'>Joannes</span> <span class='ocrx_word' id='word_1_794' title='bbox 3493 5198 3505 5236; x_wconf 89' lang='lat'>:</span> <span class='ocrx_word' id='word_1_795' title='bbox 3561 5170 3715 5233; x_wconf 78' lang='grc' dir='ltr'>νίάε-</span> 
     </span>
    </p>
   </div>
   <div class='ocr_carea' id='block_1_98' title="bbox 2089 5272 3674 5356">
    <p class='ocr_par' dir='ltr' id='par_1_98' title="bbox 2089 5272 3674 5356">
     <span class='ocr_line' id='line_1_98' title="bbox 2089 5272 3674 5356; baseline 0.007 -30"><span class='ocrx_word' id='word_1_796' title='bbox 2089 5272 2268 5328; x_wconf 87' lang='lat' dir='ltr'>bimus</span> <span class='ocrx_word' id='word_1_797' title='bbox 2292 5291 2440 5343; x_wconf 85' lang='lat' dir='ltr'>eum,</span> <span class='ocrx_word' id='word_1_798' title='bbox 2472 5278 2639 5331; x_wconf 85' lang='lat' dir='ltr'>sicuti</span> <span class='ocrx_word' id='word_1_799' title='bbox 2666 5286 2744 5333; x_wconf 88' lang='lat' dir='ltr'>est</span> <span class='ocrx_word' id='word_1_800' title='bbox 2775 5280 2820 5349; x_wconf 90' lang='lat' dir='ltr'>(I</span> <span class='ocrx_word' id='word_1_801' title='bbox 2842 5280 3000 5334; x_wconf 87' lang='lat' dir='ltr'>Joan.</span> <span class='ocrx_word' id='word_1_802' title='bbox 3035 5296 3117 5347; x_wconf 87' lang='lat' dir='ltr'>Ill,</span> <span class='ocrx_word' id='word_1_803' title='bbox 3149 5282 3226 5351; x_wconf 88' lang='lat'>2).</span> <span class='ocrx_word' id='word_1_804' title='bbox 3663 5342 3674 5356; x_wconf 55' lang='grc'><em>,</em></span> 
     </span>
    </p>
   </div>
   <div class='ocr_carea' id='block_1_99' title="bbox 2168 5356 3713 5439">
    <p class='ocr_par' dir='ltr' id='par_1_99' title="bbox 2168 5356 3713 5439">
     <span class='ocr_line' id='line_1_99' title="bbox 2168 5356 3713 5439; baseline -0.013 -15"><span class='ocrx_word' id='word_1_805' title='bbox 2168 5370 2322 5424; x_wconf 87' lang='lat' dir='ltr'>Nune</span> <span class='ocrx_word' id='word_1_806' title='bbox 2377 5369 2558 5421; x_wconf 88' lang='lat' dir='ltr'>autem</span> <span class='ocrx_word' id='word_1_807' title='bbox 2614 5372 2862 5439; x_wconf 79' lang='lat' dir='ltr'>manent,</span> <span class='ocrx_word' id='word_1_808' title='bbox 2908 5368 3060 5438; x_wconf 85' lang='lat' dir='ltr'>ﬁdes,</span> <span class='ocrx_word' id='word_1_809' title='bbox 3120 5374 3231 5425; x_wconf 90' lang='lat' dir='ltr'>etc.</span> <span class='ocrx_word' id='word_1_810' title='bbox 3288 5366 3480 5430; x_wconf 86' lang='lat' dir='ltr'>idest,</span> <span class='ocrx_word' id='word_1_811' title='bbox 3535 5356 3635 5410; x_wconf 88' lang='lat' dir='ltr'>hac</span> <span class='ocrx_word' id='word_1_812' title='bbox 3660 5357 3713 5399; x_wconf 76' lang='grc' dir='ltr'>ιη</span> 
     </span>
    </p>
   </div>
   <div class='ocr_carea' id='block_1_100' title="bbox 2086 5515 3717 5620">
    <p class='ocr_par' dir='ltr' id='par_1_100' title="bbox 2086 5515 3717 5620">
     <span class='ocr_line' id='line_1_100' title="bbox 2086 5515 3717 5620; baseline -0.017 -16"><span class='ocrx_word' id='word_1_813' title='bbox 2086 5549 2257 5604; x_wconf 84' lang='lat' dir='ltr'>credit</span> <span class='ocrx_word' id='word_1_814' title='bbox 2286 5556 2337 5604; x_wconf 84' lang='lat' dir='ltr'>et</span> <span class='ocrx_word' id='word_1_815' title='bbox 2362 5553 2546 5619; x_wconf 85' lang='lat' dir='ltr'>sperat</span> <span class='ocrx_word' id='word_1_816' title='bbox 2571 5545 2913 5602; x_wconf 88' lang='lat' dir='ltr'>relationem</span> <span class='ocrx_word' id='word_1_817' title='bbox 2959 5562 3129 5604; x_wconf 89' lang='lat' dir='ltr'>suam</span> <span class='ocrx_word' id='word_1_818' title='bbox 3189 5542 3481 5620; x_wconf 89' lang='lat' dir='ltr'>propriam</span> <span class='ocrx_word' id='word_1_819' title='bbox 3538 5515 3717 5586; x_wconf 81' lang='lat' dir='ltr'>sortiri</span> 
     </span>
    </p>
   </div>
   <div class='ocr_carea' id='block_1_101' title="bbox 2089 5624 2386 5692">
    <p class='ocr_par' dir='ltr' id='par_1_101' title="bbox 2089 5624 2386 5692">
     <span class='ocr_line' id='line_1_101' title="bbox 2089 5624 2386 5692; baseline -0.007 -17"><span class='ocrx_word' id='word_1_820' title='bbox 2089 5624 2386 5692; x_wconf 84' lang='lat' dir='ltr'>poterunt.</span> 
     </span>
    </p>
   </div>
   <div class='ocr_carea' id='block_1_102' title="bbox 2159 5687 3466 5775">
    <p class='ocr_par' dir='ltr' id='par_1_102' title="bbox 2159 5687 3466 5775">
     <span class='ocr_line' id='line_1_102' title="bbox 2159 5687 3466 5775; baseline -0.007 -29"><span class='ocrx_word' id='word_1_821' title='bbox 2159 5692 2307 5764; x_wconf 71' lang='lat'>(642)</span> <span class='ocrx_word' id='word_1_822' title='bbox 2340 5695 2405 5745; x_wconf 83' lang='lat' dir='ltr'>Et</span> <span class='ocrx_word' id='word_1_823' title='bbox 2438 5688 2521 5745; x_wconf 88' lang='lat' dir='ltr'>ita</span> <span class='ocrx_word' id='word_1_824' title='bbox 2548 5687 2719 5762; x_wconf 87' lang='lat' dir='ltr'>Vulg.</span> <span class='ocrx_word' id='word_1_825' title='bbox 2750 5688 2946 5763; x_wconf 88' lang='lat' dir='ltr'>habet,</span> <span class='ocrx_word' id='word_1_826' title='bbox 2978 5689 3185 5747; x_wconf 77' lang='lat' dir='ltr'>excidit</span> <span class='ocrx_word' id='word_1_827' title='bbox 3241 5697 3466 5775; x_wconf 81' lang='lat' dir='ltr'>nempe.</span> 
     </span>
    </p>
   </div>
  </div>
