3902 6420
95 453 217 514 389

688 452 1101 515 EXPOSI’I‘IO
1147 454 1225 514 IN
1272 454 1698 517 EPISTULAS
1744 459 2001 521 PAULI.
2035 496 2112 506 —
2144 463 2222 524 IN
2272 466 2518 528 EPIST.
2568 470 2591 530 Ι
2635 473 2738 532 AD
2784 476 2957 536 COR.

3410 485 3528 545 390

95 585 374 660 praesenti
401 584 638 651 vita;in
662 585 861 640 futura
879 601 1033 650 vero,
1060 587 1293 643 duabus
1332 587 1602 654 sublatis,
1626 589 1763 646 cha-
1793 595 1845 660 Α
1879 592 1948 647 ad
1985 589 2209 665 majora
2236 616 2336 654 vos
2370 617 2636 675 provoco,
2674 608 2737 659 ut
2769 606 2997 663 minora
3027 626 3141 666 non
3160 605 3527 682 prohibeam.

93 678 242 732 ritas
272 679 494 740 manet,
522 683 576 730 et
608 675 729 730 ideo
760 675 958 745 major.
987 676 1135 731 Nam
1162 677 1295 731 fidei
1322 677 1584 734 succedit
1606 696 1763 750 spes,

95 767 218 839 spei
248 782 386 820 vero
418 764 588 829 visio,
616 781 748 836 quae
779 764 925 820 visio
957 763 1220 821 charitas
1251 771 1359 835 est,
1393 772 1450 821 et
1480 768 1607 823 ideo
1640 787 1763 824 ma-

87 858 206 928 jor,
236 854 379 927 quia
406 854 522 909 ista
552 852 645 909 hic
679 852 994 921 ﬁniuntur;
1028 854 1129 909 illa
1158 872 1290 910 vero
1317 860 1533 911 manet.
1554 858 1764 913 Notan-

98 945 265 1009 dum,
298 942 440 1012 quia
460 958 676 1015 magna
697 943 981 998 distantia
1007 949 1096 998 est
1123 944 1277 999 inter
1300 962 1390 1000 res
1416 945 1765 1017 temporales

99 1036 158 1088 et
187 1030 525 1104 spiritales:
562 1031 916 1104 temporales
948 1032 1268 1102 enim,cum
1303 1051 1416 1089 non
1450 1033 1764 1104 habentur,

101 1120 362 1176 multum
386 1120 831 1187 desiderantur;
859 1120 906 1175 si
931 1137 1063 1176 vero
1086 1121 1435 1191 habeantur,
1460 1124 1770 1177 fastidiunt

103 1209 617 1282 atquevilescunt:
636 1208 932 1281 spiritales
951 1215 1310 1275 autem,cum
1328 1229 1443 1266 non
1458 1211 1768 1283 habentur,

105 1302 309 1356 minus
331 1299 778 1366 desiderantur;
804 1315 938 1353 cum
964 1315 1096 1355 vero
1120 1299 1630 1373 habentur,magis
1648 1318 1768 1356 ma-

106 1388 323 1460 gisque
339 1386 701 1443 desiderium
715 1387 771 1441 in
800 1387 967 1442 nobis
985 1387 1335 1444 accendunt.
1357 1390 1494 1445 [nde
1508 1390 1772 1445 animad-

106 1478 459 1532 vertendum
481 1475 643 1547 quia,
669 1475 719 1531 si
739 1492 916 1543 nunc,
937 1492 1071 1531 cum
1096 1492 1214 1532 non
1245 1478 1536 1545 videntur,
1570 1482 1626 1534 et
1656 1496 1771 1534 non

110 1566 428 1633 habentur,
454 1569 649 1621 tamen
672 1563 1005 1637 diliguntur
1027 1583 1039 1632 ;
1060 1569 1347 1637 quantum
1368 1570 1507 1621 tunc
1531 1566 1774 1639 diligen-

109 1659 230 1725 tur,
265 1670 401 1710 cum
436 1654 687 1726 quisque
717 1670 817 1709 eas
845 1652 1163 1709 electorum
1222 1653 1539 1710 habuerit?
1568 1655 1635 1709 Et
1666 1655 1773 1710 hoc

110 1744 425 1799 sciendum
458 1744 599 1815 quia
628 1744 823 1813 majus
856 1742 1106 1814 quisque
1139 1742 1462 1798 electorum
1496 1743 1772 1814 inveniet,

111 1848 293 1905 quam
327 1831 563 1887 credere
593 1849 660 1887 ac
693 1847 928 1904 sperare
977 1831 1185 1903 possit.
1246 1832 1317 1887 Et
1368 1832 1498 1887 ideo
1540 1848 1776 1888 necesse

110 1926 206 1977 est
227 1927 293 1976 ut
314 1936 487 1976 nemo
511 1920 773 1975 ﬁdelium
798 1936 860 1974 se
881 1924 1111 1975 tantum
1137 1920 1387 1976 cestimet
1413 1923 1777 1993 credere,aut

110 2025 352 2084 sperare
380 2009 475 2064 hic
506 2024 701 2081 posse,
736 2015 1026 2080 quantum
1058 2008 1177 2065 illic
1211 2010 1486 2071 inveniet.
1679 2006 1682 2010 Α

188 2099 338 2171 (643)
371 2102 524 2166 (CAP.
558 2095 1059 2170 XlV.)Sequitur:
1094 2098 1398 2155 Sectamini
1423 2102 1775 2157 charittttem.

116 2193 265 2244 Post
293 2187 531 2242 laudem
564 2185 886 2255 cbaritatis,
920 2186 1190 2242 hortatur
1218 2192 1273 2243 et
1306 2193 1521 2260 monet,
1555 2194 1620 2245 ut
1651 2207 1779 2245 sec-

116 2280 327 2333 tentur
355 2274 726 2339 charitatem,
745 2274 913 2346 quasi
946 2275 1162 2330 diceret
1186 2294 1198 2331 :
1234 2276 1365 2332 Jam
1386 2278 1525 2348 quia
1554 2283 1779 2334 tantam

120 2382 192 2423 ac
218 2365 399 2431 talem
435 2362 757 2435 agnovistis
806 2362 1173 2432 charitatem,
1222 2369 1285 2420 ut
1334 2366 1392 2420 in
1450 2367 1579 2437 ejus
1628 2368 1780 2422 bono

121 2454 332 2511 omnia
356 2455 516 2509 bona
545 2452 886 2524 consistant,
919 2456 977 2507 et
1006 2454 1135 2509 sine
1177 2471 1245 2510 ea
1293 2455 1525 2510 nullum
1560 2457 1779 2512 bonum

121 2560 255 2601 esse
279 2546 496 2615 queat:
521 2541 808 2610 hortor,ut
828 2543 1135 2598 sectamini
1168 2560 1319 2598 eam.
1356 2548 1492 2600 Post
1513 2546 1579 2600 ad
1593 2545 1780 2600 moni-

118 2633 351 2689 tionem
401 2630 692 2697 hortatur,
742 2636 804 2686 ut
857 2633 1033 2687 etiam
1085 2632 1373 2704 spiritalia
1410 2633 1781 2691 aemulentur.

120 2721 521 2786 AZmulamini,
555 2719 764 2791 inquit,
796 2714 1091 2791 spiritalia
1138 2721 1641 2789 (subaudiendum
1675 2727 1783 2792 est,

121 2810 323 2881 dona).
360 2807 663 2881 Spiritalia
692 2825 948 2881 namque
968 2809 1306 2865 varietatem
1331 2811 1652 2883 gratiarum
1686 2828 1784 2867 vo-

121 2905 239 2955 cat.
262 2899 372 2954 Sed
400 2898 541 2969 quia
562 2897 644 2952 illi
666 2898 971 2955 audientes
996 2899 1554 2971 spiritalia,possent
1574 2917 1790 2972 genera

122 2988 470 3060 linguarum
488 2985 968 3059 intelligere,qua2
992 3005 1108 3060 prae
1130 2989 1406 3044 omnibus
1424 2990 1791 3044 charismati-

124 3079 242 3134 bus
275 3076 505 3147 majora
528 3076 898 3147 judicabant,
932 3080 987 3131 et
1019 3092 1157 3149 erga
1189 3094 1257 3133 ea
1288 3077 1607 3149 plurimum
1636 3077 1790 3132 avidi

126 3170 341 3231 erant;
363 3165 494 3221 ideo
523 3180 659 3221 mox
675 3165 877 3220 subdit
902 3182 914 3221 :
942 3167 1118 3238 Magis
1148 3172 1422 3236 autem,ut‘
1439 3167 1788 3238 prophetetis.

205 3254 518 3328 Sequitur:
553 3257 674 3327 Qui
690 3256 846 3310 enim
868 3256 1116 3326 loquitur
1145 3256 1359 3325 lingua,
1380 3260 1514 3323 ctc.,
1548 3256 1659 3313 iste
1685 3272 1794 3312 non

1808 1968 1857 2031 Il

1949 682 2227 755 Sequitur
2256 702 2267 739 :
2293 687 2432 742 Nam
2453 691 2639 759 major
2667 700 2746 748 est
2774 696 2873 763 qui
2898 697 3210 769 praphetat,
3237 716 3405 770 quam
3434 718 3532 773 qui

1877 771 2124 842 loquitur
2152 775 2380 845 linguis.
2414 776 2661 834 Multum
2691 782 2907 854 quippe
2966 801 3102 857 erga
3134 787 3289 843 hunc
3337 771 3531 846 locum

1877 860 2083 950 beatus
2115 864 2478 934 Augustinus
2508 866 2753 924 laborat.
2788 870 2939 927 Dicit
2960 874 3116 929 enim
3150 874 3401 950 intelligi
3433 880 3533 934 de-

1878 948 2032 1015 bere,
2068 967 2169 1022 per
2225 951 2477 1025 linguas,
2541 956 2597 1009 in
2658 960 2977 1029 Scripturis
3034 963 3271 1036 divinis,
3304 948 3535 1023 occulta

1878 1039 2053 1127 atque
2087 1039 2377 1127 profunda
2406 1058 2419 1108 ;
2452 1042 2655 1113 lingua
2685 1062 2840 1115 vero,
2900 1051 3234 1108 membrum
3272 1057 3535 1127 corporis

1880 1123 2288 1194 denominans,
2305 1135 2407 1184 aut
2428 1131 2772 1202 significans
2796 1153 2887 1191 res
2906 1137 3156 1210 aliquas,
3177 1157 3289 1197 non
3315 1123 3534 1200 tamem

1880 1212 2176 1269 efﬁciens:
2213 1233 2347 1288 ergo
2380 1236 2482 1290 per
2514 1223 2759 1277 membri
2796 1231 3023 1281 motum
3042 1214 3279 1285 occultae
3312 1249 3405 1288 res
3435 1234 3537 1290 de-

1881 1301 2213 1373 signantur.
2242 1306 2388 1360 Nam
2417 1308 2611 1363 multa:
2635 1318 2964 1385 suntres,et
2994 1317 3456 1390 signiﬁcationes
3477 1323 3539 1378 in

1882 1391 2201 1462 Scripturis
2233 1392 2468 1462 divinis,
2493 1413 2621 1468 qua:
2651 1417 2762 1455 non
2792 1401 3048 1474 idipsum
3074 1414 3236 1478 sunt,
3262 1411 3362 1466 sed
3378 1410 3537 1468 aliud

1883 1479 2243 1569 significant.
2286 1482 2381 1537 Hae
2414 1501 2648 1557 quoque
2680 1505 2781 1558 per
2811 1490 3076 1563 linguam
3111 1496 3536 1569 designantur;

1884 1567 2023 1638 quia
2052 1568 2181 1640 ipsa
2212 1571 2555 1629 translative
2586 1576 2841 1648 ponitur.
2876 1584 3023 1654 Ergo
3045 1567 3378 1655 major—est
3408 1588 3527 1657 ille,

1884 1657 1984 1727 qui
2019 1659 2350 1749 prophetat,
2375 1662 2483 1717 hoc
2504 1670 2613 1731 est,
2649 1666 2751 1736 qui
2784 1668 3014 1726 occulta
3036 1672 3344 1731 diducidat
3364 1683 3553 1749 atque

1886 1746 2246 1815 manifestat,
2296 1766 2474 1821 quam
2528 1754 2628 1824 qui
2679 1754 2883 1828 lingua
2935 1758 3218 1831 loquitur,
3281 1764 3390 1821 hoc
3429 1746 3543 1832 est,

1888 1834 1987 1904 qui
2046 1836 2304 1906 proferre
2362 1838 2599 1908 quidem
2675 1843 2920 1911 occulta,
3002 1848 3103 1902 sed
3165 1852 3545 1910 manifestare

1889 1939 2003 1976 non
2037 1928 2247 1994 potest.
2310 1925 2460 1981 Sunt
2519 1945 2772 2002 namque
2828 1935 3222 2006 corporalium
3253 1938 3540 2013 imagina-

1889 2011 2117 2079 tiones;
2196 2014 2295 2067 sed
2376 2015 2565 2086 major
2640 2024 2748 2086 est,
2839 2021 2941 2092 qui
2989 2040 3089 2080 eas
3172 2011 3543 2099 interpretari

1890 2104 2098 2169 potest,
2149 2118 2325 2172 quam
2358 2104 2457 2175 qui
2494 2104 2684 2162 videt:
2718 2109 2875 2164 verbi
2906 2113 3114 2183 gratia,
3147 2116 3292 2171 vidit
3322 2118 3546 2175 Pharao

1889 2187 2338 2278 imaginationes
2372 2191 2521 2262 (Gen.
2557 2212 2646 2261 XL,
2676 2198 2790 2267 ltl),
2843 2199 2987 2255 vidit
3044 2208 3100 2257 et
3160 2205 3458 2278 pincerna,
3490 2212 3548 2262 et

1890 2276 2179 2348 pistorum
2214 2280 2519 2351 princeps;
2550 2283 2649 2337 sed
2671 2284 2888 2350 Joseph
2915 2286 3007 2343 his
3028 2292 3308 2348 omnibus
3330 2276 3544 2365 major.

1893 2364 1994 2421 Ille
2025 2365 2221 2437 etiam,
2258 2368 2357 2439 qui
2382 2370 2440 2423 in
2468 2375 2716 2442 utraque
2748 2391 2807 2430 re
2841 2375 3135 2448 viget,non
3169 2380 3360 2437 solum
3389 2364 3545 2454 aliis,

1893 2455 1992 2509 sed
2023 2471 2089 2510 co
2121 2459 2327 2527 major,
2361 2458 2462 2529 qui
2522 2464 2751 2516 tantum
2782 2463 3328 2537 interpretationem
3379 2471 3546 2539 dicit,

1895 2544 2053 2598 velut
2073 2543 2298 2614 Daniel,
2323 2546 2421 2617 qui
2445 2547 2505 2603 in
2526 2554 2774 2622 utroque
2791 2552 3037 2624 polluit:
3072 2556 3196 2628 ipse
3242 2560 3467 2623 etenim
3492 2566 3551 2618 et

1897 2632 2260 2703 sapientibus
2283 2634 2598 2707 Babylonis
2612 2640 2817 2696 mortis
2831 2645 3179 2701 sententiam
3196 2647 3550 2706 incurrenti-

1897 2722 2030 2790 bus,
2065 2722 2205 2794 quia
2234 2725 2459 2795 probati
2494 2733 2653 2798 sunt,
2712 2732 2866 2801 quod
2926 2734 3327 2804 conjecturam
3360 2738 3554 2795 dicere

1897 2811 2232 2881 nequirent,
2266 2830 2399 2867 cum
2432 2816 2729 2872 somnium
2756 2821 3339 2889 nescirent,ostendit
3356 2826 3552 2883 Nabu-

1900 2899 2267 2956 chodonosor
2297 2920 2411 2958 non
2445 2903 2638 2961 solum
2671 2908 3237 2984 interpretationem,
3268 2917 3370 2971 sed
3400 2934 3555 2973 som-

1903 2988 2088 3054 nium,
2140 2994 2218 3057 et,
2267 2992 2421 3062 quod
2476 2992 2566 3048 his
2613 2996 2806 3067 majus
2855 3003 2964 3065 est,
3028 3001 3428 3073 cogitationes.
3461 3006 3557 3062 Ait

1902 3078 2058 3133 enim
2085 3095 2097 3132 :
2134 3080 2228 3146 Tu,
2262 3096 2382 3151 rex,
2415 3082 2670 3151 coqitasti
2696 3085 2757 3138 in
2784 3089 2968 3141 stratu
2994 3091 3089 3143 tuo
3143 3091 3276 3161 quid
3300 3094 3556 3163 futurum

1901 3172 2036 3222 esset
2064 3176 2181 3239 post
2213 3172 2262 3223 te
2291 3170 2451 3241 (Dan.
2486 3187 2547 3242 ιι,
2576 3172 2690 3244 29),
2723 3184 2828 3229 etc.
2887 3175 2991 3231 Ille
3042 3178 3242 3248 etiam,
3290 3181 3392 3253 qui
3421 3182 3559 3239 licet

1906 3254 2183 3327 loquatur
2201 3255 2422 3329 lingua,
2446 3262 2643 3331 tamen
2660 3260 3034 3334 interpretari
3058 3270 3562 3342 potest,propheta

133 3344 463 3402 hminibus
490 3345 780 3415 loquitur;
805 3344 942 3414 q‘uia
970 3361 1085 3399 non
1119 3346 1189 3399 ab
1222 3344 1564 3401 hominibus
1590 3346 1797 3402 intelli-
1827 3336 1870 3403 C
1910 3344 2152 3400 interior
2169 3362 2284 3400 non
2306 3348 2395 3401 est
2422 3372 2435 3414 ;
2467 3353 2524 3402 et
2544 3347 2673 3405 ideo
2695 3351 3005 3423 subjunxit
3025 3370 3038 3410 :
3058 3336 3195 3412 ‘Nisi
3218 3336 3362 3429 forte
3386 3336 3561 3415 inter-

136 3435 323 3509 gitur,
355 3433 451 3490 sed
481 3439 592 3490 Deo
625 3452 639 3502 ;
675 3433 817 3505 quia
847 3435 918 3489 ah
949 3434 1079 3505 ipso
1111 3433 1591 3507 intelligitur,qui
1624 3435 1800 3491 etiam

142 3523 379 3580 occulta
407 3522 601 3579 cordis
627 3523 804 3578 novit.
840 3522 905 3577 Et
927 3523 1057 3578 ideo
1085 3525 1215 3594 subj
1227 3524 1392 3596 ungit
1414 3543 1432 3579 :
1464 3525 1630 3580 Nemo
1651 3527 1801 3580 enim

136 3612 327 3682 audit,
360 3613 471 3668 hoc
502 3616 591 3668 est
618 3611 897 3684 intelligit
923 3614 1165 3685 :spiritu
1194 3619 1397 3682 autem,
1434 3615 1488 3669 id
1523 3621 1634 3685 est,
1669 3631 1803 3671 voce

139 3704 294 3766 sola,
316 3702 567 3773 loquitur
599 3704 881 3773 mysteria.
918 3705 1131 3757 Verum
1166 3703 1263 3773 qui
1297 3702 1801 3775 lingualoquitur,

144 3790 573 3863 Deoloquitur;
606 3790 854 3862 ideoque
885 3791 1185 3860 adjunxit:
1210 3792 1348 3847 Nam
1377 3794 1475 3863 qui
1491 3793 1801 3864 prophetat,

141 3881 461 3936 hominibus
493 3880 736 3952 loquitur
757 3897 778 3942 ;
810 3880 948 3953 quia
969 3882 1039 3935 ab
1059 3880 1402 3937 hominibus
1432 3882 1800 3955 intelligitur.

142 3971 296 4037 Quid
329 3969 506 4025 etiam
539 3964 839 4041 lo'quatur,
903 3969 1242 4026 manifestat
1296 3972 1715 4041 wdiﬁcationem
1754 3976 1805 4027 et

139 4059 602 4125 exhortationem,
660 4063 710 4114 et
786 4060 1215 4115 consolationem
1274 4060 1523 4115 Multum
1585 4062 1806 4119 scilicet

140 4147 514 4202 aediﬁcantur
542 4145 831 4217 homines,
856 4147 996 4201 dum
1021 4144 1803 4219 quaestionum'solutionem

141 4235 427 4304 audiunt;
452 4235 695 4307 capiunt
714 4235 786 4290 eti
802 4252 893 4290 am
921 4236 1480 4304 exhortationem,ut
1500 4237 1807 4308 proﬁciant

140 4327 204 4380 in
220 4324 464 4391 melius;
483 4339 759 4397 magnam
780 4324 1166 4381 nihilominus
1189 4331 1435 4381 sumunt
1455 4326 1803 4382 consolatio-

143 4428 307 4479 nem,
340 4416 483 4486 quia
513 4430 617 4486 spe
650 4414 983 4470 futurorum
1008 4415 1294 4470 bonorum
1316 4415 1605 4486 patienter
1626 4416 1807 4487 perfe-

141 4509 290 4559 runt
318 4504 586 4559 adversa.
623 4502 786 4559 Unde
815 4504 970 4559 idem
1003 4504 1064 4558 in
1097 4503 1345 4575 epistola
1378 4504 1446 4558 ad
1475 4505 1803 4561 Romanos:

145 4595 212 4652 Ut
258 4610 362 4667 per
416 4593 758 4665 patientiam
786 4597 837 4648 et
901 4594 1330 4649 consolationem
1395 4593 1808 4664 Scripturar-um

137 4699 297 4756 spem
328 4682 633 4738 habeamus
662 4683 837 4752 (Rom.
870 4700 963 4753 xv,
997 4683 1070 4754 4).

215 4773 540 4846 Sequitur:
577 4773 686 4841 Qui
715 4774 964 4843 loquitur
993 4773 1203 4843 lingua,
1228 4774 1577 4842 semetipsum
1624 4773 1812 4843 aldi/i-

138 4871 250 4918 σαι.
280 4862 361 4917 De
394 4862 492 4917 illo
519 4860 683 4929 dicit,
712 4859 833 4933 qui,
868 4861 1023 4932 quod
1058 4860 1342 4932 loquitur,
1378 4860 1670 4932 intelligit.
1707 4862 1811 4929 Qui

139 4961 329 5008 autem
350 4953 665 5023 prophetat,
694 4951 997 5007 Ecclesium
1014 4951 1275 5019 aediﬁcat.
1300 4949 1401 5004 His
1425 4967 1657 5022 quoque
1686 4969 1809 5005 ver-

141 5042 235 5097 bis
270 5040 533 5095 ostendit
563 5040 822 5095 multum
858 5040 1097 5110 quidem
1130 5040 1349 5094 distare
1382 5039 1810 5112 interlinguam

142 5137 200 5186 et
231 5129 633 5203 prophetiam,
660 5132 889 5185 tantum
912 5128 1181 5184 videlicet
1203 5128 1811 5202 interesse,quantum

144 5221 327 5275 refert
344 5218 499 5274 inter
510 5217 763 5274 salutem
779 5218 1045 5284 unius,et
1059 5215 1531 5286 multorum,imo
1547 5218 1745 5273 omniu
1759 5236 1813 5273 m

141 5308 647 5380 Verumquiaipse
661 5324 727 5363 su
738 5306 1195 5381 periusgratiam
1212 5306 1547 5378 linguarum
1560 5307 1712 5363 inter
1724 5324 1816 5363 va-

142 5400 418 5454 rietatem
437 5398 728 5453 donorum
745 5395 1181 5463 annumeravit;
1200 5395 1328 5451 ideo
1342 5397 1816 5453 condescendens

142 5486 555 5544 conceditillis
588 5485 751 5557 loqui
781 5484 1026 5557 linguis,
1061 5484 1262 5539 dicens
1289 5502 1301 5539 :
1341 5485 1461 5540 Volo
1492 5489 1678 5540 autem
1726 5502 1817 5541 vos

142 5592 333 5632 omnes
346 5577 496 5647 loqui
511 5575 816 5647 linguis.Et
828 5578 895 5629 ut
908 5573 1015 5628 hoc
1029 5572 1449 5627 minusdonum
1466 5574 1817 5640 ostenderet,

144 5665 413 5723 addidit:
442 5665 627 5735 Magis
644 5670 829 5720 autem
840 5661 1173 5735 prophetare
1187 5678 1208 5723 ;
1233 5661 1403 5733 quasi
1434 5662 1650 5719 diceret
1677 5681 1690 5721 :
1724 5664 1820 5721 Sio

215 5792 370 5871 (643)
402 5791 470 5848 In
502 5793 703 5865 autog.
738 5784 1278 5865 marg,hiclogitur
1313 5801 1440 5859 cap.
1474 5785 1639 5846 LXII.

1907 3442 2169 3505 pretetur.
2206 3435 2278 3489 Se
2308 3434 2503 3507 ipsum
2534 3437 2710 3492 etiam
2744 3438 2861 3496 illis
2918 3443 3165 3512 przebuit
3202 3447 3562 3520 exemplum,

1912 3523 2051 3577 dum
2084 3524 2424 3593 subjunxit:
2460 3528 2619 3581 Nunc
2648 3536 2851 3598 autem,
2884 3532 3105 3601 fratres,
3163 3536 3216 3589 si
3267 3552 3463 3592 venero
3493 3538 3564 3592 ad

1911 3628 2002 3666 vos
2034 3612 2242 3683 linguis
2273 3614 2516 3686 laqueus,
2547 3621 2655 3670 etc.
2688 3659 2706 3683 ,
2736 3620 2903 3690 quasi
2935 3621 3174 3677 diceret.
3219 3623 3281 3679 In
3316 3641 3409 3681 me
3438 3626 3561 3682 dis-

1913 3702 2023 3757 cite
2054 3703 2410 3775 exemplum,
2446 3704 2601 3775 quia,
2639 3706 2685 3761 si
2717 3724 2926 3764 venero
2953 3711 3021 3765 ad
3060 3728 3159 3767 vos
3198 3712 3416 3785 ignotis
3448 3714 3562 3771 lin-

1913 3791 2045 3862 guis
2075 3791 2340 3863 loquens,
2389 3793 2533 3848 nihil
2566 3796 2729 3852 vobis
2778 3798 3044 3869 prodere,
3083 3801 3422 3876 nulliusque
3470 3821 3568 3861 ero

1914 3881 2335 3949 tediﬁcationis,
2370 3883 2483 3937 nisi
2514 3888 2617 3938 aut
2649 3887 2961 3957 prophetas
3018 3891 3183 3947 vobis
3214 3907 3562 3965 exposuero,

1914 3973 2017 4023 aut
2047 3969 2292 4023 moralia
2321 3970 2592 4038 docuero,
2619 3978 2720 4027 aut
2739 3974 2938 4046 aliqua
2959 3977 3187 4039 occulta
3209 3980 3554 4039 revelavero.

1916 4057 1981 4111 Et
2010 4057 2120 4112 hoc
2149 4062 2237 4113 est
2270 4060 2424 4129 quod
2459 4058 2638 4115 dicit:
2672 4064 2799 4119 Nisi
2847 4065 3042 4136 loquar
3095 4072 3192 4123 aut
3246 4070 3308 4124 in
3353 4072 3573 4126 revela-

1915 4148 2085 4218 tione,
2131 4156 2228 4203 aut
2267 4148 2524 4218 scientia,
2576 4156 2685 4207 etc.
2718 4153 2824 4208 Sed
2876 4153 2997 4209 hac
3044 4156 3245 4213 omnia
3274 4159 3347 4214 ad
3380 4176 3567 4217 unum

1916 4236 2241 4308 protectum
2278 4239 2632 4308 referuntur,
2657 4243 2936 4313 quoniam
2962 4243 3057 4301 ille
3080 4246 3248 4302 docet
3272 4247 3374 4320 qui
3396 4248 3568 4306 intel-

1914 4324 2063 4397 ligit,
2097 4332 2155 4382 et
2185 4325 2282 4382 ille
2312 4328 2624 4400 prophetat
2655 4331 2754 4401 qui
2816 4333 3031 4389 revelat
3087 4337 3401 4408 mysteria:
3437 4354 3568 4408 qua:

1914 4414 2044 4469 ideo
2078 4415 2219 4487 agit,
2254 4416 2394 4487 quia
2424 4416 2730 4473 scientiam
2764 4420 2962 4477 habet.

1988 4504 2305 4574 Postquam
2329 4520 2391 4559 se
2408 4504 2656 4576 praebuit
2677 4508 3307 4581 exemplum,adjunxit
3330 4518 3388 4570 et
3410 4513 3572 4571 aliud

1917 4593 1988 4648 de
2010 4592 2511 4647 irrationabilibus
2529 4610 2595 4648 ac
2618 4593 3086 4655 insensibilibus.
3118 4601 3571 4675 Tamen,inquit,

1843 4707 1885 4770 Β
1917 4696 2042 4753 quae
2069 4682 2190 4735 sine
2218 4681 2412 4736 anima
2441 4691 2571 4737 sunt
2604 4700 2783 4739 vocem
2810 4685 3034 4754 dantia,
3090 4693 3198 4744 etc.
3259 4697 3337 4748 Ac
3360 4692 3409 4747 si
3441 4690 3574 4749 aliis

1919 4771 2112 4826 verbis
2143 4770 2396 4825 diceret:
2434 4771 2492 4826 Si
2527 4773 2684 4842 tibia,
2746 4779 2849 4830 aut
2902 4777 3144 4845 cithara,
3204 4785 3308 4834 aut
3349 4780 3574 4852 aliquid

1921 4860 2059 4925 tale,
2085 4876 2196 4914 non
2222 4859 2591 4927 distinctum,
2624 4865 2724 4919 sed
2758 4866 3068 4921 contusum
3094 4868 3573 4941 dederitsonum,

1924 4950 2142 5004 nullius
2173 4955 2346 5004 erunt
2380 4950 2672 5017 utilitatis,
2705 4955 2845 5025 quia
2874 4971 3047 5011 aures
3080 4973 3194 5011 non
3236 4957 3576 5014 demulcent

1924 5038 2313 5094 audientium.
2348 5038 2528 5094 Multo
2562 5042 2749 5109 magis
2778 5060 2880 5098 vos
2904 5044 3126 5101 nullius
3145 5045 3309 5102 eritis
3330 5045 3577 5102 (ediﬁce-

1924 5127 2122 5192 tionis,
2155 5131 2257 5181 aut
2290 5127 2596 5197 utilitatis;
2632 5129 2745 5185 nisi
2778 5132 2859 5186 ita
2888 5131 3238 5204 loquamini,
3271 5140 3337 5190 ut
3366 5133 3577 5191 intelli-

1924 5216 2165 5289 gamini.
2201 5219 2511 5288 Sequitur:
2570 5219 2783 5273 Etenim
2842 5224 2895 5276 si
2945 5224 3217 5279 incertam
3269 5240 3456 5280 vocem
3485 5224 3576 5280 det

1926 5307 2073 5371 tuba,
2095 5310 2202 5360 etc.
2227 5303 2374 5360 Nota
2396 5307 2537 5377 quia
2557 5308 2840 5364 incertam
2866 5310 3317 5384 dicit,quoniam
3339 5313 3583 5387 quidem

1926 5394 2307 5469 variismodis
2327 5394 2480 5450 soliti
2499 5401 2666 5452 erant
2682 5397 2950 5456 homines
2968 5402 3127 5459 tubis
3147 5418 3355 5459 canere
3380 5420 3582 5460 :cane-

1930 5483 2071 5537 bant
2102 5482 2281 5552 enim,
2306 5487 2371 5537 ut
2391 5483 2786 5543 incitarentad
2811 5487 3179 5557 bellum,sive
3202 5496 3266 5546 ut
3288 5496 3586 5549 moverent

1929 5575 2142 5637 castra,
2173 5570 2259 5625 vel
2291 5572 2565 5643 ﬁgerent:
2600 5578 2757 5646 quod
2818 5583 3181 5636 monstratur
3225 5584 3284 5635 et
3342 5582 3400 5636 in
3433 5581 3582 5637 libro

1930 5658 2204 5730 Levitico,
2229 5663 2289 5717 et
2307 5660 2446 5718 Jesu
2469 5660 2644 5734 Nave,
2669 5668 2848 5743 atque
2869 5666 3501 5741 Machabteorum,sive
3521 5669 3584 5738 in
