3902 6438
321 428 433 490 391
1337 425 1675 485 ATTONIS
1726 425 1771 481 V
1785 422 2182 483 ERCELLEN
2194 422 2309 482 SIS
2356 422 2479 482 EPI
2490 421 2707 483 SCOPI
3674 422 3805 482 392

324 560 490 616 mitio
547 558 769 613 mensis
822 561 878 613 et
929 558 1355 626 solemnitatis;
1417 557 1570 611 unde
1635 554 1969 611 Psalmista.
2001 555 2055 620 Α
2087 558 2313 626 poterat
2337 554 2489 610 idem
2519 554 2832 626 Apostolus
2886 554 3082 624 variis.
3114 554 3336 627 linguis
3406 553 3629 627 loqui,
3668 557 3800 611 tam

324 649 531 720 Canite,
563 648 844 719 inquit,in
869 649 1250 703 initiomensis
1272 648 1402 702 tuba
1426 646 1594 716 (644),
1625 649 1737 699 etc.
1780 645 1848 698 Et
1879 648 1969 698 est
2078 659 2181 713 per
2226 649 2523 709 naturam,
2577 650 2639 699 ut
2688 644 2947 710 Hebraea,
3015 644 3179 715 Syra,
3238 642 3575 713 Chaldaea,
3610 647 3807 715 atque

324 753 562 794 sensus:
587 737 749 792 Sicut
768 737 1466 806 enim,nisitubacertam
1486 733 1965 799 bellidetvocem,
2080 732 2298 798 Graeca,
2332 749 2509 803 quam
2543 737 2598 786 et
2630 732 2763 788 aliis
2794 749 2896 802 per
2924 733 3173 804 gratiam
3225 731 3515 803 Spiritus
3565 733 3799 799 sancti,

324 842 496 881 nemo
523 843 586 881 se
617 831 903 897 praeparat
924 826 993 880 ad
1023 825 1239 879 bellum
1269 841 1282 890 ;
1307 824 1389 878 sic
1413 827 1468 876 et
1498 822 1660 876 vobis
1686 820 1970 891 loquenti-
2080 829 2143 874 ut
2174 821 2358 875 caeteri
2391 820 2660 892 apostoli,
2694 821 2846 876 sicut
2876 821 2935 875 in
2970 822 3130 876 Actis
3158 838 3376 877 eorum
3417 820 3695 892 legitur.
3736 823 3808 876 Et

323 914 456 982 bus,
490 915 602 969 nisi
634 914 715 968 ita
749 913 1092 985 loquamini,
1125 916 1189 966 ut
1219 911 1653 982 intelligamini,
1703 927 1874 965 nemo
1907 926 1968 964 se
2080 910 2219 980 quia
2243 910 2430 980 gratia
2452 909 2787 981 linguarum
2808 911 3047 967 domum
3068 914 3154 965 est
3174 910 3454 981 Spiritus
3480 909 3803 977 sancti,ut

322 1006 610 1073 praeparat
630 1002 699 1056 ad
716 1000 1382 1072 spiritalecertamen.Et
1403 999 1510 1053 hoc
1526 999 1779 1069 estquod
1796 997 1962 1053 dicit:
2078 998 2203 1069 ipse
2229 1016 2407 1069 supra
2439 999 2715 1063 ostendit,
2748 998 2876 1052 ideo
2912 1000 3055 1052 bene
3084 998 3304 1070 gratias
3346 999 3479 1053 Deo
3516 997 3679 1070 agit.

323 1092 409 1145 Ita
435 1095 487 1145 et
514 1105 623 1155 vos,
654 1094 760 1143 etc.
2151 1086 2427 1157 Sequitur
2452 1104 2464 1151 ;
2486 1088 2593 1142 Sed
2615 1089 2673 1141 in
2696 1086 2941 1142 Ecclesia
2954 1088 3073 1142 volo
3102 1089 3350 1159 quinque
3384 1088 3578 1162 verba
3611 1105 3798 1144 sensu

392 1176 705 1250 Sequitur:
730 1178 905 1231 Erilis
934 1177 1085 1231 enim
1145 1179 1205 1231 in
1251 1193 1381 1231 aere
1438 1177 1735 1247 loquentes,
1767 1174 1825 1229 id
1857 1178 1967 1237 est,
2078 1191 2195 1230 meo
2227 1176 2400 1245 loqui,
2433 1180 2541 1229 etc.
2574 1175 2932 1246 Simpliciter
2957 1175 3120 1231 locus
3151 1175 3261 1231 iste
3306 1175 3794 1248 intelligendus

324 1266 491 1337 quasi
516 1269 681 1320 vento
703 1264 891 1320 inflati
914 1281 1113 1320 vocem
1137 1266 1495 1320 amittentes.
1517 1264 1823 1335 Sequitur:
1846 1264 1971 1317 Tam
2081 1268 2190 1318 est.
2225 1262 2311 1317 Illi
2344 1280 2499 1329 vero,
2534 1262 2636 1335 qui
2666 1263 2962 1318 subtiliter
3020 1264 3451 1330 discutientes,
3504 1266 3794 1338 quinque

321 1355 516 1420 multa,
541 1358 605 1408 ut
620 1356 777 1425 puta,
799 1370 1009 1426 genera
1032 1355 1383 1422 linguarum,
1406 1358 1513 1407 etc.
1540 1354 1966 1407 Etestsensus:
2076 1352 2251 1407 verba
2281 1352 2483 1406 dicunt
2513 1352 2773 1423 quinque
2807 1352 2987 1423 Moysi
3020 1351 3200 1407 libros
3252 1353 3660 1425 significare,
3696 1355 3791 1410 di-

324 1442 381 1498 Si
396 1442 571 1497 etiam
588 1441 864 1496 omnibus
878 1439 1969 1513 generibuslinguarumloqueremini,
2080 1445 2216 1495 cant
2246 1456 2479 1495 necesse
2511 1444 2599 1494 est
2631 1439 2771 1511 quid
2803 1440 2983 1495 decem
3000 1433 3193 1495 millia
3209 1441 3779 1516 significent.Ergo

324 1529 471 1585 nihil
492 1530 795 1602 prodesset
814 1530 999 1599 vobis,
1025 1529 1139 1583 nisi
1161 1528 1966 1601 intelligeremini.Sequitur:
2082 1546 2188 1584 nos
2218 1527 2562 1599 simpliciter
2592 1545 2694 1600 per
2723 1528 2985 1600 quinque
3013 1530 3186 1585 verba
3217 1530 3479 1586 brevem
3547 1530 3787 1589 intelli-

323 1618 388 1674 Si
404 1635 530 1687 ergo
550 1620 796 1674 nesciero
812 1619 1075 1673 virtutem
1094 1620 1266 1684 vocis,
1285 1623 1392 1674 etc.
1417 1617 1634 1672 Verum
1658 1622 1747 1672 est
1772 1635 1784 1671 :
1807 1617 1968 1687 quia,
2079 1633 2290 1689 gamus
2324 1617 2643 1671 orationem
2670 1641 2683 1681 ;
2719 1632 2821 1687 per
2849 1617 3048 1671 decem
3084 1616 3290 1687 millia,
3329 1617 3680 1689 prolixam.
3720 1621 3789 1674 Et

324 1708 376 1763 si
402 1707 602 1779 ignota
624 1706 885 1778 qualibet
911 1706 1115 1778 lingua
1148 1706 1250 1760 tibi
1283 1705 1582 1777 loquatur,
1608 1710 1663 1759 et
1687 1705 1813 1776 ipse
1840 1704 1968 1770 tibi,
2079 1710 2168 1760 est
2188 1722 2397 1760 sensus
2426 1721 2439 1761 :
2475 1704 2624 1759 Malo
2658 1705 2920 1776 quinque
2948 1706 3125 1761 verba
3153 1722 3339 1762 sensu
3377 1724 3550 1778 meo,
3578 1708 3642 1764 id
3666 1714 3778 1774 est,

322 1798 381 1849 et
412 1799 471 1849 tu
506 1794 590 1849 illi
622 1795 911 1850 barbarus.
942 1794 1010 1848 Et
1038 1799 1125 1849 est
1156 1811 1397 1849 sensus:
1423 1794 1465 1848 Ο
1512 1792 1820 1862 Corinthii,
1852 1809 1967 1847 non
2079 1796 2310 1849 brevem
2344 1795 2666 1849 orationem
2699 1794 3045 1865 simpliciter
3091 1800 3147 1851 et
3196 1796 3539 1852 manifeste
3587 1797 3786 1853 facere

323 1883 680 1940 studendum
711 1881 1608 1954 estlinguis,utignotislinguis
1640 1882 1964 1952 loquentes,
2004 1914 2048 1978 Β
2080 1884 2152 1938 ad
2184 1882 2419 1937 illorum
2462 1883 2903 1938 aediﬁcationem
2936 1888 2992 1937 et
3023 1883 3301 1949 salutem,
3339 1901 3544 1957 quam
3568 1886 3780 1942 decem

324 1972 572 2028 invicem
604 1970 835 2026 barbari
866 1969 1204 2039 videamini,
1233 1970 1332 2025 sed
1364 1969 1560 2041 potius
1598 1970 1890 2035 charitati,
1910 1974 1974 2023 ut
2004 1969 2045 1978 “’
2082 1970 2269 2027 millia
2288 1972 2595 2025 verborum
2621 1972 2844 2044 lingua,
2878 1971 2935 2026 id
2965 1975 3073 2035 est,
3108 1971 3342 2027 occulte
3396 1973 3606 2029 facere
3654 1990 3783 2046 pro-

324 2060 385 2116 in
409 2058 1020 2116 communiintellectu
1045 2058 1341 2113 laetemini.
1369 2061 1733 2129 Quapropter
1763 2059 1972 2128 adjun-
2082 2061 2282 2116 lixam.
2320 2060 2424 2114 Ubi
2459 2065 2773 2115 monentur
2825 2059 3162 2115 scholastici
3209 2061 3681 2133 praedicatores,
3716 2068 3777 2118 ut

325 2150 445 2205 xit:
478 2150 568 2205 Sic
590 2156 642 2205 et
671 2164 779 2215 vos,
810 2150 1071 2219 quoniam
1118 2148 1467 2203 :emulatores
1496 2149 1800 2218 spirituum
1826 2149 1970 2215 estis,
2084 2150 2142 2204 in
2176 2149 2587 2221 praedicatione
2620 2165 2731 2203 non
2765 2166 2933 2204 suam
2968 2154 3231 2220 quaerant
3263 2151 3776 2218 ostentationem,

326 2238 384 2293 id
413 2241 503 2293 est
524 2237 969 2308 linguarum,ad
997 2235 1429 2303 aediﬁcationem
1477 2236 1714 2290 Errlmia
1744 2238 1975 2306 quaerite
2020 2228 2025 2239 ’
2086 2238 2185 2292 εει-ἀ
2235 2254 2474 2292 suorum
2521 2237 2853 2291 auditorum
2904 2237 3326 2308 perfectionem
3382 2244 3449 2294 et
3482 2239 3766 2305 salutem,

326 2335 388 2383 ut
408 2326 792 2393 abundetis,id
815 2330 922 2391 est,
948 2324 1310 2396 prephetetis
1336 2342 1348 2391 ;
1371 2341 1435 2379 ac
1464 2324 1513 2378 si
1536 2324 1777 2379 dixisset
1803 2329 1973 2380 :Pro-
2157 2326 2433 2397 Sequitur
2456 2343 2468 2380 :
2503 2328 2737 2388 Fratres,
2761 2326 2933 2380 nolite
2943 2328 3103 2396 pueri
3126 2327 3277 2396 efﬁci
3333 2328 3635 2399 sensibus,
3666 2334 3771 2384 etc.

327 2415 525 2488 phetia
549 2420 637 2470 est
660 2414 1020 2469 abundantia
1049 2413 1450 2468 adiﬁcationis
1476 2418 1533 2467 et
1556 2413 1973 2479 utilitatis,nnn
2089 2416 2232 2471 Puer
2256 2415 2413 2470 enim
2446 2414 2772 2468 imitandus
2794 2420 2882 2469 est
2904 2414 3283 2485 simplicitate
3306 2420 3371 2471 et
3406 2417 3769 2481 innocentia,

327 2504 389 2558 in
418 2502 695 2558 varietate
716 2501 1073 2573 linguarum.
1112 2502 1475 2571 Quapropter
1506 2518 1640 2555 mox
1669 2501 1973 2571 sequitur:
2079 2506 2245 2575 juxta
2277 2503 2404 2570 hoc,
2439 2504 2590 2574 quod
2626 2503 2907 2558 Dominus
2954 2502 3013 2556 in
3071 2503 3396 2575 Evangelio
3460 2507 3592 2562 ait:
3645 2508 3772 2562 Nisi

329 2594 395 2647 Et
420 2592 542 2647 ideo
563 2594 658 2662 qui
679 2591 921 2660 loquitur
941 2590 1153 2659 lingua,
1185 2598 1304 2643 oret
1334 2589 1393 2643 id
1426 2593 1535 2655 est,
1569 2588 1844 2659 loquatur
1876 2590 1975 2654 ita,
2085 2595 2335 2648 conversi
2363 2592 2690 2661 efﬁciamini
2719 2596 2776 2645 ut
2802 2593 3032 2662 parvuli
3061 2592 3291 2659 (Matth.
3327 2610 3506 2665 xvm,
3541 2596 3623 2665 3),
3657 2598 3764 2650 etc.

331 2687 396 2736 ut
424 2681 876 2751 interpretetur;
912 2670 1031 2733 sive
1062 2682 1196 2748 oret,
1224 2677 1280 2731 id
1313 2682 1424 2744 est,
1458 2683 1725 2748 precetur
1757 2678 1967 2732 Deum.
2086 2682 2300 2735 Verum
2334 2697 2460 2751 qua:
2495 2681 2570 2735 sit
2601 2680 2934 2735 innocentia
2966 2679 3213 2751 parvuli,
3240 2682 3381 2751 jam
3420 2689 3630 2754 patet;
3664 2684 3763 2739 sed

325 2768 599 2842 Sequitur
626 2786 638 2823 :
663 2768 799 2823 Nam
828 2768 880 2822 si
905 2782 1055 2822 orem
1085 2768 1297 2836 lingua,
1330 2765 1386 2820 id
1441 2770 1549 2833 est,
1608 2765 1835 2837 loquar,
1866 2768 1979 2838 spi-
2088 2769 2197 2824 hoc
2230 2768 2550 2837 sciendum,
2585 2768 2723 2838 quia
2750 2767 2853 2822 illa
2884 2774 2973 2823 est
3002 2786 3136 2824 vera
3156 2769 3557 2841 simplicitas,
3593 2788 3765 2844 quam

329 2861 469 2914 ritus
488 2872 658 2922 meus,
682 2856 741 2911 id
763 2861 874 2922 est,
894 2872 1005 2910 vox
1025 2871 1156 2909 mea
1177 2854 1454 2924 loquitur,
1479 2871 1633 2909 mens
1656 2859 1842 2908 autem
1861 2871 1978 2908 mea
2090 2857 2401 2913 comitatur
2430 2856 2738 2927 prudentia
2763 2873 2775 2911 :
2812 2857 2966 2911 unde
2998 2858 3065 2912 de
3124 2859 3395 2928 quodam
3449 2860 3583 2915 viro
3607 2861 3764 2930 justo

330 2951 451 3002 sine
467 2949 657 3017 fructu
688 2953 785 2999 est.
810 2944 890 2998 De
922 2943 1021 2997 illo
1054 2943 1317 3015 loquitur
1344 2942 1682 3014 Apostolus,
1716 2942 1814 3012 qui
1848 2942 1979 3006 hoc,
2090 2946 2309 3000 dictum
2334 2950 2421 2999 est
2445 2961 2456 2999 :
2484 2944 2730 3015 Simplex
2757 2950 2805 2999 et
2856 2954 3033 3000 rectus
3073 2947 3217 3016 (Job.
3272 2964 3340 3014 η,
3393 2949 3481 3019 3),
3519 2947 3763 3021 simplex

332 3036 487 3108 quod
519 3050 786 3091 sermone
816 3034 1053 3104 profert,
1114 3048 1228 3086 non
1262 3030 1536 3102 intelligit
1579 3036 1791 3095 mente,
1825 3031 1982 3085 velut
2090 3038 2325 3106 propter
2355 3033 2771 3099 innocentiam,
2806 3040 2998 3089 rectus
3034 3041 3273 3106 propter
3335 3037 3758 3108 prudentiam:

332 3124 521 3180 Latini
555 3122 812 3179 assolent
840 3120 1113 3176 delectari
1146 3136 1286 3175 sono
1342 3119 1553 3190 linguae
1606 3119 1835 3183 Graecae,
1878 3118 1978 3189 qui
2091 3140 2223 3177 nam
2250 3139 2365 3177 una
2387 3122 2512 3177 sine
2544 3121 2726 3177 altera
2750 3123 2950 3177 haberi
2974 3139 3088 3177 non
3118 3128 3334 3194 potest.
3370 3130 3443 3180 Et
3461 3126 3598 3181 ideo
3621 3132 3763 3180 utra-

332 3230 467 3269 cum
489 3210 758 3267 delectati
782 3209 1367 3280 sono,linguaGrzeca
1389 3207 1728 3278 loquuntur,
1751 3213 1975 3262 mentes
2012 3271 2049 3288 ﬂ
2088 3228 2199 3283 que
2231 3211 2498 3266 habenda
2532 3217 2687 3276 sunt,
2712 3217 2777 3265 ut
2804 3211 3157 3281 simplicitas
3182 3213 3490 3270 relevetur
3512 3215 3758 3288 pruden-

332 3318 536 3358 eorum
552 3300 752 3357 alienae
774 3317 807 3354 a
827 3271 1017 3354 fructu
1040 3271 1393 3353 redduntur.
1418 3271 1672 3351 Fuerunt
1694 3271 1793 3367 qui
1819 3296 1976 3351 dixe-
2009 3271 2051 3337 (ἶ
2093 3271 2192 3366 tia,
2224 3305 2281 3354 et
2306 3298 2617 3371 prudentia
2648 3271 3005 3371 temperet-ur
3062 3299 3487 3369 simplicitate.
3512 3271 3685 3358 ‘Hinc
3712 3306 3760 3355 et

333 3394 474 3446 runt
502 3387 843 3461 Apostolum
875 3386 946 3441 de
966 3386 1065 3442 illo
1090 3386 1297 3458 spiritu
1320 3385 1559 3455 dixisse,
1584 3386 1682 3456 qui
1705 3385 1764 3439 in
1789 3383 1977 3455 bapti-
2087 3389 2372 3443 Dominus
2396 3388 2452 3442 in
2503 3387 2811 3459 Evangelio
2839 3406 2851 3441 :
2910 3388 3087 3443 Estote
3129 3389 3445 3458 prudentes
3477 3393 3625 3448 sicut
3654 3405 3755 3444 ser-

331 3483 519 3535 smate
547 3476 846 3532 tribuitur.
2084 3486 2268 3547 pentes
2300 3477 2508 3547 (Matth.
2542 3494 2597 3545 x,
2634 3477 2745 3546 16),
2778 3482 2886 3531 etc.
2913 3477 2979 3530 Et
3001 3478 3141 3548 quia
3161 3494 3311 3548 puer
3343 3479 3608 3548 malitia,
3644 3493 3755 3534 non

402 3568 678 3639 Sequitur
704 3583 716 3620 :
770 3565 918 3633 Quid
944 3580 1068 3634 ergo
1110 3566 1234 3618 est?
1262 3562 1438 3619 Orabo
1471 3566 1697 3634 spiritu,
1731 3564 1899 3617 orabo
1927 3570 1979 3616 et
2090 3583 2265 3621 sensu
2286 3565 2605 3619 imitandus
2626 3569 2731 3629 est,
2756 3564 3096 3635 subjunxit:
3124 3565 3394 3623 Sensibus
3416 3574 3610 3625 autem
3633 3583 3756 3639 per-

331 3665 530 3725 mente,
551 3661 693 3711 etc.:
724 3654 1020 3724 nisi,quod
1045 3670 1141 3707 ore
1164 3652 1389 3723 loquar,
1415 3652 1738 3721 intelligam
1765 3655 1981 3715 mente,
2089 3657 2218 3726 fecti
2247 3659 2428 3709 estote.

335 3751 394 3803 et
426 3745 581 3817 quod
601 3759 739 3798 voce
761 3740 1030 3813 psallam,
1052 3740 1318 3811 cogitabo
1340 3746 1398 3794 et
1417 3741 1589 3794 corde
1611 3740 1638 3792 ?
1659 3740 1823 3793 Tunc
1847 3755 1980 3792 vero
2160 3742 2440 3812 Sequitur
2464 3757 2475 3795 :
2510 3743 2573 3795 In
2611 3741 2724 3812 lege
2771 3742 3033 3812 scriptum
3065 3751 3142 3798 est
3166 3761 3186 3797 :
3220 3745 3513 3813 Quoniam
3544 3748 3608 3802 in
3635 3743 3753 3800 aliis

336 3834 471 3905 quis
495 3834 644 3887 bene
675 3830 892 3902 psallit,
926 3832 1028 3883 aut
1060 3834 1206 3892 orat,
1239 3830 1473 3900 quando
1527 3845 1636 3882 vox
1673 3827 1981 3881 intentioni
2093 3833 2319 3901 linguis,
2351 3833 2400 3885 et
2430 3830 2562 3884 aliis
2592 3830 2755 3884 labiis
2787 3830 2987 3901 loquar
3032 3832 3168 3903 (lsa.
3230 3851 3445 3903 xxvm,
3506 3837 3620 3905 11),
3650 3838 3749 3889 etc.

337 3921 673 3978 concordat.
706 3915 1088 3989 Quapropter,
1122 3917 1261 3988 quia
1282 3917 1593 3988 Apostolus
1616 3915 1872 3971 ostendit
1894 3932 1981 3970 re-
2090 3919 2232 3974 Aliis
2254 3917 2472 3990 linguis
2504 3921 2561 3972 et
2591 3917 2761 3973 labiis
2787 3918 3048 3990 loquitur
3069 3920 3387 3992 Dominus,
3415 3925 3588 3994 juxta
3607 3919 3749 3992 quod

339 4010 623 4076 medium,
654 4012 720 4065 ut
751 4024 917 4063 mens
950 4024 1062 4062 non
1090 4007 1169 4061 sit
1201 4008 1325 4061 sine
1359 4008 1573 4070 fructu,
1599 4012 1871 4061 monetur
1890 4004 1982 4060 his
2094 4026 2194 4079 per
2226 4006 2572 4080 prophetam
2604 4006 2744 4061 dicit
2772 4025 2784 4061 :
2820 4008 3038 4062 Feriam
3093 4025 3214 4064 cum
3276 4011 3442 4068 domo
3501 4010 3678 4067 ιεναει
3705 4008 3750 4061 et

336 4099 529 4154 verbis
552 4096 1205 4169 unusquisque,utdum
1233 4095 1564 4167 procumbit
1587 4095 1655 4149 ad
1673 4094 1981 4161 orandum,
2094 4099 2255 4153 domo
2283 4096 2428 4151 Iuda
2456 4097 2673 4165 pactum
2699 4096 2830 4163 (Jer.
2865 4113 3022 4163 XXXI,
3052 4099 3164 4168 31),
3197 4104 3312 4154 etc.
3370 4100 3546 4156 Videt
3596 4110 3754 4152 nam-

339 4188 458 4242 sive
488 4191 623 4254 stat,
650 4185 737 4240 vel
760 4185 935 4240 etiam
961 4186 1029 4238 ad
1056 4182 1450 4255 psallendum,
1474 4182 1707 4252 colligat
1729 4186 1982 4236 mentem
2096 4203 2207 4257 que
2239 4184 2457 4254 aliquis
2482 4183 2723 4237 Judaeus
2757 4189 2934 4238 Deum
2971 4185 3100 4241 aliis
3130 4186 3361 4259 linguis
3405 4187 3595 4260 loqui,
3624 4186 3750 4240 dum

340 4291 532 4342 suam,
558 4279 613 4330 et
636 4290 751 4330 non
770 4274 926 4329 sinat
947 4288 1076 4327 eam
1096 4289 1197 4343 per
1213 4271 1444 4326 diversa
1459 4276 1986 4341 vagare,quatenus
2096 4272 2601 4327 circumcisionem
2621 4271 2785 4325 audit
2804 4271 2948 4326 nihil
2971 4275 3274 4344 prodesse,
3298 4277 3629 4332 Sabbatum
3649 4285 3750 4327 non

338 4381 453 4420 non
486 4366 676 4419 fructu
703 4363 982 4434 privetur.
2098 4361 2412 4431 observari,
2437 4361 2764 4432 prohibitos
2787 4361 2949 4418 cibos
2971 4362 3213 4421 licenter
3233 4366 3493 4433 comedi,
3517 4365 3745 4419 Neome-

413 4454 719 4524 Sequitur:
756 4452 1028 4508 Cytorum
1075 4451 1129 4505 si
1186 4448 1557 4505 benedixeris.
1621 4448 1990 4503 Benedicitur
2098 4453 2553 4521 niarum,atque
2575 4447 3751 4526 Kalendarum,czeterarumquesolemni-

342 4542 629 4614 quidquid
654 4541 979 4597 secundum
999 4538 1291 4610 aequitatis
1307 4538 1569 4610 regulam
1597 4537 1843 4602 dicitur;
1869 4537 1987 4592 sive
2098 4546 2287 4596 tatum
2310 4538 2729 4594 celebrationes
2790 4546 3121 4609 evacuatas,
3157 4559 3223 4598 ac
3268 4544 3493 4600 diversi
3524 4535 3749 4614 generis

342 4630 639 4686 benedicis
668 4631 810 4684 dum
836 4628 1114 4699 precaris,
1146 4627 1233 4682 vel
1261 4645 1452 4700 rogas,
1488 4626 1574 4682 vel
1596 4631 1749 4682 certe
1773 4627 1989 4681 sancti-
2021 4634 2066 4698 D
2098 4628 2384 4685 sacrificia
2413 4628 2483 4682 ad
2519 4628 2793 4700 mysteria
2818 4630 3080 4701 corporis
3113 4635 3170 4685 et
3200 4631 3537 4705 sanguinis
3573 4626 3749 4700 ipsius

344 4720 507 4774 ﬁcas.
543 4719 689 4790 Ergo
718 4718 768 4771 si
800 4717 1072 4772 benedicis
1099 4719 1321 4788 spiritu,
1355 4717 1412 4770 id
1444 4722 1534 4771 est
1561 4732 1717 4783 voce,
1743 4717 1881 4786 quia
1910 4715 1992 4771 al-
2103 4717 2402 4774 transisse.
2429 4717 2539 4771 Sed
2562 4733 2744 4787 quare
2774 4716 2904 4773 aliis
2935 4718 3409 4790 linguislocutus
3434 4717 3569 4777 est?
3588 4713 3744 4768 Vide-

342 4813 433 4863 ter
461 4824 577 4863 non
600 4805 895 4877 intelligit,
923 4806 1048 4876 quis
1075 4806 1290 4875 supplet
1323 4806 1500 4859 locum
1547 4804 1758 4871 idiotw,
1793 4803 1848 4858 id
1882 4810 1991 4871 est,
2103 4807 2255 4875 licet,
2286 4811 2351 4861 nt
2378 4805 2697 4860 crederent.
2758 4806 2921 4871 Quod
2980 4808 3344 4876 manifestat,
3403 4824 3537 4864 cum
3582 4801 3745 4857 dicit:

346 4895 479 4967 quis
509 4894 855 4963 orationem,
890 4896 1092 4964 quisve
1114 4896 1246 4946 tuas
1268 4892 1640 4946 conﬁrmabit
1662 4892 1996 4961 preces?Et
2103 4898 2206 4953 Nec
2253 4898 2330 4949 sic
2387 4894 2645 4948 exaudiet
2693 4912 2797 4961 me,
2855 4895 2988 4950 dicit
3036 4897 3318 4953 Dominus.
3375 4903 3504 4970 Ipse
3554 4900 3748 4959 nempe

346 4984 456 5040 hoc
487 4989 576 5040 est
603 4984 760 5056 quod
830 4982 1007 5038 dicit:
1070 4981 1341 5049 Quomodo
1394 4980 1551 5049 dicet,
1606 4997 1786 5049 amen,
1831 4997 1998 5052 super
2107 4983 2360 5057 populus
2391 4982 2609 5053 sprevit
2640 4978 3039 5054 Evangelium,
3074 4986 3467 5042 nihilominus
3498 4984 3744 5039 contem—

349 5078 503 5128 tuam
537 5072 1007 5129 benedictionem?
1035 5076 1153 5125 Hoc
1184 5075 1290 5135 est,
1352 5086 1467 5125 non
1527 5068 1677 5123 dicet
1708 5070 1827 5138 fiat,
1861 5086 1995 5140 quo-
2107 5074 2242 5144 psit.
2269 5073 2458 5142 Itaque
2489 5072 2701 5138 lingua)
2732 5073 2791 5125 in
2814 5075 3035 5142 signum
3062 5083 3212 5140 sunt,
3246 5080 3356 5129 etc.
3391 5060 3744 5128 Consuetudo

348 5163 513 5216 niam
543 5164 714 5216 nescit
742 5162 882 5231 quid
922 5162 1094 5216 dicas.
1150 5158 1461 5230 Sequitur:
1499 5159 1637 5212 Nam
1691 5162 1751 5211 tu
1779 5160 1997 5228 quidem
2110 5176 2363 5231 namque
2386 5159 2574 5213 fuitin
2604 5161 2926 5229 primordio
2952 5161 3315 5228 Ecclesimmt
3330 5157 3741 5234 gratialingua-

353 5250 488 5304 bene
516 5251 732 5318 gratias
762 5250 880 5316 agis
910 5249 967 5303 id
999 5253 1107 5315 est,
1144 5249 1289 5303 bene
1320 5264 1509 5319 rogas,
1534 5248 1675 5301 bene
1709 5246 1995 5317 precaris;
2110 5267 2239 5304 rum
2264 5250 2504 5303 daretur
2533 5248 3226 5321 credentibus,quatenus
3258 5249 3525 5305 infideles
3552 5240 3740 5298 incita-

351 5337 445 5393 sed
473 5337 617 5391 alter
638 5352 749 5391 non
778 5337 1106 5407 aedificatur,
1138 5336 1238 5408 qui
1270 5353 1384 5391 non
1444 5334 1739 5405 intelligit.
1792 5334 1997 5405 Sequi-
2109 5344 2311 5393 rentur
2336 5336 2406 5390 ad
2438 5337 2633 5390 ﬁdem.
2671 5336 2781 5391 Sed
2816 5337 3194 5410 dilatatajam
3230 5340 3368 5407 ﬁde,
3401 5342 3459 5393 et
3479 5322 3740 5398 multipli-

352 5429 490 5481 tur:
525 5423 741 5479 Gratias
800 5439 898 5493 ago
929 5430 1063 5491 Deo,
1122 5428 1231 5479 etc.
1289 5426 1439 5479 Sane
1504 5422 1827 5477 notandum
1862 5425 2001 5494 quia
2109 5427 2255 5482 catis
2300 5424 2593 5495 fidelibus,
2649 5425 2896 5480 cessavit
2944 5427 3073 5498 ipsa
3120 5426 3501 5483 consuetudo.
3537 5420 3602 5475 Et
3627 5413 3740 5469 ideo

425 5582 755 5659 (644)Psa1.
808 5584 1005 5652 vnn/1,
1064 5586 1355 5639 Buccinate
1385 5584 1465 5659 _in
1524 5584 1816 5659 neomenia
1846 5586 1997 5659 tuba.
2113 5587 2403 5659 colebant,
2441 5583 2726 5659 sacrificia
2776 5586 3067 5659 prmeipue
3115 5605 3149 5644 a
3201 5586 3397 5658 Moyse
3426 5572 3737 5638 constituta.

355 5653 877 5730 Neomeniaﬁraeca
897 5659 1132 5730 vosest,
1158 5671 1283 5730 quae
1314 5654 1561 5730 primum
1595 5654 1814 5730 mensis
1844 5656 1999 5730 diem
2112 5657 2285 5715 Num.
2318 5653 2414 5730 xx,
2450 5658 2537 5725 11,
2566 5653 2892 5713 offerentes.

355 5726 671 5804 signiﬁcat,
706 5739 884 5799 quam
915 5723 1138 5782 Hebraei
1161 5723 1475 5797 cujuslibet
1506 5725 1727 5783 mensis
1749 5726 2002 5784 maxime
