3902 6416
119 392 238 458 393

708 391 1133 453 EXPOSlTIO
1177 392 1254 452 ΙΝ
1303 392 1725 454 EPISTOLAS
1770 393 2030 456 PAULI.
2063 426 2139 438 --
2171 396 2246 455 ΙΝ
2295 397 2544 460 EPIST.
2592 401 2613 458 Ι
2660 402 2764 461 AD
2811 403 2988 464 COR.

3444 413 3561 470 394

116 524 261 581 dicit
291 526 614 597 Apostolus
650 542 662 580 :
708 527 943 595 Linguae
973 527 1032 579 in
1062 527 1305 596 signum,
1340 531 1480 593 etc.;
1511 527 1797 598 prophetia
1827 530 1880 596 Α
1917 527 2105 583 noluit
2135 530 2404 586 funditus
2433 548 2532 587 eos
2563 533 2634 588 ab
2666 533 2776 589 hoc
2809 536 3135 606 prohibere,
3170 556 3239 594 ne
3271 540 3416 595 forte
3459 543 3562 596 sti-

113 623 303 671 autem
353 632 466 672 non
515 613 859 687 inﬁdelibus,
893 616 987 671 sed
1035 615 1310 684 ﬁdelibus.
1344 617 1571 682 Quibus
1602 618 1794 672 verbis

113 704 378 760 ostendit
409 721 684 776 magnam
711 720 842 760 esse
867 703 1212 759 distantiam
1246 705 1398 760 inter
1421 704 1710 778 linguam,
1737 711 1796 761 et

115 793 518 866 prophetiam,
551 793 822 849 videlicet
855 810 970 848 non
1005 792 1201 848 solum
1233 794 1293 848 in
1324 793 1660 864 utilitatem,
1691 795 1792 849 sed

116 883 296 938 etiam
353 883 413 938 in
463 882 946 955 perpetuitatem.
995 883 1058 936 In
1117 882 1433 937 utilitatem
1484 883 1794 955 prophetia

115 971 417 1043 precellit,
453 973 596 1043 quia
647 971 760 1026 illa;
811 988 916 1042 pro
967 970 1328 1039 inﬁdelibus,
1360 972 1484 1027 haec
1515 972 1792 1028 ﬁdelibus

118 1064 331 1129 datur;
360 1063 416 1116 in
445 1059 1080 1134 perpetuitatem,quia
1103 1060 1214 1116 illa:
1238 1065 1490 1130 cessant,
1516 1061 1637 1117 haec
1657 1079 1790 1117 vero

120 1152 411 1217 manebit,
446 1150 710 1224 quandiu
747 1149 1217 1222 peregrinabitur
1247 1151 1520 1207 Ecclesia.

188 1239 474 1310 Sequitur
505 1257 518 1294 :
576 1239 637 1295 Si
673 1255 800 1310 ergo
839 1240 1128 1294 conveniat
1160 1242 1419 1295 universa
1447 1241 1698 1295 Ecclesia
1729 1241 1789 1294 in

116 1346 317 1400 unum,
350 1334 460 1385 etc.
493 1329 563 1384 Et
593 1334 682 1384 est
713 1345 925 1384 sensus
953 1345 965 1382 :
1005 1327 1065 1383 Si
1096 1345 1302 1384 omnes
1334 1329 1390 1383 in
1429 1346 1616 1384 unum
1651 1345 1786 1384 con-

115 1419 391 1485 veniatis,
427 1423 484 1474 et
512 1433 720 1474 omnes
750 1416 970 1490 linguis
1003 1417 1332 1490 loquamini
1364 1417 1603 1489 ignotis,
1636 1436 1788 1474 nun-

116 1507 261 1580 quid
294 1524 412 1564 non
443 1506 659 1563 dabitis
691 1507 1058 1563 occasionem
1093 1507 1611 1578 reprehendendi?
1641 1509 1788 1572 Quo-

115 1597 279 1652 niam
312 1596 363 1652 si
393 1597 616 1652 intrent
644 1594 861 1662 idiotze,
884 1600 984 1650 aut
1015 1595 1308 1660 inﬁdeles,
1339 1595 1537 1651 dicent
1564 1613 1665 1651 vos
1697 1596 1784 1651 in-

115 1685 315 1742 sanire
347 1688 404 1741 et
434 1689 700 1741 amentes
729 1701 880 1740 esse.
916 1685 974 1740 Si
1009 1689 1206 1740 autem
1239 1701 1444 1740 omnes
1475 1685 1783 1758 prophete-

113 1773 215 1840 tis,
250 1776 308 1829 et
356 1773 578 1828 intrent
626 1771 839 1842 idiotaa,
872 1775 975 1828 aut
1021 1771 1310 1841 inﬁdeles,
1343 1775 1687 1828 convincitur
1717 1775 1784 1829 ab

1907 617 2114 672 mulati
2149 620 2469 676 deteriores
2516 623 2741 691 ﬁerent,
2776 641 2842 680 eo
2893 627 3047 696 quod
3099 628 3399 684 crederent
3449 630 3561 685 dici

1905 706 2014 761 hoc
2047 707 2402 765 invidentia:
2437 713 2911 770 condescendens
2943 717 3236 771 concessit
3262 717 3377 772 illis
3399 718 3562 792 loqui

1905 793 2147 868 linguis,
2177 814 2309 853 cum
2344 799 2463 854 ait:
2497 800 2625 855 Sive
2648 802 2840 872 lingua
2871 805 2991 875 quis
3013 805 3276 876 loquitur.
3301 807 3371 861 Et
3399 811 3558 876 nota,

1906 901 2083 956 quam
2118 890 2457 959 temperate.
2493 889 2804 946 Secundum
2843 892 2996 960 duos,
3030 893 3242 965 inquit,
3273 903 3372 951 aut
3415 898 3559 952 mul-

1904 977 2023 1028 tum
2053 978 2182 1051 tres,
2206 980 2263 1030 et
2292 975 2398 1031 hos
2428 995 2542 1032 non
2573 978 2769 1046 simul,
2794 981 2894 1035 sed
2921 997 3022 1052 per
3043 991 3249 1052 partes.
3277 984 3410 1040 Ideo
3440 1001 3555 1041 non

1905 1079 2109 1120 omnes
2141 1067 2447 1136 concessit,
2483 1084 2555 1122 ne
2585 1068 2790 1124 darent
2823 1068 3156 1126 inﬁdelibus
3189 1073 3554 1129 occasionem

1902 1152 2366 1222 reprehendendi
2397 1171 2409 1209 :
2443 1155 2689 1227 ideoque
2719 1173 2834 1212 non
2866 1157 3039 1213 etiam
3073 1163 3192 1215 tres
3222 1160 3421 1232 simul,
3451 1163 3552 1218 sed

1900 1239 2097 1310 potius
2127 1247 2192 1295 ut
2221 1243 2402 1298 altero
2434 1241 2726 1315 loquente,
2761 1245 2908 1300 alter
2939 1251 3143 1312 taceat,
3178 1264 3248 1302 ne
3289 1249 3434 1304 forte
3465 1254 3552 1306 to-

1899 1332 2025 1382 tum
2059 1335 2411 1400 occuparent
2438 1332 2615 1398 diem,
2652 1338 2708 1387 et
2738 1350 2854 1388 non
2888 1335 3124 1390 daretur
3168 1337 3413 1393 facultas
3465 1338 3551 1394 lo-

1901 1417 2117 1488 quendi
2152 1419 2222 1472 ad
2253 1419 2720 1475 aediﬁcationem.
2746 1423 2815 1476 Et
2836 1427 2991 1489 nota,
3017 1425 3154 1494 quia
3176 1425 3256 1480 ita
3282 1425 3390 1481 hoc
3416 1443 3554 1483 con-

1899 1505 2071 1573 cedit,
2096 1511 2161 1560 ut
2182 1507 2336 1562 adsit
2356 1507 2452 1579 qui
2479 1509 2887 1580 interpretetur,
2912 1510 3194 1582 alioquin,
3222 1513 3345 1580 sibi,
3371 1523 3421 1570 et
3449 1515 3552 1571 soli

1896 1595 2005 1650 Deo
2029 1594 2306 1668 loquatur.
2328 1597 2496 1664 Nota,
2525 1597 2662 1669 quia
2693 1597 2965 1654 similiter
2984 1605 3210 1656 certum
3237 1618 3551 1658 numerum

1898 1684 2061 1754 ponit
2093 1685 2164 1738 de
2198 1685 2522 1757 prophetis.
2558 1686 2867 1759 Pr0phetse,
2901 1687 3113 1758 inquit,
3147 1689 3274 1758 duo,
3307 1699 3403 1746 aut
3447 1699 3552 1747 tres

1895 1770 2080 1827 dicant
2108 1773 2274 1844 (647).
2303 1776 2492 1839 Quare
2526 1792 2640 1830 non
2666 1792 2870 1831 omnes
2891 1775 2918 1830 ?
2949 1776 3251 1846 Videlicet,
3273 1783 3338 1833 ut
3362 1778 3550 1834 caeteri

113 1862 393 1929 omnibus,
420 1861 770 1933 dijudicatur
797 1861 866 1916 ab
895 1863 1154 1917 omnibus
1181 1880 1198 1916 :
1231 1861 1521 1929 videlicet,
1547 1863 1782 1920 convin-
1814 1898 1862 1962 B
1895 1861 2273 1934 interrogent.
2309 1863 2375 1917 Et
2405 1863 2515 1918 hoc
2543 1869 2648 1931 est,
2684 1865 2839 1935 quod
2873 1865 3143 1935 adjunxit
3175 1883 3188 1922 :
3237 1867 3435 1923 Cazteri
3460 1868 3548 1924 di-

113 1953 292 2020 citur,
326 1955 384 2007 et
412 1951 797 2022 dijudicatur,
831 1951 973 2022 quia
1002 1950 1279 2023 intelligit
1311 1968 1372 2007 se
1422 1951 1690 2023 intelligi,
1725 1957 1782 2008 et
1814 1949 2136 2021 "judicent
2165 1967 2184 2004 .·
2218 1950 2326 2006 hoc
2356 1956 2463 2020 est,
2498 1952 2544 2007 si
2579 1952 2800 2025 aliquid
2832 1953 3148 2025 occultum,
3183 1959 3286 2010 aut
3315 1961 3544 2013 contra-

114 2040 429 2097 manifeste
459 2039 658 2096 omnia
686 2057 823 2096 vera
851 2057 994 2096 esse
1020 2041 1288 2113 agnoscit
1317 2057 1443 2112 quin
1478 2041 1778 2096 dicuntur.

115 2129 446 2202 Sequitur:
500 2131 567 2186 Et
617 2129 827 2184 occulta
876 2129 1061 2186 cordis
1117 2131 1411 2199 manifesta
1467 2131 1627 2200 ﬁunt.
1679 2130 1780 2186 His

115 2218 459 2276 manifestat
484 2218 696 2283 verbis,
719 2219 860 2289 quia
881 2218 1188 2290 prophetia
1209 2235 1323 2274 non
1348 2223 1437 2274 est
1458 2218 1779 2275 solummo-

113 2309 192 2364 do
230 2309 426 2364 futura
457 2309 792 2380 praedicere,
824 2308 925 2362 sed
976 2307 1154 2363 etiam
1188 2307 1436 2374 occulta,
1472 2307 1782 2378 praesentia

113 2401 454 2453 monstrare
488 2414 500 2451 :
553 2412 710 2462 nam,
745 2395 901 2452 sicut
931 2395 1002 2451 ab
1047 2394 1235 2451 oculis
1268 2395 1485 2452 nostris
1518 2412 1636 2451 rem
1669 2396 1781 2451 ali-

111 2503 302 2558 quam
350 2490 616 2557 tempora
660 2485 857 2540 futura
905 2484 1204 2540 occultant
1254 2485 1338 2540 sic
1387 2489 1444 2540 et
1493 2483 1780 2542 mentium

112 2571 492 2638 abscondita,
519 2576 576 2626 et
597 2570 854 2628 locorum
875 2572 1161 2628 absentia.
1189 2572 1333 2626 Hinc
1358 2577 1446 2627 est
1468 2573 1622 2644 quod
1652 2573 1782 2628 bea-

110 2666 215 2717 tus
238 2677 394 2733 papa
409 2659 987 2733 Gregoriusloquens
1003 2661 1074 2715 de
1100 2661 1414 2732 generibus
1438 2660 1777 2732 prophetiae,

109 2767 302 2805 unum
327 2765 516 2822 genus
537 2765 665 2804 esse
697 2747 840 2804 dicit
861 2749 1154 2820 ejusdem,
1179 2747 1408 2804 occulta
1429 2748 1622 2804 cordis
1655 2766 1778 2804 ma-

109 2839 397 2896 nifestare
422 2864 436 2905 ;
469 2837 571 2910 qui
598 2837 773 2894 etiam
806 2839 877 2893 ad
902 2837 1411 2894 conﬁrmationem
1441 2855 1558 2894 sum
1583 2855 1782 2894 narra-

115 2927 297 2984 tionis
325 2927 434 2983 hoc
457 2925 722 2999 Apostoli
743 2926 1070 2998 assumpsit
1091 2926 1444 2999 exemplum.
1472 2926 1782 2998 Prophetia

111 3023 209 3073 est
237 3017 420 3082 enim,
444 3033 570 3088 quze
597 3015 735 3070 alibi
763 3020 1067 3088 geruntur,
1092 3031 1225 3070 cum
1254 3032 1370 3071 non
1399 3015 1475 3071 sit
1501 3032 1777 3087 prasens,

114 3106 450 3162 ostendere.
476 3105 642 3160 Sicut
673 3105 742 3160 de
769 3104 958 3160 Eliseo
985 3103 1217 3176 legitur,
1243 3105 1340 3176 qui
1366 3103 1506 3159 alibi
1531 3104 1777 3176 positus,

113 3195 262 3268 quid
287 3194 430 3250 alibi
458 3211 662 3250 servus
685 3194 814 3264 ejus
833 3193 988 3249 Giezi
1014 3194 1260 3266 gesserit
1283 3193 1516 3264 agnovit
1539 3195 1631 3264 (IV
1649 3196 1773 3264 Reg.

1893 2039 2046 2094 rium
2079 2039 2270 2095 visum
2306 2040 2498 2111 fuerit,
2534 2042 2913 2115 interrogent.

1967 2128 2246 2200 Sequitur
2279 2146 2290 2183 :
2353 2130 2512 2200 ()uod
2539 2131 2592 2184 si
2617 2131 2724 2186 alii
2750 2132 3051 2187 rsvelatum
3079 2135 3268 2204 luerit,
3302 2138 3408 2189 etc.
3445 2134 3541 2189 Ri-

1893 2219 2018 2270 tum
2041 2223 2378 2288 namque,et
2400 2235 2618 2273 morem
2641 2235 2948 2291 synagoga;
2967 2221 3240 2290 gentibus
3259 2221 3542 2288 insinuat,

1894 2305 2114 2376 quibus
2148 2304 2514 2376 loquebatur.
2550 2306 2866 2379 Synagogaa
2918 2324 3126 2380 nempe
3179 2311 3542 2365 consuetudo

1891 2398 2035 2462 erat,
2062 2398 2124 2448 ut
2154 2394 2560 2450 convenientes
2584 2396 2641 2449 in
2666 2412 2872 2463 unum,
2903 2397 3158 2452 seniores
3190 2398 3425 2468 quidem
3452 2415 3541 2454 se-

1892 2482 2097 2536 derent
2126 2481 2183 2536 in
2219 2482 2530 2551 cathedris,
2556 2483 2824 2554 juniores
2853 2500 2987 2539 vero
3017 2486 3076 2538 in
3110 2485 3400 2554 scabellis,
3435 2486 3544 2541 mi-

1893 2571 2039 2624 nimi
2064 2587 2299 2642 quoque
2330 2571 2387 2625 in
2423 2572 2753 2643 pavimento
2777 2573 2945 2643 (648).
2971 2573 3088 2628 Hoc
3111 2574 3384 2640 ostendit,
3408 2591 3541 2630 cum

1892 2658 2034 2714 dicit
2059 2677 2071 2714 :
2102 2659 2252 2728 Quod
2270 2660 2320 2715 si
2337 2661 2442 2716 alii
2464 2662 2764 2716 revelatum
2787 2663 2984 2732 fuerit,
3005 2669 3112 2717 etc.
3139 2662 3335 2718 Monet
3360 2663 3542 2732 enim,

1891 2753 1957 2803 ut
1987 2753 2175 2803 taceat
2203 2748 2403 2819 prior;
2434 2750 2573 2820 quia
2599 2750 2749 2806 sicut
2771 2751 2893 2822 ipse
2918 2768 3030 2806 non
3058 2751 3255 2807 omnia
3276 2768 3539 2824 compre-

1890 2835 2142 2892 hendere
2166 2841 2374 2909 potest,
2392 2837 2473 2892 sic
2496 2843 2552 2892 et
2572 2839 2681 2894 iste
2703 2856 2818 2894 non
2841 2839 2911 2893 ab
2935 2839 3210 2896 omnibus
3229 2840 3538 2895 alienatur.

1892 2925 1958 2980 Et
1990 2926 2130 2996 quia
2161 2941 2310 2997 saepe
2342 2926 2495 2982 Deus
2527 2926 2674 2982 solet
2705 2927 2957 2983 revelare
2981 2927 3205 2998 juniori
3235 2929 3387 3000 quod
3423 2946 3539 2984 non

1889 3013 2108 3069 revelat
2138 3013 2366 3086 majori,
2401 3015 2666 3086 sequitur
2700 3033 2713 3070 :
2761 3017 2998 3071 Potestis
3045 3018 3193 3071 enim
3229 3033 3414 3071 omnes
3440 3034 3542 3088 per

1889 3103 2140 3172 singulos
2165 3105 2494 3174 prophetare
2520 3120 2541 3164 ,°
2575 3102 2741 3174 quasi
2774 3103 2990 3158 diceret
3020 3119 3032 3158 :
3067 3104 3282 3160 Omnes
3312 3105 3541 3161 habetis

1891 3192 2136 3263 gratiam
2172 3191 2508 3264 prophetize.
2539 3193 2601 3246 Et
2628 3194 2862 3264 spiritus
2888 3192 3284 3264 prbphetarum
3308 3195 3540 3266 prophe-

113 3265 168 3353 ὖ,
203 3285 320 3355 26).
355 3283 634 3354 Sequitur
667 3299 680 3337 :
711 3283 776 3337 Et
806 3284 886 3337 ita
917 3265 1114 3338 cadens
1144 3285 1202 3338 in
1235 3285 1440 3337 terram
1472 3283 1620 3353 (645)
1651 3282 1779 3338 ado-
1813 3265 1856 3332 Ε
1896 3282 1965 3334 tis
1993 3280 2221 3347 subjecti
2247 3289 2393 3335 sunt.
2427 3279 2675 3335 Pulchre
2706 3280 2848 3335 dicit
2879 3298 2892 3336 :
2924 3281 3162 3354 Subjecti
3193 3265 3322 3337 sunt.
3349 3302 3365 3347 ;
3398 3265 3543 3356 quo-

114 3374 270 3429 rabit
291 3375 506 3437 Deum;
537 3372 677 3444 quia
705 3370 852 3426 nihil
885 3372 1048 3426 audit
1069 3371 1412 3436 obscurum,
1443 3371 1590 3424 nihil
1625 3375 1783 3426 tene-

115 3464 388 3530 brosum,
406 3460 554 3517 nihil
573 3462 861 3525 fucatam,
878 3459 1140 3531 nihilque
1163 3459 1584 3530 duplum,nihil
1607 3459 1781 3514 etiam

111 3551 400 3616 velatum,
427 3567 531 3606 ceu
567 3550 627 3604 in
659 3549 949 3604 idolorum
988 3549 1160 3604 fanis.
1196 3548 1491 3604 [dolorum
1527 3564 1782 3619 namque

110 3642 453 3698 sacerdotes
494 3639 686 3696 solent
726 3639 916 3694 velare
965 3637 1142 3694 facies
1190 3637 1522 3703 hominum,
1557 3642 1619 3692 ut
1666 3655 1779 3692 non

113 3731 355 3786 videant
381 3729 726 3795 falsitatem;
753 3744 783 3783 e
805 3728 1095 3784 contrario
1109 3725 1386 3795 Ecclesia,
1403 3727 1540 3798 quia
1556 3725 1780 3782 nullam

117 3820 300 3876 habet
331 3818 673 3888 falsitatem,
708 3817 808 3874 sed
841 3833 1077 3872 omnem
1109 3815 1437 3886 veritatem,
1473 3833 1587 3872 non
1633 3815 1784 3872 velat

116 3908 324 3965 oculos
344 3924 507 3972 suos,
523 3907 623 3963 sed
650 3905 844 3979 potius
862 3909 1028 3977 rogat
1045 3909 1109 3960 ut
1127 3905 1485 3976 aperiantur,
1502 3905 1777 3961 dicendo:

114 3999 314 4055 Revela
339 3999 528 4054 oculos
557 4001 768 4052 nostros
800 3994 980 4067 (Psal.
1008 4011 1205 4062 cxvm,
1239 3994 1348 4065 18),
1385 3999 1494 4049 etc.

186 4087 471 4160 Sequitur
503 4105 516 4142 :
574 4085 715 4154 Quid
761 4101 889 4154 ergo
934 4088 1034 4155 est,
1065 4086 1270 4154 fratres
1297 4087 1321 4136 ξ)
1353 4084 1466 4138 Hoc
1497 4087 1605 4148 est,
1639 4082 1779 4154 quid

115 4177 462 4243 dicendum,
507 4175 649 4247 quid
703 4174 1058 4246 eligendum,
1093 4177 1318 4244 quodve
1373 4173 1779 4244 accipiendum

117 4264 434 4321 consilium
457 4264 484 4319 ?
515 4263 681 4328 Quod
714 4263 1030 4320 consilium
1051 4262 1216 4318 vobis
1249 4263 1327 4317 sit
1358 4257 1781 4330 necessarium,

116 4371 223 4426 ego
255 4353 589 4410 ostendam.
625 4352 759 4408 Cum
794 4353 1124 4419 convenitis,
1166 4351 1381 4422 inquit,
1415 4353 1784 4421 unusquisque

115 4448 364 4500 vestrum
388 4441 674 4514 psalmum
710 4441 892 4511 habet,
917 4445 1024 4496 etc.
1051 4441 1120 4495 Et
1150 4444 1239 4494 est
1259 4455 1505 4495 sensus:
1540 4438 1646 4503 Qui
1677 4439 1780 4493 ha-

114 4533 214 4588 bet
249 4531 551 4604 psalmum
593 4530 810 4596 laudis,
844 4529 1123 4602 loquatur
1172 4527 1447 4595 laudem;
1481 4529 1581 4599 qui
1623 4526 1784 4582 habet

1893 3369 2051 3424 niam
2084 3369 2338 3440 Spiritus
2370 3373 2609 3424 sanctus
2641 3369 2722 3423 sic
2754 3386 2958 3424 omnes
2991 3371 3192 3442 replet,
3219 3375 3283 3426 ut
3313 3372 3422 3428 sibi
3454 3372 3543 3426 in-

1891 3459 2076 3512 vicem
2109 3475 2313 3513 omnes
2344 3458 2708 3525 subdantur;
2743 3459 2899 3512 verbi
2923 3458 3130 3529 gratia,
3154 3460 3237 3515 sic
3258 3465 3314 3515 te
3338 3460 3542 3531 replet,

1893 3551 1959 3601 ut
1986 3564 2088 3618 per
2113 3545 2509 3600 humilitatem
2535 3547 2809 3601 subdaris
2831 3546 3006 3615 illi,et
3030 3547 3219 3615 illum,
3246 3553 3311 3603 ut
3333 3549 3545 3603 subda-

1891 3641 1989 3690 tur
2011 3636 2138 3691 tibi.
2173 3635 2430 3708 Respicit
2456 3636 2629 3690 ctiam
2663 3635 2783 3690 haec
2807 3637 3098 3691 sententia
3127 3637 3197 3690 ad
3230 3636 3358 3705 hoc,
3384 3637 3541 3707 quod

1893 3725 1974 3780 ait
2005 3725 2278 3797 superius
2313 3742 2323 3778 :
2361 3724 2420 3780 Si
2449 3726 2745 3780 revelatum
2777 3727 2951 3796 fuerit
2973 3727 3212 3796 juniori,
3246 3731 3352 3780 etc.
3379 3724 3542 3780 Unde

1892 3818 1948 3868 et
1998 3830 2130 3868 mox
2182 3814 2531 3884 subjunxit:
2582 3816 2697 3868 Non
2747 3818 2825 3868 est
2871 3814 3222 3870 dissensionis
3262 3816 3418 3880 Deus,
3451 3813 3542 3868 sed

1888 3904 2064 3975 pacis.
2097 3902 2220 3956 Non
2249 3907 2336 3956 est
2358 3902 2513 3958 Deus
2545 3902 2966 3970 dissensionis;
3001 3902 3138 3974 quia
3166 3905 3223 3957 in
3258 3902 3542 3974 propheta

1893 4007 2008 4045 non
2040 3996 2128 4044 est
2160 3989 2471 4056 dissensio,
2507 3989 2660 4044 sicut
2690 3991 2748 4044 in
2780 3989 3115 4062 linguarum
3147 3992 3444 4046 varietate.

1904 4100 1911 4106 ·
1964 4077 2241 4149 Sequitur
2281 4095 2293 4132 :
2346 4078 2501 4134 Sicut
2554 4081 2612 4133 in
2659 4079 2916 4134 omnibus
2949 4080 3199 4134 Ecclesiis
3227 4089 3542 4135 sanctorum

1891 4167 2077 4223 doceo.
2110 4171 2241 4221 Haec
2264 4167 2394 4221 ideo
2427 4167 2573 4222 dixit
2602 4167 2934 4238 Apostolus,
2959 4172 3023 4222 ut
3053 4172 3108 4222 et
3138 4185 3263 4239 qua:
3295 4167 3540 4240 scripse-

1892 4261 1985 4312 rat
2017 4255 2238 4312 arctius
2262 4272 2462 4310 eorum
2497 4256 2771 4312 cordibus
2795 4256 3266 4324 inculcarentur;
3301 4263 3376 4323 et,
3401 4262 3544 4311 dum

1892 4362 1960 4401 ea
1991 4345 2261 4401 audirent
2291 4345 2491 4415 scribi,
2527 4362 2651 4416 qua:
2685 4345 2741 4399 in
2773 4344 2910 4400 aliis
2945 4344 3214 4400 Ecclesiis
3247 4347 3542 4410 docuerat,

1894 4435 2136 4507 puderet
2165 4451 2264 4488 eos
2294 4451 2325 4487 a
2356 4432 2732 4504 generalitate
2763 4433 2883 4487 fore
2914 4432 3154 4488 alienos.

1967 4525 2111 4592 (649)
2145 4523 2396 4576 Mulieres
2428 4523 2483 4574 in
2517 4522 2741 4576 ecclesia
2772 4526 3005 4576 taceant.
3039 4523 3120 4576 Ad
3156 4527 3405 4593 emptam
3456 4521 3545 4575 in-

115 4621 435 4678 doctrinam
457 4617 1408 4687 exhortationis,exhortationem;
1435 4621 1492 4671 et
1519 4615 1616 4688 qui
1640 4617 1783 4688 Apo-
1814 4634 1861 4699 D
1895 4612 2214 4667 tentionem
2237 4609 3050 4699 revertitur.Reprehenderat
3067 4610 3336 4682 superius
3354 4610 3549 4666 Corin-

113 4709 406 4781 catypsin,
430 4708 840 4765 revelationem
863 4726 877 4775 ;
903 4711 962 4762 et
982 4707 1084 4779 qui
1112 4707 1390 4778 linguam,
1412 4709 1468 4761 et
1491 4705 1589 4776 qui
1613 4707 1783 4762 inter-

114 4799 488 4869 pretationem
505 4796 808 4864 similiter;
826 4801 882 4851 et
899 4794 1310 4867 unusquisque
1327 4793 1786 4866 gratiam,quam

116 4886 371 4960 accepit,
399 4885 696 4958 loquatur,
725 4889 1130 4941 verumtamen
1153 4883 1224 4937 ad
1250 4880 1618 4952 singulorum
1641 4883 1789 4938 acdi-

114 4977 438 5046 ﬁcationem
461 4992 481 5036 ;
516 4975 672 5030 unde
703 4974 898 5047 inquit
929 4990 941 5030 :
997 4973 1194 5028 Omnia
1246 4970 1316 5026 ad
1366 4970 1789 5040 aediﬁcationem

153 5068 278 5120 ant.
1028 5108 1039 5120 .

153 5068 278 5120 ant.
1028 5108 1039 5120 .

118 5065 151 5133 ﬁ
187 5158 266 5210 At
315 5170 475 5219 vero,
519 5154 661 5225 quia
709 5151 900 5226 gratia
953 5151 1290 5223 linguarum
1344 5148 1496 5204 inter
1541 5149 1791 5204 varieta-

119 5250 238 5301 tem
265 5243 560 5299 donorum
588 5245 957 5307 annumerat,
977 5256 1112 5296 cum
1138 5239 1382 5294 vidisset
1403 5255 1502 5294 eos
1523 5254 1660 5310 erga
1683 5237 1790 5294 hoc

121 5333 347 5389 donum
383 5332 559 5403 (646),
614 5337 670 5388 et
723 5331 834 5386 hoc
882 5330 1074 5399 majus
1107 5345 1219 5400 prae
1251 5327 1477 5383 caeteris
1500 5327 1789 5398 judicare,

189 5440 347 5509 (645)
383 5437 553 5510 Vulg.
589 5441 654 5494 in
681 5440 906 5511 faciem.

191 5503 530 5582 (646)1'3rga
578 5503 691 5568 hoc'
729 5511 933 5566 donum
976 5522 1273 5580 prapensos
1328 5503 1646 5576 legendum
1687 5506 1790 5577 ju-

120 5582 347 5728 millia)
382 5653 579 5728 Hicin
609 5657 807 5726 autog.
844 5667 1028 5728 marg.
1061 5648 1278 5728 legitur
1306 5663 1436 5720 cap.
1471 5645 1667 5702 LXIII.

190 5719 345 5810 (648)
381 5725 651 5784 Verbum
680 5719 1064 5798 supermittas,
1098 5719 1254 5795 quod
1311 5733 1618 5794 perperam
1662 5723 1796 5793 post

458 5855 728 5924 Peraea.
773 5849 1096 5916 CXXXIV.

1899 4700 2070 4770 thios,
2105 4716 2169 4754 eo
2221 4699 2375 4771 quod
2432 4698 2622 4754 criniti
2675 4698 3029 4771 incederent,
3073 4705 3128 4756 et
3180 4699 3449 4767 feminas,
3483 4716 3549 4755 eo

1895 4791 2046 4859 quod
2073 4789 2293 4860 absque
2316 4787 2620 4843 velamine.
2647 4788 2953 4860 Deinceps,
2981 4789 3335 4860 quibusdam
3370 4790 3551 4844 inser-

1896 4878 1994 4943 tis,
2023 4879 2092 4932 ad
2117 4882 2363 4948 emptam
2389 4877 2768 4933 intentionem
2799 4882 3113 4941 revertens,
3145 4881 3207 4932 ut
3238 4877 3393 4948 quod
3418 4877 3549 4931 dee-

1898 4973 2008 5034 rat,
2043 4967 2361 5038 suppleret,
2396 4966 2703 5037 subjunxit
2735 4983 2747 5020 :
2802 4967 3070 5022 Mulieres
3101 4969 3157 5020 in
3198 4967 3433 5024 ecclesia
3462 4974 3551 5021 ta-

1897 5065 2012 5112 ceat
2032 5073 2052 5117 ;
2082 5058 2226 5111 sicut
2251 5064 2300 5111 et
2332 5056 2424 5110 lea:
2446 5056 2577 5110 dicit
2605 5056 2706 5122 ibi,
2733 5056 2831 5110 ubi
2871 5055 3118 5126 legitur:
3154 5055 3268 5110 Sub
3294 5059 3554 5126 potestate

1897 5147 2011 5202 viri
2039 5148 2173 5215 eris,
2206 5153 2257 5199 et
2289 5147 2401 5215 ipse
2431 5143 2807 5198 dominabitur
2835 5147 2919 5197 tui
2968 5143 3120 5214 (Gen.
3171 5162 3256 5215 ιιι,
3305 5145 3383 5215 6),
3437 5144 3556 5199 sive

1900 5236 2049 5304 ideo,
2085 5235 2223 5306 quia
2253 5233 2478 5288 auctrix
2511 5232 2620 5286 fuit
2660 5233 2858 5303 prima:
2890 5233 3402 5305 transgressionis,
3437 5232 3556 5288 sive

1902 5323 2040 5396 quia
2066 5325 2135 5378 de
2160 5325 2319 5377 costa
2342 5320 2443 5375 viri
2471 5321 2718 5375 formata
2743 5325 2848 5375 est.
2881 5319 3042 5375 Unde
3066 5327 3121 5376 et
3147 5323 3289 5377 Sara
3309 5320 3556 5392 loquens

1901 5431 2213 5502 pavimento
2245 5427 2457 5502 legitur
2479 5426 2536 5480 in
2565 5432 2791 5502 autog,
2818 5428 2950 5498 jure
2982 5427 3204 5502 optimo
3227 5444 3559 5502 expungen-

1902 5497 2044 5557 dum
2071 5499 2494 5571 judicavimus,
2520 5497 2633 5552 nisi
2661 5497 3036 5570 super’muros
3066 5499 3255 5571 legere
3286 5497 3556 5566 velimus,

1901 5569 2245 5715 “6643,13.
2259 5641 2456 5712 autog.
2490 5654 2678 5716 marg.
2710 5641 2807 5699 hic
2836 5641 3051 5717 legitur
3082 5657 3210 5715 cap.
3245 5640 3436 5700 LXIV.

3166 5841 3242 5914 l3
