3902 6434
323 439 443 499 395
1365 433 1624 495 ATTON
1634 432 1701 493 IS
1747 429 2327 533 VERGELLENSIS
2371 430 2721 493 EPISCOPI
3675 432 3804 493 396

324 571 398 626 ad
424 569 741 635 Abraham,
768 568 1072 625 dominum
1097 586 1231 624 eum
1254 572 1435 623 vocat.
1459 567 1569 621 Sed
1593 566 1781 621 oritur
1811 582 1969 636 quzev
2003 563 2060 629 Α
2090 566 2199 618 rat.
2231 567 2364 618 Erat
2384 563 2563 619 etiam
2589 564 2745 636 apud
2768 563 2900 619 illos
2923 564 3045 619 haec
3078 580 3256 636 prava
3278 564 3541 621 traditio
3570 581 3586 620 :
3626 565 3799 630 Quo-

324 656 428 723 tio,
461 673 639 729 quare
671 656 827 712 dicat
880 656 1154 713 mulieres
1202 656 1261 711 in
1315 655 1561 711 ecclesia
1590 658 1804 722 tacere,
1839 668 1972 708 cum
2088 651 2246 707 niam
2282 652 2544 707 nonnulli
2578 670 2780 709 eorum
2804 652 3103 709 Christum
3136 655 3554 710 resurrexisse
3578 655 3793 711 crede-

325 744 462 801 alibi
487 745 692 800 doceat
721 762 819 801 eas
843 763 1072 802 servare
1102 762 1251 817 opus
1283 744 1517 815 pietatis
1549 743 1603 797 in
1637 743 1837 798 eadem
1870 742 1973 795 do-
2086 740 2249 808 bant,
2275 742 2345 797 de
2375 740 2625 797 aliorum
2657 743 3081 798 resurrectione
3114 742 3499 798 dubitabant.
3538 744 3788 801 Pseudo

325 832 653 889 ctrina.Sed
676 833 920 889 solvitur
943 834 1059 889 ita:
1086 834 1146 889 In
1173 830 1447 887 Ecclesiis
1469 831 1799 903 prohibuit;
1834 828 1975 883 alibi
2083 834 2280 885 tamen
2295 830 2539 902 apostoli
2555 831 2854 887 Christum
2874 848 3005 887 resu
3017 832 3266 888 rrexisse
3286 833 3789 906 negabant,quia

325 922 635 978 concessit.
670 922 736 977 Et
765 922 875 978 hoc
903 926 1010 991 est,
1044 922 1197 993 quod
1231 920 1373 975 dicit
1406 936 1419 975 :
1470 922 1631 976 Domi
1670 922 1815 975 viros
1844 935 1975 974 suos
2082 923 2141 973 et
2171 924 2375 974 natum
2408 936 2521 975 non
2555 920 2703 991 (651)
2738 921 3074 975 credebant.
3107 924 3492 993 Quapropter
3525 926 3779 995 tractat,

325 1009 684 1081 interrogent.
711 1010 1083 1082 Superfluum
1104 1010 1398 1065 videretur
1421 1009 1480 1064 in
1504 1009 1765 1064 ecclesiis
1788 1008 1974 1078 prohi-
2082 1012 2140 1062 et
2170 1013 2436 1063 versatur
2466 1008 2709 1064 intentio
2741 1009 3000 1078 Apostoli
3033 1026 3171 1080 erga
3201 1010 3779 1068 manifestationem

325 1098 484 1167 bere,
510 1098 622 1155 nisi
653 1097 793 1154 alibi
822 1098 1227 1154 concessisset.
1256 1099 1429 1171 Turpe
1458 1106 1539 1154 est
1564 1100 1713 1153 enim
1745 1099 1976 1153 mulieri
2083 1097 2368 1161 mandati,
2393 1101 2449 1150 et
2478 1097 2741 1167 disputat
2761 1097 3042 1153 adversus
3065 1115 3185 1166 eos,
3210 1099 3312 1170 qui
3342 1103 3476 1154 tam
3511 1100 3770 1171 Christi,

324 1189 384 1242 in
416 1185 669 1253 ecclesia,
701 1193 810 1243 etc.
842 1187 967 1243 Non
1015 1186 1209 1243 solum
1266 1186 1405 1255 illis,
1438 1189 1539 1244 sed
1590 1188 1766 1243 etiam
1804 1187 1968 1243 viris.
2082 1200 2259 1255 quam
2288 1184 2535 1240 aliorum
2570 1186 2863 1257 negabant
2894 1186 3381 1243 resurrectionem
3417 1205 3433 1255 ;
3496 1189 3772 1245 maxime

324 1274 393 1331 Et
421 1275 472 1332 si
504 1275 750 1332 subditas
775 1276 989 1332 debent
1014 1293 1144 1332 esse
1166 1275 1328 1346 viris,
1354 1276 1538 1332 multo
1569 1275 1759 1348 magis
1781 1292 1969 1331 sacer-
2080 1278 2275 1328 tamen
2300 1274 2577 1329 adversus
2597 1291 2716 1340 eos,
2741 1275 2838 1347 qui
2862 1274 3156 1331 Christum
3189 1276 3524 1332 credebant
3555 1293 3764 1334 resur-

323 1362 581 1420 dotibus.
2083 1362 2320 1429 rexisse,
2336 1363 2407 1417 de
2431 1362 2680 1418 aliorum
2698 1366 2895 1419 tamen
2922 1365 3347 1421 resurrectione
3364 1365 3769 1423 dubitabant.

393 1452 477 1507 An
506 1469 540 1508 a
568 1453 719 1509 vobis
740 1454 969 1509 verbum
987 1454 1078 1509 De:
1097 1456 1401 1526 processit?
1420 1457 1529 1510 etc.
1550 1453 1784 1509 Tumidi
1811 1468 1971 1507 nam-
2082 1451 2278 1506 Bonus
2308 1452 2615 1522 magister,
2648 1452 2750 1523 qui
2784 1469 2898 1507 non
2928 1456 3164 1508 veretur
3191 1469 3261 1509 ea
3298 1470 3439 1524 qum
3471 1455 3774 1511 docuerat

322 1555 438 1613 qus
490 1546 657 1597 erant
700 1541 1007 1611 Corinthii,
1040 1542 1299 1599 dicentes
1347 1543 1749 1600 credulitatem
1801 1558 1968 1597 suam
2080 1541 2205 1593 suis
2237 1539 2519 1611 replicare
2551 1539 2877 1611 discipulis.
2915 1543 3041 1596 Haec
3080 1542 3237 1596 enim
3268 1541 3613 1599 liberalitas
3647 1561 3767 1599 non

322 1629 514 1702 magis
530 1630 807 1703 prodesse
824 1631 1123 1704 apostolis,
1139 1647 1317 1703 quam
1335 1631 1751 1703 sibimetipsis;
1771 1647 1977 1702 quem:
2081 1628 2276 1693 datur,
2300 1628 2413 1683 nisi
2436 1628 2708 1699 perfectis
2728 1629 3054 1701 magistris.
3079 1633 3361 1686 Caeterum
3385 1629 3764 1703 imperfecti,

323 1717 643 1774 admodum
664 1718 712 1775 si
732 1720 865 1792 quis
889 1719 1101 1776 habeat
1121 1736 1243 1776 rem
1262 1720 1520 1792 aliquam
1544 1719 1805 1775 venalem
1834 1734 1971 1774 con-
2080 1731 2147 1770 ac
2170 1714 2331 1783 mali,
2355 1714 2416 1770 in
2448 1716 2848 1773 recordatione
2880 1733 3106 1789 eorum,
3135 1734 3262 1790 quas
3293 1725 3651 1792 gesserunt,
3675 1721 3763 1777 vel

322 1809 606 1878 temptam
625 1807 698 1863 ab
720 1808 1017 1873 omnibus,
1032 1813 1263 1881 emptor
1281 1813 1575 1864 extremus
1595 1824 1701 1880 pro
1730 1822 1977 1873 munere
2080 1803 2425 1872 docuerunt,
2450 1806 2911 1860 confunduntur.
2940 1809 3008 1861 Et
3038 1810 3195 1873 nota,
3230 1807 3373 1878 quia
3407 1807 3765 1879 promiscue

324 1892 585 1966 deputet.
614 1896 700 1995 Ad
732 1895 840 1996 hoc
870 1896 1126 1997 respicit,
1159 1914 1295 1997 cpm
1345 1896 1487 1997 dicit
1521 1914 1535 1952 :
1590 1898 1669 1950 An
1700 1897 1968 1997 cenabis,
1999 1931 2050 1997 B
2081 1890 2343 1997 loquitur
2373 1908 2386 1945 :
2416 1894 2693 1997 quaedam
2726 1893 3078 1997 conveniunt
3106 1895 3556 1997 recedentibus,

322 1987 466 2052 etc.;
498 1984 668 2056 quasi
692 1985 942 2041 diceret:
972 1985 1097 2041 Non
1127 1985 1496 2041 solummodo
1518 2002 1616 2041 vos
1638 1986 1969 2042 credidistis
1999 1980 2050 1997 ¹’
2080 1980 2216 2034 dum
2246 1997 2382 2036 vero
2414 1982 2472 2035 in
2505 1982 2618 2036 fide
2650 1982 3150 2054 permanentiblle-
3183 1983 3354 2055 Nam,
3384 1987 3556 2057 (111οά
3592 1986 3756 2052 ἀίοίῐν

322 2071 395 2127 ad
420 2088 609 2128 meam
637 2073 1245 2145 praedicationem,sed
1269 2075 1590 2142 etiam,etc.
1612 2075 1680 2129 Et
1696 2076 1972 2148 jungitur
2076 2075 2269 2124 notum
2297 2072 2463 2141 faci0,
2495 2069 2612 2126 illis
2644 2071 2745 2142 qui
2775 2077 3137 2128 recesserant
3164 2090 3178 2141 ;
3214 2074 3372 2145 quod
3408 2073 3519 2143 ait,
3557 2077 3618 2130 in
3651 2091 3755 2147 quo

322 2158 409 2215 illi
433 2160 556 2216 loco
588 2161 896 2234 superiori,
921 2163 1019 2217 ubi
1046 2162 1295 2235 legitur:
1327 2164 1481 2218 Sicut
1507 2165 1569 2218 in
1596 2164 1848 2219 omnibus
1869 2165 1968 2219 Ec-
2077 2161 2255 2228 statis,
2289 2158 2408 2215 illis
2438 2159 2539 2230 qui
2572 2159 2631 2214 in
2661 2161 2775 2215 ﬁde
2806 2166 3273 2232 permanserant,
3305 2163 3620 2220 convenit.
3652 2164 3757 2222 Ve-

318 2248 508 2305 elesiis
535 2252 846 2305 sanctorum
876 2250 1052 2307 doceo.
1086 2252 1153 2306 Et
1183 2269 1254 2307 ne
1285 2251 1554 2307 doctrina
1580 2250 1760 2317 illius,
1789 2252 1969 2307 veluti
2079 2263 2233 2315 rum,
2259 2263 2330 2303 ne
2361 2264 2421 2302 se
2443 2254 2749 2304 excusatos
2773 2250 3103 2317 redderent,
3127 2252 3296 2322 quasi
3327 2268 3456 2308 non
3485 2253 3750 2326 accepis-

320 2336 452 2409 puri
474 2337 754 2408 hominis,
777 2344 1265 2409 contemneretur,
1291 2341 1593 2412 subjunxit
1618 2359 1630 2397 :
1655 2341 1721 2397 Si
1740 2344 1864 2413 quis
1884 2344 1965 2397 vi-
2078 2337 2381 2407 sent,quia
2402 2337 2755 2408 praedicavit,
2772 2338 3076 2408 subjunxit
3095 2357 3113 2393 :
3159 2340 3308 2408 Quod
3333 2345 3388 2396 et
3412 2345 3711 2414 accepistis
3731 2360 3749 2395 :

316 2423 479 2481 detur
497 2428 773 2498 propheta
793 2434 1079 2498 esse,etc.;
1104 2429 1271 2500 quasi
1295 2429 1536 2494 diceret;
1562 2430 1750 2485 Nolite
1774 2447 1964 2486 meam
2078 2430 2155 2493 et,
2189 2441 2263 2481 ne
2294 2431 2597 2498 acceptum
2631 2427 2902 2495 reiecisse
2953 2429 3309 2495 viderentur,
3348 2431 3593 2487 addidit
3625 2450 3640 2488 :
3687 2434 3749 2489 In

319 2513 666 2584 doctrinam,
699 2516 876 2572 veluti
930 2518 1060 2589 puri
1109 2516 1385 2585 hominis,
1437 2522 1829 2586 contemnere,
1862 2521 1963 2575 sed
2078 2530 2182 2585 quo
2230 2519 2281 2571 et
2327 2519 2483 2571 statis
2505 2532 2524 2576 .'
2575 2516 2839 2571 subdidit
2878 2518 3103 2574 etiam:
3154 2523 3261 2574 Per
3289 2522 3450 2591 quod
3479 2524 3538 2577 et
3567 2522 3747 2577 salva-

322 2602 491 2674 quasi
514 2602 617 2659 Dei
639 2604 909 2677 recipite;
934 2605 1073 2677 quia
1093 2606 1323 2661 Domini
1348 2611 1486 2662 sunt
1509 2608 1968 2663 mandata.Tan-
2075 2605 2223 2659 mini
2239 2620 2260 2665 ;
2293 2604 2401 2659 hoc
2432 2608 2540 2669 est,
2567 2620 2671 2674 per
2694 2606 2851 2676 quod
2881 2605 3133 2661 salutem
3161 2609 3457 2679 consequi
3488 2626 3596 2667 vos
3627 2626 3745 2667 cre-

315 2690 403 2762 git
418 2690 594 2748 etiam
612 2693 1259 2766 pseudoapostolos,qui
1277 2711 1390 2750 non
1405 2695 1658 2761 Domini,
1675 2698 1773 2751 sed
1796 2713 1965 2752 suam
2076 2690 2238 2747 ditis.

317 2777 838 2837 docebant.'l‘erret
859 2781 1037 2838 etiam
1060 2782 1533 2854 illos,subdendo
1554 2800 1566 2839 :
1588 2784 1650 2840 Si
1669 2787 1789 2857 quis
1809 2787 1964 2857 igno-
2147 2781 2422 2849 Sequitur
2448 2797 2461 2834 :
2496 2781 2614 2848 Qua
2633 2782 2848 2836 ratione
2867 2783 3291 2852 prxdicaverint
3308 2787 3492 2853 vobis,
3527 2792 3641 2845 etc.
3675 2788 3741 2844 Et

316 2872 433 2935 rat,
464 2869 856 2938 ignorabitur;
885 2870 945 2926 id
976 2875 1083 2939 est,
1115 2873 1542 2944 reprobabitur,
2075 2871 2164 2923 est
2193 2883 2403 2923 sensus
2437 2886 2449 2923 :
2503 2869 2581 2923 Ea
2611 2872 2763 2923 certe
2807 2870 2972 2925 vobis
3002 2872 3328 2944 praedicavi,
3364 2880 3435 2931 ut
3466 2878 3733 2934 omnium

389 2957 605 3029 Itaque,
635 2960 856 3029 fratres.
890 2964 1029 3015 Post
1060 2960 1275 3017 multas
1306 2964 1722 3034 correptiones,
1759 2964 1966 3021 fratres
2076 2956 2386 3011 crederetis
2418 2956 2902 3013 resurrectionem
2922 2982 2936 3024 ς
2958 2961 3103 3028 etv".
3129 2963 3345 3029 ιεπϐείδ.
3379 2980 3501 3022 non
3530 2968 3737 3038 Ῐηιεινα

318 3061 418 3102 eos
440 3046 714 3119 appellat,
731 3052 795 3103 ut
814 3048 1210 3106 subleventur.
1230 3051 1598 3107 /Emulamini
1609 3053 1962 3124 prophetare,
2074 3044 2380 3100 credidi-“1'3
2399 3061 2420 3107 ι’
2450 3045 2499 3100 Si
2534 3050 2729 3101 antem
2753 3062 2867 3101 οοῐι
2890 3048 3172 3116 retinetis,
3195 3052 3441 3122 Ϊνυδῑνα,
3467 3055 3731 3127 inquam.

322 3141 374 3189 σι
401 3133 553 3206 loqui
581 3136 789 3207 tingui;
817 3137 989 3192 natm
1016 3138 1322 3209 prohibere,
1357 3140 1502 3195 Vide
1531 3158 1709 3213 quam
1742 3147 1963 3216 tempe-
2073 3134 2404 3189 credidistis.
2429 3133 2536 3189 Ubi
2567 3134 2825 3190 ostendit
2846 3135 3103 3193 fructum
3135 3138 3347 3196 salutis
3382 3143 3647 3199 maxime
3675 3143 3729 3198 in

319 3226 444 3278 rate
471 3222 751 3295 loquitur.
779 3230 867 3282 Ita
895 3226 1051 3282 enim
1082 3228 1154 3283 ad
1188 3228 1552 3301 prophetiam
1581 3237 1872 3302 provocat,
1899 3237 1965 3288 ut
2003 3297 2034 3302 _
2074 3222 2188 3277 fide
2245 3222 2528 3278 contineri
2588 3224 3052 3281 resurrectionis.
3112 3228 3393 3298 Sequitur
3438 3250 3452 3287 :
3518 3231 3734 3288 Tradidi

316 3309 477 3383 loqui
499 3311 719 3385 linguis
750 3331 864 3371 non
894 3297 1218 3386 prohibeat.
1243 3297 1360 3373 Nos
1390 3317 1544 3373 enim
1569 3297 1725 3376 soliti
1749 3337 1857 3377 sun

2185 3329 2223 3365 πη
2243 3312 2390 3366 vobis
2421 3313 2481 3366 in
2510 3313 2725 3384 primis,
2750 3317 2859 3367 etc.
2887 3312 3049 3376 Quod
3076 3297 3214 3370 vero
3232 3315 3401 3385 dicit,
3429 3320 3493 3375 in
3510 3322 3726 3393 primis,

314 3400 506 3457 dicere
541 3419 555 3457 ε
586 3401 968 3459 ΛΕωυΙειωὶοί
996 3404 1237 3475 bonum,
1271 3412 1328 3462 et
1356 3407 1658 3479 prohibete
1689 3409 1910 3465 malum
1942 3428 1956 3480 ς
2070 3400 2301 3454 duobus
2324 3399 2513 3455 modis
2538 3403 2725 3471 potest
2745 3400 2929 3472 accipi
2956 3417 2970 3455 :
3003 3400 3089 3457 vel
3120 3401 3177 3457 in
3213 3403 3433 3475 primis
3465 3407 3720 3473 tradidit,

312 3489 414 3545 sed
434 3490 748 3562 Apostolus
773 3509 953 3565 supra
972 3493 1306 3549 varietatem
1332 3495 1665 3569 linguarum
1690 3498 1841 3553 inter
1859 3515 1962 3554 οδε·
2069 3489 2224 3560 (Ιυοά
2245 3488 2304 3542 in
2331 3488 2539 3559 Prlmis
2562 3488 2819 3560 θοοοθρίῐῖ
2853 3489 2940 3545 Vel
2971 3492 3127 3561 900d
3156 3492 3214 3547 ίο
3239 3493 3458 3565 Primis
3481 3497 3721 3569 αοοθρίίυ

310 3582 435 3633 tam
456 3579 612 3635 dona
636 3580 991 3650 dinumerat,
1008 3584 1163 3653 quod
1185 3584 1403 3639 donum
1429 3587 1621 3656 majus
1644 3604 1771 3642 esse
1793 3595 1960 3659 puta-
2068 3594 2182 3633 non
2212 3577 2271 3631 in
2298 3576 2527 3648 primis,
2552 3579 2649 3632 sed
2674 3594 2789 3649 quo
2812 3578 3014 3634 ordine
3033 3579 3239 3646 voluit,
3263 3585 3541 3642 tradidit.
3565 3584 3720 3650 Quod

310 3666 474 3722 bant.
496 3666 693 3724 Noluit
714 3668 845 3725 illos
874 3670 1205 3741 prohibere,
1229 3689 1300 3728 ne
1330 3673 1443 3744 ipsi
1475 3675 1759 3729 stimulati
1786 3683 1955 3747 puta-
2067 3670 2264 3720 antem
2295 3665 2459 3730 dicit,
2480 3665 2683 3736 αεεθρίν
2708 3665 3152 3738 intelligendum
3177 3675 3296 3738 est.
3316 3673 3409 3729 vel
3444 3691 3551 3747 per
3572 3688 3723 3729 reve-

311 3758 443 3809 rent
490 3771 625 3811 eum
676 3757 1004 3813 invidentiae
1056 3776 1235 3815 causa
1273 3762 1617 3834 semetipsos
1650 3764 1957 3835 prohibere
2067 3752 2364 3820 lationem:
2397 3751 2486 3807 V91
2519 3768 2621 3824 P3P
2650 3754 3039 3825 Ρτορδθίίδω»
3072 3757 3161 3813 vel
3193 3775 3299 3830 Per
3329 3760 3548 3835 Ῑθὲθῐη-
3582 3760 3719 3829 Ουίά

308 3842 473 3899 velle.
500 3848 567 3899 Et
587 3844 717 3901 ideo
737 3845 845 3901 hoc
867 3846 1027 3914 dicit,
1052 3850 1220 3919 quasi
1247 3849 1461 3905 diceret
1489 3868 1501 3906 :
1530 3853 1615 3907 Ita
1637 3854 1705 3907 ad
1732 3855 1958 3925 majora
2066 3839 2211 3896 ίῙῙυά
2242 3841 2341 3909 Sit»
2372 3841 2627 3896 οείθηάίί
2660 3858 2674 3896 ³
2724 3845 2877 3914 Qum
2918 3844 3170 3903 (ῙῘινίδίυδ
3197 3858 3457 3907 mortuus
3486 3856 3585 3919 εει,
3616 3855 3718 3907 elc-

309 3948 578 4004 ριιονοοο,
612 3937 678 3988 ιη
722 3934 948 3990 minora
977 3952 1091 3991 ηοη
1122 3940 1541 3995 contr-amcam.
2065 3928 2209 3983 Cum
2239 3945 2370 3984 vero
2403 3928 2542 3984 dicit
2567 3945 2580 3983 :
2614 3931 2721 3985 Pro
2744 3933 2979 4002 peccatis
3001 3937 3220 4003 nostris,
3246 3940 3515 3994 ostendit
3541 3939 3619 3994 nil
3650 3936 3715 3994 ad

383 4020 581 4078 Omnia
626 4026 810 4079 autem
846 4023 1082 4093 honeste,
1114 4033 1169 4080 et
1211 4027 1528 4096 secundum,
1562 4034 1669 4085 etc.
1706 4032 1951 4102 Honeste,
2040 4034 2198 4079 eum
2231 4022 2480 4073 mortem
2512 4018 2842 4088 αῖῐίουίεθθν
2875 4022 2976 4077 sed
3027 4028 3238 4079 ηοεῖνω
3293 4025 3715 4100 redemptionis

310 4111 464 4167 sicut
514 4111 639 4185 ipse
687 4112 922 4181 docuit;
971 4116 1273 4170 secundum
1326 4117 1605 4186 ordinem,
1637 4120 1788 4175 sicut
1827 4123 1953 4193 ipse
2063 4123 2241 4162 causa
2263 4110 2560 4161 mortuum
2586 4107 3111 4166 fuisse.Secundum
3134 4112 3465 4185 Scriptura:
3488 4116 3639 4183 dicit,
3658 4117 3714 4169 ut

308 4198 461 4255 fecit.
487 4200 555 4256 Et
584 4201 634 4257 si
663 4201 983 4257 viderimus
1005 4201 1261 4274 aliquem
1290 4204 1347 4259 in
1379 4206 1624 4263 ecclesia
1651 4209 1849 4280 quodli

2165 4195 2330 4250 endat
2358 4195 2726 4251 concordiam
2762 4198 2902 4253 Novi
2933 4205 2989 4253 et
3027 4200 3252 4257 Veteris
3301 4203 3663 4261 Testamenti
3693 4217 3706 4257 :

306 4287 554 4360 operari,
570 4306 886 4362 possumus
909 4288 1211 4359 utihoc,id
1236 4297 1342 4358 est,
1358 4297 1549 4351 omnia
1565 4296 1799 4365 honeste,
1814 4303 1947 4355 etc.:
2060 4284 2158 4355 (Ιυί
2184 4283 2369 4339 Ποιυίδ
2399 4283 2491 4338 hic
2526 4301 2693 4341 suam
2721 4288 3118 4345 narrationem
3141 4292 3499 4350 conﬁrmare
3523 4307 3706 4349 exem‘

304 4392 440 4433 nam
475 4394 590 4434 non
623 4378 811 4435 solum
845 4380 904 4435 in
938 4379 1029 4435 his
1064 4398 1189 4453 quae
1220 4382 1292 4436 ad
1323 4382 1508 4439 Deum
1541 4386 1812 4453 attinent,
1840 4387 1949 4445 iste
2059 4373 2204 4444 Pllsi
2229 4373 2366 4444 (ἰυία
2386 4374 2658 4445 cupeblat
2678 4376 2929 4432 ίΓᾶΠείτθ
2956 4377 3027 4432 ad
3051 4378 3551 4438 ωδηίῗθεῑαοάαω
3575 4380 3705 4436 allo‘

302 4466 441 4521 ordo
465 4468 785 4523 servandus
815 4473 922 4537 est,
948 4470 1045 4525 sed
1076 4470 1332 4526 etiamin
1365 4471 1459 4528 his
1485 4490 1611 4545 qua:
1635 4476 1707 4530 ad
1736 4475 1945 4533 huma-
2056 4478 2187 4516 mm
2220 4463 2701 4519 Γθευντθοίίοηοω
2729 4482 2741 4532 i
2777 4467 3097 4536 Praesertim
3143 4470 3285 4540 (ἶυίθι
3333 4471 3407 4526 de
3455 4482 3702 4527 ι’θευιτθ·

304 4570 441 4609 nam
472 4556 958 4613 consuetudinem
989 4558 1234 4615 attinere
1264 4560 1557 4617 videntur.
2056 4552 2246 4606 ctione
2275 4551 2486 4607 Christi
2519 4569 2634 4608 non
2668 4553 3020 4610 haesitabant
3052 4572 3065 4611 :
3117 4561 3177 4612 at
3226 4575 3361 4615 vero
3411 4559 3485 4615 de
3526 4558 3699 4613 morte

371 4643 519 4714 (650)
561 4644 719 4715 (CAP.
767 4645 907 4713 XV.)
958 4646 1235 4720 Sequitur
1265 4668 1279 4704 :
1333 4652 1529 4707 Notum
1584 4656 1731 4710 vobis
1778 4658 1943 4727 facio,
1974 4666 2021 4730 D
2052 4638 2241 4711 ipsius
2272 4639 2540 4730 praedixit
2570 4641 2752 4697 Isaias
2786 4659 2801 4697 :
2852 4643 3003 4700 Sicut
3033 4646 3168 4713 ovis,
3204 4645 3421 4719 inquit,
3453 4647 3523 4704 ad
3569 4643 3697 4701 occi-

294 4732 524 4803 fratres,
546 4732 924 4804 Evangelium,
947 4740 1055 4791 etc.
1082 4741 1397 4808 Postquam
1429 4739 1787 4799 instruxerat
1817 4762 1942 4801 mo-
1975 4728 2009 4730 _
2050 4730 2261 4783 δίοηθνη
2307 4728 2535 4784 ducem"
2587 4731 2712 4801 (Ῐηςαο
2760 4747 2878 4800 Lm.
2925 4736 2997 4800 7).
3049 4738 3191 4802 stc.;
3241 4740 3301 4791 et
3349 4736 3490 4791 item
3527 4751 3540 4789 :
3587 4734 3695 4803 Ipse

299 4835 413 4892 res,
446 4825 504 4876 et
533 4822 710 4877 vitam
742 4823 1193 4890 Corinthiorum,
1229 4828 1600 4897 reprehendit
1631 4836 1688 4885 et
1731 4851 1836 4904 pra

2146 4833 2233 4871 em
2253 4818 2581 4874 vulneratus
2595 4828 2674 4875 est
2690 4823 2913 4892 propter
2936 4824 3252 4892 iniquitates
3273 4832 3488 4880 nostras
3514 4819 3687 4894 (Ibid,

296 4910 749 4966 consuetudines
779 4928 981 4967 eorum
1016 4928 1029 4966 :
1066 4912 1123 4966 in
1156 4930 1272 4985 qua
1303 4914 1580 4971 hactenus
1613 4918 1938 4978 intentione
2046 4906 2124 4975 5lv
2157 4910 2299 4972 etC-i
2335 4907 2458 4975 ipse
2490 4908 2667 4962 etiam
2699 4908 2771 4963 de
2818 4909 3120 4981 sepuuura
3167 4912 3297 4982 ejus
3333 4930 3347 4970 :
3396 4912 3574 4976 Dabit,
3605 4907 3689 4961 in-

295 5004 643 5070 psrseverat.
670 4999 970 5071 Superius,
996 5018 1110 5056 non
1133 5001 1300 5073 longe
1322 5007 1538 5072 tamen,
1565 5010 1836 5079 reprehen

2140 4994 2192 5063 it,
2227 4996 2426 5061 impios
2452 5012 2551 5066 pro
2579 4996 2871 5067 sepultura
2898 4999 3087 5067 (lbid.,
3118 5000 3198 5067 9),
3230 5006 3344 5056 etc.
3371 5018 3385 5069 ;
3422 5004 3480 5055 et
3509 4999 3640 5053 item
3668 5009 3681 5047 :

294 5101 415 5155 eos,
445 5087 585 5158 quia
609 5088 836 5145 feminae
859 5106 1083 5158 eorum,
1112 5096 1168 5145 et
1198 5108 1311 5145 non
1337 5092 1535 5147 velatae
1566 5094 1835 5155 incedeba

2142 5087 2164 5137 ‘t
2191 5085 2498 5154 sepulcrum
2529 5086 2644 5146 eius
2672 5088 2973 5154 gloriosum
3003 5090 3134 5159 (Isa.
3177 5106 3255 5161 χι,
3313 5091 3423 5157 10).
3475 5087 3553 5142 De
3600 5097 3683 5138 re-

293 5178 351 5228 et
376 5190 488 5228 non
512 5176 713 5231 velatae
740 5178 917 5233 Deum
942 5182 1207 5249 orabant,
1228 5183 1283 5234 et
1304 5181 1439 5252 quia
1460 5181 1636 5239 libere
1659 5187 1834 5242 mulis

2139 5172 2403 5227 -rectione
2434 5177 2629 5229 autem
2661 5173 2838 5232 Oseas
2873 5194 2887 5231 :
2923 5180 3043 5243 Die,
3077 5177 3292 5249 inquit,
3327 5178 3510 5246 tertia,
3541 5187 3680 5228 resu-

292 5276 493 5315 eorum
518 5263 577 5317 in
599 5263 843 5319 ecclesia
861 5265 1268 5339 loquebantur,
1285 5274 1340 5324 et
1358 5271 1495 5342 quia
1516 5273 1575 5327 in
1596 5290 1775 5329 unum
1802 5294 1831 5331 c

1400 5271 1575 5327 υίαίη
1596 5290 1775 5329 unum
1802 5294 1937 5333 con-
2041 5262 2260 5315 scitabit
2288 5276 2388 5315 nos
2413 5261 2558 5329 (0se.
2589 5279 2668 5332 vn,
2708 5265 2784 5334 3),
2831 5270 2940 5321 etc.

290 5347 590 5406 venientes
612 5353 955 5422 pugnaciter
980 5358 1530 5436 mysteria‘corporis
1548 5365 1603 5416 et
1626 5364 1831 5436 sangui

2132 5349 2432 5420 Sequitur:
2483 5353 2549 5405 Et
2595 5353 2727 5423 quia
2774 5356 2923 5409 visus
2969 5355 3305 5428 est'Cephae.
3350 5357 3516 5422 Nota,
3547 5345 3673 5420 quia

287 5435 523 5492 Domini
545 5440 878 5497 sumebant.
901 5443 963 5499 In
990 5444 1096 5500 hac
1118 5430 1438 5505 intentione
1455 5430 1828 5524 adhucperse

2127 5454 2155 5492 n
2172 5437 2313 5493 dicit
2328 5438 2623 5511 primo,ne
2640 5444 2969 5500 contrarius
2985 5443 3359 5517 evangelistis
3374 5441 3668 5502 videretur:

352 5645 504 5803 ἔδειοὲ
532 5653 594 5704 In
629 5651 1174 5781 autog."mat;g.‘hic
1203 5656 1418 5732 legitur
1456 5679 1582 5736 cap.
1618 5667 1779 5728 LXV.

374 5717 474 5774 651
532 5724 742 5779 Partis.
765 5738 875 5779 non
900 5724 970 5780 ad
1018 5726 1237 5786 idimus
1257 5747 1325 5791 ex
1346 5731 1459 5808 his,
1484 5751 1610 5809 quae
1633 5740 1891 5803 habentu

2118 5679 2187 5737 'ra
2217 5679 2325 5738 col.
2357 5680 2484 5753 399,
2517 5703 2634 5744 non
2664 5682 2837 5764 longe
2879 5686 2950 5748 ab
2998 5689 3191 5762 initio,
3223 5688 3307 5750 ibi
3342 5706 3355 5749 :
3403 5677 3659 5746 Pseudoa‘

2118 5753 2293 5813 :toli...
2322 5756 2608 5830 negabant
2634 5776 2760 5819 eum
2788 5773 3011 5822 natum.
