3902 6400
145 427 251 485 397

144 558 414 631 Sequitur
469 575 482 614 :

145 647 389 703 Thomas
419 650 601 716 (Joan.
635 667 728 721 xx,
761 651 873 722 25).

207 737 482 808 Sequitur
515 755 527 794 :
567 740 783 795 Deinde
814 742 1112 814 plusquam
1160 746 1469 816 quingentis
1496 747 1790 817 [ra/ribus.

143 826 490 897 Notandum,
513 827 652 900 quia
681 829 802 884 haec
833 831 1118 903 apparitio
1137 850 1251 889 non
1283 834 1498 906 legitur
1526 835 1582 888 in
1606 834 1792 890 Evan-

144 915 323 988 geliis.
356 917 741 990 Evangelistaa
775 936 1007 992 quoque
1039 922 1232 978 decies
1263 925 1633 980 solummodo
1668 940 1794 979 nar-

146 1010 269 1060 rant
284 1022 416 1061 eum
431 1007 808 1079 apparuisse;
837 1011 994 1066 unde
1014 1010 1238 1083 liquido
1265 1012 1794 1085 monstratur,quia

146 1094 340 1150 multis
355 1094 488 1151 aliis
509 1097 735 1152 vicibus
751 1099 1024 1170 apparuit
1045 1117 1220 1172 quam
1245 1102 1614 1173 evangelista;
1632 1119 1792 1158 com-

145 1193 482 1241 memorent.
517 1184 606 1241 Illi
645 1202 783 1259 ergo
815 1204 912 1244 eas
945 1188 1136 1244 solum
1190 1191 1519 1246 describere
1552 1207 1788 1247 curave-

145 1277 293 1341 runt,
327 1290 477 1345 quas
508 1275 579 1329 ad
630 1273 1100 1342 instructionem.
1135 1282 1192 1334 et
1241 1281 1507 1335 omnium
1540 1281 1790 1336 salutem

145 1361 410 1418 sufﬁcere
442 1363 842 1419 decreverunt.
879 1367 1041 1431 Quod
1073 1367 1156 1422 ait
1189 1385 1200 1422 :
1234 1369 1426 1436 simul,
1461 1374 1659 1424 utrum
1688 1386 1793 1424 un-

143 1451 343 1517 decim,
370 1468 442 1506 an
466 1452 687 1507 viritim
710 1453 938 1526 viginti,
964 1473 1076 1511 non
1101 1457 1246 1512 satis
1268 1457 1469 1513 claret.
1491 1458 1788 1530 Sequitur:

143 1540 220 1594 Ea:
239 1541 437 1612 quibus
466 1542 637 1597 multi
662 1547 927 1605 manent;
959 1545 1127 1616 quasi
1159 1546 1438 1602 dixisset:
1473 1547 1579 1612 Qui
1613 1547 1790 1602 inter-

143 1629 341 1701 rogati,
374 1630 680 1686 veritatem
713 1634 1017 1689 ostendere
1040 1641 1281 1706 queunt.
1315 1637 1517 1691 Deinde
1546 1637 1695 1691 visus
1714 1641 1793 1692 est

144 1719 353 1774 Jacobo.
388 1720 608 1776 Revera
638 1738 753 1777 non
777 1722 876 1777 illa
898 1731 986 1780 est
1017 1724 1137 1779 haec
1167 1724 1477 1797 apparitio,
1510 1741 1626 1797 qua
1655 1741 1790 1780 cum

144 1806 267 1863 aliis
297 1823 432 1864 eum
461 1807 706 1875 viderat,
731 1812 832 1866 sed
865 1811 1203 1885 singularis.
1232 1815 1360 1885 Ipse
1387 1830 1521 1869 vero
1553 1814 1611 1869 in
1637 1813 1792 1869 mul-

144 1896 214 2006 tis
243 1897 606 1967 argumentis
626 1915 688 1968 se
711 1901 1018 1957 ostendere
1044 1901 1230 1956 voluit
1256 1919 1269 1969 ;
1303 1901 1410 1957 hoc
1440 1907 1551 1970 est,
1573 1903 1790 1958 viritim
1824 1941 1872 2006 Β

143 1984 324 2054 Petro,
375 2003 535 2043 nunc
585 1988 824 2055 Jacobo,
878 2006 1035 2045 nunc
1082 1991 1259 2046 etiam
1305 1991 1794 2060 mulieribushac

141 2074 342 2130 deinde
373 2075 684 2149 discipulis
715 2078 1012 2146 omnibus,
1045 2083 1101 2134 et
1131 2079 1262 2136 aliis
1308 2081 1550 2146 caeteris,
1585 2086 1649 2136 ut
1680 2097 1796 2153 quo

143 2165 262 2232 ejus
309 2167 660 2221 resurrectio
714 2167 1028 2223 manifesta
1076 2169 1258 2234 ﬁeret,
1293 2185 1359 2223 eo
1407 2169 1467 2222 in
1521 2169 1796 2225 cordibus

143 2253 496 2309 credentium
530 2255 693 2310 nulla
724 2255 997 2311 dubietas
1023 2262 1370 2311 remaneret.
1395 2257 1602 2311 Deinde
1631 2272 1796 2325 apos-

141 2341 257 2396 tolis
285 2344 561 2398 omnibus.
594 2345 762 2398 Forte
785 2349 842 2398 et
870 2361 1052 2417 supra
1068 2345 1295 2400 dixerat
1313 2345 1587 2400 undecim
1620 2361 1795 2417 apos-

141 2429 266 2486 tolis
299 2450 312 2487 :
347 2431 447 2487 hic
500 2432 880 2504 septuaginta
926 2432 1054 2488 vult
1103 2432 1352 2505 intelligi
1406 2434 1689 2505 quoniam
1740 2440 1798 2491 et

143 2519 243 2592 ipsi
275 2519 472 2576 missi.

204 2609 538 2681 Sequitur:
571 2610 874 2666 Novissime
927 2619 1112 2666 autem
1159 2613 1428 2680 omnium,
1465 2616 1573 2668 etc.
1625 2613 1792 2683 Nam,

145 2698 272 2770 quia
301 2696 452 2754 dicit
497 2699 816 2764 novissime,
849 2715 1055 2755 omnes
1099 2699 1212 2754 illae
1243 2699 1366 2755 aliae
1398 2701 1796 2772 apparitiones

145 2791 265 2842 ante
313 2786 483 2842 factm
531 2787 835 2841 credenda:
889 2791 1046 2856 sunt,
1101 2788 1221 2842 sive
1281 2793 1436 2854 ante,
1486 2790 1610 2845 sive
1661 2793 1795 2861 post

145 2875 562 2931 ascensionem.
592 2874 918 2932 Novissime
941 2875 1243 2942 videlicet;
1269 2877 1409 2948 quia
1431 2883 1562 2950 post
1587 2894 1794 2934 omnes

146 2964 480 3028 credidit.et
511 2964 650 3035 quia
670 2965 796 3033 jam
831 2981 946 3020 non
970 2965 1028 3019 in
1061 2965 1352 3030 terra,sed
1385 2965 1443 3020 in
1477 2965 1620 3022 ccelo
1643 2984 1795 3040 pris—

147 3054 355 3109 sidens.
389 3053 737 3108 Abortivum
759 3053 1032 3120 dicimus,
1061 3055 1216 3126 quod
1252 3071 1366 3110 non
1401 3071 1509 3110 suo
1533 3061 1795 3127 tempore

149 3143 418 3199 nascitur.
451 3141 799 3196 Abortivum
831 3158 892 3196 se
943 3141 1089 3196 dicit
1120 3143 1470 3214 Apostolus;
1507 3145 1647 3216 quia
1677 3161 1794 3199 non

147 3232 202 3286 in
232 3230 543 3304 praesentia
591 3230 824 3286 Domini
867 3229 1135 3298 credidit,
1171 3231 1258 3286 vel
1307 3239 1482 3298 certe,
1514 3233 1654 3304 quia
1685 3233 1793 3288 im-

697 428 1118 493 EXPOSITIO
1163 432 1242 492 IN
1289 432 1721 494 EPISTOLAS
1765 433 2027 496 PAULI.
2063 467 2138 481 -—
2171 434 2248 495 IN
2295 435 2547 498 EPIST.
2595 438 2616 498 Ι
2665 441 2769 498 AD
2814 441 2992 502 COR.

542 564 609 617 Et
650 569 770 632 post
818 563 956 629 hac,
987 564 1262 636 undecim,
1313 567 1548 638 quando
1603 567 1792 623 abfuit
1821 570 1874 635 Α
1974 569 2295 642 Sequitur:
2345 571 2541 628 Gratia
2587 574 2684 628 Dei
2727 542 2849 630 sum
2898 575 2953 629 id
3002 575 3142 648 quod
3192 593 3352 639 sum;
3385 577 3555 650 quasi

3439 443 3556 505 398

1905 657 2124 714 diceret
2158 677 2170 714 :
2207 659 2391 715 Multa
2421 666 2560 716 sunt
2593 662 2818 732 merita,
2847 663 2948 718 sed
2979 663 3251 736 malazet,
3286 665 3425 738 quia
3450 682 3554 738 pro

1907 746 2061 802 malo
2093 749 2384 804 redditum
2415 755 2503 805 est
2534 750 2617 806 illi
2654 752 2894 819 bonum,
2919 753 2999 808 ait
3033 770 3045 808 :
3079 751 3268 808 Gratia
3300 755 3404 809 Dei
3431 771 3556 810 sum

1904 836 1961 890 id
1991 838 2134 907 quod
2160 855 2281 893 sum
2302 856 2322 900 ,ο
2353 838 2410 893 id
2461 845 2570 908 est,
2605 841 2758 912 quod
2801 859 2933 897 sum
2968 841 3175 907 ﬁdelis,
3220 843 3375 915 quod
3406 844 3552 915 Apoc

1904 924 2113 993 stolus,
2139 928 2294 997 quod
2318 928 2519 984 doctor
2540 930 2803 1001 gentium
2829 929 2886 984 in
2913 930 3048 997 ﬁde,
3071 935 3128 985 et
3148 930 3411 1001 veritate,
3435 947 3552 986 non

1904 1015 2018 1070 mei
2049 1019 2139 1070 est
2169 1015 2385 1084 meriti,
2419 1018 2519 1072 sed
2571 1017 2778 1073 divinas
2810 1019 3032 1090 gratiae.
3064 1019 3164 1074 His
3194 1019 3385 1076 verbis
3417 1035 3556 1076 con-

1903 1104 2164 1172 demnat,
2217 1110 2272 1160 et
2321 1106 2588 1177 reprimit
2635 1124 2835 1162 eorum
2886 1107 3295 1176 temeritatem,
3349 1107 3450 1181 qui
3499 1111 3557 1164 et

1901 1191 2086 1250 libero
2110 1196 2491 1266 sejactantur
2519 1195 2762 1253 arbitrio
2786 1214 2798 1251 :
2827 1201 2886 1252 at
2906 1196 3022 1264 ille,
3049 1197 3146 1269 qui
3179 1197 3378 1252 divina
3397 1213 3556 1253 com-

1904 1283 2216 1338 mendatur
2242 1283 2450 1355 gratia,
2482 1301 2554 1340 ne
2585 1285 2813 1340 alienus
2845 1303 2878 1340 a
2906 1284 3087 1341 libero
3117 1284 3382 1341 videatur
3407 1283 3558 1340 arbi-

1901 1369 2034 1435 trio,
2067 1370 2261 1442 inquit
2292 1388 2305 1426 :
2340 1374 2402 1426 Et
2449 1375 2633 1441 gratia
2663 1375 2779 1442 eius
2810 1375 2870 1428 in
2915 1389 3004 1429 me
3049 1390 3231 1430 vacua
3277 1389 3386 1428 non
3410 1374 3554 1444 lfuit,

1902 1459 2022 1514 sive
2054 1475 2256 1530 egena.
2309 1463 2497 1526 Quare
2547 1478 2664 1516 non
2715 1461 2942 1516 vacua?
2970 1462 3118 1526 Quia
3165 1478 3363 1517 meum
3411 1460 3556 1516 velle

1902 1549 2274 1618 prtsvenienti
2305 1550 2505 1621 gratiae
2539 1550 2754 1606 sociavi
2787 1551 2956 1621 (635).
2995 1549 3312 1620 Subjunxit
3341 1554 3400 1604 et
3428 1566 3555 1605 ver-

1903 1637 1977 1692 ba
2008 1637 2077 1691 ad
2111 1638 2384 1694 eumdem
2425 1655 2666 1695 sensum
2698 1638 3004 1694 attinentia
3038 1657 3051 1694 :
3085 1638 3192 1694 Sed
3218 1639 3343 1710 plus
3371 1639 3556 1694 omni-

1904 1726 2001 1780 bus
2035 1726 2298 1782 laboravi.
2336 1728 2397 1781 In
2430 1745 2497 1782 eo
2529 1743 2805 1798 namque,
2838 1727 2994 1799 quod
3025 1727 3186 1793 dicit,
3217 1728 3364 1799 plus,
3389 1742 3558 1781 mon-

1905 1817 2129 1869 stratur
2159 1813 2298 1886 quia
2349 1815 2536 1884 major
2565 1819 2655 1870 est
2684 1814 2768 1870 illi
2811 1817 2947 1870 data
2977 1815 3204 1871 occasio
3250 1813 3558 1871 laborandi

1903 1919 2082 1974 quam
2096 1903 2318 1959 caeteris
2341 1902 2716 1975 apostolis,eo
2743 1903 2897 1975 quod
2912 1903 3171 1959 ofﬁcium
3195 1902 3558 1976 apostolatus

1906 1992 2130 2063 accepit
2175 1992 2232 2047 in
2282 1993 2579 2064 gentibus.
2631 1991 2830 2048 Caeteri
2882 1993 3099 2065 quippe
3150 1991 3423 2064 apostoli,
3455 1990 3557 2063 qui

1906 2080 2166 2135 ofﬁcium
2191 2080 2552 2152 apostolatus
2575 2081 2632 2134 in
2656 2081 3165 2136 circumcisionem
3188 2084 3556 2152 acceperant,

1910 2185 2041 2224 cum
2062 2169 2251 2223 Judaei
2280 2169 2548 2223 notitiam
2566 2168 3227 2240 1egis,etprophetarum
3251 2167 3556 2236 haberent,

1907 2261 1965 2312 et
1997 2273 2180 2310 unum
2214 2257 2397 2311 Deum
2431 2271 2560 2310 esse
2593 2261 2852 2326 nossent,
2887 2255 3116 2311 facilius
3143 2259 3410 2328 poterant
3430 2271 3557 2310 cor-

1907 2344 2083 2399 dibus
2113 2361 2316 2399 eorum
2369 2343 2660 2399 inculcare
2692 2343 2876 2400 Deum
2925 2344 3140 2400 habere
3186 2343 3422 2412 Filium,
3455 2342 3557 2414 qui

1907 2435 2129 2490 missus
2160 2451 2192 2488 a
2223 2438 2410 2503 Patre,
2431 2449 2667 2488 carnem
2699 2434 3044 2505 susceperit,
3075 2438 3133 2488 et
3162 2433 3436 2505 patiendo
3458 2447 3559 2506 ge-

1907 2541 2020 2579 nus
2050 2523 2378 2578 humanum
2429 2521 2740 2578 redemerit
2773 2540 2786 2590 ;
2818 2539 2948 2578 esse
2977 2521 3153 2578 etiam
3185 2526 3243 2578 et
3273 2521 3559 2594 Spiritum

1907 2615 2199 2667 sanctum.
2233 2610 2378 2664 Huic
2423 2609 2645 2665 scilicet
2669 2610 2860 2682 prima
2901 2610 3224 2666 necessitas
3253 2609 3560 2666 incumbe-

1906 2699 2028 2763 bat,
2057 2702 2122 2753 ut
2175 2697 2330 2752 idola
2359 2697 2724 2767 destrueret;
2757 2697 2964 2754 deinde
2997 2715 3181 2753 unum
3213 2714 3342 2754 esse
3375 2697 3560 2753 Deum

1906 2791 2227 2842 creatorem
2261 2786 2528 2842 omnium
2570 2788 2942 2854 ostenderet;
2977 2786 3183 2842 exinde
3210 2786 3421 2842 Filium
3452 2785 3558 2841 ha-

1906 2877 2062 2948 bere,
2088 2875 2188 2947 qui
2221 2875 2440 2931 missus
2461 2877 2638 2930 etiam
2663 2893 2697 2930 a
2728 2875 2914 2941 Patre,
2937 2880 3210 2948 suscepta
3235 2891 3430 2946 carne,
3455 2891 3556 2947 pa-

1904 2965 2123 3036 tiendo,
2157 2981 2344 3038 genus
2388 2965 2716 3020 humanum
2749 2965 3096 3033 redemerit;
3128 2981 3256 3020 esse
3287 2969 3343 3020 et
3372 2963 3557 3035 Spiri-

1905 3060 2034 3110 tum
2087 3059 2358 3109 sanctum
2411 3071 2422 3104 :
2475 3054 2587 3108 tria
2633 3053 2936 3120 vocabula,
2970 3057 3205 3124 tresque
3253 3068 3556 3124 personas,

1906 3159 2094 3199 unum
2127 3147 2323 3197 tamen
2351 3157 2479 3197 esse
2509 3141 2714 3196 Deum.
2740 3147 2819 3196 Ac
2851 3158 2954 3214 per
2982 3142 3091 3197 hoc
3127 3141 3258 3213 plus
3281 3139 3558 3196 omnibus

1905 3232 2211 3288 laboravit.
2246 3230 2632 3302 Quapropter,
2661 3245 2732 3285 ne
2751 3231 2861 3286 sibi
2881 3231 2989 3286 hoc
3019 3230 3309 3286 ascribere
3327 3229 3556 3284 videre-

147 3322 456 3394 perl‘ectum
492 3336 651 3389 eum,
686 3320 742 3374 id
777 3324 868 3376 est
892 3323 1193 3374 mortuum
1225 3337 1525 3393 synagoga
1554 3323 1792 3393 genuit;
1828 3305 1870 3372 C
1909 3327 2026 3389 tur,
2063 3338 2198 3376 mox
2223 3319 2448 3374 addidit
2480 3337 2492 3374 :
2526 3319 2646 3373 Non
2676 3323 2862 3374 autem
2890 3335 2984 3390 ego
3015 3337 3031 3373 :
3066 3319 3186 3386 ubi,
3221 3335 3354 3374 cum
3387 3317 3555 3388 dicit,

148 3410 259 3466 sive
314 3409 454 3481 quia
517 3407 772 3464 Ecclesia
830 3409 902 3464 de
957 3409 1088 3479 ejus
1137 3409 1516 3466 conversione
1565 3411 1795 3468 diffide-

149 3498 262 3553 bat.

1905 3428 2013 3467 non
2045 3426 2160 3481 ego,
2193 3425 2308 3464 non
2341 3425 2402 3463 se
2432 3408 2691 3462 ostendit
2720 3425 2836 3463 non
2878 3407 3164 3477 laborare,
3197 3409 3298 3463 sed
3330 3407 3555 3477 absque

1908 3499 2096 3571 gratia
2123 3497 2390 3552 laborare
2430 3512 2546 3550 non
2596 3512 2788 3568 posse.
2822 3495 2984 3552 Unde
3013 3500 3070 3550 et
3115 3512 3251 3550 mox
3280 3493 3508 3550 addidit
3541 3509 3557 3549 :

215 3586 499 3659 Sequitur
531 3602 542 3642 :
584 3588 737 3642 Visus
767 3595 845 3642 est
873 3586 1015 3641 mihi
1041 3585 1102 3641 in
1132 3586 1226 3642 via
1257 3587 1393 3658 (Act.
1420 3605 1494 3656 Ix,
1527 3589 1602 3659 3).
1637 3589 1801 3645 visus
1913 3587 2013 3644 Sed
2043 3589 2241 3660 gratia
2259 3587 2356 3640 Dei
2385 3601 2618 3641 mecum.
2647 3584 2870 3649 Quibus
2899 3583 3092 3640 verbis
3109 3583 3365 3641 ostendit
3387 3582 3560 3653 (654),

153 3679 234 3731 est
266 3675 322 3730 in
374 3675 619 3748 templo.
670 3675 994 3746 Sequitur:
1029 3676 1135 3747 Ego
1164 3679 1318 3732 enim
1365 3693 1489 3731 sum
1534 3680 1803 3732 minimus
1915 3677 2054 3751 quia
2085 3692 2189 3731 nec
2217 3675 2408 3747 gratia
2452 3675 2577 3730 sine
2626 3673 2806 3729 libero
2858 3673 3122 3740 arbitrio,
3157 3687 3263 3728 nec
3312 3670 3565 3727 liberum

155 3764 568 3836 apostolorum;
600 3781 716 3820 non
743 3765 972 3831 merito,
1006 3764 1274 3836 inquam,
1311 3781 1425 3820 non
1458 3782 1651 3837 opere,
1688 3783 1804 3821 non
1918 3764 2226 3824 arbitrium
2275 3764 2402 3819 sine
2451 3763 2640 3836 gratia
2668 3763 2926 3818 hominis
2977 3765 3226 3818 salutem
3272 3764 3567 3833 operatur.

157 3853 350 3925 gratia,
402 3855 512 3911 sed
561 3858 843 3926 tempore.
895 3855 1001 3922 Qui
1045 3870 1157 3910 non
1193 3871 1317 3910 sum
1373 3854 1573 3924 dignus
1623 3857 1810 3912 vocari
1918 3860 2194 3913 Attamen
2271 3857 2547 3926 operatur
2615 3853 2804 3922 gratia
2857 3851 2984 3907 sine
3063 3851 3246 3906 libero
3305 3849 3570 3916 arbitrio,

155 3945 433 4014 apostolus.
486 3945 684 4009 Quare
719 3943 747 3997 ?
794 3943 935 4010 Quia
978 3952 1296 4015 persecutus
1337 3960 1459 3998 sum
1516 3945 1812 4000 Ecclesium
1922 3943 2352 4018 praeveniendo,
2404 3941 2904 4012 quemadmodum
2957 3941 3136 3996 istum
3185 3939 3258 3994 de
3301 3937 3442 3995 caelo
3474 3954 3576 3992 vo-

159 4031 264 4088 Dei.
295 4032 457 4097 Nota,
494 4031 661 4103 quia,
695 4047 829 4086 cum
863 4048 978 4086 non
1035 4031 1432 4087 commisisset
1463 4037 1595 4104 post
1624 4032 1812 4105 hapti-
1926 4034 2131 4090 cando.

162 4135 343 4176 smum
366 4139 492 4195 quae
521 4120 852 4191 deﬂeret,ea
872 4137 999 4192 qua:
1022 4125 1156 4176 ante
1184 4121 1543 4192 baptismum
1568 4121 1814 4177 commi-
1996 4121 2277 4192 Sequitur
2308 4136 2322 4174 :
2357 4119 2481 4174 Sive
2510 4119 2659 4173 enim
2701 4134 2823 4188 ego,
2879 4119 2989 4172 sive
3037 4117 3150 4186 illi,
3181 4120 3288 4174 etc.
3325 4115 3406 4172 De
3439 4114 3569 4188 qui-

164 4212 469 4280 serat,jam
496 4209 752 4266 dimissa
770 4209 1039 4265 deflebat.
1066 4209 1818 4282 Meminerat,inquam,Do-
1927 4214 2037 4268 bus
2070 4209 2257 4266 dicit?
2286 4209 2366 4264 De
2406 4207 2523 4263 illis
2571 4207 2860 4275 videlicet,
2893 4207 3108 4279 quibus
3137 4223 3200 4262 se
3249 4207 3380 4278 plus
3412 4205 3574 4260 dixe-

167 4297 299 4354 mini
320 4299 572 4356 dicentis
598 4314 700 4371 per
719 4297 1068 4371 prophetam
1093 4299 1264 4370 (652):
1283 4301 1390 4371 Ego
1413 4316 1654 4371 sum,ego
1671 4317 1816 4367 sum,
1925 4307 2018 4358 rat
2047 4300 2332 4356 laborare.
2367 4297 2590 4362 Quibus
2619 4297 2811 4352 verbis
2843 4295 3120 4365 ostendit,
3144 4295 3283 4366 quia
3313 4311 3426 4350 non
3460 4291 3576 4348 sibi

169 4389 255 4458 qui
281 4388 428 4444 deleo
477 4393 540 4445 ut
589 4388 850 4443 nebulam
899 4393 1133 4460 peccata
1188 4391 1305 4452 tua,
1357 4397 1410 4443 et
1470 4394 1820 4461 peccatorum
1928 4392 2123 4446 minor
2153 4387 2470 4444 auctoritas
2519 4386 2665 4441 foret
2693 4385 2752 4439 in
2805 4383 3235 4456 praedicatione,
3265 4384 3350 4439 sic
3371 4380 3578 4453 praedi-

171 4483 376 4533 tuorum
404 4495 518 4536 non
557 4477 891 4534 recordabar
938 4478 1176 4549 amplius
1211 4477 1359 4547 (Isai.
1395 4494 1556 4547 xun,
1587 4479 1719 4549 25);
1754 4481 1819 4532 tu
1928 4495 2136 4546 camus,
2180 4481 2242 4531 ut
2291 4475 2578 4542 omnium,
2612 4475 2878 4544 inquam,
2930 4470 3414 4527 resurrectionem
3464 4485 3584 4525 cre-

170 4579 292 4621 vero
342 4583 571 4624 memor
619 4571 765 4623 esto.
800 4564 908 4621 Ubi
954 4565 1203 4621 solerter
1251 4565 1675 4621 attendendum
1709 4571 1818 4635 est,
1935 4567 2170 4624 deretis.
2206 4565 2330 4620 Sive
2361 4579 2477 4634 ego,
2511 4563 2625 4617 sive
2669 4563 2778 4629 illi,
2813 4561 2942 4616 ideo
2972 4559 3136 4627 dicit,
3169 4565 3232 4615 ut
3261 4577 3295 4616 a
3324 4557 3583 4632 generali

174 4660 447 4724 quantum
498 4672 611 4712 nos
661 4659 927 4728 oporteat
972 4670 1060 4720 ea,
1097 4669 1228 4725 quae
1276 4658 1409 4726 post
1457 4654 1820 4726 baptismum
1855 4673 1900 4738 D
1931 4656 2196 4714 omnium
2253 4651 2536 4719 doctrina,
2569 4656 2626 4706 et
2687 4651 2799 4706 fide
2848 4650 3093 4722 puderet
3140 4667 3238 4706 eos
3284 4651 3403 4705 fore
3450 4647 3587 4705 alie-

175 4744 596 4815 commisimus,
619 4744 857 4799 deﬂere.
883 4741 1094 4798 Melius
1118 4747 1207 4798 est
1228 4743 1383 4798 enim
1417 4759 1504 4809 ea,
1538 4759 1669 4815 qua
1690 4748 1825 4799 ante
1938 4764 2063 4802 nos.

176 4829 527 4904 baptismum
577 4831 1011 4897 commisimus,
1066 4832 1299 4899 deﬂere,
1334 4847 1510 4904 quam
1561 4849 1648 4898 ea,
1697 4849 1825 4904 quis

179 4927 300 4990 post
344 4923 711 4995 baptismum
762 4921 1193 4990 commisimus,
1247 4919 1522 4975 oblivioni
1576 4921 1824 4977 tradere.

181 5007 286 5065 Hoc
317 5027 598 5084 magnum
646 5011 872 5066 malum
922 5015 1031 5075 est,
1065 5010 1211 5064 illud
1245 5027 1378 5065 vero
1411 5026 1693 5082 magnum
1724 5011 1827 5066 bo-

184 5112 334 5154 num.
369 5099 485 5156 Hoc
516 5101 676 5155 enim
709 5099 919 5172 agebat
945 5098 1286 5171 Apostolus,
1319 5099 1459 5171 quia
1488 5098 1720 5154 Domini
1745 5115 1829 5154 re-

185 5187 594 5246 miniscebatur
623 5188 952 5255 sententiis,
985 5187 1235 5243 dicentis
1260 5203 1273 5244 :
1300 5188 1488 5243 Omnis
1518 5190 1617 5260 qui
1642 5204 1700 5243 se
1727 5188 1833 5243 hu-

184 5275 372 5346 miliat,
430 5275 771 5333 exaltabitur
823 5276 1031 5347 (Matth.
1092 5293 1253 5342 χχιιι,
1315 5279 1382 5330 12
1430 5294 1442 5342 ;
1526 5277 1655 5332 Luc.
1714 5293 1830 5344 xxv,

196 5361 291 5433 11).
351 5369 439 5437 Et,
497 5365 601 5438 qui
659 5381 724 5422 se
801 5363 1133 5436 dejiciebat,
1191 5369 1257 5420 ut
1331 5363 1690 5420 exaltaretur
1742 5365 1836 5421 de-

195 5451 367 5509 cebat.

197 5612 403 5742 mg???)
437 5620 551 5673 lsa.
581 5633 740 5685 xuii,
769 5616 863 5687 25,
892 5617 981 5673 26.
1038 5615 1208 5690 Vulg.
1245 5633 1257 5672 :
1292 5617 1473 5674 Reduc
1515 5633 1604 5675 me
1628 5619 1693 5676 in
1719 5633 1839 5676 me-

367 5705 441 5742 m.

367 5705 441 5744 m.

261 5756 402 5836 (653)
431 5757 682 5819 Notatur
708 5760 832 5819 hac
865 5758 1176 5820 sententia.

2008 4833 2286 4906 Sequitur
2321 4849 2332 4887 :
2371 4832 2432 4886 Si
2460 4839 2642 4886 autem
2691 4830 2936 4886 Christus
2963 4828 3295 4902 prmdicatur
3324 4829 3381 4881 in
3415 4826 3584 4893 vobis,

1938 4922 2076 4996 quod
2106 4923 2416 4978 resurrexit
2463 4937 2495 4975 a
2526 4921 2780 4990 mortuis,
2834 4923 2941 4974 etc.
2977 4916 3220 4989 Egregie
3249 4931 3383 4971 vero
3415 4930 3587 4986 argu-

1939 5018 2136 5070 mento
2169 5011 2466 5067 concludit
2496 5026 2613 5080 eos,
2639 5015 2704 5063 ut
2731 5012 2830 5063 aut
2862 5011 3178 5077 utrumque
3209 5008 3451 5076 negent;
3479 5002 3589 5058 hoc

1941 5107 2049 5170 est,
2071 5107 2155 5165 ul,
2179 5101 2227 5156 si
2250 5100 2548 5155 Christum
2573 5097 2819 5153 credunt
2844 5093 3253 5158 resurrexisse,
3277 5092 3591 5148 credantet

1942 5191 2193 5247 aliorum
2225 5188 2745 5253 resurrectionem;
2775 5192 2853 5252 et,
2881 5187 2928 5240 si
2963 5188 3180 5256 negant
3199 5182 3469 5247 aliorum,
3489 5197 3589 5235 ne-

1943 5283 2084 5352 gent
2113 5282 2166 5334 et
2197 5276 2433 5332 Christi.
2471 5275 2653 5331 Unam
2688 5290 2944 5344 namque
2973 5289 3042 5328 ex
3073 5271 3251 5327 altero
3282 5270 3593 5327 confirmat

1943 5365 2278 5440 Apostolus.
2306 5371 2417 5420 Iste
2437 5365 2592 5419 enim
2611 5362 2992 5436 syllogismus
3015 5377 3130 5416 non
3157 5365 3246 5415 est
3265 5357 3595 5414 dialectico-

1946 5472 2102 5524 rum,
2135 5454 2236 5510 sed
2283 5453 2606 5519 rhetorum,
2656 5457 2715 5506 et
2762 5449 2979 5506 dicitur
3026 5448 3424 5520 imperfectus,
3456 5445 3598 5516 quia

2020 5613 2167 5687 (654)
2186 5613 2268 5668 En
2301 5611 2652 5687 sententiam
2677 5609 2792 5667 divi
2823 5609 3140 5683 Augustini
3163 5607 3318 5664 circa
3347 5603 3600 5682 gratiam

1951 5692 2009 5747 et
2028 5682 2292 5743 liberum
2323 5682 2654 5742 arbitrium.
