3902 6414
373 398 491 458 399

1400 384 1736 448 ATTONIS
1783 384 2364 446 VEBCELLENSIS
2414 382 2767 445 EPISCOPI

3660 386 3763 447 400

371 530 599 584 constat
628 542 697 582 ex
727 522 1143 597 propositione,
1168 519 1572 590 assumptione
1601 522 1657 573 et
1690 516 2016 571 conclusio-
2046 518 2101 584 Α
2130 518 2274 573 citer
2301 519 2656 571 remaneret.
2689 516 2827 569 Nam
2851 514 2902 567 si
2920 513 2982 567 in
3011 513 3112 564 hac
3133 515 3348 566 tantum
3375 512 3486 569 vita
3509 520 3766 584 sperantes

373 633 466 674 ne.
503 615 798 670 Perfectus
828 610 1207 685 syllogismus
1253 613 1481 664 constat
1512 623 1579 661 ex
1625 606 2028 678 pr0positione

371 709 428 761 et
476 701 894 768 conclusione;
951 704 1017 754 ut
1066 700 1114 754 si
1169 699 1380 753 dicas:
1441 700 1540 750 Est
1596 695 1791 750 omnis
1841 695 2028 749 virtus

374 790 587 848 utilis?
616 792 687 846 Et
716 790 1090 862 respondeas,
1125 785 1285 841 utilis
1310 802 1323 853 ;
1357 789 1415 839 et
1444 800 1718 840 assumas
1753 800 1765 837 :
1800 784 1902 837 Est
1932 799 2026 836 ca-

377 880 547 937 stitas
593 878 801 935 utilis?
831 878 897 932 Et
944 875 1299 947 respondeas
1334 892 1347 929 :
1393 873 1603 939 Utilis;
1638 878 1695 927 et
1741 877 1874 944 post
1904 870 2028 924 hinc

381 968 700 1025 concludas
732 983 744 1022 :
778 971 925 1037 Ergo
956 968 1013 1019 et
1059 963 1301 1018 castitas
1324 962 1511 1017 virtus
1568 966 1679 1017 est.
1716 959 2028 1032 Apostolus

382 1071 614 1129 quoque
644 1053 970 1127 proposuit,
1002 1065 1055 1107 et
1083 1051 1390 1121 conclusit,
1414 1049 1584 1123 quasi
1618 1049 1860 1104 dixisset
1886 1066 1897 1103 :
1924 1048 2029 1102 Re-

382 1144 634 1201 surrexit
660 1140 967 1197 Christus?
1004 1139 1092 1194 Illi
1127 1138 1176 1194 si
1208 1140 1490 1206 dicerent,
1525 1138 1862 1203 resurrexit,
1889 1153 2025 1191 con-

381 1232 640 1290 cluderet
666 1230 793 1302 ipse
824 1245 838 1286 :
870 1230 1199 1300 Resurgent
1227 1232 1283 1282 et
1312 1227 1525 1283 caeteri.
1562 1227 1631 1281 Et
1675 1226 1813 1280 item
1850 1243 1861 1281 :
1901 1226 2026 1279 Non

384 1323 692 1393 resurgant
721 1317 866 1373 alii?
894 1317 954 1372 Si
1002 1316 1447 1389 responderent,
1478 1331 1620 1382 non,
1646 1313 1746 1369 ille
1797 1313 2029 1369 conclu-

379 1411 542 1466 deret
572 1424 587 1463 :
618 1408 818 1479 Neque
863 1405 1133 1462 Christus
1181 1404 1522 1460 resurrexit.
1556 1403 1780 1459 Pseudo
1815 1402 2031 1474 quippe

379 1496 627 1571 apostoli
655 1495 948 1568 negabant
987 1493 1287 1548 Christum
1336 1492 1724 1548 resurrexisse
1758 1508 1771 1544 :
1810 1491 1948 1562 quia
1977 1494 2035 1545 et

383 1585 675 1659 negabant
724 1599 857 1638 eum
917 1586 1170 1638 natum:
1232 1581 1353 1653 qui,
1411 1597 1482 1637 ne
1539 1581 1611 1636 ab
1672 1579 2034 1635 amatoribus

382 1676 656 1731 humanae
699 1670 995 1744 sapientiae
1044 1670 1501 1742 despicerentur,
1534 1668 1635 1740 qui
1667 1667 1917 1724 stultum
1951 1668 2036 1737 iu-

384 1762 658 1820 dicabant
691 1763 871 1817 Deum
900 1758 1195 1815 hominem
1230 1760 1471 1830 factum,
1500 1763 1557 1813 et
1583 1774 1848 1830 passum,
1882 1755 2035 1810 deci-

385 1852 627 1925 piebant
656 1848 976 1920 simplices,
1010 1852 1069 1902 et
1097 1864 1215 1902 suae
1267 1846 1450 1918 partis
1493 1845 1800 1900 faciebant.
1834 1844 1915 1899 De
1945 1848 2036 1897 ta-

385 1939 546 1995 libus
577 1937 719 1993 dicit
744 1937 1000 1992 Joannes
1033 1951 1046 1989 :
1080 1935 1186 2003 Qui
1214 1950 1322 1989 non
1343 1936 1630 2004 conﬁtetur
1656 1933 1944 1989 Christum
1976 1935 2034 1986 in

387 2043 555 2084 carne
602 2026 829 2092 venisse,
862 2024 951 2079 hic
978 2027 1055 2078 est
1101 2024 1459 2078 antichristus
1491 2024 1535 2093 (I
1562 2025 1717 2078 Joan.
1750 2039 1823 2091 IV,
1857 2021 1932 2091 3).
1969 2021 2035 2074 Et

385 2116 529 2172 item
563 2132 576 2170 :
612 2115 717 2182 Qui
743 2116 904 2183 negat
938 2113 1165 2178 Filium,
1196 2128 1295 2167 nec
1334 2113 1565 2166 Patrem
1613 2111 1774 2165 habet
1804 2110 1851 2181 (Ι
1874 2111 2031 2165 Joan.

388 2222 450 2273 ιι,
473 2205 592 2275 23).
626 2202 693 2258 Hi
724 2201 962 2269 etenim,
996 2200 1131 2256 licet
1150 2200 1378 2272 aliquos
1411 2200 1804 2272 decepissent,
1837 2204 1893 2253 et
1915 2214 2032 2252 suis

384 2292 571 2365 partis
617 2306 718 2347 eos
765 2289 1059 2357 fecissent,
1107 2292 1273 2343 erant
1321 2293 1517 2343 tamen
1568 2286 1833 2342 nonnulli
1884 2286 2035 2340 inter

385 2394 505 2447 eos,
539 2379 640 2450 qui
668 2378 967 2435 Christum
998 2378 1386 2431 resurrexisse
1418 2376 1757 2446 credebant,
1783 2376 1853 2429 de
1884 2374 2031 2430 alio-

386 2485 518 2524 rum
549 2466 970 2523 resurrectione
1020 2465 1386 2520 dubitabant.
1421 2465 1499 2519 De
1528 2463 1647 2519 illis
1678 2464 1820 2518 dicit
1851 2480 1864 2518 :
1900 2464 2035 2530 Quo-

384 2557 542 2613 modo
570 2555 818 2629 quidam.
850 2553 976 2609 Non
1011 2569 1236 2620 omnes,
1269 2553 1367 2608 sed
1418 2552 1589 2607 multi
1638 2557 1837 2607 tamen
1871 2554 2036 2606 erant

386 2647 499 2703 hoe
526 2661 720 2702 errore
747 2643 993 2715 decepti.

461 2752 761 2825 Sequitur:
783 2750 844 2807 Si
857 2753 1041 2805 autem
1064 2748 1304 2804 Christus
1329 2765 1439 2804 non
1462 2749 1767 2803 resurrexit
1793 2746 2035 2819 (subau-

392 2840 571 2913 ditur,
604 2854 793 2912 neque
822 2838 1035 2906 casteri)
1072 2853 1086 2890 :
1118 2840 1196 2903 et,
1231 2837 1279 2891 si
1330 2836 1411 2891 ita
1441 2841 1548 2904 est,
1582 2838 1771 2891 inanis
1803 2840 1878 2890 est
1909 2850 2038 2906 ergo

384 2930 720 3002 prxdicatio
767 2930 974 2993 nostra,
1003 2930 1113 2981 etc.
1149 2941 1162 2979 :
1197 2925 1336 2981 facit
1365 2925 1520 2980 enim
1569 2926 1851 2980 adversus
1882 2924 2035 2979 illos.

389 3019 536 3075 Nam
569 3017 703 3089 quis
732 3015 980 3071 libenter
1008 3014 1208 3069 audiat
1239 3014 1346 3069 hoc
1379 3030 1440 3069 se
1472 3029 1705 3085 negare,
1738 3018 1795 3068 et
1827 3010 2037 3067 inutile

381 3106 669 3180 judicare,
693 3104 848 3177 quod
879 3103 1045 3176 prius
1066 3102 1410 3169 crediderat,
1435 3108 1492 3157 et
1511 3103 1731 3157 bonum
1756 3103 2038 3174 approba-

388 3195 598 3252 verat?
624 3195 691 3249 Et
709 3193 839 3249 ideo
860 3191 1003 3247 dicit
1028 3208 1041 3247 :
1070 3190 1259 3246 Inanis
1286 3194 1366 3246 est
1406 3190 1536 3260 ﬁdes
1576 3194 1772 3258 vestra,
1806 3194 1872 3244 ut
1898 3206 2032 3245 cum

389 3274 501 3339 hoc
532 3280 1407 3352 audirent,confunderentur,et
1428 3279 1499 3333 ad
1522 3279 1833 3351 pristinam
1858 3280 2033 3334 ﬁdem

392 3375 838 3428 reverterentur.
870 3369 955 3424 Ad
987 3368 1096 3423 hoc
1117 3368 1292 3423 etiam
1321 3368 1577 3439 respicit,
1602 3370 1756 3440 quod
1790 3369 2036 3425 inferius

393 3461 477 3529 ait
507 3477 520 3515 :
556 3457 754 3515 Adhuc
778 3460 904 3514 estis
936 3459 993 3512 in
1020 3458 1484 3529 peeeatisvestris.
1507 3457 1646 3522 Quis
1679 3458 1836 3513 enim
1862 3457 2041 3512 liben-

392 3550 484 3606 ter
512 3547 712 3606 audiat
741 3564 805 3604 se
842 3562 970 3603 esse
1019 3546 1078 3601 in
1110 3546 1383 3619 peccatis,
1417 3562 1670 3617 quorum
1718 3564 1779 3602 se
1809 3548 2037 3602 veniam

398 3637 646 3696 credidit
675 3639 1054 3692 consecutum
1073 3634 1100 3687 ‘I
1130 3634 1196 3688 Et
1225 3633 1440 3689 idcirco
1472 3633 1618 3688 dixit
1650 3652 1663 3689 :
1697 3635 1885 3690 Adhuc
1914 3637 2041 3692 estis

403 3730 465 3785 in
492 3727 744 3799 peccatis,
777 3728 842 3780 ut
876 3723 957 3777 illi
990 3739 1105 3778 non
1155 3739 1317 3795 teque
1348 3724 1582 3793 ferrent,
1612 3728 1668 3778 et
1712 3725 1937 3780 confusi
1970 3723 2042 3779 ad

400 3815 715 3892 pristinam
744 3814 918 3869 ﬁdem
968 3815 1413 3867 reverterentur.
1446 3812 1807 3884 Quapropter
1854 3812 1996 3868 dicit
2029 3831 2041 3869 :

402 3906 725 3965 Invenimur
751 3907 804 3959 et
829 3902 965 3974 falsi
989 3905 1145 3956 testes
1174 3902 1292 3972 Dei,
1320 3906 1429 3956 etc.
1454 3900 1578 3956 Non
1610 3901 1769 3970 dicit,
1795 3902 2041 3971 inimici,

401 3996 542 4070 quia
557 3990 1063 4061 inimicusdicitur
1083 3990 1181 4062 qui
1204 3990 1496 4045 contraria
1512 3992 1710 4057 sentit,
1736 3990 1825 4046 vel
1848 3992 2043 4047 minus

401 4087 562 4142 dicit.
598 4083 700 4140 Isti
726 4080 859 4138 falsi
901 4096 1029 4136 esse
1079 4083 1367 4151 poterant,
1400 4078 1539 4151 quia
1570 4096 1783 4151 magna
1829 4081 1899 4135 de
1930 4085 2043 4137 Deo

399 4174 684 4240 dixerant,
717 4171 765 4227 si
796 4170 903 4225 hoc
933 4184 1133 4224 verum
1164 4171 1338 4235 esset,
1359 4168 1514 4239 quod
1548 4168 1631 4223 illi
1662 4169 1955 4235 dicebant,
1976 4185 2043 4224 ac

397 4264 448 4319 si
478 4261 610 4319 aliis
640 4259 831 4316 verbis
854 4257 1010 4314 dicat
1041 4274 1055 4314 :
1089 4255 1205 4311 Nos
1238 4256 1476 4327 quidem
1502 4256 1652 4324 falsi,
1677 4257 1816 4328 quia
1840 4257 2041 4328 etipse

396 4350 622 4413 falsus;
657 4349 794 4422 quia
841 4346 1015 4404 tertia
1045 4345 1320 4418 promisit
1350 4344 1444 4399 die
1464 4349 1953 4410 resurrecturum,
1986 4350 2043 4402 et

391 4440 558 4497 vobis
586 4457 690 4513 per
717 4454 932 4510 aquam
965 4433 1335 4507 baptismatis
1364 4432 1591 4489 veniam
1625 4434 1901 4489 daturum
1938 4451 1949 4487 :
1990 4435 2039 4491 si

390 4530 474 4586 ita
503 4533 611 4595 est,
645 4533 712 4583 ut
740 4526 955 4589 dicitis,
987 4523 1125 4596 quia
1153 4524 1344 4580 adhuc
1370 4524 1511 4579 estis
1542 4524 1600 4577 in
1635 4524 1906 4596 peccatis.
1943 4524 2038 4579 Se-

2136 622 2392 673 essemus,
2423 603 2858 659 miserabiliores
2887 601 3139 656 omnibus
3170 615 3408 654 essemus
3463 600 3759 660 hominibus

2138 697 2416 768 quoniam
2473 692 2684 765 pagani
2734 690 2935 746 saltem
2988 689 3082 743 hic
3135 689 3262 743 suis
3310 688 3767 750 delectationibus

2139 786 2448 853 fruuntur;
2483 782 2652 837 nobis
2675 797 2807 835 vero
2830 779 2968 851 quid
2996 778 3245 848 jejunis,
3264 778 3403 851 quid
3426 781 3765 853 oratio,quid

2138 874 2366 947 vigilite,
2398 872 2537 945 quid
2589 875 2750 926 casta
2791 870 2909 923 vita
2959 867 3351 940 prodessent?
3379 868 3574 925 Solent
3619 872 3767 928 nobis

2138 963 2344 1036 pegani
2377 964 2568 1017 dicere
2602 978 2614 1014 :
2646 959 2785 1027 Vos,
2823 957 2922 1029 qui
2955 957 3012 1011 in
3045 956 3342 1013 Christum
3370 958 3766 1033 creditis,quid

2140 1053 2331 1124 magis
2363 1051 2591 1106 habetis
2616 1049 2643 1102 ‘?
2674 1048 2860 1119 Hujus
2890 1046 3017 1101 vitae
3051 1046 3218 1102 bonis
3239 1063 3351 1102 non
3386 1049 3570 1120 magis
3600 1051 3767 1106 abun-

2139 1141 2312 1196 datis.
2350 1140 2461 1195 Sed
2510 1138 2718 1208 magis,
2774 1137 3038 1208 inquam,
3071 1135 3395 1202 habemus;
3429 1137 3563 1208 quia
3607 1138 3765 1194 vitam

2140 1230 2436 1285 credimus
2485 1227 2767 1293 futuram,
2819 1242 2949 1297 quae
2994 1224 3530 1297 incomparabiliter
3584 1226 3770 1284 melior
3866 1258 3867 1281 ι

2142 1324 2248 1388 est,
2283 1334 2461 1389 quam
2492 1315 2626 1372 ista.

2214 1434 2528 1503 Postquam
2561 1446 2764 1487 eorum
2814 1428 3242 1484 confessionem
3274 1429 3651 1501 exprobravit,
3682 1446 3767 1503 ag-

2142 1538 2382 1593 gressus
2410 1524 2497 1576 est
2528 1519 2905 1575 manifestare
2937 1517 3448 1574 resurrectionem.
3482 1518 3577 1573 Ait
3593 1518 3764 1575 enim:

2144 1616 2303 1669 Nunc
2332 1612 2513 1665 autem
2542 1608 2785 1664 Christus
2830 1608 3160 1673 resurrexit,
3202 1607 3475 1678 primitiae
3517 1606 3769 1663 dormien-

2143 1702 2328 1758 tium:
2361 1698 2499 1770 quia
2530 1697 2761 1769 primus
2795 1696 2918 1768 ipse
2949 1696 3021 1750 ad
3052 1695 3555 1752 immortalitatem
3580 1695 3771 1751 transi-

2146 1788 2269 1855 vit;
2303 1787 2440 1859 quia
2469 1786 2579 1841 etsi
2620 1786 2718 1842 alii
2749 1790 2885 1841 ante
2915 1801 3051 1840 eum
3076 1788 3540 1850 resurrexerunt,
3574 1785 3641 1841 ad
3659 1801 3768 1841 cor-

2064 1890 2113 1955 B
2145 1877 2476 1948 ruptionem
2531 1876 2850 1931 redierunt.
2882 1873 3050 1942 Nota,
3084 1873 3370 1955 quia_per
3414 1874 3694 1945 hominem,
3723 1877 3770 1928 et

2144 1970 2389 2021 mortem
2423 1965 2564 2020 dicit
2591 1970 2647 2019 et
2678 1964 3186 2030 resurrectionem,
3209 1964 3310 2019 sed
3347 1981 3460 2019 non
3480 1967 3664 2020 tamen
3685 1978 3770 2033 per

2144 2071 2278 2110 eum
2314 2054 2686 2119 resurrectio,
2722 2070 2823 2122 per
2853 2068 3026 2122 quem
3079 2068 3238 2107 mors
3273 2069 3287 2106 :
3317 2052 3455 2108 facit
3481 2053 3631 2108 enim
3670 2050 3767 2123 pri-

2146 2144 2247 2211 mi,
2282 2148 2339 2199 et
2368 2143 2612 2198 secundi
2644 2142 2780 2196 Adae
2805 2142 3185 2197 mentionem.
3222 2142 3451 2198 Primus
3474 2144 3646 2197 Adam
3675 2156 3765 2196 suo

2146 2237 2380 2303 peccato
2412 2231 2633 2287 invenit
2689 2236 2930 2285 mortem
2964 2248 2977 2297 ;
3033 2232 3333 2287 secundus
3362 2232 3564 2298 Adam,
3596 2230 3649 2285 id
3674 2233 3766 2294 est,

2144 2322 2431 2385 Christus,
2466 2320 2821 2390 suajustitia
2844 2321 3356 2377 resurrectionem.
3384 2320 3489 2386 Qui
3516 2322 3699 2375 essent
3717 2316 3767 2372 hi

2144 2411 2281 2480 duo,
2316 2409 2588 2473 ostendit,
2610 2426 2744 2464 cum
2778 2408 3118 2478 subjunxit:
3146 2410 3301 2466 Sicut
3330 2412 3389 2465 in
3420 2409 3587 2465 Adam
3606 2422 3769 2465 omne:

2143 2501 2483 2553 moriuntur.
2528 2500 2656 2569 Ipse
2705 2497 2845 2569 quia
2894 2499 3187 2569 peccando
3220 2504 3470 2555 mortem
3520 2495 3763 2564 incurrit,

2145 2605 2368 2656 omnes,
2402 2586 2501 2659 qui
2533 2603 2600 2642 ex
2622 2602 2687 2642 eo
2719 2587 3106 2653 descendunt,
3132 2592 3385 2644 mortem
3413 2588 3771 2643 incurruntet

2145 2677 2377 2744 animae,
2432 2681 2488 2731 et
2546 2677 2827 2748 corporis.
2887 2676 3049 2740 Quod
3095 2693 3229 2733 vero
3276 2677 3465 2733 dicit:
3513 2678 3596 2733 Ita
3633 2678 3679 2731 et
3724 2674 3771 2728 is

2148 2766 2356 2821 Christo
2386 2781 2570 2820 omnes
2614 2764 3066 2836 viviﬁcabuntur,
3096 2783 3169 2821 ne
3214 2765 3573 2821 contrarium
3600 2763 3768 2818 videa-

2146 2858 2262 2923 tur,
2317 2854 2456 2925 quia
2503 2870 2620 2908 non
2669 2870 2875 2909 omnes
2918 2853 3308 2921 viviﬁcantur,
3342 2855 3427 2910 sic
3473 2850 3769 2923 intelligen-

2146 2941 2287 2997 dum
2319 2946 2408 2997 est
2440 2957 2454 2995 :
2488 2941 2627 3012 quia
2657 2957 2882 3011 omnes,
2916 2942 3017 3013 qui
3045 2942 3437 3011 vivificantur,
3471 2942 3531 2997 in
3565 2937 3765 2995 Christo

2144 3030 2531 3086 viviﬁcantur.

2215 3147 2522 3203 Manifesta
2550 3147 2998 3216 resurrectione,
3034 3147 3171 3218 quia
3201 3149 3472 3219 ejusdem
3501 3145 3674 3202 voluit
3689 3160 3763 3198 or-

2064 3250 2107 3316 ρ
2145 3236 2340 3291 dinem
2373 3237 2794 3306 demonstrare,
2825 3236 3168 3307 subjunxit:
3203 3238 3578 3309 Unusquisque
3604 3235 3657 3288 in
3682 3245 3763 3285 suo

2147 3326 2337 3382 ordine
2366 3343 2387 3379 .’
2413 3324 2513 3397 qui
2543 3326 2683 3381 ordo
2713 3342 2826 3381 non
2860 3324 3052 3390 malis,
3076 3326 3176 3380 sed
3208 3326 3447 3381 dabitur
3476 3325 3536 3380 in
3565 3320 3762 3379 Christo

2146 3414 2471 3470 vivificatis.
2512 3416 2789 3469 Primitiae
2823 3415 3088 3485 Christus,
3122 3418 3186 3468 ut
3233 3431 3434 3485 supra.
3470 3412 3761 3484 Sequitur:

2150 3504 2353 3559 Deinde
2392 3504 2489 3573 qui
2514 3506 2642 3557 sunt
2693 3502 2899 3557 Christi
2930 3522 2948 3556 :
2980 3504 3080 3573 qui
3130 3507 3288 3574 sunt,
3322 3505 3420 3577 qui
3467 3505 3527 3558 in
3553 3499 3765 3557 adventu

2152 3595 2266 3660 eius
2293 3591 2637 3647 crediderant
2667 3591 3061 3660 (subauditur,
3079 3592 3584 3666 resurgent).Cum
3615 3586 3764 3644 dicit:

2156 3680 2358 3735 Deinde
2386 3681 2532 3750 ﬁnis,
2566 3679 2825 3735 ostendit
2852 3679 2991 3750 quia
3011 3685 3068 3735 et
3098 3683 3469 3750 resurrectio,
3501 3685 3668 3751 atque
3689 3675 3766 3745 ju-

2154 3769 2372 3825 dicium
2407 3768 2718 3835 malorum,
2753 3768 2823 3823 ad
2855 3767 3028 3823 istam
3062 3769 3241 3824 vitam
3284 3769 3666 3842 pertinebunt.
3700 3758 3770 3817 Fi-

2155 3859 2249 3914 nis
2279 3874 2394 3913 non
2426 3856 2537 3912 erit
2576 3856 3065 3928 consumptionis,
3103 3859 3203 3913 sed
3255 3850 3769 3915 consummationis.

2226 3991 2505 4062 Sequitur
2564 4009 2576 4047 :
2640 3991 2777 4045 Cum
2843 3990 3147 4047 tradiderit
3194 4009 3429 4062 regnum
3481 3992 3586 4047 Deo
3637 3983 3773 4059 (quia

2154 4081 2372 4152 homo),
2404 4088 2455 4135 et
2502 4080 2659 4134 Patri
2690 4079 2852 4151 (quia
2898 4079 3122 4148 Filius).
3175 4081 3287 4137 Sed
3338 4082 3448 4138 iste
3495 4092 3695 4144 sermo,
3722 4069 3770 4126 id

2152 4174 2259 4238 est,
2294 4168 2612 4233 tradiderit,
2647 4167 2866 4224 multos
2914 4168 3329 4226 scandalizavit
3361 4169 3559 4226 minus
3585 4159 3768 4221 intelli-

2152 4262 2375 4331 gentes,
2408 4256 2509 4328 qui
2541 4256 2813 4312 dixerunt
2840 4258 3001 4329 quia,
3035 4274 3170 4314 cum
3214 4258 3541 4324 tradiderit,
3572 4249 3768 4311 desinet

2149 4361 2416 4418 regnare.
2451 4345 2615 4410 Quod
2647 4344 2695 4400 si
2747 4345 2829 4400 ita
2872 4350 2986 4413 est,
3018 4362 3154 4419 ergo
3189 4353 3260 4403 'et
3290 4348 3461 4404 Pater
3505 4342 3669 4400 desiit
3695 4351 3768 4393 re-

2148 4451 2347 4507 gnare,
2382 4433 2519 4505 quia
2549 4433 2747 4488 omnia
2778 4433 2920 4490 Filio
2964 4435 3230 4501 tradidit,
3264 4437 3420 4492 sicut
3450 4434 3574 4506 ipse
3600 4426 3728 4486 dicit
3754 4438 3765 4476 :

2149 4525 2343 4580 Omnia
2396 4524 2539 4577 mihi
2584 4523 2802 4579 tradita
2846 4532 2976 4579 sunt
3022 4540 3057 4579 α
3101 4529 3269 4581 Patre
3317 4539 3434 4581 meo
3481 4518 3673 4594 (Matth.
3700 4527 3767 4579 ιι»

393 4618 621 4693 quitur:
648 4619 802 4684 Ergo
831 4622 881 4669 et
902 4614 1000 4684 qui
1026 4613 1367 4667 dormierunt
1395 4614 1456 4667 in
1487 4611 1717 4677 Christo,
1730 4615 2034 4683 perierunt.
2067 4622 2114 4687 D
2145 4612 2257 4683 27).
2291 4612 2398 4666 Sed
2432 4612 2564 4683 quis
2599 4629 2711 4666 non
2763 4616 3042 4683 agnoscat
3070 4629 3250 4684 quam
3301 4611 3549 4670 stultum
3579 4607 3651 4664 sit
3676 4603 3769 4658 hoc

389 4706 524 4762 Ideo
558 4705 667 4760 hoc
697 4703 857 4768 dicit,
892 4706 957 4756 ut
985 4700 1139 4755 sicut
1165 4718 1280 4756 non
1326 4718 1488 4773 aeque
1521 4703 1668 4758 ferre
1693 4707 2029 4773 potuerunt,

389 4794 705 4850 audierunt
736 4808 797 4848 se
826 4791 937 4845 hoe
975 4805 1208 4861 negare,
1240 4791 1394 4860 quod
1429 4791 1593 4860 prius
1623 4793 2028 4860 crediderant;

387 4885 445 4938 et
474 4882 666 4938 adhuc
696 4897 825 4937 esse
854 4880 913 4933 in
958 4875 1233 4949 peccatis,
1266 4892 1515 4947 quorum
1548 4878 1774 4933 veniam
1808 4897 1869 4934 se
1895 4897 2029 4935 con-

386 4976 615 5026 secutos
647 4969 995 5042 sperabant;
1029 4966 1113 5021 sic
1144 4982 1259 5020 non
1290 4980 1451 5035 mque
1490 4966 1720 5033 terrent,
1756 4970 1894 5022 dum
1923 4987 2027 5027 au-

384 5059 599 5114 dierint
631 5059 971 5112 frustratam
1004 5071 1168 5127 spem
1218 5069 1460 5108 suorum
1502 5053 1831 5111 charorum.
1865 5058 2027 5121 Quod

384 5145 545 5214 dicit,
577 5146 939 5213 dormierunt,
971 5144 1200 5198 duobus
1251 5142 1443 5196 modis
1477 5159 1489 5196 :
1523 5142 1612 5197 vel
1644 5143 1743 5214 qui
1777 5146 1885 5199 sub
1919 5146 2028 5202 hac

384 5248 488 5303 spe
508 5233 581 5287 ab
613 5233 721 5286 hac
740 5232 857 5286 vita
883 5234 1260 5301 transierunt,
1276 5229 1363 5285 vel
1392 5230 1492 5301 qui
1517 5247 1761 5303 corpora
1789 5249 1897 5288 sua
1917 5236 2026 5289 sub

380 5319 492 5376 hac
526 5336 630 5391 spe
660 5318 935 5390 martyrio
965 5320 1349 5375 tradiderunt.

451 5426 729 5500 Sequitur
763 5441 777 5479 ε
812 5424 871 5479 Si
900 5426 960 5479 in
1008 5426 1110 5483 hac
1135 5428 1249 5480 vita
1289 5434 1501 5481 tantum
1551 5430 1610 5482 in
1661 5428 1875 5485 Christo
1904 5445 2024 5499 spe-

379 5520 568 5572 rantes
595 5528 853 5580 essemus,
884 5517 993 5569 etc.
1025 5514 1095 5567 Et
1148 5519 1236 5568 est
1264 5530 1472 5570 sensus
1500 5532 1512 5569 :
1544 5516 1668 5572 Non
1701 5522 1931 5574 tantum
1964 5520 2023 5575 in

2145 4700 2333 4757 dicere
2362 4701 2389 4755 ?
2419 4702 2565 4772 Ergo
2610 4699 2853 4755 tradidit
2906 4705 3097 4771 Pater,
3132 4708 3191 4757 et
3238 4720 3356 4758 non
3408 4700 3620 4763 amisit,
3651 4688 3770 4764 quia

2141 4807 2274 4845 cum
2309 4789 2452 4845 Filio
2508 4789 2804 4860 possidet;
2838 4792 3025 4845 tradet
3058 4790 3259 4862 Filius,
3306 4796 3365 4846 et
3394 4806 3514 4845 non
3542 4780 3766 4842 amittet-

2142 4880 2287 4944 Quid
2320 4879 2499 4950 igitur
2526 4884 2615 4934 est
2664 4879 2893 4934 tradere
2914 4879 2941 4933 ?
2986 4879 3378 4947 Manifestare,
3414 4879 3646 4948 inquam
3672 4886 3684 4938 ἱ
3712 4867 3767 4921 ut

2141 4968 2239 5039 qui
2273 4968 2436 5038 prius
2476 4966 2535 5021 in
2570 4968 2696 5023 suis
2748 4968 3029 5041 regnabat
3078 4985 3180 5040 per
3230 4969 3427 5037 fidem,
3460 4964 3653 5036 regnet
3679 4967 3768 5028 Per

2139 5061 2402 5127 apertam
2454 5055 3011 5124 manifestationem,
3043 5063 3101 5113 et
3132 5057 3229 5129 qui
3264 5058 3428 5129 prius
3469 5068 3594 5111 eum
3624 5045 3762 5102 vide-

2139 5146 2281 5199 bant
2312 5162 2414 5216 per
2443 5144 2749 5217 speculum
2782 5151 2838 5201 et
2886 5148 3218 5220 aenigmata,
3251 5151 3394 5203 tunc
3427 5142 3568 5200 facie
3596 5137 3662 5195 ad
3690 5133 3762 5188 fa-

2138 5251 2306 5291 οιρῐη.

2208 5348 2487 5419 Sequitur
2517 5365 2531 5403 :
2566 5348 2703 5404 Cum
2750 5355 3097 5407 evaeuaverit
3125 5368 3345 5408 omnem
3385 5347 3759 5422 principatum.

2135 5442 2244 5493 etc.
2298 5436 2613 5491 Evacuabit
2666 5438 3083 5510 principatum,
3135 5446 3244 5496 etc.
3289 5458 3302 5509 ;
3349 5438 3487 5509 quia
3531 5422 3762 5490 ostendit

2137 5542 2318 5580 unum
2350 5542 2478 5581 esse
2509 5526 2928 5597 principem,et
2959 5546 3154 5602 regem
3181 5554 3195 5597 ;
3226 5532 3284 5584 et
3312 5540 3542 5584 omnem
3568 5512 3760 5602 princi-

377 5602 618 5674 hac,sed
642 5600 838 5675 potius
860 5616 1066 5656 sumus
1086 5601 1147 5656 in
1170 5601 2023 5679 futurasperanteszquoniam
2134 5618 2357 5686 patum,
2392 5617 2525 5684 etc.,
2560 5614 2681 5670 sive
2734 5616 2792 5670 in
2842 5600 3177 5685 cmlispsive
3224 5617 3284 5672 in
3328 5613 3526 5681 terris,
3575 5600 3755 5665 abillo

375 5692 646 5772 Christus
678 5694 735 5748 et
755 5689 815 5746 in
836 5689 944 5746 hac
972 5689 1093 5749 vita
1117 5705 1255 5750 suos
1277 5689 1482 5767 salvat,
1499 5696 1556 5749 et
1576 5698 1711 5771 post
1731 5696 1882 5755 hanc
1904 5697 2023 5755 feli-

2132 5716 2292 5775 esse;
2326 5705 2383 5758 et
2411 5717 2527 5758 non
2580 5700 2720 5774 illis,
2754 5704 2856 5763 sed
2905 5705 2966 5765 in
3009 5706 3133 5767 solo
3174 5706 3290 5765 isto
3324 5719 3453 5765 esse
3489 5695 3753 5772 conﬁdas:
