3902 6410
98 494 198 560 401

677 497 1096 563 EXPOSITIO
1141 500 1219 562 IN
1264 500 1698 565 EPISTOLAS
1744 502 2004 565 PAULI.
2040 535 2118 551 —
2147 503 2226 566 IN
2272 496 2523 567 EPIST.
2568 503 2596 566 Ι
2639 504 2746 565 AD
2790 501 2964 567 COR.

3396 498 3516 562 402

102 632 230 688 dum
251 606 421 701 (655).
445 629 570 687 Non
603 631 915 688 defuerunt
937 632 1036 705 qui
1063 633 1123 690 in
1142 633 1252 691 hoc
1271 634 1398 691 loco
1421 652 1619 692 aereas
1644 652 1745 708 po-
1776 644 1832 705 Α
1863 636 2067 694 dicunt
2093 638 2779 710 quod,quemadmodum
2801 635 3128 694 secundum
3179 631 3520 691 humanita-

99 724 321 777 testates
351 718 785 789 intellexerunt,
849 740 995 795 quas
1055 722 1151 778 ille
1208 724 1555 793 evacuabit;
1602 725 1743 798 quia

99 808 384 866 diabolum
404 826 539 865 cum
559 810 687 865 suis
711 811 986 867 omnibus
1009 811 1363 869 satellitibus
1386 816 1739 871 condemna-

99 898 190 966 bit,
222 898 501 954 dicendo:
538 902 633 969 Ite,
665 902 965 975 maledicti,
1000 907 1110 959 etc.
1149 902 1212 957 Hi
1249 920 1383 959 vero
1426 905 1552 975 jam
1592 903 1743 960 ultra

100 1004 202 1044 non
226 986 529 1043 habebunt
558 972 1271 1063 potestatesvprincipandi
1294 992 1352 1047 in
1377 972 1740 1058 hominibus,

99 1081 148 1133 et
175 1076 293 1133 suis
320 1076 547 1133 viribus
579 1078 894 1151 subdendi,
930 1084 987 1135 et
1014 1080 1261 1137 virtutes
1288 1098 1300 1136 :
1334 1081 1474 1153 quia
1500 1100 1614 1139 non
1637 1082 1740 1139 ha-

97 1167 303 1222 bebunt
344 1166 685 1223 facultatem
748 1168 983 1241 uspiam
1041 1170 1471 1243 progrediendi,
1525 1172 1613 1228 vel
1643 1189 1741 1228 va-

97 1254 297 1328 gandi;
332 1257 434 1311 sed
470 1273 591 1312 una
621 1258 733 1313 erit
764 1258 1030 1314 omnium
1062 1259 1287 1315 civitas.

155 1345 466 1417 Sequitur:
503 1345 723 1419 Oportet
774 1352 964 1403 autem
1012 1350 1175 1404 illum
1218 1366 1472 1419 regnare,
1522 1349 1580 1406 id
1632 1356 1738 1420 est,

95 1434 365 1502 convenit,
399 1438 456 1491 et
486 1436 755 1508 expedit:
817 1437 990 1494 donec
1041 1447 1213 1511 ponat
1261 1456 1448 1517 omnes
1490 1442 1742 1496 inimicos

90 1523 429 1595 subpedibus
454 1526 574 1587 eius
621 1527 803 1595 (Psal.
856 1544 973 1596 cxx,
1030 1530 1110 1600 t);
1160 1528 1269 1584 hoc
1310 1535 1416 1597 est,
1474 1530 1562 1584 vel
1607 1529 1741 1585 illos

94 1612 351 1684 subjiciat
384 1613 519 1669 fidei
551 1614 653 1686 qui
707 1619 847 1670 sunt
897 1617 1026 1687 ejus
1075 1615 1320 1683 inimici,
1373 1622 1436 1673 ut
1479 1618 1739 1673 conversi

94 1703 226 1757 ﬁant
254 1702 429 1759 amici
456 1721 469 1771 ;
502 1703 562 1759 id
593 1708 703 1771 est,
739 1720 965 1773 omnes,
1000 1705 1099 1779 qui
1132 1706 1527 1778 praedestinati
1578 1711 1737 1779 sunt,

95 1796 533 1860 convertantur;
567 1792 655 1849 vel
687 1797 844 1850 certe
874 1811 1078 1850 omnes
1109 1796 1434 1852 contrarios
1466 1795 1599 1851 ﬁdei
1634 1814 1738 1867 pu-

96 1879 226 1935 niat.
272 1880 424 1936 Sane
469 1881 801 1953 sciendum,
854 1882 993 1954 quia
1034 1882 1201 1939 donec
1252 1899 1363 1939 non
1422 1900 1524 1956 pro
1574 1882 1739 1938 linito

1855 732 1972 782 tem
2007 726 2199 782 minor
2230 728 2397 783 Patre
2438 725 3012 794 dicitur,secundum
3042 724 3309 782 eamdem
3370 712 3513 781 sub-

1844 818 2042 888 jectus
2066 818 2471 873 dicatur.Nam
2504 834 2695 889 neque
2724 816 3002 872 divinitas
3063 815 3122 870 in
3182 813 3515 870 humanita-

1852 910 2190 978 tem,neque
2217 905 2562 964 humanitas
2590 924 2758 963 versa
2787 910 2877 961 est
2903 905 2962 960 in
2993 904 3383 972 divinitatem,
3406 904 3509 974 sed

1853 995 1925 1051 ab
1958 995 2088 1067 ipsa
2120 1000 2208 1052 est
2241 997 2546 1053 divinitate
2576 1000 2906 1068 assumpta,
2939 994 3079 1067 quia
3117 994 3249 1066 ipsa
3294 993 3511 1049 huma-

1853 1084 2009 1140 nitas
2041 1102 2272 1158 semper
2303 1087 2729 1142 manebit.Ideo
2759 1084 2905 1141 dicit
2938 1102 2952 1140 :
3004 1084 3171 1140 Tunc
3191 1082 3302 1140 erit
3329 1082 3513 1156 igitur

1853 1173 2035 1231 Filius
2056 1175 2212 1230 Patri
2245 1178 2483 1249 propter
2511 1175 2940 1232 humanitatem
2972 1176 3345 1246 assumptam
3366 1172 3507 1227 sub-

1843 1265 2041 1335 jectus
2073 1282 2086 1333 ;
2121 1265 2222 1320 sed
2254 1265 2394 1337 quia
2426 1266 2484 1320 in
2513 1266 2766 1331 {dextera
2805 1265 2935 1336 ejus
2992 1262 3157 1319 sedet
3201 1263 3344 1332 (Act.
3404 1278 3506 1329 vn,

1849 1352 1921 1405 55
1950 1352 2140 1418 ;Rom.
2191 1369 2312 1421 νιιι,
2356 1355 2458 1421 34;
2506 1354 2712 1410 Coloss.
2768 1369 2852 1420 ιιι,
2914 1352 2989 1423 1),
3042 1366 3159 1405 non
3198 1347 3393 1405 minor
3443 1362 3512 1403 eo

1851 1441 2183 1497 credendus
2216 1446 2325 1498 est.

1924 1529 2202 1604 Sequitur
2233 1550 2246 1587 :
2284 1533 2347 1588 Ut
2375 1533 2448 1585 sit
2478 1532 2619 1586 Deus
2650 1530 2840 1587 omnia
2868 1531 2928 1584 in
2953 1528 3206 1585 omnibus
3232 1551 3247 1595 ;
3277 1526 3389 1582 hoc
3417 1527 3509 1581 est

1850 1625 2139 1690 quantum
2171 1620 2241 1676 ad
2259 1606 3506 1687 societatem,beatitudinem,immortalita-

1849 1712 2053 1774 tem,et
2073 1713 2280 1764 caetera
2318 1709 2548 1775 attinet,
2568 1708 2693 1782 ipse
2724 1707 2909 1764 eritin
2941 1706 3239 1777 omnibus,
3289 1703 3346 1759 id
3392 1706 3503 1770 est,

1851 1797 2129 1853 omnibus
2162 1816 2175 1854 :
2210 1797 2337 1869 ipse
2362 1814 2618 1869 namque
2640 1803 2798 1852 totus
2817 1797 2930 1851 erit
2958 1795 3351 1866 cibus,potus,
3381 1795 3507 1847 tota

1850 1886 2176 1953 satietas,et
2205 1887 2494 1959 quidquid
2516 1886 2632 1941 dici
2662 1884 3038 1958 potest,quod
3071 1884 3143 1938 ad
3174 1879 3507 1949 beatitudi-

94 1967 487 2041 accipiendum
522 1975 612 2025 est
644 1970 814 2043 (656).
843 1971 1000 2027 Solet
1028 1972 1205 2028 etiam
1238 1972 1422 2045 accipi
1466 1990 1569 2044 pro
1602 1989 1738 2028 con-
1772 2005 1820 2070 B
1854 1993 1987 2032 nem
2019 1976 2284 2048 attineat,
2336 1981 2527 2032 totum
2552 1976 2678 2048 ipse
2707 1975 2839 2030 erit.
2871 1974 3139 2047 Cmperat
3186 1969 3505 2043 Apostolus

87 2059 398 2130 junctione,
424 2059 688 2116 utillud:
710 2061 872 2117 Sicut
902 2062 1046 2117 oculi
1075 2064 1293 2117 ancillae
1341 2064 1511 2134 (657).
1544 2066 1743 2117 Potest
1772 2059 1818 2070 ”
1849 2066 2013 2138 loqui
2045 2066 2115 2122 de
2135 2065 2584 2135 resurrectione,
2599 2069 2657 2120 et
2700 2066 2888 2136 coepta
2926 2060 3252 2117 intentione
3304 2073 3503 2130 perse-

94 2151 142 2202 et
170 2146 261 2203 hic
278 2162 383 2220 pro
410 2150 827 2221 conjunctione
849 2150 1053 2224 accipi.
1087 2151 1400 2223 Sequitur:
1431 2154 1744 2208 Novissima

92 2245 263 2293 autem
309 2239 548 2294 inimica
587 2238 903 2295 destruetur
930 2256 1102 2295 mors.
1135 2241 1219 2295 Ad
1253 2240 1516 2295 ordinem
1554 2258 1744 2296 resur-

92 2324 354 2382 rectionis
371 2325 635 2399 respicit,
659 2327 880 2392 sive,ut
904 2327 1171 2383 nonnulli
1195 2328 1420 2396 dicunt,
1441 2344 1599 2383 mors
1621 2328 1744 2383 dia-

94 2413 246 2470 bolus
277 2414 655 2488 appellatur:
688 2415 1006 2471 destruetur
1034 2433 1219 2485 mors;
1269 2415 1329 2471 id
1379 2421 1487 2487 est,
1539 2416 1748 2471 mortis

96 2509 282 2559 auctor
303 2504 605 2576 punietur.
640 2504 805 2559 Unde
839 2509 929 2561 est
959 2504 1104 2559 illud
1132 2521 1147 2560 :
1199 2506 1471 2576 Infernus,
1524 2510 1574 2561 et
1602 2522 1749 2562 mors

92 2594 230 2648 missi
254 2595 321 2647 in
352 2601 615 2661 stagnum
646 2595 793 2664 ignis
826 2593 1008 2665 (Apoc.
1042 2580 1141 2665 xx,’
1172 2596 1283 2663 14).

164 2682 359 2738 Omnia
388 2682 623 2752 subjecit
651 2683 751 2737 sub
770 2682 1008 2754 pedibus
1026 2684 1165 2752 eius.
1218 2682 1449 2752 Omnia,
1480 2684 1748 2755 inquam,

105 2770 364 2843 subjecit,
399 2775 467 2825 ut
499 2771 624 2843 ipse
655 2772 774 2826 ait:
811 2774 959 2827 Data
984 2775 1065 2827 est
1093 2772 1239 2827 mihi
1292 2774 1468 2827 omnis
1514 2776 1751 2845 potestas

105 2858 308 2929 (Matth.
370 2876 575 2926 xxvm,
611 2861 720 2933 18),
751 2864 865 2916 etc.
901 2879 913 2928 ;
949 2864 1007 2915 et
1035 2861 1353 2933 Apostolus
1402 2861 1629 2933 inquit:
1683 2866 1753 2917 1η

103 2952 311 3005 nomine
337 2950 464 3006 Iesu
510 2965 673 3005 omne
719 2964 866 3020 genu
913 2949 1165 3021 ﬂectatur
1221 2952 1488 3023 (Philipp.
1541 2969 1603 3022 ιι,
1640 2950 1750 3022 10),

103 3043 201 3093 etc.
235 3040 503 3095 Attamen
539 3034 869 3105 sciendum,
921 3038 1062 3111 quia
1119 3038 1302 3095 altera
1349 3045 1752 3096 creaturarum

105 3127 380 3199 subjectio
430 3132 541 3196 est,
591 3130 772 3184 altera
839 3142 970 3185 vero
1029 3128 1332 3185 Ecclesiae:
1375 3128 1489 3183 illa:
1522 3146 1756 3202 quoque

105 3214 380 3273 Creatoris
439 3215 905 3273 dominationem
938 3216 1243 3273 sentiendo
1270 3235 1283 3285 ;
1348 3218 1465 3272 haec
1496 3235 1628 3273 vero
1659 3217 1753 3273 sui

106 3303 502 3378 Redemptoris
536 3306 725 3379 gratia
769 3305 1041 3372 fruendo,
1066 3310 1123 3361 et
1144 3307 1333 3362 eidem
1369 3308 1749 3362 membra'ca-

108 3393 204 3465 piti
255 3366 619 3450 inbrerendo.
678 3395 997 3466 Sequitur:
1030 3366 1195 3451 UCum
1241 3395 1427 3452 dicat:
1473 3397 1670 3452 Omnia
1701 3398 1754 3451 ei
1783 3366 1826 3437 Ο

107 3482 330 3553 subjecta
349 3491 501 3549 sunt,
528 3488 663 3550 etc.,
708 3500 897 3555 usque
920 3483 1020 3538 ubi
1043 3484 1156 3539 ait:
1185 3486 1330 3539 Tunc
1348 3493 1397 3540 et
1419 3486 1555 3557 ipse)
1586 3486 1759 3540 Filius

106 3573 364 3642 subjectus
384 3574 495 3628 erit
519 3574 631 3641 illi,
662 3575 758 3645 qui
785 3575 895 3628 sibi
922 3574 1150 3643 subiecit
1179 3577 1387 3630 omnia.
1435 3574 1539 3629 Hic
1587 3573 1761 3645 erigit

108 3661 270 3716 Arius
299 3678 498 3728 aures,
522 3668 581 3718 et
599 3662 765 3733 dicit,
799 3661 937 3734 quia
968 3668 1119 3719 recte
1151 3663 1334 3719 Filius
1368 3665 1560 3719 minor
1590 3668 1759 3718 Patre

112 3749 313 3806 dicitur
337 3775 351 3820 ;
375 3753 660 3824 quoniam
685 3757 743 3808 et
761 3751 1077 3825 Apostolus
1098 3753 1239 3809 dicit
1259 3754 1380 3810 fore
1402 3755 1754 3826 subjectum.

111 3838 175 3893 At
200 3855 328 3896 vero
350 3840 696 3912 quicunque
720 3841 829 3897 hac
851 3842 1145 3898 sententia
1174 3842 1608 3899 scandalizatus
1641 3861 1757 3898 non

114 3928 247 3997 erit;
280 3929 420 4001 quia
447 3928 742 4000 subjectio
792 3946 908 3986 non
959 3947 1191 4003 semper
1237 3948 1338 4003 pro
1369 3933 1758 3991 minoratione

118 4017 354 4089 ponitur,
378 4020 482 4076 sed
507 4019 824 4090 aliquendo
874 4020 1051 4076 etiam
1100 4037 1203 4092 pro
1257 4020 1562 4077 charitate.
1596 4023 1758 4077 Idem

118 4107 407 4178 Apostolus
428 4109 602 4164 dicit:
636 4109 880 4178 Spiritus
906 4109 1299 4182 prophetarum
1328 4110 1606 4182 prophetis
1634 4114 1760 4166 sub-

110 4193 373 4263 jectus'est
402 4200 453 4268 (Ι
498 4200 630 4255 Cor.
679 4214 796 4265 xw,
847 4200 959 4270 32).
1014 4199 1293 4271 Nunquid
1326 4200 1760 4257 minoratione?

120 4282 230 4341 Non
255 4311 268 4353 ;
291 4288 390 4343 sed
405 4287 838 4344 cbaritate.llle
871 4288 1069 4356 etiam,
1104 4288 1203 4360 qui
1225 4290 1763 4361 incomparabiliter

122 4374 587 4444 majoromnibus
602 4378 1023 4447 cst,subjectus
1046 4378 1262 4433 dicitur
1275 4379 1617 4450 parentibus
1635 4379 1760 4435 suis

122 4462 255 4531 (Luc.
284 4482 347 4536 ιι,
378 4467 509 4538 51);
544 4484 685 4532 non,
718 4467 985 4538 inquam,
1005 4466 1415 4534 minoratione,
1440 4469 1539 4523 sed
1564 4467 1761 4523 chari-

123 4552 355 4609 tate.Sic
376 4560 433 4611 et
464 4555 753 4611 charitate
784 4555 1088 4625 subjectus
1114 4559 1203 4611 est
1231 4555 1413 4611 Filius
1451 4556 1600 4611 Patri
1635 4574 1764 4629 pro-

122 4642 237 4711 pter
251 4643 533 4701 unitatem
562 4666 576 4713 ;
601 4645 741 4717 quia
761 4660 879 4700 una
894 4649 984 4700 est
1000 4661 1203 4699 eorum
1228 4650 1506 4717 potestas,
1533 4663 1651 4702 una
1672 4652 1762 4702 est

1851 2172 2060 2211 verans
2091 2155 2233 2210 dicit
2268 2173 2280 2211 :
2315 2155 2575 2228 Alioquin
2595 2154 2733 2225 quid
2758 2153 2965 2224 facient
2994 2152 3093 2222 qui
3115 2164 3224 2221 pro
3270 2148 3506 2204 mortuis

1857 2245 2207 2315 baptizantur
2229 2242 2485 2307 ?Quibus
2518 2242 2712 2298 verbis
2730 2238 3104 2313 apertissime
3132 2235 3506 2294 evidentissi-

1857 2337 2220 2404 mam,atque
2239 2330 2629 2387 certissimam
2652 2334 3019 2385 mortuorum
3043 2326 3299 2383 ostendit
3320 2341 3511 2382 resur-

1858 2420 2482 2478 rectionem.Nonnulli
2514 2419 2670 2476 enim
2699 2419 2843 2474 adeo
2884 2416 3025 2473 certi
3087 2419 3253 2471 erant
3290 2415 3362 2470 de
3420 2429 3509 2469 re-

1859 2512 2313 2578 surrectione,ut
2344 2509 2393 2565 si
2426 2526 2583 2565 mors
2611 2507 2842 2579 aliquos
2871 2522 3075 2563 eorum
3107 2504 3316 2560 charos
3337 2519 3511 2559 occu-

1859 2601 2430 2673 passet,priusquam
2477 2597 2935 2671 baptizarentur,
2969 2594 3105 2666 ipsi,
3140 2593 3417 2650 timentes
3442 2608 3516 2650 ne

1859 2691 2006 2745 forte
2038 2705 2152 2744 non
2186 2691 2579 2761 resurgerent,
2605 2689 2708 2742 aut
2736 2689 2891 2743 certe
2915 2684 3068 2741 male
3118 2686 3515 2754 resurgerent,

1860 2776 2299 2851 baptizarentur
2326 2794 2429 2850 pro
2459 2775 2642 2832 eis.Et
2672 2774 2803 2831 ideo
2836 2774 2981 2830 dicit
3014 2789 3027 2829 :
3083 2770 3226 2841 Quid
3253 2772 3467 2842 facient
3494 2773 3520 2825 .9

1860 2869 1938 2923 Ac
1969 2868 2017 2923 si
2049 2866 2233 2922 dicat:
2268 2866 2327 2923 Si
2352 2867 2433 2922 ita
2464 2865 2927 2934 est,'trustratur
2963 2878 3166 2919 eorum
3197 2860 3520 2935 spes;unde

1863 2962 1920 3014 et
1950 2958 2009 3013 in
2043 2956 2448 3029 sequentibus,
2482 2954 2635 3028 quod
2669 2958 2722 3010 et
2741 2969 2843 3026 pro
2868 2953 2985 3009 illis
3001 2951 3377 3023 baptizanlur.
3409 2949 3522 3005 No-

1863 3048 2113 3103 tandum
2145 3062 2306 3111 sane,
2346 3043 2486 3115 quia
2517 3043 2625 3099 hoc
2671 3041 2936 3112 exemplo
2996 3054 3113 3095 non
3156 3037 3523 3115 approbabat

1864 3151 2066 3191 eorum
2102 3132 2450 3203 factum,sed
2478 3136 2695 3187 certam
2720 3127 2977 3187 ostendit
3004 3125 3511 3185 resurrectionem.

1863 3224 1989 3279 Alio
2020 3239 2155 3278 vero
2182 3238 2381 3288 sensu,
2407 3219 2549 3293 quod
2571 3235 2675 3293 pro
2704 3219 2962 3287 mortuis,
2997 3220 3188 3290 potest
3244 3213 3514 3287 intelligi,

1865 3312 2208 3387 corporibus
2239 3310 2384 3367 suis.

1937 3402 2217 3474 Sequitur
2248 3417 2261 3454 :
2293 3400 2355 3457 Ut
2379 3397 2512 3470 quid
2536 3407 2589 3453 et
2616 3413 2713 3454 nos
2737 3396 3133 3469 periclitamur
3160 3394 3315 3451 omni
3344 3391 3521 3450 hora!

1869 3491 2046 3557 Quasi
2073 3490 2290 3545 diceret
2316 3505 2329 3542 :
2362 3487 2421 3541 Si
2453 3486 2673 3543 mortui
2705 3502 2821 3542 non
2850 3487 3377 3556 resurgunt,quare
3411 3495 3521 3536 nos

1868 3579 2127 3652 quotidie
2150 3575 2552 3650 periclitamur
2571 3574 2598 3629 ?
2630 3576 2739 3630 hoc
2768 3580 2875 3641 est,
2899 3572 3164 3628 diversas
3192 3568 3522 3642 passiones,

1868 3674 1923 3725 et
1943 3667 2465 3741 persecutiones,et
2495 3665 2880 3720 adversitates
2902 3658 3191 3734 patimur?
3214 3658 3326 3715 Sed
3360 3660 3525 3724 nota,

1868 3758 2004 3831 quia
2025 3775 2139 3812 non
2173 3756 2406 3826 dicit,ut
2429 3754 2570 3827 quid
2595 3753 2858 3821 nos,sed,
2885 3754 2949 3809 ut
2970 3748 3103 3823 quid
3128 3756 3184 3806 et
3213 3763 3313 3804 nos
3341 3764 3361 3803 :
3394 3761 3524 3819 qua

1866 3846 2155 3919 particula
2182 3860 2492 3901 secernens
2523 3859 2606 3913 se,
2640 3857 2899 3913 suosque
2952 3839 3024 3895 ab
3084 3836 3222 3905 illis,
3269 3833 3531 3893 ostendit

1867 3935 2093 4007 eos,qui
2128 3951 2231 4007 pro
2261 3933 2513 3989 mortuis
2542 3930 3152 4002 baptizabantur,gnon
3172 3942 3303 3984 esse
3332 3922 3530 3980 catho-

1867 4025 2030 4091 licos,
2062 4039 2167 4079 nec
2225 4021 2498 4094 religiose
2543 4035 2732 4092 agere.
2784 4016 2934 4073 Illud
2995 4014 3327 4079 sciendum,
3387 4010 3531 4084 quia

1869 4114 2124 4170 multum
2157 4116 2281 4167 erat
2311 4109 2599 4165 sollicitus
2627 4104 2941 4180 Apostolus
2963 4120 3067 4177 pro
3087 4100 3526 4159 Corinthiorum

1870 4204 2337 4276 profectu,atque
2369 4197 2593 4265 salute;
2624 4213 2693 4252 ex
2722 4195 2851 4251 ideo
2873 4191 3047 4250 dicit:
3104 4189 3356 4260 Quotidie
3408 4203 3527 4245 mo-

1870 4295 1987 4349 rior
2013 4299 2366 4365 pervestram
2394 4283 2934 4361 gloriam.Pelagius
2956 4281 3098 4338 dicit
3118 4279 3260 4353 quia
3286 4292 3527 4365 pergnon

1871 4362 2103 4453 semper
2133 4398 2236 4453 pro
2260 4380 2596 4451 juramento
2628 4372 2915 4445 accipitur
2948 4388 2960 4425 :
2996 4386 3132 4426 nam
3181 4383 3316 4424 cum
3375 4362 3529 4453 dici-

1874 4452 2027 4537 mus,
2055 4452 2156 4542 per
2177 4483 2425 4540 puerum
2460 4464 2677 4527 misi,et
2699 4459 3064 4526 similia,non
3089 4452 3417 4527 juramenti
3436 4456 3529 4542 est

1872 4541 2242 4632 Augustinus
2273 4570 2405 4609 vero
2436 4550 2576 4606 dicit
2622 4549 2761 4621 quia
2820 4543 3126 4638 particula,
3186 4560 3314 4615 quas
3345 4541 3529 4638 ‘apud

1875 4649 2102 4705 Grzecos
2134 4646 2193 4701 in
2225 4643 2336 4699 hoc
2363 4640 2489 4696 loco
2538 4636 2796 4710 ponitur,
2830 4651 2933 4708 pro
2987 4634 3325 4705 juramento
3385 4634 3532 4685 acci-

126 4733 383 4802 ossentia,
417 4737 529 4791 etc.
564 4734 678 4790 Sed
712 4733 856 4807 quia
886 4733 986 4806 qui
1013 4737 1185 4789 Pater
1214 4739 1324 4800 est,
1358 4752 1391 4790 a
1440 4735 1600 4791 nullo
1630 4741 1759 4803 est;
1794 4740 1840 4805 D
1874 4738 2068 4809 pitur;
2101 4739 2167 4789 ut
2198 4733 2275 4788 sit
2306 4745 2547 4786 sensus:
2572 4718 2803 4782 'Testor
2832 4729 2891 4781 et
2943 4724 3078 4795 juro
3111 4737 3216 4794 per
3268 4722 3526 4809 vestram

128 4816 292 4877 Filius
321 4839 477 4890 vero,
512 4823 656 4896 quia
685 4838 717 4880 a
748 4822 917 4879 Patre
969 4828 1077 4891 est,
1136 4829 1195 4878 et
1249 4823 1405 4880 Deus
1437 4824 1507 4879 de
1542 4827 1673 4896 Deo,
1707 4830 1765 4880 et

128 4904 309 4966 lumen
341 4912 411 4969 de
432 4912 693 4969 lumine:
728 4919 964 4986 propter
990 4913 1102 4969 hoc
1123 4912 1339 4968 dicitur
1360 4913 1411 4969 ei
1438 4915 1761 4985 subjectus.

129 4995 226 5052 Alii
244 5016 372 5057 vero
400 5003 608 5059 dicunt
624 5005 802 5075 quod,
828 5002 1051 5060 sicutin
1072 5002 1355 5058 membris
1374 5003 1499 5059 suis
1519 5003 1764 5071 esurire,

132 5087 299 5159 sitire,
333 5096 387 5146 et
418 5093 675 5165 compati
711 5093 961 5161 dicitur;
996 5092 1079 5148 sic
1110 5097 1167 5147 et
1192 5093 1252 5147 in
1285 5092 1505 5148 eisdem
1551 5093 1769 5148 dicitur

133 5176 431 5249 subjectus.
458 5181 718 5238 Ecclesia
746 5183 987 5255 quidem
1011 5182 1249 5237 subdita
1264 5187 1500 5249 estDeo,
1525 5183 1626 5237 sed
1652 5199 1767 5238 non

134 5277 192 5319 ex
216 5270 371 5325 toto:
404 5274 482 5341 et,
518 5270 659 5343 quia
713 5272 1000 5336 membra,
1057 5275 1116 5326 et
1172 5274 1350 5342 caput
1406 5288 1591 5327 unum
1627 5276 1769 5326 sunt

136 5365 348 5427 corpus,
372 5375 508 5415 cum
532 5359 752 5417 fuerint
790 5359 992 5416 omnia
1021 5361 1289 5416 membra
1313 5360 1600 5431 subjecta,
1627 5364 1769 5417 tunc

136 5446 183 5497 et
211 5445 383 5505 Filius
416 5449 478 5506 in
508 5449 731 5507 eisdem
763 5450 1069 5523 subjectus
1126 5453 1218 5506 est
1278 5450 1453 5505 Patri.
1495 5449 1604 5505 Alii
1635 5467 1770 5507 vero

200 5622 337 5700 (6535)
371 5627 431 5682 In
451 5629 659 5700 autog.
683 5626 1072 5698 conﬁtendum.
1105 5624 1359 5693 Videsis,
1396 5622 1600 5696 lector,
1623 5643 1769 5699 quo-

140 5694 294 5751 modo
319 5694 563 5754 rectius.

202 5764 341 5839 (656)
368 5770 432 5825 Id
464 5773 574 5835 est,
608 5787 725 5826 non
778 5774 843 5825 ut
892 5768 1175 5841 temporis
1232 5768 1539 5836 terminus,
1574 5769 1673 5823 sed
1712 5775 1773 5826 ut

143 5848 375 5911 semper;
425 5841 716 5914 subjectio
779 5842 937 5899 enim
985 5840 1360 5899 inimicorum
1420 5858 1536 5898 non
1582 5841 1772 5901 solum

1876 4805 2515 4900 gloriam.0uapropter
2545 4815 2927 4891 quaerendum
2962 4815 3184 4900 est,cur
3213 4805 3525 4900 Apostolus

1876 4895 2087 4971 tamin
2122 4913 2434 4982 hoc,quam
2492 4908 2553 4962 in
2612 4905 2743 4961 aliis
2792 4901 2939 4959 locis
2998 4899 3334 4970 frequenter
3372 4895 3537 4967 juret

1877 5021 2009 5062 cum
2041 5001 2330 5059 Dominus
2360 4999 2517 5053 dicat
2547 5012 2664 5050 non
2694 5009 2823 5049 esse
2846 4987 3196 5063 jurandum.
3219 4985 3355 5053 Sed,
3387 4982 3530 5057 quia

1875 5092 1974 5148 ille
2019 5090 2310 5165 prohibet,
2368 5086 2464 5142 hic
2500 5086 2686 5157 jurat,
2720 5081 3084 5136 monstratur
3122 5075 3535 5165 juramentum

1878 5199 1995 5238 non
2019 5162 2144 5237 esse
2176 5178 2396 5235 malum
2423 5192 2435 5231 :
2478 5178 2736 5230 attamen
2768 5183 2940 5225 nemo
2961 5182 3028 5222 eo
3059 5165 3268 5221 debeat
3296 5162 3411 5232 uti,
3440 5175 3534 5231 ,ne

1878 5273 2025 5329 forte
2056 5287 2158 5342 per
2187 5265 2377 5341 ipsius
2407 5261 2820 5319 assiduitatem
2852 5255 3118 5311 incurrat
3166 5250 3489 5342 perjurium

1880 5360 2036 5433 quod
2058 5337 2195 5430 ipse
2214 5337 2497 5411 bominus
2529 5344 3035 5433 manifestat,dum
3062 5358 3177 5433 non
3200 5341 3344 5433 dicit
3372 5337 3533 5413 quod

1881 5429 2136 5521 amplius
2166 5443 2390 5500 malum
2422 5437 2641 5505 cst,sed
2672 5453 2706 5492 a
2731 5433 2886 5493 malo
2905 5432 3109 5507 (Matth.
3142 5447 3176 5486 v
3206 5429 3320 5502 37).

1883 5623 2099 5683 Christi
2128 5621 2444 5694 imperium
2478 5635 2593 5694 non
2610 5614 2809 5694 ﬁniet,
2843 5612 2946 5694 sed
2977 5608 3174 5694 potius
3203 5605 3463 5694 augebit;

2132 5676 2472 5760 Psalmxxu,
2489 5692 2526 5746 2
2553 5709 2574 5767 :_
2594 5689 2753 5767 Sicut
2773 5676 2919 5767 oculi
2944 5676 3255 5767 ancillmin

1886 5749 2396 5837 dominézsuae,ita
2454 5749 2602 5819 oculi
2658 5755 2959 5837 nostriad
3031 5754 3323 5810 Dominum
3371 5749 3541 5803 Deum

1892 5850 2161 5911 nostrum,
2196 5828 2364 5897 donec
2390 5838 2731 5894 misereatur
2757 5828 2951 5888 nostri.
