  <div class='ocr_page' id='page_1' title='image "/cluster/home/n/w/nwhite01/storage/ocr_20150623/134-135/uc1.31175013627537/212.png"; bbox 0 0 3902 6404; ppageno 0'>
   <div class='ocr_carea' id='block_1_1' title="bbox 151 459 258 526">
    <p class='ocr_par' dir='ltr' id='par_1_1' title="bbox 151 459 258 526">
     <span class='ocr_line' id='line_1_1' title="bbox 151 459 258 526; baseline 0 0"><span class='ocrx_word' id='word_1_1' title='bbox 151 459 258 526; x_wconf 70' lang='grc' dir='ltr'>ιοθ</span> 
     </span>
    </p>
   </div>
   <div class='ocr_carea' id='block_1_2' title="bbox 706 455 3000 525">
    <p class='ocr_par' dir='ltr' id='par_1_2' title="bbox 706 455 3000 525">
     <span class='ocr_line' id='line_1_2' title="bbox 706 455 3000 525; baseline -0.002 -3"><span class='ocrx_word' id='word_1_2' title='bbox 706 455 1126 523; x_wconf 82' lang='lat' dir='ltr'>EXPOSITIO</span> <span class='ocrx_word' id='word_1_3' title='bbox 1167 459 1245 522; x_wconf 85' lang='lat' dir='ltr'><strong>IN</strong></span> <span class='ocrx_word' id='word_1_4' title='bbox 1294 457 1727 523; x_wconf 78' lang='lat' dir='ltr'>EPISTOLAS</span> <span class='ocrx_word' id='word_1_5' title='bbox 1774 459 2034 523; x_wconf 81' lang='lat' dir='ltr'>PAULI.</span> <span class='ocrx_word' id='word_1_6' title='bbox 2066 492 2144 508; x_wconf 92' lang='lat'>—</span> <span class='ocrx_word' id='word_1_7' title='bbox 2173 461 2252 524; x_wconf 89' lang='lat' dir='ltr'>IN</span> <span class='ocrx_word' id='word_1_8' title='bbox 2301 459 2554 525; x_wconf 84' lang='lat' dir='ltr'>EPIST.</span> <span class='ocrx_word' id='word_1_9' title='bbox 2601 459 2626 522; x_wconf 90' lang='grc' dir='ltr'><strong>Ι</strong></span> <span class='ocrx_word' id='word_1_10' title='bbox 2671 460 2776 520; x_wconf 87' lang='lat' dir='ltr'>AD</span> <span class='ocrx_word' id='word_1_11' title='bbox 2822 456 3000 520; x_wconf 83' lang='lat' dir='ltr'>COR.</span> 
     </span>
    </p>
   </div>
   <div class='ocr_carea' id='block_1_3' title="bbox 3448 435 3572 510">
    <p class='ocr_par' dir='ltr' id='par_1_3' title="bbox 3448 435 3572 510">
     <span class='ocr_line' id='line_1_3' title="bbox 3448 435 3572 510; baseline -0.008 0"><span class='ocrx_word' id='word_1_12' title='bbox 3448 435 3572 510; x_wconf 70' lang='lat'>4&#39;10</span> 
     </span>
    </p>
   </div>
   <div class='ocr_carea' id='block_1_4' title="bbox 152 563 3569 665">
    <p class='ocr_par' dir='ltr' id='par_1_4' title="bbox 152 563 3569 665">
     <span class='ocr_line' id='line_1_4' title="bbox 152 563 3569 665; baseline -0.005 -11"><span class='ocrx_word' id='word_1_13' title='bbox 152 596 340 654; x_wconf 85' lang='lat' dir='ltr'>rebant</span> <span class='ocrx_word' id='word_1_14' title='bbox 366 589 436 648; x_wconf 89' lang='lat' dir='ltr'>ad</span> <span class='ocrx_word' id='word_1_15' title='bbox 461 591 638 664; x_wconf 82' lang='lat' dir='ltr'>pedes</span> <span class='ocrx_word' id='word_1_16' title='bbox 669 592 1066 665; x_wconf 77' lang='lat' dir='ltr'>apostolorum</span> <span class='ocrx_word' id='word_1_17' title='bbox 1085 593 1226 664; x_wconf 80' lang='lat' dir='ltr'>(Act.</span> <span class='ocrx_word' id='word_1_18' title='bbox 1262 611 1336 660; x_wconf 84' lang='lat' dir='ltr'>IV,</span> <span class='ocrx_word' id='word_1_19' title='bbox 1361 596 1450 663; x_wconf 79' lang='grc'>34,</span> <span class='ocrx_word' id='word_1_20' title='bbox 1476 595 1597 663; x_wconf 84' lang='grc'>35),</span> <span class='ocrx_word' id='word_1_21' title='bbox 1620 598 1677 650; x_wconf 92' lang='lat' dir='ltr'>et</span> <span class='ocrx_word' id='word_1_22' title='bbox 1698 595 1784 650; x_wconf 93' lang='lat' dir='ltr'>di-</span> <span class='ocrx_word' id='word_1_23' title='bbox 1816 595 1871 662; x_wconf 79' lang='grc' dir='ltr'><strong>Α</strong></span> <span class='ocrx_word' id='word_1_24' title='bbox 1903 611 2016 650; x_wconf 92' lang='lat' dir='ltr'>non</span> <span class='ocrx_word' id='word_1_25' title='bbox 2031 563 3569 661; x_wconf 56' lang='lat' dir='ltr'>venisse,stomacharentur,etindignarentur,scan-</span> 
     </span>
    </p>
   </div>
   <div class='ocr_carea' id='block_1_5' title="bbox 151 681 1786 755">
    <p class='ocr_par' dir='ltr' id='par_1_5' title="bbox 151 681 1786 755">
     <span class='ocr_line' id='line_1_5' title="bbox 151 681 1786 755; baseline -0.001 -14"><span class='ocrx_word' id='word_1_26' title='bbox 151 684 476 742; x_wconf 84' lang='lat' dir='ltr'>videhantur</span> <span class='ocrx_word' id='word_1_27' title='bbox 520 681 859 753; x_wconf 83' lang='lat' dir='ltr'>unicuique,</span> <span class='ocrx_word' id='word_1_28' title='bbox 918 687 1092 754; x_wconf 81' lang='lat' dir='ltr'><strong>prout</strong></span> <span class='ocrx_word' id='word_1_29' title='bbox 1143 700 1291 755; x_wconf 88' lang='lat' dir='ltr'>opus</span> <span class='ocrx_word' id='word_1_30' title='bbox 1345 689 1486 739; x_wconf 90' lang='lat' dir='ltr'>erat.</span> <span class='ocrx_word' id='word_1_31' title='bbox 1559 685 1786 748; x_wconf 86' lang='lat' dir='ltr'>Quibus</span> 
     </span>
    </p>
   </div>
   <div class='ocr_carea' id='block_1_6' title="bbox 155 771 1785 849">
    <p class='ocr_par' dir='ltr' id='par_1_6' title="bbox 155 771 1785 849">
     <span class='ocr_line' id='line_1_6' title="bbox 155 771 1785 849; baseline -0.002 -19"><span class='ocrx_word' id='word_1_32' title='bbox 155 774 337 849; x_wconf 79' lang='lat' dir='ltr'>pretiis</span> <span class='ocrx_word' id='word_1_33' title='bbox 359 771 748 842; x_wconf 80' lang='lat' dir='ltr'>consumptis,</span> <span class='ocrx_word' id='word_1_34' title='bbox 785 789 1067 843; x_wconf 85' lang='lat' dir='ltr'>pauperes</span> <span class='ocrx_word' id='word_1_35' title='bbox 1097 773 1249 828; x_wconf 86' lang='lat' dir='ltr'>ultra</span> <span class='ocrx_word' id='word_1_36' title='bbox 1283 773 1420 845; x_wconf 90' lang='lat' dir='ltr'>quid</span> <span class='ocrx_word' id='word_1_37' title='bbox 1449 774 1785 843; x_wconf 82' lang='lat' dir='ltr'>venderent,</span> 
     </span>
    </p>
   </div>
   <div class='ocr_carea' id='block_1_7' title="bbox 155 861 1788 928">
    <p class='ocr_par' dir='ltr' id='par_1_7' title="bbox 155 861 1788 928">
     <span class='ocr_line' id='line_1_7' title="bbox 155 861 1788 928; baseline -0.001 -10"><span class='ocrx_word' id='word_1_38' title='bbox 155 863 232 920; x_wconf 87' lang='lat' dir='ltr'>vel</span> <span class='ocrx_word' id='word_1_39' title='bbox 263 862 407 918; x_wconf 90' lang='lat' dir='ltr'>unde</span> <span class='ocrx_word' id='word_1_40' title='bbox 466 866 959 928; x_wconf 87' lang='lat' dir='ltr'>sustentarentur,</span> <span class='ocrx_word' id='word_1_41' title='bbox 1005 878 1119 917; x_wconf 93' lang='lat' dir='ltr'>non</span> <span class='ocrx_word' id='word_1_42' title='bbox 1171 862 1501 917; x_wconf 83' lang='lat' dir='ltr'>habebant:</span> <span class='ocrx_word' id='word_1_43' title='bbox 1554 867 1611 917; x_wconf 92' lang='lat' dir='ltr'>et</span> <span class='ocrx_word' id='word_1_44' title='bbox 1658 861 1788 916; x_wconf 90' lang='lat' dir='ltr'>ideo</span> 
     </span>
    </p>
   </div>
   <div class='ocr_carea' id='block_1_8' title="bbox 157 949 1792 1022">
    <p class='ocr_par' dir='ltr' id='par_1_8' title="bbox 157 949 1792 1022">
     <span class='ocr_line' id='line_1_8' title="bbox 157 949 1792 1022; baseline -0.002 -14"><span class='ocrx_word' id='word_1_45' title='bbox 157 953 514 1008; x_wconf 90' lang='lat' dir='ltr'>decreverunt</span> <span class='ocrx_word' id='word_1_46' title='bbox 571 949 758 1004; x_wconf 83' lang='lat' dir='ltr'>sancti</span> <span class='ocrx_word' id='word_1_47' title='bbox 819 949 1086 1022; x_wconf 82' lang='lat' dir='ltr'>apostoli,</span> <span class='ocrx_word' id='word_1_48' title='bbox 1136 951 1388 1005; x_wconf 88' lang='lat' dir='ltr'>maxime</span> <span class='ocrx_word' id='word_1_49' title='bbox 1459 949 1678 1006; x_wconf 82' lang='lat' dir='ltr'>Paulus</span> <span class='ocrx_word' id='word_1_50' title='bbox 1735 953 1792 1005; x_wconf 89' lang='lat' dir='ltr'>et</span> 
     </span>
    </p>
   </div>
   <div class='ocr_carea' id='block_1_9' title="bbox 155 1039 1788 1111">
    <p class='ocr_par' dir='ltr' id='par_1_9' title="bbox 155 1039 1788 1111">
     <span class='ocr_line' id='line_1_9' title="bbox 155 1039 1788 1111; baseline -0.002 -13"><span class='ocrx_word' id='word_1_51' title='bbox 155 1040 452 1105; x_wconf 78' lang='lat' dir='ltr'>Barnabas,</span> <span class='ocrx_word' id='word_1_52' title='bbox 487 1042 551 1093; x_wconf 91' lang='lat' dir='ltr'>ut</span> <span class='ocrx_word' id='word_1_53' title='bbox 583 1055 682 1110; x_wconf 87' lang='lat' dir='ltr'>per</span> <span class='ocrx_word' id='word_1_54' title='bbox 707 1039 966 1111; x_wconf 88' lang='lat' dir='ltr'>singulat</span> <span class='ocrx_word' id='word_1_55' title='bbox 996 1039 1260 1111; x_wconf 83' lang='lat' dir='ltr'>regiones</span> <span class='ocrx_word' id='word_1_56' title='bbox 1313 1041 1569 1095; x_wconf 86' lang='lat' dir='ltr'>facerent</span> <span class='ocrx_word' id='word_1_57' title='bbox 1617 1039 1788 1094; x_wconf 88' lang='lat' dir='ltr'>colle-</span> 
     </span>
    </p>
   </div>
   <div class='ocr_carea' id='block_1_10' title="bbox 155 1129 1789 1201">
    <p class='ocr_par' dir='ltr' id='par_1_10' title="bbox 155 1129 1789 1201">
     <span class='ocr_line' id='line_1_10' title="bbox 155 1129 1789 1201; baseline -0.002 -15"><span class='ocrx_word' id='word_1_58' title='bbox 155 1136 284 1194; x_wconf 88' lang='lat' dir='ltr'>ctas,</span> <span class='ocrx_word' id='word_1_59' title='bbox 317 1145 462 1200; x_wconf 87' lang='lat' dir='ltr'>quas</span> <span class='ocrx_word' id='word_1_60' title='bbox 495 1129 792 1183; x_wconf 85' lang='lat' dir='ltr'>mitterent</span> <span class='ocrx_word' id='word_1_61' title='bbox 814 1130 1052 1193; x_wconf 87' lang='lat' dir='ltr'>sanctis,</span> <span class='ocrx_word' id='word_1_62' title='bbox 1079 1129 1177 1200; x_wconf 89' lang='lat' dir='ltr'>qui</span> <span class='ocrx_word' id='word_1_63' title='bbox 1203 1129 1789 1201; x_wconf 88' lang='lat' dir='ltr'>erantJerosolymis:</span> 
     </span>
    </p>
   </div>
   <div class='ocr_carea' id='block_1_11' title="bbox 156 1217 1793 1290">
    <p class='ocr_par' dir='ltr' id='par_1_11' title="bbox 156 1217 1793 1290">
     <span class='ocr_line' id='line_1_11' title="bbox 156 1217 1793 1290; baseline -0.001 -16"><span class='ocrx_word' id='word_1_64' title='bbox 156 1225 205 1275; x_wconf 90' lang='lat' dir='ltr'>et</span> <span class='ocrx_word' id='word_1_65' title='bbox 223 1219 288 1273; x_wconf 88' lang='lat' dir='ltr'>de</span> <span class='ocrx_word' id='word_1_66' title='bbox 307 1218 449 1288; x_wconf 79' lang='lat' dir='ltr'>ipsis</span> <span class='ocrx_word' id='word_1_67' title='bbox 475 1217 623 1272; x_wconf 88' lang='lat' dir='ltr'>dicit</span> <span class='ocrx_word' id='word_1_68' title='bbox 652 1233 664 1270; x_wconf 90' lang='lat'>:</span> <span class='ocrx_word' id='word_1_69' title='bbox 691 1218 766 1271; x_wconf 88' lang='lat' dir='ltr'>De</span> <span class='ocrx_word' id='word_1_70' title='bbox 795 1217 1036 1272; x_wconf 76' lang='lat' dir='ltr'>collectis</span> <span class='ocrx_word' id='word_1_71' title='bbox 1067 1223 1274 1282; x_wconf 86' lang='lat' dir='ltr'>autem,</span> <span class='ocrx_word' id='word_1_72' title='bbox 1311 1234 1434 1290; x_wconf 65' lang='lat' dir='ltr'>quae</span> <span class='ocrx_word' id='word_1_73' title='bbox 1480 1218 1643 1288; x_wconf 81' lang='lat' dir='ltr'>fiunt,</span> <span class='ocrx_word' id='word_1_74' title='bbox 1683 1219 1793 1272; x_wconf 91' lang='lat' dir='ltr'>hoc</span> 
     </span>
    </p>
   </div>
   <div class='ocr_carea' id='block_1_12' title="bbox 154 1305 1792 1379">
    <p class='ocr_par' dir='ltr' id='par_1_12' title="bbox 154 1305 1792 1379">
     <span class='ocr_line' id='line_1_12' title="bbox 154 1305 1792 1379; baseline -0.002 -15"><span class='ocrx_word' id='word_1_75' title='bbox 154 1312 251 1372; x_wconf 86' lang='lat' dir='ltr'>est,</span> <span class='ocrx_word' id='word_1_76' title='bbox 275 1323 371 1379; x_wconf 92' lang='lat' dir='ltr'>pro</span> <span class='ocrx_word' id='word_1_77' title='bbox 392 1305 642 1368; x_wconf 72' lang='lat' dir='ltr'>sanctis.</span> <span class='ocrx_word' id='word_1_78' title='bbox 660 1306 962 1361; x_wconf 87' lang='lat' dir='ltr'>Primitiva</span> <span class='ocrx_word' id='word_1_79' title='bbox 993 1324 1226 1379; x_wconf 90' lang='lat' dir='ltr'>quoque</span> <span class='ocrx_word' id='word_1_80' title='bbox 1248 1308 1506 1362; x_wconf 84' lang='lat' dir='ltr'>Ecclesia</span> <span class='ocrx_word' id='word_1_81' title='bbox 1529 1309 1598 1362; x_wconf 92' lang='lat' dir='ltr'>ad</span> <span class='ocrx_word' id='word_1_82' title='bbox 1623 1308 1792 1362; x_wconf 88' lang='lat' dir='ltr'>Jeru-</span> 
     </span>
    </p>
   </div>
   <div class='ocr_carea' id='block_1_13' title="bbox 155 1396 1798 1468">
    <p class='ocr_par' dir='ltr' id='par_1_13' title="bbox 155 1396 1798 1468">
     <span class='ocr_line' id='line_1_13' title="bbox 155 1396 1798 1468; baseline -0.002 -15"><span class='ocrx_word' id='word_1_83' title='bbox 155 1397 324 1453; x_wconf 85' lang='lat' dir='ltr'>salem</span> <span class='ocrx_word' id='word_1_84' title='bbox 347 1399 638 1468; x_wconf 75' lang='lat' dir='ltr'>cmperat;</span> <span class='ocrx_word' id='word_1_85' title='bbox 673 1397 828 1451; x_wconf 88' lang='lat' dir='ltr'>unde</span> <span class='ocrx_word' id='word_1_86' title='bbox 858 1396 1148 1467; x_wconf 87' lang='lat' dir='ltr'>scripturn</span> <span class='ocrx_word' id='word_1_87' title='bbox 1181 1402 1271 1452; x_wconf 92' lang='lat' dir='ltr'>est</span> <span class='ocrx_word' id='word_1_88' title='bbox 1299 1413 1310 1450; x_wconf 91' lang='lat'>:</span> <span class='ocrx_word' id='word_1_89' title='bbox 1349 1399 1421 1452; x_wconf 87' lang='lat' dir='ltr'>De</span> <span class='ocrx_word' id='word_1_90' title='bbox 1452 1397 1582 1452; x_wconf 85' lang='lat' dir='ltr'>Sion</span> <span class='ocrx_word' id='word_1_91' title='bbox 1622 1398 1798 1451; x_wconf 74' lang='lat' dir='ltr'>exibit</span> 
     </span>
    </p>
   </div>
   <div class='ocr_carea' id='block_1_14' title="bbox 156 1484 1797 1557">
    <p class='ocr_par' dir='ltr' id='par_1_14' title="bbox 156 1484 1797 1557">
     <span class='ocr_line' id='line_1_14' title="bbox 156 1484 1797 1557; baseline -0.002 -16"><span class='ocrx_word' id='word_1_92' title='bbox 156 1487 238 1541; x_wconf 75' lang='lat' dir='ltr'>lea:</span> <span class='ocrx_word' id='word_1_93' title='bbox 263 1485 436 1552; x_wconf 64' lang='lat' dir='ltr'>(llic/3.</span> <span class='ocrx_word' id='word_1_94' title='bbox 473 1500 548 1549; x_wconf 76' lang='lat' dir='ltr'>xv,</span> <span class='ocrx_word' id='word_1_95' title='bbox 570 1484 642 1551; x_wconf 85' lang='lat'>2;</span> <span class='ocrx_word' id='word_1_96' title='bbox 674 1486 779 1539; x_wconf 86' lang='lat' dir='ltr'>Isa.</span> <span class='ocrx_word' id='word_1_97' title='bbox 814 1501 875 1550; x_wconf 78' lang='grc' dir='ltr'>ιι,</span> <span class='ocrx_word' id='word_1_98' title='bbox 899 1485 977 1554; x_wconf 87' lang='grc'>3),</span> <span class='ocrx_word' id='word_1_99' title='bbox 1003 1489 1112 1540; x_wconf 85' lang='lat' dir='ltr'>etc.</span> <span class='ocrx_word' id='word_1_100' title='bbox 1139 1484 1395 1540; x_wconf 86' lang='lat' dir='ltr'>Gentiles</span> <span class='ocrx_word' id='word_1_101' title='bbox 1449 1502 1601 1551; x_wconf 92' lang='lat' dir='ltr'>vero,</span> <span class='ocrx_word' id='word_1_102' title='bbox 1657 1485 1797 1557; x_wconf 90' lang='lat' dir='ltr'>quia</span> 
     </span>
    </p>
   </div>
   <div class='ocr_carea' id='block_1_15' title="bbox 158 1572 1794 1645">
    <p class='ocr_par' dir='ltr' id='par_1_15' title="bbox 158 1572 1794 1645">
     <span class='ocr_line' id='line_1_15' title="bbox 158 1572 1794 1645; baseline -0.001 -15"><span class='ocrx_word' id='word_1_103' title='bbox 158 1575 222 1630; x_wconf 86' lang='lat' dir='ltr'>ab</span> <span class='ocrx_word' id='word_1_104' title='bbox 241 1573 437 1630; x_wconf 82' lang='lat' dir='ltr'>eadem</span> <span class='ocrx_word' id='word_1_105' title='bbox 460 1572 726 1628; x_wconf 88' lang='lat' dir='ltr'>doctrina</span> <span class='ocrx_word' id='word_1_106' title='bbox 746 1573 1140 1645; x_wconf 87' lang='lat' dir='ltr'>evangelicam</span> <span class='ocrx_word' id='word_1_107' title='bbox 1163 1573 1432 1640; x_wconf 79' lang='lat' dir='ltr'>fidem,ac</span> <span class='ocrx_word' id='word_1_108' title='bbox 1458 1579 1794 1629; x_wconf 88' lang='lat' dir='ltr'>sanctarum</span> 
     </span>
    </p>
   </div>
   <div class='ocr_carea' id='block_1_16' title="bbox 156 1661 1797 1734">
    <p class='ocr_par' dir='ltr' id='par_1_16' title="bbox 156 1661 1797 1734">
     <span class='ocr_line' id='line_1_16' title="bbox 156 1661 1797 1734; baseline 0 -18"><span class='ocrx_word' id='word_1_109' title='bbox 156 1661 578 1734; x_wconf 90' lang='lat' dir='ltr'>Scripturarum</span> <span class='ocrx_word' id='word_1_110' title='bbox 611 1662 880 1718; x_wconf 87' lang='lat' dir='ltr'>notitiam</span> <span class='ocrx_word' id='word_1_111' title='bbox 902 1668 1267 1734; x_wconf 91' lang='lat' dir='ltr'>acceperant,</span> <span class='ocrx_word' id='word_1_112' title='bbox 1290 1663 1537 1734; x_wconf 83' lang='lat' dir='ltr'>dignum</span> <span class='ocrx_word' id='word_1_113' title='bbox 1565 1668 1710 1728; x_wconf 87' lang='lat' dir='ltr'>erat,</span> <span class='ocrx_word' id='word_1_114' title='bbox 1734 1666 1797 1717; x_wconf 90' lang='lat' dir='ltr'>ut</span> 
     </span>
    </p>
   </div>
   <div class='ocr_carea' id='block_1_17' title="bbox 156 1749 1797 1824">
    <p class='ocr_par' dir='ltr' id='par_1_17' title="bbox 156 1749 1797 1824">
     <span class='ocr_line' id='line_1_17' title="bbox 156 1749 1797 1824; baseline 0 -18"><span class='ocrx_word' id='word_1_115' title='bbox 156 1749 411 1807; x_wconf 87' lang='lat' dir='ltr'>collectas</span> <span class='ocrx_word' id='word_1_116' title='bbox 432 1751 708 1820; x_wconf 78' lang='lat' dir='ltr'>facerent,</span> <span class='ocrx_word' id='word_1_117' title='bbox 739 1757 798 1806; x_wconf 92' lang='lat' dir='ltr'>et</span> <span class='ocrx_word' id='word_1_118' title='bbox 812 1751 1152 1806; x_wconf 88' lang='lat' dir='ltr'>eorumdem</span> <span class='ocrx_word' id='word_1_119' title='bbox 1181 1768 1505 1824; x_wconf 84' lang='lat' dir='ltr'>pauperum</span> <span class='ocrx_word' id='word_1_120' title='bbox 1537 1751 1797 1824; x_wconf 89' lang='lat' dir='ltr'>inopiam</span> 
     </span>
    </p>
   </div>
   <div class='ocr_carea' id='block_1_18' title="bbox 154 1839 1800 1913">
    <p class='ocr_par' dir='ltr' id='par_1_18' title="bbox 154 1839 1800 1913">
     <span class='ocr_line' id='line_1_18' title="bbox 154 1839 1800 1913; baseline 0 -18"><span class='ocrx_word' id='word_1_121' title='bbox 154 1845 558 1896; x_wconf 82' lang='lat' dir='ltr'>sustentarent.</span> <span class='ocrx_word' id='word_1_122' title='bbox 597 1840 758 1897; x_wconf 89' lang='lat' dir='ltr'>Unde</span> <span class='ocrx_word' id='word_1_123' title='bbox 783 1839 941 1896; x_wconf 88' lang='lat' dir='ltr'>idem</span> <span class='ocrx_word' id='word_1_124' title='bbox 968 1839 1146 1896; x_wconf 89' lang='lat' dir='ltr'>alibi:</span> <span class='ocrx_word' id='word_1_125' title='bbox 1190 1842 1252 1896; x_wconf 94' lang='lat' dir='ltr'>Si</span> <span class='ocrx_word' id='word_1_126' title='bbox 1297 1842 1664 1913; x_wconf 73' lang='lat' dir='ltr'>spiritalium,</span> <span class='ocrx_word' id='word_1_127' title='bbox 1715 1839 1800 1895; x_wconf 91' lang='lat' dir='ltr'>in-</span> 
     </span>
    </p>
   </div>
   <div class='ocr_carea' id='block_1_19' title="bbox 155 1930 1796 2003">
    <p class='ocr_par' dir='ltr' id='par_1_19' title="bbox 155 1930 1796 2003">
     <span class='ocr_line' id='line_1_19' title="bbox 155 1930 1796 2003; baseline 0.001 -17"><span class='ocrx_word' id='word_1_128' title='bbox 155 1930 291 2002; x_wconf 90' lang='lat' dir='ltr'>quit,</span> <span class='ocrx_word' id='word_1_129' title='bbox 313 1946 499 1986; x_wconf 90' lang='lat' dir='ltr'>eorum</span> <span class='ocrx_word' id='word_1_130' title='bbox 529 1933 821 2002; x_wconf 84' lang='lat' dir='ltr'>participes</span> <span class='ocrx_word' id='word_1_131' title='bbox 867 1933 1009 2003; x_wconf 81' lang='lat' dir='ltr'>facti</span> <span class='ocrx_word' id='word_1_132' title='bbox 1036 1939 1167 1986; x_wconf 87' lang='lat' dir='ltr'>sunt</span> <span class='ocrx_word' id='word_1_133' title='bbox 1198 1933 1430 2000; x_wconf 81' lang='lat' dir='ltr'>gentiles</span> <span class='ocrx_word' id='word_1_134' title='bbox 1475 1932 1651 2002; x_wconf 86' lang='lat' dir='ltr'>(Joan.</span> <span class='ocrx_word' id='word_1_135' title='bbox 1704 1949 1796 1998; x_wconf 85' lang='lat' dir='ltr'>xv,</span> 
     </span>
    </p>
   </div>
   <div class='ocr_carea' id='block_1_20' title="bbox 152 2019 1800 2094">
    <p class='ocr_par' dir='ltr' id='par_1_20' title="bbox 152 2019 1800 2094">
     <span class='ocr_line' id='line_1_20' title="bbox 152 2019 1800 2094; baseline 0.001 -20"><span class='ocrx_word' id='word_1_136' title='bbox 152 2021 270 2089; x_wconf 74' lang='lat'>27);</span> <span class='ocrx_word' id='word_1_137' title='bbox 303 2024 359 2075; x_wconf 87' lang='lat' dir='ltr'>et</span> <span class='ocrx_word' id='word_1_138' title='bbox 385 2020 447 2075; x_wconf 91' lang='lat' dir='ltr'>in</span> <span class='ocrx_word' id='word_1_139' title='bbox 479 2020 589 2076; x_wconf 92' lang='lat' dir='ltr'>hac</span> <span class='ocrx_word' id='word_1_140' title='bbox 622 2019 910 2092; x_wconf 87' lang='lat' dir='ltr'>Epistola:</span> <span class='ocrx_word' id='word_1_141' title='bbox 947 2020 1009 2076; x_wconf 88' lang='lat' dir='ltr'>Si</span> <span class='ocrx_word' id='word_1_142' title='bbox 1054 2036 1150 2076; x_wconf 85' lang='lat' dir='ltr'>nos</span> <span class='ocrx_word' id='word_1_143' title='bbox 1198 2022 1344 2076; x_wconf 87' lang='lat' dir='ltr'>vobis</span> <span class='ocrx_word' id='word_1_144' title='bbox 1381 2023 1672 2094; x_wconf 78' lang='lat' dir='ltr'>spiritalia</span> <span class='ocrx_word' id='word_1_145' title='bbox 1716 2037 1800 2076; x_wconf 87' lang='lat' dir='ltr'>se-</span> 
     </span>
    </p>
   </div>
   <div class='ocr_carea' id='block_1_21' title="bbox 151 2109 1803 2182">
    <p class='ocr_par' dir='ltr' id='par_1_21' title="bbox 151 2109 1803 2182">
     <span class='ocr_line' id='line_1_21' title="bbox 151 2109 1803 2182; baseline 0 -18"><span class='ocrx_word' id='word_1_146' title='bbox 151 2111 477 2165; x_wconf 75' lang='lat' dir='ltr'>minavimus</span> <span class='ocrx_word' id='word_1_147' title='bbox 508 2111 552 2182; x_wconf 91' lang='grc' dir='ltr'>(Ι</span> <span class='ocrx_word' id='word_1_148' title='bbox 586 2110 708 2166; x_wconf 85' lang='lat' dir='ltr'>Cor.</span> <span class='ocrx_word' id='word_1_149' title='bbox 743 2127 820 2180; x_wconf 81' lang='lat' dir='ltr'>Ix,</span> <span class='ocrx_word' id='word_1_150' title='bbox 857 2111 968 2181; x_wconf 79' lang='grc'>41),</span> <span class='ocrx_word' id='word_1_151' title='bbox 993 2114 1103 2165; x_wconf 87' lang='lat' dir='ltr'>etc.</span> <span class='ocrx_word' id='word_1_152' title='bbox 1131 2114 1366 2165; x_wconf 88' lang='lat' dir='ltr'>Poterat</span> <span class='ocrx_word' id='word_1_153' title='bbox 1387 2109 1506 2165; x_wconf 87' lang='lat' dir='ltr'>illis</span> <span class='ocrx_word' id='word_1_154' title='bbox 1551 2126 1678 2166; x_wconf 90' lang='lat' dir='ltr'>esse</span> <span class='ocrx_word' id='word_1_155' title='bbox 1711 2127 1803 2165; x_wconf 93' lang='lat' dir='ltr'>or-</span> 
     </span>
    </p>
   </div>
   <div class='ocr_carea' id='block_1_22' title="bbox 152 2197 1805 2267">
    <p class='ocr_par' dir='ltr' id='par_1_22' title="bbox 152 2197 1805 2267">
     <span class='ocr_line' id='line_1_22' title="bbox 152 2197 1805 2267; baseline 0.001 -15"><span class='ocrx_word' id='word_1_156' title='bbox 152 2197 362 2254; x_wconf 89' lang='lat' dir='ltr'>dinatio</span> <span class='ocrx_word' id='word_1_157' title='bbox 394 2197 788 2255; x_wconf 87' lang='lat' dir='ltr'>Ecclesiarum</span> <span class='ocrx_word' id='word_1_158' title='bbox 821 2198 1060 2254; x_wconf 81' lang='lat' dir='ltr'>Galatiae</span> <span class='ocrx_word' id='word_1_159' title='bbox 1114 2199 1184 2254; x_wconf 92' lang='lat' dir='ltr'>ad</span> <span class='ocrx_word' id='word_1_160' title='bbox 1227 2199 1516 2267; x_wconf 88' lang='lat' dir='ltr'>salutem;</span> <span class='ocrx_word' id='word_1_161' title='bbox 1569 2205 1628 2254; x_wconf 89' lang='lat' dir='ltr'>et</span> <span class='ocrx_word' id='word_1_162' title='bbox 1674 2199 1805 2254; x_wconf 91' lang='lat' dir='ltr'>ideo</span> 
     </span>
    </p>
   </div>
   <div class='ocr_carea' id='block_1_23' title="bbox 152 2287 1808 2358">
    <p class='ocr_par' dir='ltr' id='par_1_23' title="bbox 152 2287 1808 2358">
     <span class='ocr_line' id='line_1_23' title="bbox 152 2287 1808 2358; baseline 0.001 -17"><span class='ocrx_word' id='word_1_163' title='bbox 152 2287 307 2342; x_wconf 87' lang='lat' dir='ltr'>dicit:</span> <span class='ocrx_word' id='word_1_164' title='bbox 344 2287 502 2343; x_wconf 90' lang='lat' dir='ltr'>Sicut</span> <span class='ocrx_word' id='word_1_165' title='bbox 532 2287 809 2353; x_wconf 87' lang='lat' dir='ltr'>ordinavi,</span> <span class='ocrx_word' id='word_1_166' title='bbox 835 2293 944 2343; x_wconf 86' lang='lat' dir='ltr'>etc.</span> <span class='ocrx_word' id='word_1_167' title='bbox 980 2288 1092 2343; x_wconf 78' lang='lat' dir='ltr'>Sed</span> <span class='ocrx_word' id='word_1_168' title='bbox 1125 2288 1264 2358; x_wconf 89' lang='lat' dir='ltr'>quia</span> <span class='ocrx_word' id='word_1_169' title='bbox 1295 2288 1495 2343; x_wconf 89' lang='lat' dir='ltr'>minus</span> <span class='ocrx_word' id='word_1_170' title='bbox 1521 2293 1657 2343; x_wconf 90' lang='lat' dir='ltr'>nota</span> <span class='ocrx_word' id='word_1_171' title='bbox 1678 2303 1808 2343; x_wconf 89' lang='lat' dir='ltr'>esse</span> 
     </span>
    </p>
   </div>
   <div class='ocr_carea' id='block_1_24' title="bbox 155 2376 1809 2449">
    <p class='ocr_par' dir='ltr' id='par_1_24' title="bbox 155 2376 1809 2449">
     <span class='ocr_line' id='line_1_24' title="bbox 155 2376 1809 2449; baseline 0.001 -19"><span class='ocrx_word' id='word_1_172' title='bbox 155 2380 390 2449; x_wconf 87' lang='lat' dir='ltr'>poterat,</span> <span class='ocrx_word' id='word_1_173' title='bbox 426 2377 555 2432; x_wconf 91' lang='lat' dir='ltr'>ideo</span> <span class='ocrx_word' id='word_1_174' title='bbox 614 2377 882 2431; x_wconf 89' lang='lat' dir='ltr'>eamdem</span> <span class='ocrx_word' id='word_1_175' title='bbox 950 2377 1326 2432; x_wconf 83' lang='lat' dir='ltr'>manifestare</span> <span class='ocrx_word' id='word_1_176' title='bbox 1400 2377 1641 2432; x_wconf 87' lang='lat' dir='ltr'>curavit.</span> <span class='ocrx_word' id='word_1_177' title='bbox 1713 2376 1809 2431; x_wconf 77' lang='lat' dir='ltr'>Ait</span> 
     </span>
    </p>
   </div>
   <div class='ocr_carea' id='block_1_25' title="bbox 153 2465 1808 2538">
    <p class='ocr_par' dir='ltr' id='par_1_25' title="bbox 153 2465 1808 2538">
     <span class='ocr_line' id='line_1_25' title="bbox 153 2465 1808 2538; baseline 0 -18"><span class='ocrx_word' id='word_1_178' title='bbox 153 2465 330 2521; x_wconf 88' lang='lat' dir='ltr'>enim:</span> <span class='ocrx_word' id='word_1_179' title='bbox 359 2470 468 2521; x_wconf 85' lang='lat' dir='ltr'>Per</span> <span class='ocrx_word' id='word_1_180' title='bbox 497 2482 668 2520; x_wconf 87' lang='lat' dir='ltr'>unam</span> <span class='ocrx_word' id='word_1_181' title='bbox 701 2465 949 2530; x_wconf 87' lang='lat' dir='ltr'>Sabbati,</span> <span class='ocrx_word' id='word_1_182' title='bbox 977 2469 1085 2519; x_wconf 88' lang='lat' dir='ltr'>etc.</span> <span class='ocrx_word' id='word_1_183' title='bbox 1140 2465 1325 2520; x_wconf 89' lang='lat' dir='ltr'>Unam</span> <span class='ocrx_word' id='word_1_184' title='bbox 1376 2466 1632 2536; x_wconf 87' lang='lat' dir='ltr'>Sabbati,</span> <span class='ocrx_word' id='word_1_185' title='bbox 1685 2466 1808 2538; x_wconf 88' lang='lat' dir='ltr'>pri-</span> 
     </span>
    </p>
   </div>
   <div class='ocr_carea' id='block_1_26' title="bbox 157 2553 1805 2617">
    <p class='ocr_par' dir='ltr' id='par_1_26' title="bbox 157 2553 1805 2617">
     <span class='ocr_line' id='line_1_26' title="bbox 157 2553 1805 2617; baseline 0.001 -7"><span class='ocrx_word' id='word_1_186' title='bbox 157 2569 310 2610; x_wconf 88' lang='lat' dir='ltr'>mum</span> <span class='ocrx_word' id='word_1_187' title='bbox 344 2554 590 2610; x_wconf 89' lang='lat' dir='ltr'>Sabbati</span> <span class='ocrx_word' id='word_1_188' title='bbox 640 2560 829 2617; x_wconf 90' lang='lat' dir='ltr'>vocat,</span> <span class='ocrx_word' id='word_1_189' title='bbox 890 2554 1000 2608; x_wconf 91' lang='lat' dir='ltr'>hoc</span> <span class='ocrx_word' id='word_1_190' title='bbox 1049 2558 1137 2608; x_wconf 90' lang='lat' dir='ltr'>est</span> <span class='ocrx_word' id='word_1_191' title='bbox 1188 2553 1343 2609; x_wconf 90' lang='lat' dir='ltr'>diem</span> <span class='ocrx_word' id='word_1_192' title='bbox 1391 2554 1805 2611; x_wconf 87' lang='lat' dir='ltr'>Dominicum:</span> 
     </span>
    </p>
   </div>
   <div class='ocr_carea' id='block_1_27' title="bbox 157 2642 1808 2714">
    <p class='ocr_par' dir='ltr' id='par_1_27' title="bbox 157 2642 1808 2714">
     <span class='ocr_line' id='line_1_27' title="bbox 157 2642 1808 2714; baseline 0.001 -16"><span class='ocrx_word' id='word_1_193' title='bbox 157 2644 301 2698; x_wconf 90' lang='lat' dir='ltr'>unde</span> <span class='ocrx_word' id='word_1_194' title='bbox 331 2643 393 2696; x_wconf 92' lang='lat' dir='ltr'>in</span> <span class='ocrx_word' id='word_1_195' title='bbox 432 2642 777 2714; x_wconf 83' lang='lat' dir='ltr'>Evangelio:</span> <span class='ocrx_word' id='word_1_196' title='bbox 818 2643 935 2698; x_wconf 87' lang='lat' dir='ltr'>Una</span> <span class='ocrx_word' id='word_1_197' title='bbox 963 2642 1192 2696; x_wconf 84' lang='lat' dir='ltr'>Sabbati</span> <span class='ocrx_word' id='word_1_198' title='bbox 1239 2642 1449 2712; x_wconf 77' lang='lat' dir='ltr'>(Matth.</span> <span class='ocrx_word' id='word_1_199' title='bbox 1505 2660 1704 2708; x_wconf 82' lang='lat' dir='ltr'>xxvm,</span> <span class='ocrx_word' id='word_1_200' title='bbox 1743 2645 1808 2708; x_wconf 83' lang='lat' dir='ltr'>l;</span> 
     </span>
    </p>
   </div>
   <div class='ocr_carea' id='block_1_28' title="bbox 158 2731 1813 2802">
    <p class='ocr_par' dir='ltr' id='par_1_28' title="bbox 158 2731 1813 2802">
     <span class='ocr_line' id='line_1_28' title="bbox 158 2731 1813 2802; baseline 0.001 -16"><span class='ocrx_word' id='word_1_201' title='bbox 158 2732 317 2787; x_wconf 72' lang='lat' dir='ltr'>Marc.</span> <span class='ocrx_word' id='word_1_202' title='bbox 369 2748 488 2797; x_wconf 85' lang='lat' dir='ltr'>xv1,</span> <span class='ocrx_word' id='word_1_203' title='bbox 546 2735 612 2795; x_wconf 90' lang='lat'>2;</span> <span class='ocrx_word' id='word_1_204' title='bbox 679 2732 804 2784; x_wconf 89' lang='lat' dir='ltr'>Luc.</span> <span class='ocrx_word' id='word_1_205' title='bbox 863 2746 1016 2796; x_wconf 71' lang='lat' dir='ltr'>xxxv,</span> <span class='ocrx_word' id='word_1_206' title='bbox 1072 2731 1139 2798; x_wconf 91' lang='grc'>1;</span> <span class='ocrx_word' id='word_1_207' title='bbox 1199 2732 1355 2786; x_wconf 82' lang='grc' dir='ltr'><em>Ιοαη.</em></span> <span class='ocrx_word' id='word_1_208' title='bbox 1417 2748 1510 2800; x_wconf 84' lang='lat' dir='ltr'>xx,</span> <span class='ocrx_word' id='word_1_209' title='bbox 1573 2734 1645 2802; x_wconf 82' lang='lat'>1).</span> <span class='ocrx_word' id='word_1_210' title='bbox 1711 2732 1813 2788; x_wconf 91' lang='lat' dir='ltr'>Die</span> 
     </span>
    </p>
   </div>
   <div class='ocr_carea' id='block_1_29' title="bbox 161 2818 1810 2893">
    <p class='ocr_par' dir='ltr' id='par_1_29' title="bbox 161 2818 1810 2893">
     <span class='ocr_line' id='line_1_29' title="bbox 161 2818 1810 2893; baseline -0.001 -16"><span class='ocrx_word' id='word_1_211' title='bbox 161 2837 382 2893; x_wconf 89' lang='lat' dir='ltr'>quoque</span> <span class='ocrx_word' id='word_1_212' title='bbox 415 2819 723 2876; x_wconf 90' lang='lat' dir='ltr'>Dominico</span> <span class='ocrx_word' id='word_1_213' title='bbox 759 2818 987 2873; x_wconf 90' lang='lat' dir='ltr'>monuit</span> <span class='ocrx_word' id='word_1_214' title='bbox 1012 2819 1132 2874; x_wconf 86' lang='lat' dir='ltr'>ﬁeri</span> <span class='ocrx_word' id='word_1_215' title='bbox 1156 2819 1450 2886; x_wconf 86' lang='lat' dir='ltr'>collectas,</span> <span class='ocrx_word' id='word_1_216' title='bbox 1478 2821 1714 2892; x_wconf 89' lang='lat' dir='ltr'>quando</span> <span class='ocrx_word' id='word_1_217' title='bbox 1738 2821 1810 2877; x_wconf 91' lang='lat' dir='ltr'>ad</span> 
     </span>
    </p>
   </div>
   <div class='ocr_carea' id='block_1_30' title="bbox 161 2908 1812 2980">
    <p class='ocr_par' dir='ltr' id='par_1_30' title="bbox 161 2908 1812 2980">
     <span class='ocr_line' id='line_1_30' title="bbox 161 2908 1812 2980; baseline -0.001 -14"><span class='ocrx_word' id='word_1_218' title='bbox 161 2927 528 2966; x_wconf 85' lang='lat' dir='ltr'>communem</span> <span class='ocrx_word' id='word_1_219' title='bbox 581 2908 1066 2977; x_wconf 79' lang='lat' dir='ltr'>exhortationem,</span> <span class='ocrx_word' id='word_1_220' title='bbox 1117 2912 1174 2963; x_wconf 90' lang='lat' dir='ltr'>et</span> <span class='ocrx_word' id='word_1_221' title='bbox 1225 2911 1549 2980; x_wconf 88' lang='lat' dir='ltr'>profectum</span> <span class='ocrx_word' id='word_1_222' title='bbox 1604 2925 1812 2965; x_wconf 90' lang='lat' dir='ltr'>conve-</span> 
     </span>
    </p>
   </div>
   <div class='ocr_carea' id='block_1_31' title="bbox 159 2997 1812 3065">
    <p class='ocr_par' dir='ltr' id='par_1_31' title="bbox 159 2997 1812 3065">
     <span class='ocr_line' id='line_1_31' title="bbox 159 2997 1812 3065; baseline 0 -11"><span class='ocrx_word' id='word_1_223' title='bbox 159 2999 406 3055; x_wconf 89' lang='lat' dir='ltr'>niebant.</span> <span class='ocrx_word' id='word_1_224' title='bbox 441 2998 710 3065; x_wconf 81' lang='lat' dir='ltr'>Docebat,</span> <span class='ocrx_word' id='word_1_225' title='bbox 747 3002 812 3052; x_wconf 89' lang='lat' dir='ltr'>ut</span> <span class='ocrx_word' id='word_1_226' title='bbox 838 3014 904 3053; x_wconf 93' lang='lat' dir='ltr'>eo</span> <span class='ocrx_word' id='word_1_227' title='bbox 947 2998 1123 3052; x_wconf 90' lang='lat' dir='ltr'>etiam</span> <span class='ocrx_word' id='word_1_228' title='bbox 1173 2997 1266 3054; x_wconf 91' lang='lat' dir='ltr'>die</span> <span class='ocrx_word' id='word_1_229' title='bbox 1319 2999 1696 3054; x_wconf 88' lang='lat' dir='ltr'>convenirent</span> <span class='ocrx_word' id='word_1_230' title='bbox 1740 2999 1812 3055; x_wconf 92' lang='lat' dir='ltr'>ad</span> 
     </span>
    </p>
   </div>
   <div class='ocr_carea' id='block_1_32' title="bbox 158 3085 1813 3159">
    <p class='ocr_par' dir='ltr' id='par_1_32' title="bbox 158 3085 1813 3159">
     <span class='ocr_line' id='line_1_32' title="bbox 158 3085 1813 3159; baseline 0.001 -17"><span class='ocrx_word' id='word_1_231' title='bbox 158 3093 487 3144; x_wconf 87' lang='lat' dir='ltr'>sanctorum</span> <span class='ocrx_word' id='word_1_232' title='bbox 544 3103 870 3159; x_wconf 87' lang='lat' dir='ltr'>pauperum</span> <span class='ocrx_word' id='word_1_233' title='bbox 903 3085 1385 3142; x_wconf 89' lang='lat' dir='ltr'>sublevationem.</span> <span class='ocrx_word' id='word_1_234' title='bbox 1419 3089 1605 3154; x_wconf 78' lang='lat' dir='ltr'>Quaeri</span> <span class='ocrx_word' id='word_1_235' title='bbox 1638 3088 1813 3144; x_wconf 89' lang='lat' dir='ltr'>etiam</span> 
     </span>
    </p>
   </div>
   <div class='ocr_carea' id='block_1_33' title="bbox 157 3177 1815 3250">
    <p class='ocr_par' dir='ltr' id='par_1_33' title="bbox 157 3177 1815 3250">
     <span class='ocr_line' id='line_1_33' title="bbox 157 3177 1815 3250; baseline 0 -18"><span class='ocrx_word' id='word_1_236' title='bbox 157 3181 359 3248; x_wconf 88' lang='lat' dir='ltr'>potest,</span> <span class='ocrx_word' id='word_1_237' title='bbox 393 3193 578 3249; x_wconf 89' lang='lat' dir='ltr'>quare</span> <span class='ocrx_word' id='word_1_238' title='bbox 609 3193 724 3232; x_wconf 93' lang='lat' dir='ltr'>non</span> <span class='ocrx_word' id='word_1_239' title='bbox 748 3177 911 3231; x_wconf 90' lang='lat' dir='ltr'>omni</span> <span class='ocrx_word' id='word_1_240' title='bbox 933 3177 1048 3241; x_wconf 90' lang='lat' dir='ltr'>die,</span> <span class='ocrx_word' id='word_1_241' title='bbox 1068 3181 1168 3230; x_wconf 89' lang='lat' dir='ltr'>aut</span> <span class='ocrx_word' id='word_1_242' title='bbox 1189 3179 1652 3250; x_wconf 84' lang='lat' dir='ltr'>temporejussit</span> <span class='ocrx_word' id='word_1_243' title='bbox 1689 3178 1815 3233; x_wconf 83' lang='lat' dir='ltr'>ﬁeri</span> 
     </span>
    </p>
   </div>
   <div class='ocr_carea' id='block_1_34' title="bbox 157 3265 1815 3338">
    <p class='ocr_par' dir='ltr' id='par_1_34' title="bbox 157 3265 1815 3338">
     <span class='ocr_line' id='line_1_34' title="bbox 157 3265 1815 3338; baseline -0.001 -17"><span class='ocrx_word' id='word_1_244' title='bbox 157 3265 442 3322; x_wconf 90' lang='lat' dir='ltr'>collectas.</span> <span class='ocrx_word' id='word_1_245' title='bbox 473 3266 721 3332; x_wconf 91' lang='lat' dir='ltr'>Idcirco,</span> <span class='ocrx_word' id='word_1_246' title='bbox 753 3267 890 3338; x_wconf 90' lang='lat' dir='ltr'>quia</span> <span class='ocrx_word' id='word_1_247' title='bbox 923 3272 1158 3321; x_wconf 86' lang='lat' dir='ltr'>noverat</span> <span class='ocrx_word' id='word_1_248' title='bbox 1187 3268 1346 3338; x_wconf 92' lang='lat' dir='ltr'>quod</span> <span class='ocrx_word' id='word_1_249' title='bbox 1375 3272 1432 3322; x_wconf 90' lang='lat' dir='ltr'>et</span> <span class='ocrx_word' id='word_1_250' title='bbox 1471 3267 1661 3338; x_wconf 84' lang='lat' dir='ltr'>magis</span> <span class='ocrx_word' id='word_1_251' title='bbox 1696 3266 1815 3322; x_wconf 88' lang='lat' dir='ltr'>col-</span> 
     </span>
    </p>
   </div>
   <div class='ocr_carea' id='block_1_35' title="bbox 157 3341 1886 3428">
    <p class='ocr_par' dir='ltr' id='par_1_35' title="bbox 157 3341 1886 3428">
     <span class='ocr_line' id='line_1_35' title="bbox 157 3341 1886 3428; baseline -0.001 -18"><span class='ocrx_word' id='word_1_252' title='bbox 157 3355 446 3427; x_wconf 77' lang='lat' dir='ltr'>ligaretur,</span> <span class='ocrx_word' id='word_1_253' title='bbox 482 3360 540 3411; x_wconf 90' lang='lat' dir='ltr'>et</span> <span class='ocrx_word' id='word_1_254' title='bbox 570 3355 767 3410; x_wconf 90' lang='lat' dir='ltr'>minus</span> <span class='ocrx_word' id='word_1_255' title='bbox 798 3359 1070 3426; x_wconf 87' lang='lat' dir='ltr'>gravaret</span> <span class='ocrx_word' id='word_1_256' title='bbox 1107 3371 1209 3426; x_wconf 92' lang='lat' dir='ltr'>per</span> <span class='ocrx_word' id='word_1_257' title='bbox 1261 3355 1564 3412; x_wconf 89' lang='lat' dir='ltr'>intervella</span> <span class='ocrx_word' id='word_1_258' title='bbox 1591 3362 1811 3428; x_wconf 79' lang='lat' dir='ltr'>tempo-</span> <span class='ocrx_word' id='word_1_259' title='bbox 1842 3341 1886 3408; x_wconf 87' lang='lat' dir='ltr'>C</span> 
     </span>
    </p>
   </div>
   <div class='ocr_carea' id='block_1_36' title="bbox 159 3443 1811 3517">
    <p class='ocr_par' dir='ltr' id='par_1_36' title="bbox 159 3443 1811 3517">
     <span class='ocr_line' id='line_1_36' title="bbox 159 3443 1811 3517; baseline 0.002 -19"><span class='ocrx_word' id='word_1_260' title='bbox 159 3460 303 3499; x_wconf 87' lang='lat' dir='ltr'>rum.</span> <span class='ocrx_word' id='word_1_261' title='bbox 336 3445 650 3517; x_wconf 81' lang='lat' dir='ltr'>Sequitur:</span> <span class='ocrx_word' id='word_1_262' title='bbox 691 3445 1074 3515; x_wconf 77' lang='lat' dir='ltr'>Unusquisque</span> <span class='ocrx_word' id='word_1_263' title='bbox 1105 3443 1250 3514; x_wconf 86' lang='lat' dir='ltr'>apud</span> <span class='ocrx_word' id='word_1_264' title='bbox 1267 3461 1324 3499; x_wconf 87' lang='lat' dir='ltr'>se</span> <span class='ocrx_word' id='word_1_265' title='bbox 1341 3452 1528 3516; x_wconf 77' lang='lat' dir='ltr'>ponat,</span> <span class='ocrx_word' id='word_1_266' title='bbox 1552 3445 1661 3501; x_wconf 92' lang='lat' dir='ltr'>hoc</span> <span class='ocrx_word' id='word_1_267' title='bbox 1703 3451 1811 3514; x_wconf 89' lang='lat' dir='ltr'>est,</span> 
     </span>
    </p>
   </div>
   <div class='ocr_carea' id='block_1_37' title="bbox 159 3531 1818 3605">
    <p class='ocr_par' dir='ltr' id='par_1_37' title="bbox 159 3531 1818 3605">
     <span class='ocr_line' id='line_1_37' title="bbox 159 3531 1818 3605; baseline 0.001 -17"><span class='ocrx_word' id='word_1_268' title='bbox 159 3532 212 3588; x_wconf 90' lang='lat' dir='ltr'>in</span> <span class='ocrx_word' id='word_1_269' title='bbox 245 3539 463 3592; x_wconf 83' lang='lat' dir='ltr'>secreto</span> <span class='ocrx_word' id='word_1_270' title='bbox 496 3532 759 3590; x_wconf 88' lang='lat' dir='ltr'>thesauri</span> <span class='ocrx_word' id='word_1_271' title='bbox 792 3531 884 3588; x_wconf 90' lang='lat' dir='ltr'>sui</span> <span class='ocrx_word' id='word_1_272' title='bbox 943 3532 1261 3588; x_wconf 82' lang='lat' dir='ltr'>recondens.</span> <span class='ocrx_word' id='word_1_273' title='bbox 1313 3535 1382 3588; x_wconf 87' lang='lat' dir='ltr'>Et</span> <span class='ocrx_word' id='word_1_274' title='bbox 1432 3534 1570 3605; x_wconf 92' lang='lat' dir='ltr'>quia</span> <span class='ocrx_word' id='word_1_275' title='bbox 1617 3535 1818 3589; x_wconf 90' lang='lat' dir='ltr'>volun-</span> 
     </span>
    </p>
   </div>
   <div class='ocr_carea' id='block_1_38' title="bbox 159 3621 1814 3695">
    <p class='ocr_par' dir='ltr' id='par_1_38' title="bbox 159 3621 1814 3695">
     <span class='ocr_line' id='line_1_38' title="bbox 159 3621 1814 3695; baseline 0.002 -19"><span class='ocrx_word' id='word_1_276' title='bbox 159 3621 366 3678; x_wconf 85' lang='lat' dir='ltr'>tarium</span> <span class='ocrx_word' id='word_1_277' title='bbox 398 3639 619 3678; x_wconf 89' lang='lat' dir='ltr'>munus</span> <span class='ocrx_word' id='word_1_278' title='bbox 651 3625 875 3678; x_wconf 88' lang='lat' dir='ltr'>certum</span> <span class='ocrx_word' id='word_1_279' title='bbox 908 3627 996 3677; x_wconf 91' lang='lat' dir='ltr'>est</span> <span class='ocrx_word' id='word_1_280' title='bbox 1028 3627 1140 3678; x_wconf 92' lang='lat' dir='ltr'>Deo</span> <span class='ocrx_word' id='word_1_281' title='bbox 1172 3639 1300 3678; x_wconf 91' lang='lat' dir='ltr'>esse</span> <span class='ocrx_word' id='word_1_282' title='bbox 1332 3629 1658 3695; x_wconf 85' lang='lat' dir='ltr'>acceptum,</span> <span class='ocrx_word' id='word_1_283' title='bbox 1683 3625 1814 3679; x_wconf 90' lang='lat' dir='ltr'>ideo</span> 
     </span>
    </p>
   </div>
   <div class='ocr_carea' id='block_1_39' title="bbox 160 3709 1816 3786">
    <p class='ocr_par' dir='ltr' id='par_1_39' title="bbox 160 3709 1816 3786">
     <span class='ocr_line' id='line_1_39' title="bbox 160 3709 1816 3786; baseline 0.002 -21"><span class='ocrx_word' id='word_1_284' title='bbox 160 3709 216 3765; x_wconf 89' lang='lat' dir='ltr'>in</span> <span class='ocrx_word' id='word_1_285' title='bbox 247 3728 448 3768; x_wconf 85' lang='lat' dir='ltr'>eorum</span> <span class='ocrx_word' id='word_1_286' title='bbox 485 3711 685 3785; x_wconf 88' lang='lat' dir='ltr'>posuit</span> <span class='ocrx_word' id='word_1_287' title='bbox 716 3711 977 3780; x_wconf 90' lang='lat' dir='ltr'>arbitrio,</span> <span class='ocrx_word' id='word_1_288' title='bbox 1034 3711 1267 3768; x_wconf 87' lang='lat' dir='ltr'>dicens:</span> <span class='ocrx_word' id='word_1_289' title='bbox 1324 3714 1486 3781; x_wconf 82' lang='lat' dir='ltr'>Quod</span> <span class='ocrx_word' id='word_1_290' title='bbox 1532 3715 1643 3768; x_wconf 90' lang='lat' dir='ltr'>sibi</span> <span class='ocrx_word' id='word_1_291' title='bbox 1687 3715 1816 3786; x_wconf 88' lang='lat' dir='ltr'>pla-</span> 
     </span>
    </p>
   </div>
   <div class='ocr_carea' id='block_1_40' title="bbox 162 3801 344 3855">
    <p class='ocr_par' dir='ltr' id='par_1_40' title="bbox 162 3801 344 3855">
     <span class='ocr_line' id='line_1_40' title="bbox 162 3801 344 3855; baseline 0.011 -2"><span class='ocrx_word' id='word_1_292' title='bbox 162 3801 344 3855; x_wconf 85' lang='lat' dir='ltr'>cuerit.</span> 
     </span>
    </p>
   </div>
   <div class='ocr_carea' id='block_1_41' title="bbox 225 3905 1813 3981">
    <p class='ocr_par' dir='ltr' id='par_1_41' title="bbox 225 3905 1813 3981">
     <span class='ocr_line' id='line_1_41' title="bbox 225 3905 1813 3981; baseline 0.004 -21"><span class='ocrx_word' id='word_1_293' title='bbox 225 3905 537 3978; x_wconf 89' lang='lat' dir='ltr'>Sequitur:</span> <span class='ocrx_word' id='word_1_294' title='bbox 575 3907 636 3964; x_wconf 84' lang='lat' dir='ltr'>Ut</span> <span class='ocrx_word' id='word_1_295' title='bbox 667 3923 774 3962; x_wconf 84' lang='lat' dir='ltr'>non</span> <span class='ocrx_word' id='word_1_296' title='bbox 805 3923 930 3962; x_wconf 82' lang='lat' dir='ltr'>cum</span> <span class='ocrx_word' id='word_1_297' title='bbox 959 3923 1175 3976; x_wconf 84' lang='lat' dir='ltr'>venero,</span> <span class='ocrx_word' id='word_1_298' title='bbox 1229 3912 1360 3962; x_wconf 89' lang='lat' dir='ltr'>tunc</span> <span class='ocrx_word' id='word_1_299' title='bbox 1387 3909 1625 3967; x_wconf 68' lang='lat' dir='ltr'>collectae</span> <span class='ocrx_word' id='word_1_300' title='bbox 1655 3911 1813 3981; x_wconf 79' lang='lat' dir='ltr'>ﬁant.</span> 
     </span>
    </p>
   </div>
   <div class='ocr_carea' id='block_1_42' title="bbox 162 3993 1816 4070">
    <p class='ocr_par' dir='ltr' id='par_1_42' title="bbox 162 3993 1816 4070">
     <span class='ocr_line' id='line_1_42' title="bbox 162 3993 1816 4070; baseline 0.005 -24"><span class='ocrx_word' id='word_1_301' title='bbox 162 3993 329 4050; x_wconf 78' lang='lat' dir='ltr'>Multa</span> <span class='ocrx_word' id='word_1_302' title='bbox 357 4012 598 4068; x_wconf 90' lang='lat' dir='ltr'>quoque</span> <span class='ocrx_word' id='word_1_303' title='bbox 628 4000 793 4051; x_wconf 89' lang='lat' dir='ltr'>erant</span> <span class='ocrx_word' id='word_1_304' title='bbox 823 3996 976 4050; x_wconf 87' lang='lat' dir='ltr'>inter</span> <span class='ocrx_word' id='word_1_305' title='bbox 1005 4013 1103 4051; x_wconf 90' lang='lat' dir='ltr'>eos</span> <span class='ocrx_word' id='word_1_306' title='bbox 1149 3997 1524 4070; x_wconf 90' lang='lat' dir='ltr'>corrigenda;</span> <span class='ocrx_word' id='word_1_307' title='bbox 1583 4003 1640 4053; x_wconf 90' lang='lat' dir='ltr'>et</span> <span class='ocrx_word' id='word_1_308' title='bbox 1687 3999 1816 4055; x_wconf 91' lang='lat' dir='ltr'>ideo</span> 
     </span>
    </p>
   </div>
   <div class='ocr_carea' id='block_1_43' title="bbox 169 4084 1814 4160">
    <p class='ocr_par' dir='ltr' id='par_1_43' title="bbox 169 4084 1814 4160">
     <span class='ocr_line' id='line_1_43' title="bbox 169 4084 1814 4160; baseline 0.004 -22"><span class='ocrx_word' id='word_1_309' title='bbox 169 4085 396 4151; x_wconf 84' lang='lat' dir='ltr'>monuit,</span> <span class='ocrx_word' id='word_1_310' title='bbox 431 4090 500 4140; x_wconf 87' lang='lat' dir='ltr'>ut</span> <span class='ocrx_word' id='word_1_311' title='bbox 533 4084 698 4157; x_wconf 90' lang='lat' dir='ltr'>prius</span> <span class='ocrx_word' id='word_1_312' title='bbox 721 4084 1157 4156; x_wconf 82' lang='lat' dir='ltr'>colligerentur,</span> <span class='ocrx_word' id='word_1_313' title='bbox 1178 4103 1248 4140; x_wconf 91' lang='lat' dir='ltr'>ne</span> <span class='ocrx_word' id='word_1_314' title='bbox 1269 4086 1326 4139; x_wconf 87' lang='lat' dir='ltr'>in</span> <span class='ocrx_word' id='word_1_315' title='bbox 1350 4085 1467 4141; x_wconf 90' lang='lat' dir='ltr'>illis</span> <span class='ocrx_word' id='word_1_316' title='bbox 1491 4087 1814 4160; x_wconf 85' lang='lat' dir='ltr'>occupatis,</span> 
     </span>
    </p>
   </div>
   <div class='ocr_carea' id='block_1_44' title="bbox 162 4174 1816 4247">
    <p class='ocr_par' dir='ltr' id='par_1_44' title="bbox 162 4174 1816 4247">
     <span class='ocr_line' id='line_1_44' title="bbox 162 4174 1816 4247; baseline 0.002 -20"><span class='ocrx_word' id='word_1_317' title='bbox 162 4187 277 4242; x_wconf 67' lang='lat' dir='ltr'>quae</span> <span class='ocrx_word' id='word_1_318' title='bbox 308 4175 661 4247; x_wconf 89' lang='lat' dir='ltr'>corrigenda</span> <span class='ocrx_word' id='word_1_319' title='bbox 692 4179 880 4245; x_wconf 85' lang='lat' dir='ltr'>erant,</span> <span class='ocrx_word' id='word_1_320' title='bbox 917 4174 1226 4245; x_wconf 86' lang='lat' dir='ltr'>corrigere,</span> <span class='ocrx_word' id='word_1_321' title='bbox 1262 4191 1378 4230; x_wconf 92' lang='lat' dir='ltr'>non</span> <span class='ocrx_word' id='word_1_322' title='bbox 1412 4181 1629 4247; x_wconf 89' lang='lat' dir='ltr'>posset.</span> <span class='ocrx_word' id='word_1_323' title='bbox 1683 4177 1816 4231; x_wconf 85' lang='lat' dir='ltr'>Cum</span> 
     </span>
    </p>
   </div>
   <div class='ocr_carea' id='block_1_45' title="bbox 161 4262 1816 4336">
    <p class='ocr_par' dir='ltr' id='par_1_45' title="bbox 161 4262 1816 4336">
     <span class='ocr_line' id='line_1_45' title="bbox 161 4262 1816 4336; baseline 0.003 -20"><span class='ocrx_word' id='word_1_324' title='bbox 161 4266 334 4318; x_wconf 86' lang='lat' dir='ltr'>autem</span> <span class='ocrx_word' id='word_1_325' title='bbox 360 4280 610 4336; x_wconf 66' lang='lat' dir='ltr'>presens</span> <span class='ocrx_word' id='word_1_326' title='bbox 641 4266 821 4334; x_wconf 78' lang='lat' dir='ltr'>fuero,</span> <span class='ocrx_word' id='word_1_327' title='bbox 853 4267 966 4318; x_wconf 90' lang='lat' dir='ltr'>etc.</span> <span class='ocrx_word' id='word_1_328' title='bbox 1001 4262 1150 4320; x_wconf 87' lang='lat' dir='ltr'>Nota</span> <span class='ocrx_word' id='word_1_329' title='bbox 1182 4263 1320 4336; x_wconf 92' lang='lat' dir='ltr'>quia</span> <span class='ocrx_word' id='word_1_330' title='bbox 1353 4263 1412 4319; x_wconf 94' lang='lat' dir='ltr'>in</span> <span class='ocrx_word' id='word_1_331' title='bbox 1472 4266 1816 4321; x_wconf 87' lang='lat' dir='ltr'>eorumdem</span> 
     </span>
    </p>
   </div>
   <div class='ocr_carea' id='block_1_46' title="bbox 169 4351 1819 4424">
    <p class='ocr_par' dir='ltr' id='par_1_46' title="bbox 169 4351 1819 4424">
     <span class='ocr_line' id='line_1_46' title="bbox 169 4351 1819 4424; baseline 0.002 -19"><span class='ocrx_word' id='word_1_332' title='bbox 169 4352 346 4420; x_wconf 86' lang='lat' dir='ltr'>posuit</span> <span class='ocrx_word' id='word_1_333' title='bbox 375 4353 645 4418; x_wconf 86' lang='lat' dir='ltr'>arbitrio,</span> <span class='ocrx_word' id='word_1_334' title='bbox 681 4357 766 4421; x_wconf 86' lang='lat' dir='ltr'>ut,</span> <span class='ocrx_word' id='word_1_335' title='bbox 800 4369 952 4424; x_wconf 87' lang='lat' dir='ltr'>quos</span> <span class='ocrx_word' id='word_1_336' title='bbox 999 4351 1112 4424; x_wconf 89' lang='lat' dir='ltr'>ipsi</span> <span class='ocrx_word' id='word_1_337' title='bbox 1165 4354 1499 4422; x_wconf 87' lang='lat' dir='ltr'>probarent,</span> <span class='ocrx_word' id='word_1_338' title='bbox 1530 4353 1663 4408; x_wconf 90' lang='lat' dir='ltr'>illos</span> <span class='ocrx_word' id='word_1_339' title='bbox 1713 4370 1819 4424; x_wconf 92' lang='lat' dir='ltr'>per</span> 
     </span>
    </p>
   </div>
   <div class='ocr_carea' id='block_1_47' title="bbox 167 4440 1816 4512">
    <p class='ocr_par' dir='ltr' id='par_1_47' title="bbox 167 4440 1816 4512">
     <span class='ocr_line' id='line_1_47' title="bbox 167 4440 1816 4512; baseline 0.001 -17"><span class='ocrx_word' id='word_1_340' title='bbox 167 4440 431 4512; x_wconf 82' lang='lat' dir='ltr'>epistolas</span> <span class='ocrx_word' id='word_1_341' title='bbox 444 4441 1045 4499; x_wconf 81' lang='lat' dir='ltr'>mitteretJerusalem</span> <span class='ocrx_word' id='word_1_342' title='bbox 1069 4443 1324 4512; x_wconf 82' lang='lat' dir='ltr'>perferre</span> <span class='ocrx_word' id='word_1_343' title='bbox 1348 4440 1642 4498; x_wconf 88' lang='lat' dir='ltr'>collectas.</span> <span class='ocrx_word' id='word_1_344' title='bbox 1661 4443 1816 4505; x_wconf 83' lang='lat' dir='ltr'>Qua-</span> 
     </span>
    </p>
   </div>
   <div class='ocr_carea' id='block_1_48' title="bbox 175 4529 1816 4605">
    <p class='ocr_par' dir='ltr' id='par_1_48' title="bbox 175 4529 1816 4605">
     <span class='ocr_line' id='line_1_48' title="bbox 175 4529 1816 4605; baseline 0.001 -21"><span class='ocrx_word' id='word_1_345' title='bbox 175 4533 330 4586; x_wconf 88' lang='lat' dir='ltr'>tenus</span> <span class='ocrx_word' id='word_1_346' title='bbox 349 4532 668 4605; x_wconf 91' lang='lat' dir='ltr'>dupliciter</span> <span class='ocrx_word' id='word_1_347' title='bbox 689 4530 841 4603; x_wconf 82' lang='lat' dir='ltr'>grati</span> <span class='ocrx_word' id='word_1_348' title='bbox 862 4529 1239 4596; x_wconf 88' lang='lat' dir='ltr'>haberentur,</span> <span class='ocrx_word' id='word_1_349' title='bbox 1255 4536 1312 4586; x_wconf 83' lang='lat' dir='ltr'>et</span> <span class='ocrx_word' id='word_1_350' title='bbox 1336 4547 1648 4587; x_wconf 89' lang='lat' dir='ltr'>munerum</span> <span class='ocrx_word' id='word_1_351' title='bbox 1673 4532 1816 4587; x_wconf 79' lang='lat' dir='ltr'>assi-</span> 
     </span>
    </p>
   </div>
   <div class='ocr_carea' id='block_1_49' title="bbox 172 4619 1523 4693">
    <p class='ocr_par' dir='ltr' id='par_1_49' title="bbox 172 4619 1523 4693">
     <span class='ocr_line' id='line_1_49' title="bbox 172 4619 1523 4693; baseline 0 -18"><span class='ocrx_word' id='word_1_352' title='bbox 172 4620 453 4691; x_wconf 83' lang='lat' dir='ltr'>gnatione,</span> <span class='ocrx_word' id='word_1_353' title='bbox 486 4625 549 4677; x_wconf 89' lang='lat' dir='ltr'>et</span> <span class='ocrx_word' id='word_1_354' title='bbox 577 4620 963 4693; x_wconf 87' lang='lat' dir='ltr'>epistolarum</span> <span class='ocrx_word' id='word_1_355' title='bbox 995 4619 1523 4675; x_wconf 88' lang='lat' dir='ltr'>commendatione.</span> 
     </span>
    </p>
   </div>
   <div class='ocr_carea' id='block_1_50' title="bbox 1899 671 3549 750">
    <p class='ocr_par' dir='ltr' id='par_1_50' title="bbox 1899 671 3549 750">
     <span class='ocr_line' id='line_1_50' title="bbox 1899 671 3549 750; baseline -0.007 -12"><span class='ocrx_word' id='word_1_356' title='bbox 1899 683 2155 750; x_wconf 83' lang='lat' dir='ltr'>dalizati,</span> <span class='ocrx_word' id='word_1_357' title='bbox 2187 685 2502 740; x_wconf 87' lang='lat' dir='ltr'>deteriores</span> <span class='ocrx_word' id='word_1_358' title='bbox 2535 683 2936 738; x_wconf 88' lang='lat' dir='ltr'>redderentur.</span> <span class='ocrx_word' id='word_1_359' title='bbox 2974 677 3039 732; x_wconf 85' lang='lat' dir='ltr'>Et</span> <span class='ocrx_word' id='word_1_360' title='bbox 3084 677 3190 731; x_wconf 92' lang='lat' dir='ltr'>hoc</span> <span class='ocrx_word' id='word_1_361' title='bbox 3235 680 3344 739; x_wconf 90' lang='lat' dir='ltr'>est,</span> <span class='ocrx_word' id='word_1_362' title='bbox 3394 671 3549 742; x_wconf 88' lang='lat' dir='ltr'>quod</span> 
     </span>
    </p>
   </div>
   <div class='ocr_carea' id='block_1_51' title="bbox 1899 767 3556 829">
    <p class='ocr_par' dir='ltr' id='par_1_51' title="bbox 1899 767 3556 829">
     <span class='ocr_line' id='line_1_51' title="bbox 1899 767 3556 829; baseline -0.007 -1"><span class='ocrx_word' id='word_1_363' title='bbox 1899 773 2012 828; x_wconf 91' lang='lat' dir='ltr'>ait:</span> <span class='ocrx_word' id='word_1_364' title='bbox 2049 775 2187 829; x_wconf 85' lang='lat' dir='ltr'>Nolo</span> <span class='ocrx_word' id='word_1_365' title='bbox 2219 790 2308 829; x_wconf 78' lang='lat' dir='ltr'>vos</span> <span class='ocrx_word' id='word_1_366' title='bbox 2331 791 2478 829; x_wconf 87' lang='lat' dir='ltr'>nunc</span> <span class='ocrx_word' id='word_1_367' title='bbox 2508 777 2565 828; x_wconf 83' lang='lat' dir='ltr'>in</span> <span class='ocrx_word' id='word_1_368' title='bbox 2590 772 2831 826; x_wconf 79' lang='lat' dir='ltr'>transitu</span> <span class='ocrx_word' id='word_1_369' title='bbox 2858 768 3082 829; x_wconf 76' lang='lat' dir='ltr'>videre;</span> <span class='ocrx_word' id='word_1_370' title='bbox 3116 782 3188 821; x_wconf 93' lang='lat' dir='ltr'>ne</span> <span class='ocrx_word' id='word_1_371' title='bbox 3211 767 3357 820; x_wconf 90' lang='lat' dir='ltr'>forte</span> <span class='ocrx_word' id='word_1_372' title='bbox 3378 779 3556 819; x_wconf 86' lang='lat' dir='ltr'>causa</span> 
     </span>
    </p>
   </div>
   <div class='ocr_carea' id='block_1_52' title="bbox 1901 851 3558 929">
    <p class='ocr_par' dir='ltr' id='par_1_52' title="bbox 1901 851 3558 929">
     <span class='ocr_line' id='line_1_52' title="bbox 1901 851 3558 929; baseline -0.006 -13"><span class='ocrx_word' id='word_1_373' title='bbox 1901 862 2148 929; x_wconf 90' lang='lat' dir='ltr'>itineris,</span> <span class='ocrx_word' id='word_1_374' title='bbox 2182 869 2240 918; x_wconf 90' lang='lat' dir='ltr'>et</span> <span class='ocrx_word' id='word_1_375' title='bbox 2271 881 2385 918; x_wconf 89' lang='lat' dir='ltr'>non</span> <span class='ocrx_word' id='word_1_376' title='bbox 2438 861 2736 929; x_wconf 88' lang='lat' dir='ltr'>manendi,</span> <span class='ocrx_word' id='word_1_377' title='bbox 2769 859 3063 914; x_wconf 86' lang='lat' dir='ltr'>videretur</span> <span class='ocrx_word' id='word_1_378' title='bbox 3113 855 3185 909; x_wconf 92' lang='lat' dir='ltr'>ad</span> <span class='ocrx_word' id='word_1_379' title='bbox 3227 870 3326 909; x_wconf 90' lang='lat' dir='ltr'>eos</span> <span class='ocrx_word' id='word_1_380' title='bbox 3379 851 3558 908; x_wconf 88' lang='lat' dir='ltr'>decli-</span> 
     </span>
    </p>
   </div>
   <div class='ocr_carea' id='block_1_53' title="bbox 1901 944 3560 1014">
    <p class='ocr_par' dir='ltr' id='par_1_53' title="bbox 1901 944 3560 1014">
     <span class='ocr_line' id='line_1_53' title="bbox 1901 944 3560 1014; baseline -0.006 -8"><span class='ocrx_word' id='word_1_381' title='bbox 1901 967 2092 1006; x_wconf 88' lang='lat' dir='ltr'>nasse.</span> <span class='ocrx_word' id='word_1_382' title='bbox 2129 952 2256 1007; x_wconf 82' lang='lat' dir='ltr'>Alio</span> <span class='ocrx_word' id='word_1_383' title='bbox 2285 969 2420 1008; x_wconf 87' lang='lat' dir='ltr'>vero</span> <span class='ocrx_word' id='word_1_384' title='bbox 2452 969 2650 1014; x_wconf 89' lang='lat' dir='ltr'>sensu,</span> <span class='ocrx_word' id='word_1_385' title='bbox 2694 951 2834 1005; x_wconf 86' lang='lat' dir='ltr'>dum</span> <span class='ocrx_word' id='word_1_386' title='bbox 2887 965 2948 1003; x_wconf 88' lang='lat' dir='ltr'>se</span> <span class='ocrx_word' id='word_1_387' title='bbox 2993 944 3387 1001; x_wconf 88' lang='lat' dir='ltr'>Macedoniam</span> <span class='ocrx_word' id='word_1_388' title='bbox 3435 958 3560 1014; x_wconf 89' lang='lat' dir='ltr'>per-</span> 
     </span>
    </p>
   </div>
   <div class='ocr_carea' id='block_1_54' title="bbox 1901 1032 3553 1114">
    <p class='ocr_par' dir='ltr' id='par_1_54' title="bbox 1901 1032 3553 1114">
     <span class='ocr_line' id='line_1_54' title="bbox 1901 1032 3553 1114; baseline -0.004 -21"><span class='ocrx_word' id='word_1_389' title='bbox 1901 1034 2152 1096; x_wconf 85' lang='lat' dir='ltr'>transire</span> <span class='ocrx_word' id='word_1_390' title='bbox 2192 1041 2350 1108; x_wconf 90' lang='lat' dir='ltr'>dicit,</span> <span class='ocrx_word' id='word_1_391' title='bbox 2386 1047 2442 1096; x_wconf 92' lang='lat' dir='ltr'>et</span> <span class='ocrx_word' id='word_1_392' title='bbox 2472 1042 2626 1114; x_wconf 89' lang='lat' dir='ltr'>apud</span> <span class='ocrx_word' id='word_1_393' title='bbox 2659 1037 2988 1095; x_wconf 86' lang='lat' dir='ltr'>Corinthios</span> <span class='ocrx_word' id='word_1_394' title='bbox 3019 1035 3116 1090; x_wconf 91' lang='lat' dir='ltr'>diu</span> <span class='ocrx_word' id='word_1_395' title='bbox 3153 1048 3413 1097; x_wconf 84' lang='lat' dir='ltr'>manere,</span> <span class='ocrx_word' id='word_1_396' title='bbox 3473 1032 3553 1086; x_wconf 87' lang='lat' dir='ltr'>la-</span> 
     </span>
    </p>
   </div>
   <div class='ocr_carea' id='block_1_55' title="bbox 1902 1121 3554 1200">
    <p class='ocr_par' dir='ltr' id='par_1_55' title="bbox 1902 1121 3554 1200">
     <span class='ocr_line' id='line_1_55' title="bbox 1902 1121 3554 1200; baseline -0.005 -16"><span class='ocrx_word' id='word_1_397' title='bbox 1902 1132 2092 1185; x_wconf 89' lang='lat' dir='ltr'>tenter</span> <span class='ocrx_word' id='word_1_398' title='bbox 2121 1130 2252 1186; x_wconf 90' lang='lat' dir='ltr'>illos</span> <span class='ocrx_word' id='word_1_399' title='bbox 2281 1131 2502 1200; x_wconf 88' lang='lat' dir='ltr'>laudat,</span> <span class='ocrx_word' id='word_1_400' title='bbox 2537 1136 2592 1185; x_wconf 89' lang='lat' dir='ltr'>et</span> <span class='ocrx_word' id='word_1_401' title='bbox 2622 1130 2766 1185; x_wconf 90' lang='lat' dir='ltr'>istos</span> <span class='ocrx_word' id='word_1_402' title='bbox 2793 1125 3182 1198; x_wconf 86' lang='lat' dir='ltr'>reprehendit,</span> <span class='ocrx_word' id='word_1_403' title='bbox 3208 1139 3273 1179; x_wconf 91' lang='lat' dir='ltr'>ac</span> <span class='ocrx_word' id='word_1_404' title='bbox 3294 1122 3342 1178; x_wconf 89' lang='lat' dir='ltr'>si</span> <span class='ocrx_word' id='word_1_405' title='bbox 3370 1121 3554 1176; x_wconf 89' lang='lat' dir='ltr'>dicat:</span> 
     </span>
    </p>
   </div>
   <div class='ocr_carea' id='block_1_56' title="bbox 1909 1209 3555 1292">
    <p class='ocr_par' dir='ltr' id='par_1_56' title="bbox 1909 1209 3555 1292">
     <span class='ocr_line' id='line_1_56' title="bbox 1909 1209 3555 1292; baseline -0.007 -18"><span class='ocrx_word' id='word_1_406' title='bbox 1909 1221 1970 1274; x_wconf 88' lang='lat' dir='ltr'>In</span> <span class='ocrx_word' id='word_1_407' title='bbox 2005 1220 2405 1274; x_wconf 83' lang='lat' dir='ltr'>Macedoniam</span> <span class='ocrx_word' id='word_1_408' title='bbox 2427 1219 2822 1292; x_wconf 86' lang='lat' dir='ltr'>pertransibo;</span> <span class='ocrx_word' id='word_1_409' title='bbox 2849 1216 2988 1289; x_wconf 89' lang='lat' dir='ltr'>quia</span> <span class='ocrx_word' id='word_1_410' title='bbox 3010 1213 3154 1269; x_wconf 92' lang='lat' dir='ltr'>nihil</span> <span class='ocrx_word' id='word_1_411' title='bbox 3179 1211 3292 1268; x_wconf 89' lang='lat' dir='ltr'>tale</span> <span class='ocrx_word' id='word_1_412' title='bbox 3314 1215 3404 1266; x_wconf 92' lang='lat' dir='ltr'>est</span> <span class='ocrx_word' id='word_1_413' title='bbox 3420 1209 3555 1275; x_wconf 88' lang='lat' dir='ltr'>illis,</span> 
     </span>
    </p>
   </div>
   <div class='ocr_carea' id='block_1_57' title="bbox 1907 1300 3560 1379">
    <p class='ocr_par' dir='ltr' id='par_1_57' title="bbox 1907 1300 3560 1379">
     <span class='ocr_line' id='line_1_57' title="bbox 1907 1300 3560 1379; baseline -0.006 -17"><span class='ocrx_word' id='word_1_414' title='bbox 1907 1313 1972 1362; x_wconf 90' lang='lat' dir='ltr'>ut</span> <span class='ocrx_word' id='word_1_415' title='bbox 2002 1324 2181 1362; x_wconf 83' lang='lat' dir='ltr'>causa</span> <span class='ocrx_word' id='word_1_416' title='bbox 2213 1309 2541 1379; x_wconf 83' lang='lat' dir='ltr'>corrigendi</span> <span class='ocrx_word' id='word_1_417' title='bbox 2572 1323 2811 1362; x_wconf 90' lang='lat' dir='ltr'>necesse</span> <span class='ocrx_word' id='word_1_418' title='bbox 2842 1307 2918 1360; x_wconf 88' lang='lat' dir='ltr'>sit</span> <span class='ocrx_word' id='word_1_419' title='bbox 2951 1301 3186 1358; x_wconf 88' lang='lat' dir='ltr'>morari.</span> <span class='ocrx_word' id='word_1_420' title='bbox 3230 1300 3400 1370; x_wconf 86' lang='lat' dir='ltr'>Apud</span> <span class='ocrx_word' id='word_1_421' title='bbox 3459 1314 3560 1353; x_wconf 88' lang='lat' dir='ltr'>vos</span> 
     </span>
    </p>
   </div>
   <div class='ocr_carea' id='block_1_58' title="bbox 1907 1387 3558 1468">
    <p class='ocr_par' dir='ltr' id='par_1_58' title="bbox 1907 1387 3558 1468">
     <span class='ocr_line' id='line_1_58' title="bbox 1907 1387 3558 1468; baseline -0.006 -17"><span class='ocrx_word' id='word_1_422' title='bbox 1907 1395 2095 1451; x_wconf 88' lang='lat' dir='ltr'>multa</span> <span class='ocrx_word' id='word_1_423' title='bbox 2126 1402 2282 1461; x_wconf 91' lang='lat' dir='ltr'>sunt,</span> <span class='ocrx_word' id='word_1_424' title='bbox 2319 1413 2445 1468; x_wconf 78' lang='lat' dir='ltr'>quae</span> <span class='ocrx_word' id='word_1_425' title='bbox 2479 1398 2822 1468; x_wconf 88' lang='lat' dir='ltr'>corrigenda</span> <span class='ocrx_word' id='word_1_426' title='bbox 2855 1398 3027 1461; x_wconf 88' lang='lat' dir='ltr'>sunt;</span> <span class='ocrx_word' id='word_1_427' title='bbox 3061 1397 3118 1447; x_wconf 88' lang='lat' dir='ltr'>et</span> <span class='ocrx_word' id='word_1_428' title='bbox 3146 1391 3275 1445; x_wconf 88' lang='lat' dir='ltr'>ideo</span> <span class='ocrx_word' id='word_1_429' title='bbox 3309 1387 3558 1454; x_wconf 76' lang='lat' dir='ltr'>manebo,</span> 
     </span>
    </p>
   </div>
   <div class='ocr_carea' id='block_1_59' title="bbox 1905 1485 2482 1541">
    <p class='ocr_par' dir='ltr' id='par_1_59' title="bbox 1905 1485 2482 1541">
     <span class='ocr_line' id='line_1_59' title="bbox 1905 1485 2482 1541; baseline -0.002 -1"><span class='ocrx_word' id='word_1_430' title='bbox 1905 1485 1994 1540; x_wconf 91' lang='lat' dir='ltr'>vel</span> <span class='ocrx_word' id='word_1_431' title='bbox 2027 1491 2178 1541; x_wconf 88' lang='lat' dir='ltr'>certe</span> <span class='ocrx_word' id='word_1_432' title='bbox 2211 1486 2482 1541; x_wconf 85' lang='lat' dir='ltr'>hiemabo.</span> 
     </span>
    </p>
   </div>
   <div class='ocr_carea' id='block_1_60' title="bbox 1979 1563 3561 1647">
    <p class='ocr_par' dir='ltr' id='par_1_60' title="bbox 1979 1563 3561 1647">
     <span class='ocr_line' id='line_1_60' title="bbox 1979 1563 3561 1647; baseline -0.008 -16"><span class='ocrx_word' id='word_1_433' title='bbox 1979 1574 2296 1646; x_wconf 87' lang='lat' dir='ltr'>Sequitur:</span> <span class='ocrx_word' id='word_1_434' title='bbox 2332 1576 2498 1647; x_wconf 88' lang='lat' dir='ltr'>Spero</span> <span class='ocrx_word' id='word_1_435' title='bbox 2530 1579 2715 1630; x_wconf 83' lang='lat' dir='ltr'>autem</span> <span class='ocrx_word' id='word_1_436' title='bbox 2760 1589 2850 1628; x_wconf 87' lang='lat' dir='ltr'>me</span> <span class='ocrx_word' id='word_1_437' title='bbox 2886 1572 3240 1644; x_wconf 86' lang='lat' dir='ltr'>aliquantum</span> <span class='ocrx_word' id='word_1_438' title='bbox 3298 1563 3561 1637; x_wconf 85' lang='lat' dir='ltr'>temporis</span> 
     </span>
    </p>
   </div>
   <div class='ocr_carea' id='block_1_61' title="bbox 1907 1657 3563 1738">
    <p class='ocr_par' dir='ltr' id='par_1_61' title="bbox 1907 1657 3563 1738">
     <span class='ocr_line' id='line_1_61' title="bbox 1907 1657 3563 1738; baseline -0.007 -19"><span class='ocrx_word' id='word_1_439' title='bbox 1907 1681 2131 1720; x_wconf 88' lang='lat' dir='ltr'>manere</span> <span class='ocrx_word' id='word_1_440' title='bbox 2169 1665 2316 1738; x_wconf 88' lang='lat' dir='ltr'>apud</span> <span class='ocrx_word' id='word_1_441' title='bbox 2355 1683 2470 1730; x_wconf 86' lang='lat' dir='ltr'>vos,</span> <span class='ocrx_word' id='word_1_442' title='bbox 2527 1670 2637 1721; x_wconf 88' lang='lat' dir='ltr'>etc.</span> <span class='ocrx_word' id='word_1_443' title='bbox 2698 1662 3109 1719; x_wconf 82' lang='lat' dir='ltr'>Animadverte</span> <span class='ocrx_word' id='word_1_444' title='bbox 3168 1672 3345 1729; x_wconf 89' lang='lat' dir='ltr'>quam</span> <span class='ocrx_word' id='word_1_445' title='bbox 3392 1657 3563 1710; x_wconf 86' lang='lat' dir='ltr'>caute</span> 
     </span>
    </p>
   </div>
   <div class='ocr_carea' id='block_1_62' title="bbox 1911 1743 3560 1825">
    <p class='ocr_par' dir='ltr' id='par_1_62' title="bbox 1911 1743 3560 1825">
     <span class='ocr_line' id='line_1_62' title="bbox 1911 1743 3560 1825; baseline -0.007 -17"><span class='ocrx_word' id='word_1_446' title='bbox 1911 1755 2248 1825; x_wconf 89' lang='lat' dir='ltr'>promiserit</span> <span class='ocrx_word' id='word_1_447' title='bbox 2277 1755 2394 1809; x_wconf 88' lang='lat' dir='ltr'>illis</span> <span class='ocrx_word' id='word_1_448' title='bbox 2426 1755 2719 1810; x_wconf 88' lang='lat' dir='ltr'>diutinam</span> <span class='ocrx_word' id='word_1_449' title='bbox 2739 1749 3246 1823; x_wconf 69' lang='lat' dir='ltr'>suipraesentiarn;</span> <span class='ocrx_word' id='word_1_450' title='bbox 3273 1743 3560 1801; x_wconf 88' lang='lat' dir='ltr'>aitenim:</span> 
     </span>
    </p>
   </div>
   <div class='ocr_carea' id='block_1_63' title="bbox 1911 1838 3571 1915">
    <p class='ocr_par' dir='ltr' id='par_1_63' title="bbox 1911 1838 3571 1915">
     <span class='ocr_line' id='line_1_63' title="bbox 1911 1838 3571 1915; baseline -0.007 -17"><span class='ocrx_word' id='word_1_451' title='bbox 1911 1843 1970 1898; x_wconf 85' lang='lat' dir='ltr'>Si</span> <span class='ocrx_word' id='word_1_452' title='bbox 1998 1843 2262 1898; x_wconf 83' lang='lat' dir='ltr'>Dominus</span> <span class='ocrx_word' id='word_1_453' title='bbox 2291 1846 2626 1915; x_wconf 80' lang='lat' dir='ltr'>permiserit.</span> <span class='ocrx_word' id='word_1_454' title='bbox 2661 1843 2772 1898; x_wconf 91' lang='lat' dir='ltr'>Sed</span> <span class='ocrx_word' id='word_1_455' title='bbox 2828 1855 3010 1912; x_wconf 89' lang='lat' dir='ltr'>quare</span> <span class='ocrx_word' id='word_1_456' title='bbox 3064 1838 3174 1893; x_wconf 89' lang='lat' dir='ltr'>sub</span> <span class='ocrx_word' id='word_1_457' title='bbox 3228 1838 3391 1891; x_wconf 88' lang='lat' dir='ltr'>tanta</span> <span class='ocrx_word' id='word_1_458' title='bbox 3436 1849 3571 1888; x_wconf 90' lang='lat' dir='ltr'>cau-</span> 
     </span>
    </p>
   </div>
   <div class='ocr_carea' id='block_1_64' title="bbox 1912 1922 3570 2000">
    <p class='ocr_par' dir='ltr' id='par_1_64' title="bbox 1912 1922 3570 2000">
     <span class='ocr_line' id='line_1_64' title="bbox 1912 1922 3570 2000; baseline -0.007 -12"><span class='ocrx_word' id='word_1_459' title='bbox 1912 1932 2067 1988; x_wconf 85' lang='lat' dir='ltr'>tela?</span> <span class='ocrx_word' id='word_1_460' title='bbox 2084 1933 2460 2000; x_wconf 87' lang='lat' dir='ltr'>Videlicet,ut</span> <span class='ocrx_word' id='word_1_461' title='bbox 2478 1934 2526 1988; x_wconf 90' lang='lat' dir='ltr'>si</span> <span class='ocrx_word' id='word_1_462' title='bbox 2552 1933 2622 1988; x_wconf 93' lang='lat' dir='ltr'>ad</span> <span class='ocrx_word' id='word_1_463' title='bbox 2644 1949 2741 1988; x_wconf 93' lang='lat' dir='ltr'>eos</span> <span class='ocrx_word' id='word_1_464' title='bbox 2765 1926 3214 1999; x_wconf 83' lang='lat' dir='ltr'>venisset,etdiu</span> <span class='ocrx_word' id='word_1_465' title='bbox 3232 1922 3570 1986; x_wconf 86' lang='lat' dir='ltr'>mansisset,</span> 
     </span>
    </p>
   </div>
   <div class='ocr_carea' id='block_1_65' title="bbox 1911 2010 3574 2094">
    <p class='ocr_par' dir='ltr' id='par_1_65' title="bbox 1911 2010 3574 2094">
     <span class='ocr_line' id='line_1_65' title="bbox 1911 2010 3574 2094; baseline -0.006 -19"><span class='ocrx_word' id='word_1_466' title='bbox 1911 2020 2305 2094; x_wconf 86' lang='lat' dir='ltr'>intelligerent</span> <span class='ocrx_word' id='word_1_467' title='bbox 2336 2024 2533 2079; x_wconf 88' lang='lat' dir='ltr'>divina</span> <span class='ocrx_word' id='word_1_468' title='bbox 2562 2021 3002 2094; x_wconf 89' lang='lat' dir='ltr'>dispensatione</span> <span class='ocrx_word' id='word_1_469' title='bbox 3029 2023 3226 2074; x_wconf 89' lang='lat' dir='ltr'>actum</span> <span class='ocrx_word' id='word_1_470' title='bbox 3259 2015 3475 2078; x_wconf 85' lang='lat' dir='ltr'>fuisse;</span> <span class='ocrx_word' id='word_1_471' title='bbox 3523 2010 3574 2066; x_wconf 88' lang='lat' dir='ltr'>si</span> 
     </span>
    </p>
   </div>
   <div class='ocr_carea' id='block_1_66' title="bbox 1913 2101 3574 2178">
    <p class='ocr_par' dir='ltr' id='par_1_66' title="bbox 1913 2101 3574 2178">
     <span class='ocr_line' id='line_1_66' title="bbox 1913 2101 3574 2178; baseline -0.006 -14"><span class='ocrx_word' id='word_1_472' title='bbox 1913 2127 2046 2166; x_wconf 90' lang='lat' dir='ltr'>vero</span> <span class='ocrx_word' id='word_1_473' title='bbox 2079 2128 2195 2166; x_wconf 92' lang='lat' dir='ltr'>non</span> <span class='ocrx_word' id='word_1_474' title='bbox 2228 2112 2503 2178; x_wconf 90' lang='lat' dir='ltr'>venissct,</span> <span class='ocrx_word' id='word_1_475' title='bbox 2566 2110 2842 2165; x_wconf 88' lang='lat' dir='ltr'>similiter</span> <span class='ocrx_word' id='word_1_476' title='bbox 2893 2107 3092 2162; x_wconf 90' lang='lat' dir='ltr'>divina</span> <span class='ocrx_word' id='word_1_477' title='bbox 3134 2101 3574 2176; x_wconf 86' lang='lat' dir='ltr'>dispensatione</span> 
     </span>
    </p>
   </div>
   <div class='ocr_carea' id='block_1_67' title="bbox 1916 2191 3569 2271">
    <p class='ocr_par' dir='ltr' id='par_1_67' title="bbox 1916 2191 3569 2271">
     <span class='ocr_line' id='line_1_67' title="bbox 1916 2191 3569 2271; baseline -0.007 -18"><span class='ocrx_word' id='word_1_478' title='bbox 1916 2203 2114 2253; x_wconf 88' lang='lat' dir='ltr'>actum</span> <span class='ocrx_word' id='word_1_479' title='bbox 2145 2199 2558 2271; x_wconf 86' lang='lat' dir='ltr'>intelligerent,</span> <span class='ocrx_word' id='word_1_480' title='bbox 2581 2204 2636 2254; x_wconf 89' lang='lat' dir='ltr'>et</span> <span class='ocrx_word' id='word_1_481' title='bbox 2655 2215 2769 2253; x_wconf 90' lang='lat' dir='ltr'>non</span> <span class='ocrx_word' id='word_1_482' title='bbox 2789 2195 3087 2270; x_wconf 89' lang='lat' dir='ltr'>Apostolo,</span> <span class='ocrx_word' id='word_1_483' title='bbox 3115 2193 3214 2249; x_wconf 89' lang='lat' dir='ltr'>sed</span> <span class='ocrx_word' id='word_1_484' title='bbox 3239 2191 3351 2247; x_wconf 90' lang='lat' dir='ltr'>sibi</span> <span class='ocrx_word' id='word_1_485' title='bbox 3375 2191 3569 2260; x_wconf 91' lang='lat' dir='ltr'>impu-</span> 
     </span>
    </p>
   </div>
   <div class='ocr_carea' id='block_1_68' title="bbox 1916 2278 3572 2344">
    <p class='ocr_par' dir='ltr' id='par_1_68' title="bbox 1916 2278 3572 2344">
     <span class='ocr_line' id='line_1_68' title="bbox 1916 2278 3572 2344; baseline -0.004 -3"><span class='ocrx_word' id='word_1_486' title='bbox 1916 2291 2128 2343; x_wconf 92' lang='lat' dir='ltr'>tarent.</span> <span class='ocrx_word' id='word_1_487' title='bbox 2162 2289 2293 2344; x_wconf 70' lang='lat' dir='ltr'>Haec</span> <span class='ocrx_word' id='word_1_488' title='bbox 2321 2290 2497 2344; x_wconf 87' lang='lat' dir='ltr'>etiam</span> <span class='ocrx_word' id='word_1_489' title='bbox 2529 2288 2758 2344; x_wconf 91' lang='lat' dir='ltr'>cautela</span> <span class='ocrx_word' id='word_1_490' title='bbox 2789 2285 2956 2342; x_wconf 90' lang='lat' dir='ltr'>nobis</span> <span class='ocrx_word' id='word_1_491' title='bbox 2989 2281 3453 2339; x_wconf 86' lang='lat' dir='ltr'>commendatur.</span> <span class='ocrx_word' id='word_1_492' title='bbox 3470 2278 3572 2334; x_wconf 89' lang='lat' dir='ltr'>Se-</span> 
     </span>
    </p>
   </div>
   <div class='ocr_carea' id='block_1_69' title="bbox 1919 2369 3566 2448">
    <p class='ocr_par' dir='ltr' id='par_1_69' title="bbox 1919 2369 3566 2448">
     <span class='ocr_line' id='line_1_69' title="bbox 1919 2369 3566 2448; baseline -0.005 -18"><span class='ocrx_word' id='word_1_493' title='bbox 1919 2376 2148 2447; x_wconf 89' lang='lat' dir='ltr'>quitur:</span> <span class='ocrx_word' id='word_1_494' title='bbox 2203 2379 2541 2434; x_wconf 87' lang='lat' dir='ltr'>Permanebo</span> <span class='ocrx_word' id='word_1_495' title='bbox 2600 2377 2816 2448; x_wconf 88' lang='lat' dir='ltr'>Ephesi,</span> <span class='ocrx_word' id='word_1_496' title='bbox 2876 2380 2986 2430; x_wconf 90' lang='lat' dir='ltr'>etc.</span> <span class='ocrx_word' id='word_1_497' title='bbox 3047 2372 3272 2438; x_wconf 81' lang='lat' dir='ltr'>Quare?</span> <span class='ocrx_word' id='word_1_498' title='bbox 3325 2369 3566 2432; x_wconf 87' lang='lat' dir='ltr'>Ostium,</span> 
     </span>
    </p>
   </div>
   <div class='ocr_carea' id='block_1_70' title="bbox 1917 2456 3576 2538">
    <p class='ocr_par' dir='ltr' id='par_1_70' title="bbox 1917 2456 3576 2538">
     <span class='ocr_line' id='line_1_70' title="bbox 1917 2456 3576 2538; baseline -0.006 -19"><span class='ocrx_word' id='word_1_499' title='bbox 1917 2465 2132 2537; x_wconf 91' lang='lat' dir='ltr'>inquit,</span> <span class='ocrx_word' id='word_1_500' title='bbox 2165 2472 2420 2537; x_wconf 84' lang='lat' dir='ltr'>apertum</span> <span class='ocrx_word' id='word_1_501' title='bbox 2449 2471 2688 2532; x_wconf 88' lang='lat' dir='ltr'>est.etc.,</span> <span class='ocrx_word' id='word_1_502' title='bbox 2710 2465 2878 2538; x_wconf 88' lang='lat' dir='ltr'>quasi</span> <span class='ocrx_word' id='word_1_503' title='bbox 2904 2464 3124 2519; x_wconf 88' lang='lat' dir='ltr'>diceret</span> <span class='ocrx_word' id='word_1_504' title='bbox 3149 2478 3160 2516; x_wconf 94' lang='lat'>:</span> <span class='ocrx_word' id='word_1_505' title='bbox 3190 2459 3375 2514; x_wconf 91' lang='lat' dir='ltr'>Multa</span> <span class='ocrx_word' id='word_1_506' title='bbox 3398 2456 3576 2512; x_wconf 91' lang='lat' dir='ltr'>corda</span> 
     </span>
    </p>
   </div>
   <div class='ocr_carea' id='block_1_71' title="bbox 1921 2547 3574 2624">
    <p class='ocr_par' dir='ltr' id='par_1_71' title="bbox 1921 2547 3574 2624">
     <span class='ocr_line' id='line_1_71' title="bbox 1921 2547 3574 2624; baseline -0.004 -16"><span class='ocrx_word' id='word_1_507' title='bbox 1921 2554 2209 2624; x_wconf 88' lang='lat' dir='ltr'>ardentia,</span> <span class='ocrx_word' id='word_1_508' title='bbox 2244 2560 2302 2611; x_wconf 90' lang='lat' dir='ltr'>et</span> <span class='ocrx_word' id='word_1_509' title='bbox 2334 2553 2729 2611; x_wconf 89' lang='lat' dir='ltr'>desiderantia</span> <span class='ocrx_word' id='word_1_510' title='bbox 2761 2554 2934 2608; x_wconf 84' lang='lat' dir='ltr'>fidem</span> <span class='ocrx_word' id='word_1_511' title='bbox 2996 2551 3067 2606; x_wconf 92' lang='lat' dir='ltr'>ad</span> <span class='ocrx_word' id='word_1_512' title='bbox 3132 2547 3574 2621; x_wconf 87' lang='lat' dir='ltr'>suspiciendam</span> 
     </span>
    </p>
   </div>
   <div class='ocr_carea' id='block_1_72' title="bbox 1918 2642 3106 2715">
    <p class='ocr_par' dir='ltr' id='par_1_72' title="bbox 1918 2642 3106 2715">
     <span class='ocr_line' id='line_1_72' title="bbox 1918 2642 3106 2715; baseline -0.003 -18"><span class='ocrx_word' id='word_1_513' title='bbox 1918 2642 2317 2715; x_wconf 83' lang='lat' dir='ltr'>evangelicam</span> <span class='ocrx_word' id='word_1_514' title='bbox 2351 2643 2681 2700; x_wconf 90' lang='lat' dir='ltr'>doctrinam</span> <span class='ocrx_word' id='word_1_515' title='bbox 2714 2646 2916 2714; x_wconf 88' lang='lat' dir='ltr'>parata</span> <span class='ocrx_word' id='word_1_516' title='bbox 2944 2644 3106 2696; x_wconf 89' lang='lat' dir='ltr'>sunt.</span> 
     </span>
    </p>
   </div>
   <div class='ocr_carea' id='block_1_73' title="bbox 1995 2739 3578 2822">
    <p class='ocr_par' dir='ltr' id='par_1_73' title="bbox 1995 2739 3578 2822">
     <span class='ocr_line' id='line_1_73' title="bbox 1995 2739 3578 2822; baseline -0.006 -17"><span class='ocrx_word' id='word_1_517' title='bbox 1995 2749 2310 2822; x_wconf 90' lang='lat' dir='ltr'>Sequitur:</span> <span class='ocrx_word' id='word_1_518' title='bbox 2344 2751 2447 2807; x_wconf 89' lang='lat' dir='ltr'>Sed</span> <span class='ocrx_word' id='word_1_519' title='bbox 2477 2751 2785 2806; x_wconf 80' lang='lat' dir='ltr'>adversarii</span> <span class='ocrx_word' id='word_1_520' title='bbox 2816 2748 2996 2804; x_wconf 85' lang='lat' dir='ltr'>multi.</span> <span class='ocrx_word' id='word_1_521' title='bbox 3021 2747 3192 2816; x_wconf 89' lang='lat' dir='ltr'>Nam,</span> <span class='ocrx_word' id='word_1_522' title='bbox 3227 2744 3379 2801; x_wconf 88' lang='lat' dir='ltr'>sicut</span> <span class='ocrx_word' id='word_1_523' title='bbox 3406 2739 3578 2797; x_wconf 89' lang='lat' dir='ltr'>multi</span> 
     </span>
    </p>
   </div>
   <div class='ocr_carea' id='block_1_74' title="bbox 1923 2831 3574 2912">
    <p class='ocr_par' dir='ltr' id='par_1_74' title="bbox 1923 2831 3574 2912">
     <span class='ocr_line' id='line_1_74' title="bbox 1923 2831 3574 2912; baseline -0.005 -18"><span class='ocrx_word' id='word_1_524' title='bbox 1923 2840 2180 2910; x_wconf 88' lang='lat' dir='ltr'>Spiritus</span> <span class='ocrx_word' id='word_1_525' title='bbox 2212 2841 2401 2895; x_wconf 88' lang='lat' dir='ltr'>sancti</span> <span class='ocrx_word' id='word_1_526' title='bbox 2433 2839 2621 2912; x_wconf 89' lang='lat' dir='ltr'>gratia</span> <span class='ocrx_word' id='word_1_527' title='bbox 2658 2839 3057 2894; x_wconf 89' lang='lat' dir='ltr'>incitabantur</span> <span class='ocrx_word' id='word_1_528' title='bbox 3087 2837 3157 2892; x_wconf 90' lang='lat' dir='ltr'>ad</span> <span class='ocrx_word' id='word_1_529' title='bbox 3192 2831 3574 2899; x_wconf 87' lang='lat' dir='ltr'>credendum,</span> 
     </span>
    </p>
   </div>
   <div class='ocr_carea' id='block_1_75' title="bbox 1921 2922 3572 2996">
    <p class='ocr_par' dir='ltr' id='par_1_75' title="bbox 1921 2922 3572 2996">
     <span class='ocr_line' id='line_1_75' title="bbox 1921 2922 3572 2996; baseline -0.005 -13"><span class='ocrx_word' id='word_1_530' title='bbox 1921 2928 2005 2984; x_wconf 90' lang='lat' dir='ltr'>ita</span> <span class='ocrx_word' id='word_1_531' title='bbox 2036 2928 2202 2983; x_wconf 91' lang='lat' dir='ltr'>multi</span> <span class='ocrx_word' id='word_1_532' title='bbox 2236 2930 2574 2984; x_wconf 65' lang='lat' dir='ltr'>daemonum</span> <span class='ocrx_word' id='word_1_533' title='bbox 2607 2929 2911 2991; x_wconf 83' lang='lat' dir='ltr'>instinctu,</span> <span class='ocrx_word' id='word_1_534' title='bbox 2945 2927 3016 2982; x_wconf 87' lang='lat' dir='ltr'>ad</span> <span class='ocrx_word' id='word_1_535' title='bbox 3076 2922 3572 2996; x_wconf 86' lang='lat' dir='ltr'>persequendum.</span> 
     </span>
    </p>
   </div>
   <div class='ocr_carea' id='block_1_76' title="bbox 1922 3013 3578 3090">
    <p class='ocr_par' dir='ltr' id='par_1_76' title="bbox 1922 3013 3578 3090">
     <span class='ocr_line' id='line_1_76' title="bbox 1922 3013 3578 3090; baseline -0.006 -16"><span class='ocrx_word' id='word_1_536' title='bbox 1922 3019 2154 3074; x_wconf 87' lang='lat' dir='ltr'>Ostium</span> <span class='ocrx_word' id='word_1_537' title='bbox 2187 3019 2402 3090; x_wconf 88' lang='lat' dir='ltr'>quippe</span> <span class='ocrx_word' id='word_1_538' title='bbox 2433 3018 2557 3088; x_wconf 88' lang='lat' dir='ltr'>ipse</span> <span class='ocrx_word' id='word_1_539' title='bbox 2587 3025 2674 3074; x_wconf 89' lang='lat' dir='ltr'>est</span> <span class='ocrx_word' id='word_1_540' title='bbox 2720 3017 2818 3088; x_wconf 90' lang='lat' dir='ltr'>qui</span> <span class='ocrx_word' id='word_1_541' title='bbox 2853 3017 3032 3071; x_wconf 88' lang='lat' dir='ltr'>dicit:</span> <span class='ocrx_word' id='word_1_542' title='bbox 3067 3017 3176 3083; x_wconf 86' lang='lat' dir='ltr'>Ego</span> <span class='ocrx_word' id='word_1_543' title='bbox 3203 3029 3328 3068; x_wconf 89' lang='lat' dir='ltr'>sum</span> <span class='ocrx_word' id='word_1_544' title='bbox 3376 3013 3578 3067; x_wconf 87' lang='lat' dir='ltr'>ostium</span> 
     </span>
    </p>
   </div>
   <div class='ocr_carea' id='block_1_77' title="bbox 1925 3101 3580 3177">
    <p class='ocr_par' dir='ltr' id='par_1_77' title="bbox 1925 3101 3580 3177">
     <span class='ocr_line' id='line_1_77' title="bbox 1925 3101 3580 3177; baseline -0.005 -15"><span class='ocrx_word' id='word_1_545' title='bbox 1925 3109 2102 3176; x_wconf 85' lang='lat' dir='ltr'>(Joan.</span> <span class='ocrx_word' id='word_1_546' title='bbox 2127 3125 2181 3173; x_wconf 75' lang='grc' dir='ltr'>κ,</span> <span class='ocrx_word' id='word_1_547' title='bbox 2212 3109 2272 3174; x_wconf 89' lang='grc'>7,</span> <span class='ocrx_word' id='word_1_548' title='bbox 2301 3109 2378 3177; x_wconf 88' lang='lat'>9),</span> <span class='ocrx_word' id='word_1_549' title='bbox 2414 3113 2528 3163; x_wconf 88' lang='lat' dir='ltr'>etc.</span> <span class='ocrx_word' id='word_1_550' title='bbox 2569 3125 2580 3173; x_wconf 93' lang='lat'><strong>;</strong></span> <span class='ocrx_word' id='word_1_551' title='bbox 2615 3112 2670 3162; x_wconf 92' lang='lat' dir='ltr'>et</span> <span class='ocrx_word' id='word_1_552' title='bbox 2692 3107 2852 3162; x_wconf 90' lang='lat' dir='ltr'>item:</span> <span class='ocrx_word' id='word_1_553' title='bbox 2878 3106 3041 3161; x_wconf 86' lang='lat' dir='ltr'>Nemo</span> <span class='ocrx_word' id='word_1_554' title='bbox 3070 3104 3219 3159; x_wconf 86' lang='lat' dir='ltr'>venit</span> <span class='ocrx_word' id='word_1_555' title='bbox 3241 3101 3317 3156; x_wconf 86' lang='lat' dir='ltr'>ad</span> <span class='ocrx_word' id='word_1_556' title='bbox 3337 3101 3580 3167; x_wconf 87' lang='lat' dir='ltr'>Patrem,</span> 
     </span>
    </p>
   </div>
   <div class='ocr_carea' id='block_1_78' title="bbox 1924 3189 3585 3266">
    <p class='ocr_par' dir='ltr' id='par_1_78' title="bbox 1924 3189 3585 3266">
     <span class='ocr_line' id='line_1_78' title="bbox 1924 3189 3585 3266; baseline -0.004 -16"><span class='ocrx_word' id='word_1_557' title='bbox 1924 3198 2039 3250; x_wconf 84' lang='lat' dir='ltr'>nisi</span> <span class='ocrx_word' id='word_1_558' title='bbox 2065 3212 2168 3266; x_wconf 86' lang='lat' dir='ltr'>per</span> <span class='ocrx_word' id='word_1_559' title='bbox 2191 3212 2277 3251; x_wconf 89' lang='lat' dir='ltr'>me</span> <span class='ocrx_word' id='word_1_560' title='bbox 2306 3198 2484 3266; x_wconf 86' lang='lat' dir='ltr'>(Joan.</span> <span class='ocrx_word' id='word_1_561' title='bbox 2518 3213 2635 3265; x_wconf 77' lang='lat' dir='ltr'>xxv,</span> <span class='ocrx_word' id='word_1_562' title='bbox 2665 3196 2742 3265; x_wconf 75' lang='grc' dir='ltr'>ὃ).</span> <span class='ocrx_word' id='word_1_563' title='bbox 2795 3194 2944 3262; x_wconf 88' lang='lat' dir='ltr'>Quid</span> <span class='ocrx_word' id='word_1_564' title='bbox 3007 3199 3099 3249; x_wconf 91' lang='lat' dir='ltr'>est</span> <span class='ocrx_word' id='word_1_565' title='bbox 3158 3208 3320 3263; x_wconf 90' lang='lat' dir='ltr'>ergo,</span> <span class='ocrx_word' id='word_1_566' title='bbox 3369 3189 3585 3254; x_wconf 87' lang='lat' dir='ltr'>dicere,</span> 
     </span>
    </p>
   </div>
   <div class='ocr_carea' id='block_1_79' title="bbox 1925 3279 3585 3357">
    <p class='ocr_par' dir='ltr' id='par_1_79' title="bbox 1925 3279 3585 3357">
     <span class='ocr_line' id='line_1_79' title="bbox 1925 3279 3585 3357; baseline -0.005 -16"><span class='ocrx_word' id='word_1_567' title='bbox 1925 3288 2133 3341; x_wconf 78' lang='lat' dir='ltr'>ostium</span> <span class='ocrx_word' id='word_1_568' title='bbox 2189 3285 2334 3340; x_wconf 73' lang='lat' dir='ltr'>mihi</span> <span class='ocrx_word' id='word_1_569' title='bbox 2393 3294 2638 3357; x_wconf 87' lang='lat' dir='ltr'>apertum</span> <span class='ocrx_word' id='word_1_570' title='bbox 2679 3293 2776 3352; x_wconf 89' lang='lat' dir='ltr'>est,</span> <span class='ocrx_word' id='word_1_571' title='bbox 2833 3283 2944 3340; x_wconf 89' lang='lat' dir='ltr'>nisi</span> <span class='ocrx_word' id='word_1_572' title='bbox 2980 3282 3109 3339; x_wconf 90' lang='lat' dir='ltr'>aliis</span> <span class='ocrx_word' id='word_1_573' title='bbox 3141 3282 3337 3338; x_wconf 87' lang='lat' dir='ltr'>verbis</span> <span class='ocrx_word' id='word_1_574' title='bbox 3370 3279 3585 3335; x_wconf 89' lang='lat' dir='ltr'>dicere.</span> 
     </span>
    </p>
   </div>
   <div class='ocr_carea' id='block_1_80' title="bbox 1925 3370 3581 3442">
    <p class='ocr_par' dir='ltr' id='par_1_80' title="bbox 1925 3370 3581 3442">
     <span class='ocr_line' id='line_1_80' title="bbox 1925 3370 3581 3442; baseline -0.004 -12"><span class='ocrx_word' id='word_1_575' title='bbox 1925 3374 2103 3430; x_wconf 90' lang='lat' dir='ltr'>Sinus</span> <span class='ocrx_word' id='word_1_576' title='bbox 2126 3374 2332 3428; x_wconf 61' lang='lat' dir='ltr'>divinas</span> <span class='ocrx_word' id='word_1_577' title='bbox 2368 3373 2758 3430; x_wconf 89' lang='lat' dir='ltr'>miserstionis</span> <span class='ocrx_word' id='word_1_578' title='bbox 2787 3373 3017 3428; x_wconf 70' lang='lat' dir='ltr'>laxatus</span> <span class='ocrx_word' id='word_1_579' title='bbox 3033 3370 3430 3442; x_wconf 87' lang='lat' dir='ltr'>estsuscipere</span> <span class='ocrx_word' id='word_1_580' title='bbox 3461 3384 3581 3424; x_wconf 84' lang='lat' dir='ltr'>cre-</span> 
     </span>
    </p>
   </div>
   <div class='ocr_carea' id='block_1_81' title="bbox 1923 3456 3580 3535">
    <p class='ocr_par' dir='ltr' id='par_1_81' title="bbox 1923 3456 3580 3535">
     <span class='ocr_line' id='line_1_81' title="bbox 1923 3456 3580 3535; baseline -0.004 -17"><span class='ocrx_word' id='word_1_581' title='bbox 1923 3463 2173 3518; x_wconf 87' lang='lat' dir='ltr'>dentes?</span> <span class='ocrx_word' id='word_1_582' title='bbox 2205 3463 2518 3535; x_wconf 89' lang='lat' dir='ltr'>Sequitur:</span> <span class='ocrx_word' id='word_1_583' title='bbox 2553 3462 2612 3518; x_wconf 87' lang='lat' dir='ltr'>Si</span> <span class='ocrx_word' id='word_1_584' title='bbox 2661 3465 2875 3519; x_wconf 85' lang='lat' dir='ltr'>venerit</span> <span class='ocrx_word' id='word_1_585' title='bbox 2910 3460 3240 3525; x_wconf 81' lang='lat' dir='ltr'>Timotheus,</span> <span class='ocrx_word' id='word_1_586' title='bbox 3274 3463 3384 3514; x_wconf 90' lang='lat' dir='ltr'>etc.</span> <span class='ocrx_word' id='word_1_587' title='bbox 3445 3456 3580 3512; x_wconf 85' lang='lat' dir='ltr'>Pro-</span> 
     </span>
    </p>
   </div>
   <div class='ocr_carea' id='block_1_82' title="bbox 1924 3545 3578 3624">
    <p class='ocr_par' dir='ltr' id='par_1_82' title="bbox 1924 3545 3578 3624">
     <span class='ocr_line' id='line_1_82' title="bbox 1924 3545 3578 3624; baseline -0.004 -17"><span class='ocrx_word' id='word_1_588' title='bbox 1924 3552 2088 3608; x_wconf 89' lang='lat' dir='ltr'>misit</span> <span class='ocrx_word' id='word_1_589' title='bbox 2120 3569 2319 3618; x_wconf 91' lang='lat' dir='ltr'>suum,</span> <span class='ocrx_word' id='word_1_590' title='bbox 2352 3552 2625 3624; x_wconf 87' lang='lat' dir='ltr'>promisit</span> <span class='ocrx_word' id='word_1_591' title='bbox 2654 3557 2711 3608; x_wconf 91' lang='lat' dir='ltr'>et</span> <span class='ocrx_word' id='word_1_592' title='bbox 2741 3550 3030 3607; x_wconf 91' lang='lat' dir='ltr'>Timothei</span> <span class='ocrx_word' id='word_1_593' title='bbox 3067 3550 3418 3606; x_wconf 85' lang='lat' dir='ltr'>adventum:</span> <span class='ocrx_word' id='word_1_594' title='bbox 3451 3545 3578 3617; x_wconf 90' lang='lat' dir='ltr'>ipse</span> 
     </span>
    </p>
   </div>
   <div class='ocr_carea' id='block_1_83' title="bbox 1923 3633 3575 3712">
    <p class='ocr_par' dir='ltr' id='par_1_83' title="bbox 1923 3633 3575 3712">
     <span class='ocr_line' id='line_1_83' title="bbox 1923 3633 3575 3712; baseline -0.004 -15"><span class='ocrx_word' id='word_1_595' title='bbox 1923 3641 2080 3697; x_wconf 90' lang='lat' dir='ltr'>enim</span> <span class='ocrx_word' id='word_1_596' title='bbox 2117 3659 2229 3696; x_wconf 91' lang='lat' dir='ltr'>non</span> <span class='ocrx_word' id='word_1_597' title='bbox 2263 3641 2510 3709; x_wconf 90' lang='lat' dir='ltr'>eratibi,</span> <span class='ocrx_word' id='word_1_598' title='bbox 2569 3642 2709 3712; x_wconf 91' lang='lat' dir='ltr'>quia</span> <span class='ocrx_word' id='word_1_599' title='bbox 2765 3640 2987 3696; x_wconf 89' lang='lat' dir='ltr'>missus</span> <span class='ocrx_word' id='word_1_600' title='bbox 3047 3638 3238 3693; x_wconf 87' lang='lat' dir='ltr'>fuerat</span> <span class='ocrx_word' id='word_1_601' title='bbox 3297 3635 3369 3690; x_wconf 90' lang='lat' dir='ltr'>ad</span> <span class='ocrx_word' id='word_1_602' title='bbox 3429 3633 3575 3690; x_wconf 90' lang='lat' dir='ltr'>alias</span> 
     </span>
    </p>
   </div>
   <div class='ocr_carea' id='block_1_84' title="bbox 1927 3725 3578 3799">
    <p class='ocr_par' dir='ltr' id='par_1_84' title="bbox 1927 3725 3578 3799">
     <span class='ocr_line' id='line_1_84' title="bbox 1927 3725 3578 3799; baseline -0.003 -14"><span class='ocrx_word' id='word_1_603' title='bbox 1927 3731 2257 3799; x_wconf 80' lang='lat' dir='ltr'>Ecclesiae;</span> <span class='ocrx_word' id='word_1_604' title='bbox 2291 3738 2574 3788; x_wconf 89' lang='lat' dir='ltr'>venturus</span> <span class='ocrx_word' id='word_1_605' title='bbox 2602 3736 2798 3786; x_wconf 89' lang='lat' dir='ltr'>tamen</span> <span class='ocrx_word' id='word_1_606' title='bbox 2831 3736 2954 3786; x_wconf 91' lang='lat' dir='ltr'>erat</span> <span class='ocrx_word' id='word_1_607' title='bbox 3006 3727 3377 3785; x_wconf 91' lang='lat' dir='ltr'>Corinthum.</span> <span class='ocrx_word' id='word_1_608' title='bbox 3430 3725 3578 3781; x_wconf 83' lang='lat' dir='ltr'>Nam</span> 
     </span>
    </p>
   </div>
   <div class='ocr_carea' id='block_1_85' title="bbox 1926 3817 3582 3892">
    <p class='ocr_par' dir='ltr' id='par_1_85' title="bbox 1926 3817 3582 3892">
     <span class='ocr_line' id='line_1_85' title="bbox 1926 3817 3582 3892; baseline -0.004 -18"><span class='ocrx_word' id='word_1_609' title='bbox 1926 3820 2068 3892; x_wconf 88' lang='lat' dir='ltr'>quia</span> <span class='ocrx_word' id='word_1_610' title='bbox 2092 3821 2404 3892; x_wconf 89' lang='lat' dir='ltr'>episcopus</span> <span class='ocrx_word' id='word_1_611' title='bbox 2437 3824 2562 3876; x_wconf 86' lang='lat' dir='ltr'>erat</span> <span class='ocrx_word' id='word_1_612' title='bbox 2591 3829 2650 3875; x_wconf 92' lang='lat' dir='ltr'>et</span> <span class='ocrx_word' id='word_1_613' title='bbox 2707 3819 2907 3891; x_wconf 83' lang='lat' dir='ltr'>magni</span> <span class='ocrx_word' id='word_1_614' title='bbox 2969 3817 3157 3873; x_wconf 90' lang='lat' dir='ltr'>meriti</span> <span class='ocrx_word' id='word_1_615' title='bbox 3219 3818 3582 3888; x_wconf 86' lang='lat' dir='ltr'>coeperator,</span> 
     </span>
    </p>
   </div>
   <div class='ocr_carea' id='block_1_86' title="bbox 1925 3901 3592 3981">
    <p class='ocr_par' dir='ltr' id='par_1_86' title="bbox 1925 3901 3592 3981">
     <span class='ocr_line' id='line_1_86' title="bbox 1925 3901 3592 3981; baseline -0.004 -17"><span class='ocrx_word' id='word_1_616' title='bbox 1925 3909 2260 3981; x_wconf 88' lang='lat' dir='ltr'>Apostolus,</span> <span class='ocrx_word' id='word_1_617' title='bbox 2295 3910 2424 3964; x_wconf 92' lang='lat' dir='ltr'>ideo</span> <span class='ocrx_word' id='word_1_618' title='bbox 2458 3908 2780 3980; x_wconf 89' lang='lat' dir='ltr'>plurimum</span> <span class='ocrx_word' id='word_1_619' title='bbox 2814 3905 3102 3964; x_wconf 89' lang='lat' dir='ltr'>sollicitus</span> <span class='ocrx_word' id='word_1_620' title='bbox 3134 3909 3259 3961; x_wconf 89' lang='lat' dir='ltr'>erat</span> <span class='ocrx_word' id='word_1_621' title='bbox 3308 3920 3410 3976; x_wconf 92' lang='lat' dir='ltr'>pro</span> <span class='ocrx_word' id='word_1_622' title='bbox 3469 3901 3592 3968; x_wconf 91' lang='lat' dir='ltr'>illo,</span> 
     </span>
    </p>
   </div>
   <div class='ocr_carea' id='block_1_87' title="bbox 1927 3993 3590 4069">
    <p class='ocr_par' dir='ltr' id='par_1_87' title="bbox 1927 3993 3590 4069">
     <span class='ocr_line' id='line_1_87' title="bbox 1927 3993 3590 4069; baseline -0.003 -17"><span class='ocrx_word' id='word_1_623' title='bbox 1927 4015 1999 4052; x_wconf 90' lang='lat' dir='ltr'>ne</span> <span class='ocrx_word' id='word_1_624' title='bbox 2033 3999 2180 4054; x_wconf 88' lang='lat' dir='ltr'>forte</span> <span class='ocrx_word' id='word_1_625' title='bbox 2211 4003 2315 4052; x_wconf 89' lang='lat' dir='ltr'>aut</span> <span class='ocrx_word' id='word_1_626' title='bbox 2365 3995 2867 4069; x_wconf 86' lang='lat' dir='ltr'>pseudoapostoli,</span> <span class='ocrx_word' id='word_1_627' title='bbox 2927 4000 3029 4051; x_wconf 90' lang='lat' dir='ltr'>aut</span> <span class='ocrx_word' id='word_1_628' title='bbox 3083 3993 3234 4050; x_wconf 91' lang='lat' dir='ltr'>male</span> <span class='ocrx_word' id='word_1_629' title='bbox 3285 3993 3590 4048; x_wconf 84' lang='lat' dir='ltr'>credentes</span> 
     </span>
    </p>
   </div>
   <div class='ocr_carea' id='block_1_88' title="bbox 1924 4080 3588 4158">
    <p class='ocr_par' dir='ltr' id='par_1_88' title="bbox 1924 4080 3588 4158">
     <span class='ocr_line' id='line_1_88' title="bbox 1924 4080 3588 4158; baseline -0.004 -16"><span class='ocrx_word' id='word_1_630' title='bbox 1924 4086 2173 4142; x_wconf 89' lang='lat' dir='ltr'>insidias</span> <span class='ocrx_word' id='word_1_631' title='bbox 2204 4085 2287 4141; x_wconf 90' lang='lat' dir='ltr'>illi</span> <span class='ocrx_word' id='word_1_632' title='bbox 2320 4090 2736 4158; x_wconf 83' lang='lat' dir='ltr'>praepararent,</span> <span class='ocrx_word' id='word_1_633' title='bbox 2762 4089 2819 4140; x_wconf 89' lang='lat' dir='ltr'>et</span> <span class='ocrx_word' id='word_1_634' title='bbox 2840 4080 3414 4155; x_wconf 90' lang='lat' dir='ltr'>laqueumincideret</span> <span class='ocrx_word' id='word_1_635' title='bbox 3435 4097 3588 4136; x_wconf 88' lang='lat' dir='ltr'>mor-</span> 
     </span>
    </p>
   </div>
   <div class='ocr_carea' id='block_1_89' title="bbox 1925 4168 3586 4247">
    <p class='ocr_par' dir='ltr' id='par_1_89' title="bbox 1925 4168 3586 4247">
     <span class='ocr_line' id='line_1_89' title="bbox 1925 4168 3586 4247; baseline -0.004 -17"><span class='ocrx_word' id='word_1_636' title='bbox 1925 4177 2022 4231; x_wconf 90' lang='lat' dir='ltr'>tis.</span> <span class='ocrx_word' id='word_1_637' title='bbox 2051 4176 2362 4247; x_wconf 89' lang='lat' dir='ltr'>Sequitur:</span> <span class='ocrx_word' id='word_1_638' title='bbox 2397 4175 2543 4246; x_wconf 87' lang='lat' dir='ltr'>Opus</span> <span class='ocrx_word' id='word_1_639' title='bbox 2592 4175 2738 4229; x_wconf 88' lang='lat' dir='ltr'>enim</span> <span class='ocrx_word' id='word_1_640' title='bbox 2802 4174 3024 4229; x_wconf 87' lang='lat' dir='ltr'>Domini</span> <span class='ocrx_word' id='word_1_641' title='bbox 3070 4179 3370 4236; x_wconf 84' lang='lat' dir='ltr'>operatur;</span> <span class='ocrx_word' id='word_1_642' title='bbox 3417 4186 3484 4224; x_wconf 88' lang='lat' dir='ltr'>ac</span> <span class='ocrx_word' id='word_1_643' title='bbox 3535 4168 3586 4224; x_wconf 93' lang='lat' dir='ltr'>si</span> 
     </span>
    </p>
   </div>
   <div class='ocr_carea' id='block_1_90' title="bbox 1927 4260 3588 4335">
    <p class='ocr_par' dir='ltr' id='par_1_90' title="bbox 1927 4260 3588 4335">
     <span class='ocr_line' id='line_1_90' title="bbox 1927 4260 3588 4335; baseline -0.005 -15"><span class='ocrx_word' id='word_1_644' title='bbox 1927 4265 2183 4321; x_wconf 89' lang='lat' dir='ltr'>diceret:</span> <span class='ocrx_word' id='word_1_645' title='bbox 2216 4264 2409 4329; x_wconf 90' lang='lat' dir='ltr'>lllum,</span> <span class='ocrx_word' id='word_1_646' title='bbox 2440 4264 2539 4335; x_wconf 90' lang='lat' dir='ltr'>qui</span> <span class='ocrx_word' id='word_1_647' title='bbox 2572 4263 2720 4318; x_wconf 89' lang='lat' dir='ltr'>tanti</span> <span class='ocrx_word' id='word_1_648' title='bbox 2756 4262 2950 4318; x_wconf 89' lang='lat' dir='ltr'>meriti</span> <span class='ocrx_word' id='word_1_649' title='bbox 2983 4260 3296 4332; x_wconf 86' lang='lat' dir='ltr'>estquanti</span> <span class='ocrx_word' id='word_1_650' title='bbox 3328 4261 3588 4331; x_wconf 87' lang='lat' dir='ltr'>etego,et</span> 
     </span>
    </p>
   </div>
   <div class='ocr_carea' id='block_1_91' title="bbox 1927 4347 3588 4428">
    <p class='ocr_par' dir='ltr' id='par_1_91' title="bbox 1927 4347 3588 4428">
     <span class='ocr_line' id='line_1_91' title="bbox 1927 4347 3588 4428; baseline -0.005 -18"><span class='ocrx_word' id='word_1_651' title='bbox 1927 4357 2027 4428; x_wconf 92' lang='lat' dir='ltr'>qui</span> <span class='ocrx_word' id='word_1_652' title='bbox 2061 4354 2432 4425; x_wconf 88' lang='lat' dir='ltr'>coapostolus</span> <span class='ocrx_word' id='word_1_653' title='bbox 2462 4369 2628 4408; x_wconf 90' lang='lat' dir='ltr'>meus</span> <span class='ocrx_word' id='word_1_654' title='bbox 2659 4357 2768 4419; x_wconf 89' lang='lat' dir='ltr'>est,</span> <span class='ocrx_word' id='word_1_655' title='bbox 2793 4352 3040 4424; x_wconf 89' lang='lat' dir='ltr'>dignum</span> <span class='ocrx_word' id='word_1_656' title='bbox 3069 4355 3158 4405; x_wconf 86' lang='lat' dir='ltr'>est</span> <span class='ocrx_word' id='word_1_657' title='bbox 3182 4353 3244 4404; x_wconf 90' lang='lat' dir='ltr'>ut</span> <span class='ocrx_word' id='word_1_658' title='bbox 3269 4347 3588 4404; x_wconf 86' lang='lat' dir='ltr'>honorifice</span> 
     </span>
    </p>
   </div>
   <div class='ocr_carea' id='block_1_92' title="bbox 1927 4444 2293 4515">
    <p class='ocr_par' dir='ltr' id='par_1_92' title="bbox 1927 4444 2293 4515">
     <span class='ocr_line' id='line_1_92' title="bbox 1927 4444 2293 4515; baseline -0.011 -15"><span class='ocrx_word' id='word_1_659' title='bbox 1927 4444 2293 4515; x_wconf 88' lang='lat' dir='ltr'>suscipiatis.</span> 
     </span>
    </p>
   </div>
   <div class='ocr_carea' id='block_1_93' title="bbox 1997 4527 3587 4604">
    <p class='ocr_par' dir='ltr' id='par_1_93' title="bbox 1997 4527 3587 4604">
     <span class='ocr_line' id='line_1_93' title="bbox 1997 4527 3587 4604; baseline -0.006 -16"><span class='ocrx_word' id='word_1_660' title='bbox 1997 4531 2309 4604; x_wconf 87' lang='lat' dir='ltr'>Sequitur:</span> <span class='ocrx_word' id='word_1_661' title='bbox 2368 4529 2622 4585; x_wconf 82' lang='lat' dir='ltr'>Deducite</span> <span class='ocrx_word' id='word_1_662' title='bbox 2673 4532 2864 4584; x_wconf 79' lang='lat' dir='ltr'>autem</span> <span class='ocrx_word' id='word_1_663' title='bbox 2911 4528 3078 4582; x_wconf 84' lang='lat' dir='ltr'>illum</span> <span class='ocrx_word' id='word_1_664' title='bbox 3133 4529 3195 4581; x_wconf 84' lang='lat' dir='ltr'>in</span> <span class='ocrx_word' id='word_1_665' title='bbox 3250 4540 3410 4596; x_wconf 84' lang='lat' dir='ltr'>pace,</span> <span class='ocrx_word' id='word_1_666' title='bbox 3455 4527 3587 4593; x_wconf 88' lang='lat' dir='ltr'>etc.,</span> 
     </span>
    </p>
   </div>
   <div class='ocr_carea' id='block_1_94' title="bbox 1927 4614 3590 4694">
    <p class='ocr_par' dir='ltr' id='par_1_94' title="bbox 1927 4614 3590 4694">
     <span class='ocr_line' id='line_1_94' title="bbox 1927 4614 3590 4694; baseline -0.005 -17"><span class='ocrx_word' id='word_1_667' title='bbox 1927 4621 2098 4694; x_wconf 89' lang='lat' dir='ltr'>quasi</span> <span class='ocrx_word' id='word_1_668' title='bbox 2131 4620 2348 4676; x_wconf 87' lang='lat' dir='ltr'>diceret</span> <span class='ocrx_word' id='word_1_669' title='bbox 2375 4637 2387 4674; x_wconf 89' lang='lat'>:</span> <span class='ocrx_word' id='word_1_670' title='bbox 2419 4617 2610 4688; x_wconf 84' lang='lat' dir='ltr'>Illum,</span> <span class='ocrx_word' id='word_1_671' title='bbox 2637 4633 2811 4690; x_wconf 91' lang='lat' dir='ltr'>quem</span> <span class='ocrx_word' id='word_1_672' title='bbox 2843 4633 2974 4672; x_wconf 90' lang='lat' dir='ltr'>cum</span> <span class='ocrx_word' id='word_1_673' title='bbox 3001 4616 3280 4672; x_wconf 81' lang='lat' dir='ltr'>fratribus</span> <span class='ocrx_word' id='word_1_674' title='bbox 3310 4614 3590 4671; x_wconf 88' lang='lat' dir='ltr'>omnibus</span> 
     </span>
    </p>
   </div>
   <div class='ocr_carea' id='block_1_95' title="bbox 235 4705 3586 4800">
    <p class='ocr_par' dir='ltr' id='par_1_95' title="bbox 235 4705 3586 4800">
     <span class='ocr_line' id='line_1_95' title="bbox 235 4705 3586 4800; baseline -0.002 -18"><span class='ocrx_word' id='word_1_675' title='bbox 235 4728 542 4800; x_wconf 88' lang='lat' dir='ltr'>Sequitur:</span> <span class='ocrx_word' id='word_1_676' title='bbox 573 4726 724 4796; x_wconf 84' lang='lat' dir='ltr'>Quod</span> <span class='ocrx_word' id='word_1_677' title='bbox 754 4727 806 4782; x_wconf 88' lang='lat' dir='ltr'>si</span> <span class='ocrx_word' id='word_1_678' title='bbox 835 4725 1065 4797; x_wconf 86' lang='lat' dir='ltr'>dignum</span> <span class='ocrx_word' id='word_1_679' title='bbox 1094 4723 1292 4797; x_wconf 74' lang='lat' dir='ltr'>fuerit,</span> <span class='ocrx_word' id='word_1_680' title='bbox 1326 4731 1390 4781; x_wconf 88' lang='lat' dir='ltr'>ut</span> <span class='ocrx_word' id='word_1_681' title='bbox 1429 4731 1479 4782; x_wconf 83' lang='lat' dir='ltr'>et</span> <span class='ocrx_word' id='word_1_682' title='bbox 1532 4742 1628 4794; x_wconf 81' lang='lat' dir='ltr'>ego</span> <span class='ocrx_word' id='word_1_683' title='bbox 1677 4743 1818 4783; x_wconf 87' lang='lat' dir='ltr'>eam.</span> <span class='ocrx_word' id='word_1_684' title='bbox 1853 4712 1901 4776; x_wconf 83' lang='lat' dir='ltr'><strong>D</strong></span> <span class='ocrx_word' id='word_1_685' title='bbox 1931 4715 2232 4800; x_wconf 47' lang='lat' dir='ltr'>exspecmi</span> <span class='ocrx_word' id='word_1_686' title='bbox 2253 4714 2310 4764; x_wconf 64' lang='lat' dir='ltr'>et</span> <span class='ocrx_word' id='word_1_687' title='bbox 2341 4707 2441 4800; x_wconf 63' lang='lat' dir='ltr'>(illi</span> <span class='ocrx_word' id='word_1_688' title='bbox 2476 4711 2647 4800; x_wconf 46' lang='lat' dir='ltr'>“ulla</span> <span class='ocrx_word' id='word_1_689' title='bbox 2680 4711 2767 4761; x_wconf 67' lang='grc' dir='ltr'>δεῖ</span> <span class='ocrx_word' id='word_1_690' title='bbox 2790 4705 3184 4800; x_wconf 49' lang='grc' dir='ltr'>διξοξονξίδιίδᾳ</span> <span class='ocrx_word' id='word_1_691' title='bbox 3207 4705 3586 4800; x_wconf 37' lang='lat' dir='ltr'>dignun???“</span> 
     </span>
    </p>
   </div>
   <div class='ocr_carea' id='block_1_96' title="bbox 175 4813 1821 4880">
    <p class='ocr_par' dir='ltr' id='par_1_96' title="bbox 175 4813 1821 4880">
     <span class='ocr_line' id='line_1_96' title="bbox 175 4813 1821 4880; baseline 0 -10"><span class='ocrx_word' id='word_1_692' title='bbox 175 4818 272 4871; x_wconf 88' lang='lat' dir='ltr'>etc.</span> <span class='ocrx_word' id='word_1_693' title='bbox 305 4817 372 4873; x_wconf 84' lang='lat' dir='ltr'>Et</span> <span class='ocrx_word' id='word_1_694' title='bbox 399 4823 492 4874; x_wconf 87' lang='lat' dir='ltr'>est</span> <span class='ocrx_word' id='word_1_695' title='bbox 527 4831 776 4873; x_wconf 87' lang='lat' dir='ltr'>sensus:</span> <span class='ocrx_word' id='word_1_696' title='bbox 811 4815 871 4872; x_wconf 89' lang='lat' dir='ltr'>Si</span> <span class='ocrx_word' id='word_1_697' title='bbox 907 4814 1161 4870; x_wconf 89' lang='lat' dir='ltr'>multum</span> <span class='ocrx_word' id='word_1_698' title='bbox 1180 4813 1487 4871; x_wconf 90' lang='lat' dir='ltr'>collectum</span> <span class='ocrx_word' id='word_1_699' title='bbox 1512 4815 1708 4880; x_wconf 85' lang='lat' dir='ltr'>fuerit,</span> <span class='ocrx_word' id='word_1_700' title='bbox 1731 4816 1821 4871; x_wconf 89' lang='lat' dir='ltr'>di-</span> 
     </span>
    </p>
   </div>
   <div class='ocr_carea' id='block_1_97' title="bbox 175 4902 1817 4978">
    <p class='ocr_par' dir='ltr' id='par_1_97' title="bbox 175 4902 1817 4978">
     <span class='ocr_line' id='line_1_97' title="bbox 175 4902 1817 4978; baseline 0.002 -20"><span class='ocrx_word' id='word_1_701' title='bbox 175 4919 343 4975; x_wconf 87' lang='lat' dir='ltr'>gnum</span> <span class='ocrx_word' id='word_1_702' title='bbox 372 4907 484 4962; x_wconf 89' lang='lat' dir='ltr'>erit</span> <span class='ocrx_word' id='word_1_703' title='bbox 515 4910 582 4962; x_wconf 91' lang='lat' dir='ltr'>ut</span> <span class='ocrx_word' id='word_1_704' title='bbox 614 4911 671 4960; x_wconf 89' lang='lat' dir='ltr'>et</span> <span class='ocrx_word' id='word_1_705' title='bbox 709 4921 816 4977; x_wconf 89' lang='lat' dir='ltr'>ego</span> <span class='ocrx_word' id='word_1_706' title='bbox 867 4919 1020 4969; x_wconf 90' lang='lat' dir='ltr'>eam,</span> <span class='ocrx_word' id='word_1_707' title='bbox 1071 4902 1212 4976; x_wconf 90' lang='lat' dir='ltr'>quia</span> <span class='ocrx_word' id='word_1_708' title='bbox 1262 4905 1427 4960; x_wconf 89' lang='lat' dir='ltr'>decet</span> <span class='ocrx_word' id='word_1_709' title='bbox 1475 4906 1817 4978; x_wconf 88' lang='lat' dir='ltr'>episcopum</span> 
     </span>
    </p>
   </div>
   <div class='ocr_carea' id='block_1_98' title="bbox 177 4992 1822 5066">
    <p class='ocr_par' dir='ltr' id='par_1_98' title="bbox 177 4992 1822 5066">
     <span class='ocr_line' id='line_1_98' title="bbox 177 4992 1822 5066; baseline 0.001 -18"><span class='ocrx_word' id='word_1_710' title='bbox 177 4993 348 5051; x_wconf 85' lang='lat' dir='ltr'>multa</span> <span class='ocrx_word' id='word_1_711' title='bbox 378 5012 580 5052; x_wconf 89' lang='lat' dir='ltr'>secum</span> <span class='ocrx_word' id='word_1_712' title='bbox 611 4994 855 5062; x_wconf 85' lang='lat' dir='ltr'>deferre,</span> <span class='ocrx_word' id='word_1_713' title='bbox 888 4998 956 5048; x_wconf 88' lang='lat' dir='ltr'>ut</span> <span class='ocrx_word' id='word_1_714' title='bbox 987 4992 1310 5049; x_wconf 88' lang='lat' dir='ltr'>multorum</span> <span class='ocrx_word' id='word_1_715' title='bbox 1351 4993 1550 5066; x_wconf 91' lang='lat' dir='ltr'>inopia</span> <span class='ocrx_word' id='word_1_716' title='bbox 1590 5000 1822 5050; x_wconf 87' lang='lat' dir='ltr'>susten-</span> 
     </span>
    </p>
   </div>
   <div class='ocr_carea' id='block_1_99' title="bbox 176 5082 1824 5156">
    <p class='ocr_par' dir='ltr' id='par_1_99' title="bbox 176 5082 1824 5156">
     <span class='ocr_line' id='line_1_99' title="bbox 176 5082 1824 5156; baseline 0.001 -18"><span class='ocrx_word' id='word_1_717' title='bbox 176 5086 336 5139; x_wconf 83' lang='lat' dir='ltr'>tetur.</span> <span class='ocrx_word' id='word_1_718' title='bbox 369 5083 575 5141; x_wconf 73' lang='lat' dir='ltr'>Mecum</span> <span class='ocrx_word' id='word_1_719' title='bbox 607 5084 753 5156; x_wconf 80' lang='lat'>(669)</span> <span class='ocrx_word' id='word_1_720' title='bbox 785 5084 969 5149; x_wconf 81' lang='lat' dir='ltr'>ibunt,</span> <span class='ocrx_word' id='word_1_721' title='bbox 1016 5083 1180 5150; x_wconf 91' lang='lat' dir='ltr'>dicit,</span> <span class='ocrx_word' id='word_1_722' title='bbox 1221 5088 1286 5139; x_wconf 86' lang='lat' dir='ltr'>ut</span> <span class='ocrx_word' id='word_1_723' title='bbox 1306 5082 1554 5140; x_wconf 72' lang='lat' dir='ltr'>laetiores</span> <span class='ocrx_word' id='word_1_724' title='bbox 1595 5085 1824 5152; x_wconf 82' lang='lat' dir='ltr'>fierent,</span> 
     </span>
    </p>
   </div>
   <div class='ocr_carea' id='block_1_100' title="bbox 177 5169 1824 5246">
    <p class='ocr_par' dir='ltr' id='par_1_100' title="bbox 177 5169 1824 5246">
     <span class='ocr_line' id='line_1_100' title="bbox 177 5169 1824 5246; baseline 0.003 -20"><span class='ocrx_word' id='word_1_725' title='bbox 177 5169 303 5229; x_wconf 90' lang='lat' dir='ltr'>dum</span> <span class='ocrx_word' id='word_1_726' title='bbox 334 5191 397 5230; x_wconf 90' lang='lat' dir='ltr'>se</span> <span class='ocrx_word' id='word_1_727' title='bbox 425 5189 562 5230; x_wconf 87' lang='lat' dir='ltr'>cum</span> <span class='ocrx_word' id='word_1_728' title='bbox 603 5173 876 5246; x_wconf 83' lang='lat' dir='ltr'>cpiscOpo</span> <span class='ocrx_word' id='word_1_729' title='bbox 926 5171 1216 5244; x_wconf 83' lang='lat' dir='ltr'>proﬁcisci</span> <span class='ocrx_word' id='word_1_730' title='bbox 1273 5173 1481 5229; x_wconf 89' lang='lat' dir='ltr'>debere</span> <span class='ocrx_word' id='word_1_731' title='bbox 1532 5175 1824 5231; x_wconf 88' lang='lat' dir='ltr'>audirent.</span> 
     </span>
    </p>
   </div>
   <div class='ocr_carea' id='block_1_101' title="bbox 178 5259 1823 5335">
    <p class='ocr_par' dir='ltr' id='par_1_101' title="bbox 178 5259 1823 5335">
     <span class='ocr_line' id='line_1_101' title="bbox 178 5259 1823 5335; baseline 0.003 -20"><span class='ocrx_word' id='word_1_732' title='bbox 178 5259 466 5335; x_wconf 86' lang='lat' dir='ltr'>Sequitur:</span> <span class='ocrx_word' id='word_1_733' title='bbox 507 5265 750 5320; x_wconf 83' lang='lat' dir='ltr'>Veniam</span> <span class='ocrx_word' id='word_1_734' title='bbox 777 5272 966 5318; x_wconf 80' lang='lat' dir='ltr'>autem</span> <span class='ocrx_word' id='word_1_735' title='bbox 1012 5261 1082 5318; x_wconf 87' lang='lat' dir='ltr'>ad</span> <span class='ocrx_word' id='word_1_736' title='bbox 1135 5278 1246 5329; x_wconf 89' lang='lat' dir='ltr'>vos,</span> <span class='ocrx_word' id='word_1_737' title='bbox 1295 5267 1404 5317; x_wconf 88' lang='lat' dir='ltr'>etc.</span> <span class='ocrx_word' id='word_1_738' title='bbox 1461 5263 1823 5333; x_wconf 87' lang='lat' dir='ltr'>Notandum,</span> 
     </span>
    </p>
   </div>
   <div class='ocr_carea' id='block_1_102' title="bbox 1933 4794 3583 4868">
    <p class='ocr_par' dir='ltr' id='par_1_102' title="bbox 1933 4794 3583 4868">
     <span class='ocr_line' id='line_1_102' title="bbox 1933 4794 3583 4868; baseline -0.007 -11"><span class='ocrx_word' id='word_1_739' title='bbox 1933 4805 2127 4856; x_wconf 92' lang='lat' dir='ltr'>utnon</span> <span class='ocrx_word' id='word_1_740' title='bbox 2152 4797 2343 4853; x_wconf 87' lang='lat' dir='ltr'>solum</span> <span class='ocrx_word' id='word_1_741' title='bbox 2360 4797 2681 4852; x_wconf 79' lang='lat' dir='ltr'>honorifice</span> <span class='ocrx_word' id='word_1_742' title='bbox 2703 4794 3063 4868; x_wconf 88' lang='lat' dir='ltr'>suscipiatis,</span> <span class='ocrx_word' id='word_1_743' title='bbox 3089 4795 3187 4850; x_wconf 86' lang='lat' dir='ltr'>sed</span> <span class='ocrx_word' id='word_1_744' title='bbox 3216 4798 3279 4848; x_wconf 90' lang='lat' dir='ltr'>ut</span> <span class='ocrx_word' id='word_1_745' title='bbox 3301 4794 3583 4849; x_wconf 89' lang='lat' dir='ltr'>comitatu</span> 
     </span>
    </p>
   </div>
   <div class='ocr_carea' id='block_1_103' title="bbox 1932 4884 3075 4958">
    <p class='ocr_par' dir='ltr' id='par_1_103' title="bbox 1932 4884 3075 4958">
     <span class='ocr_line' id='line_1_103' title="bbox 1932 4884 3075 4958; baseline -0.003 -16"><span class='ocrx_word' id='word_1_746' title='bbox 1932 4889 2003 4944; x_wconf 92' lang='lat' dir='ltr'>ad</span> <span class='ocrx_word' id='word_1_747' title='bbox 2037 4902 2130 4942; x_wconf 90' lang='lat' dir='ltr'>me</span> <span class='ocrx_word' id='word_1_748' title='bbox 2161 4885 2484 4953; x_wconf 87' lang='lat' dir='ltr'>deducatis,</span> <span class='ocrx_word' id='word_1_749' title='bbox 2521 4890 2583 4940; x_wconf 88' lang='lat' dir='ltr'>ut</span> <span class='ocrx_word' id='word_1_750' title='bbox 2613 4885 2672 4940; x_wconf 92' lang='lat' dir='ltr'>in</span> <span class='ocrx_word' id='word_1_751' title='bbox 2706 4900 2846 4958; x_wconf 91' lang='lat' dir='ltr'>pace</span> <span class='ocrx_word' id='word_1_752' title='bbox 2863 4884 3075 4940; x_wconf 87' lang='lat' dir='ltr'>veniat.</span> 
     </span>
    </p>
   </div>
   <div class='ocr_carea' id='block_1_104' title="bbox 2004 4989 3581 5066">
    <p class='ocr_par' dir='ltr' id='par_1_104' title="bbox 2004 4989 3581 5066">
     <span class='ocr_line' id='line_1_104' title="bbox 2004 4989 3581 5066; baseline -0.004 -17"><span class='ocrx_word' id='word_1_753' title='bbox 2004 4995 2149 5065; x_wconf 81' lang='lat'>(670)</span> <span class='ocrx_word' id='word_1_754' title='bbox 2184 4993 2496 5066; x_wconf 89' lang='lat' dir='ltr'>Sequitur:</span> <span class='ocrx_word' id='word_1_755' title='bbox 2532 4993 2605 5048; x_wconf 87' lang='lat' dir='ltr'>De</span> <span class='ocrx_word' id='word_1_756' title='bbox 2665 4992 2857 5062; x_wconf 85' lang='lat' dir='ltr'>Apollo</span> <span class='ocrx_word' id='word_1_757' title='bbox 2916 4993 3101 5046; x_wconf 85' lang='lat' dir='ltr'>autem</span> <span class='ocrx_word' id='word_1_758' title='bbox 3147 4989 3353 5063; x_wconf 81' lang='lat' dir='ltr'>fratres</span> <span class='ocrx_word' id='word_1_759' title='bbox 3409 4989 3581 5059; x_wconf 78' lang='grc'>(671),</span> 
     </span>
    </p>
   </div>
   <div class='ocr_carea' id='block_1_105' title="bbox 1933 5077 3590 5155">
    <p class='ocr_par' dir='ltr' id='par_1_105' title="bbox 1933 5077 3590 5155">
     <span class='ocr_line' id='line_1_105' title="bbox 1933 5077 3590 5155; baseline -0.004 -15"><span class='ocrx_word' id='word_1_760' title='bbox 1933 5093 2122 5140; x_wconf 88' lang='lat' dir='ltr'>notum</span> <span class='ocrx_word' id='word_1_761' title='bbox 2153 5083 2297 5139; x_wconf 85' lang='lat' dir='ltr'>vobis</span> <span class='ocrx_word' id='word_1_762' title='bbox 2325 5084 2490 5155; x_wconf 72' lang='lat' dir='ltr'>facio,</span> <span class='ocrx_word' id='word_1_763' title='bbox 2525 5088 2633 5136; x_wconf 90' lang='lat' dir='ltr'>etc.</span> <span class='ocrx_word' id='word_1_764' title='bbox 2666 5081 2770 5137; x_wconf 79' lang='lat' dir='ltr'>llis</span> <span class='ocrx_word' id='word_1_765' title='bbox 2802 5095 3061 5150; x_wconf 88' lang='lat' dir='ltr'>namque</span> <span class='ocrx_word' id='word_1_766' title='bbox 3099 5077 3291 5134; x_wconf 87' lang='lat' dir='ltr'>verbis</span> <span class='ocrx_word' id='word_1_767' title='bbox 3330 5077 3590 5134; x_wconf 87' lang='lat' dir='ltr'>ostendit</span> 
     </span>
    </p>
   </div>
   <div class='ocr_carea' id='block_1_106' title="bbox 1937 5167 3588 5246">
    <p class='ocr_par' dir='ltr' id='par_1_106' title="bbox 1937 5167 3588 5246">
     <span class='ocr_line' id='line_1_106' title="bbox 1937 5167 3588 5246; baseline -0.004 -17"><span class='ocrx_word' id='word_1_768' title='bbox 1937 5172 2246 5246; x_wconf 87' lang='lat' dir='ltr'>Apostolus</span> <span class='ocrx_word' id='word_1_769' title='bbox 2276 5189 2337 5228; x_wconf 91' lang='lat' dir='ltr'>se</span> <span class='ocrx_word' id='word_1_770' title='bbox 2369 5171 2710 5228; x_wconf 85' lang='lat' dir='ltr'>satisfacere</span> <span class='ocrx_word' id='word_1_771' title='bbox 2768 5168 3027 5224; x_wconf 90' lang='lat' dir='ltr'>voluisse</span> <span class='ocrx_word' id='word_1_772' title='bbox 3075 5169 3348 5240; x_wconf 90' lang='lat' dir='ltr'>precibus</span> <span class='ocrx_word' id='word_1_773' title='bbox 3387 5167 3588 5224; x_wconf 87' lang='lat' dir='ltr'>Corin-</span> 
     </span>
    </p>
   </div>
   <div class='ocr_carea' id='block_1_107' title="bbox 1934 5257 3593 5331">
    <p class='ocr_par' dir='ltr' id='par_1_107' title="bbox 1934 5257 3593 5331">
     <span class='ocr_line' id='line_1_107' title="bbox 1934 5257 3593 5331; baseline -0.004 -11"><span class='ocrx_word' id='word_1_774' title='bbox 1934 5263 2219 5320; x_wconf 91' lang='lat' dir='ltr'>thiorum.</span> <span class='ocrx_word' id='word_1_775' title='bbox 2255 5261 2584 5316; x_wconf 87' lang='lat' dir='ltr'>Manil&#39;estat</span> <span class='ocrx_word' id='word_1_776' title='bbox 2610 5260 2810 5325; x_wconf 90' lang='lat' dir='ltr'>etiam,</span> <span class='ocrx_word' id='word_1_777' title='bbox 2842 5258 3112 5331; x_wconf 90' lang='lat' dir='ltr'>quamvis</span> <span class='ocrx_word' id='word_1_778' title='bbox 3154 5257 3405 5315; x_wconf 86' lang='lat' dir='ltr'>latenter</span> <span class='ocrx_word' id='word_1_779' title='bbox 3452 5258 3593 5330; x_wconf 88' lang='lat' dir='ltr'>quia</span> 
     </span>
    </p>
   </div>
   <div class='ocr_carea' id='block_1_108' title="bbox 180 5347 3590 5427">
    <p class='ocr_par' dir='ltr' id='par_1_108' title="bbox 180 5347 3590 5427">
     <span class='ocr_line' id='line_1_108' title="bbox 180 5347 3590 5427; baseline -0.001 -21"><span class='ocrx_word' id='word_1_780' title='bbox 180 5351 306 5422; x_wconf 90' lang='lat' dir='ltr'>quia</span> <span class='ocrx_word' id='word_1_781' title='bbox 333 5369 450 5410; x_wconf 86' lang='lat' dir='ltr'>non</span> <span class='ocrx_word' id='word_1_782' title='bbox 484 5352 678 5410; x_wconf 91' lang='lat' dir='ltr'>solum</span> <span class='ocrx_word' id='word_1_783' title='bbox 710 5351 1026 5408; x_wconf 90' lang='lat' dir='ltr'>adventum</span> <span class='ocrx_word' id='word_1_784' title='bbox 1059 5367 1235 5406; x_wconf 89' lang='lat' dir='ltr'>suum</span> <span class='ocrx_word' id='word_1_785' title='bbox 1269 5352 1581 5423; x_wconf 90' lang='lat' dir='ltr'>promittit,</span> <span class='ocrx_word' id='word_1_786' title='bbox 1613 5353 1714 5408; x_wconf 91' lang='lat' dir='ltr'>sed</span> <span class='ocrx_word' id='word_1_787' title='bbox 1771 5357 1831 5408; x_wconf 91' lang='lat' dir='ltr'>et</span> <span class='ocrx_word' id='word_1_788' title='bbox 1935 5352 2050 5427; x_wconf 90' lang='lat' dir='ltr'>ip&#39;si</span> <span class='ocrx_word' id='word_1_789' title='bbox 2083 5351 2397 5424; x_wconf 86' lang='lat' dir='ltr'>petierunt,</span> <span class='ocrx_word' id='word_1_790' title='bbox 2429 5354 2494 5404; x_wconf 90' lang='lat' dir='ltr'>ut</span> <span class='ocrx_word' id='word_1_791' title='bbox 2523 5349 2595 5403; x_wconf 90' lang='lat' dir='ltr'>ad</span> <span class='ocrx_word' id='word_1_792' title='bbox 2619 5365 2718 5404; x_wconf 90' lang='lat' dir='ltr'>eos</span> <span class='ocrx_word' id='word_1_793' title='bbox 2750 5347 3029 5421; x_wconf 87' lang='lat' dir='ltr'>dirigeret</span> <span class='ocrx_word' id='word_1_794' title='bbox 3060 5347 3590 5420; x_wconf 78' lang='lat' dir='ltr'>Apollo,quoniam</span> 
     </span>
    </p>
   </div>
   <div class='ocr_carea' id='block_1_109' title="bbox 181 5437 3588 5514">
    <p class='ocr_par' dir='ltr' id='par_1_109' title="bbox 181 5437 3588 5514">
     <span class='ocr_line' id='line_1_109' title="bbox 181 5437 3588 5514; baseline -0 -21"><span class='ocrx_word' id='word_1_795' title='bbox 181 5438 486 5500; x_wconf 86' lang='lat' dir='ltr'>diutinum.</span> <span class='ocrx_word' id='word_1_796' title='bbox 522 5441 715 5509; x_wconf 86' lang='lat' dir='ltr'>Quare</span> <span class='ocrx_word' id='word_1_797' title='bbox 743 5439 1199 5513; x_wconf 87' lang='lat' dir='ltr'>ergodiutinum</span> <span class='ocrx_word' id='word_1_798' title='bbox 1223 5440 1728 5512; x_wconf 77' lang='lat' dir='ltr'>promittit‘Hdeo,</span> <span class='ocrx_word' id='word_1_799' title='bbox 1753 5459 1828 5501; x_wconf 90' lang='lat' dir='ltr'>ne</span> <span class='ocrx_word' id='word_1_800' title='bbox 1938 5443 2009 5497; x_wconf 87' lang='lat' dir='ltr'>de</span> <span class='ocrx_word' id='word_1_801' title='bbox 2047 5441 2194 5514; x_wconf 88' lang='lat' dir='ltr'>ipsis</span> <span class='ocrx_word' id='word_1_802' title='bbox 2223 5444 2366 5496; x_wconf 93' lang='lat' dir='ltr'>erat.</span> <span class='ocrx_word' id='word_1_803' title='bbox 2429 5437 2590 5505; x_wconf 89' lang='lat' dir='ltr'>Quod</span> <span class='ocrx_word' id='word_1_804' title='bbox 2646 5453 2780 5494; x_wconf 88' lang='lat' dir='ltr'>vero</span> <span class='ocrx_word' id='word_1_805' title='bbox 2832 5437 3066 5494; x_wconf 86' lang='lat' dir='ltr'>distulit</span> <span class='ocrx_word' id='word_1_806' title='bbox 3100 5439 3298 5494; x_wconf 86' lang='lat' dir='ltr'>venire</span> <span class='ocrx_word' id='word_1_807' title='bbox 3346 5437 3418 5494; x_wconf 83' lang='lat' dir='ltr'>ad</span> <span class='ocrx_word' id='word_1_808' title='bbox 3466 5450 3588 5507; x_wconf 86' lang='lat' dir='ltr'>eos,</span> 
     </span>
    </p>
   </div>
   <div class='ocr_carea' id='block_1_110' title="bbox 185 5525 1828 5602">
    <p class='ocr_par' dir='ltr' id='par_1_110' title="bbox 185 5525 1828 5602">
     <span class='ocr_line' id='line_1_110' title="bbox 185 5525 1828 5602; baseline 0.005 -19"><span class='ocrx_word' id='word_1_809' title='bbox 185 5525 337 5602; x_wconf 74' lang='lat' dir='ltr'>forte,</span> <span class='ocrx_word' id='word_1_810' title='bbox 369 5533 516 5590; x_wconf 89' lang='lat' dir='ltr'>dum</span> <span class='ocrx_word' id='word_1_811' title='bbox 549 5531 822 5588; x_wconf 86' lang='lat' dir='ltr'>audirent</span> <span class='ocrx_word' id='word_1_812' title='bbox 849 5547 982 5588; x_wconf 90' lang='lat' dir='ltr'>eum</span> <span class='ocrx_word' id='word_1_813' title='bbox 1004 5525 1176 5602; x_wconf 80' lang='lat' dir='ltr'>juxta</span> <span class='ocrx_word' id='word_1_814' title='bbox 1202 5530 1507 5597; x_wconf 88' lang='lat' dir='ltr'>transisse,</span> <span class='ocrx_word' id='word_1_815' title='bbox 1541 5536 1596 5588; x_wconf 90' lang='lat' dir='ltr'>et</span> <span class='ocrx_word' id='word_1_816' title='bbox 1625 5533 1696 5588; x_wconf 87' lang='lat' dir='ltr'>ad</span> <span class='ocrx_word' id='word_1_817' title='bbox 1729 5548 1828 5592; x_wconf 89' lang='lat' dir='ltr'>eos</span> 
     </span>
    </p>
   </div>
   <div class='ocr_carea' id='block_1_111' title="bbox 253 5725 1190 5873">
    <p class='ocr_par' dir='ltr' id='par_1_111' title="bbox 253 5725 1190 5873">
     <span class='ocr_line' id='line_1_111' title="bbox 253 5725 1190 5873; baseline 0.001 -91"><span class='ocrx_word' id='word_1_818' title='bbox 253 5725 397 5873; x_wconf 49' lang='lat' dir='ltr'><strong>(669g</strong></span> <span class='ocrx_word' id='word_1_819' title='bbox 415 5729 630 5800; x_wconf 84' lang='lat' dir='ltr'>Autog.</span> <span class='ocrx_word' id='word_1_820' title='bbox 666 5725 931 5783; x_wconf 81' lang='lat' dir='ltr'>multum.</span> <span class='ocrx_word' id='word_1_821' title='bbox 1179 5797 1190 5808; x_wconf 31' lang='grc' dir='ltr'><em>υ</em></span> 
     </span>
     <span class='ocr_line' id='line_1_112' title="bbox 256 5797 1190 5873; baseline 0.001 -18"><span class='ocrx_word' id='word_1_822' title='bbox 256 5801 375 5871; x_wconf 70' lang='grc'>(670</span> <span class='ocrx_word' id='word_1_823' title='bbox 430 5802 494 5858; x_wconf 88' lang='lat' dir='ltr'>In</span> <span class='ocrx_word' id='word_1_824' title='bbox 527 5803 721 5873; x_wconf 82' lang='lat' dir='ltr'>autog.</span> <span class='ocrx_word' id='word_1_825' title='bbox 747 5815 934 5873; x_wconf 88' lang='lat' dir='ltr'>marg.</span> <span class='ocrx_word' id='word_1_826' title='bbox 958 5797 1055 5856; x_wconf 91' lang='lat' dir='ltr'>hic</span> <span class='ocrx_word' id='word_1_827' title='bbox 1081 5797 1190 5872; x_wconf 75' lang='lat' dir='ltr'>legi</span> 
     </span>
    </p>
   </div>
   <div class='ocr_carea' id='block_1_112' title="bbox 256 5796 1684 5873">
    <p class='ocr_par' dir='ltr' id='par_1_112' title="bbox 256 5796 1684 5873">
     <span class='ocr_line' id='line_1_113' title="bbox 256 5796 1684 5873; baseline 0 -18"><span class='ocrx_word' id='word_1_828' title='bbox 256 5796 397 5873; x_wconf 79' lang='lat'>(670)</span> <span class='ocrx_word' id='word_1_829' title='bbox 430 5802 494 5858; x_wconf 88' lang='lat' dir='ltr'>In</span> <span class='ocrx_word' id='word_1_830' title='bbox 527 5796 721 5873; x_wconf 69' lang='lat' dir='ltr'>autog.</span> <span class='ocrx_word' id='word_1_831' title='bbox 747 5815 934 5873; x_wconf 88' lang='lat' dir='ltr'>marg.</span> <span class='ocrx_word' id='word_1_832' title='bbox 958 5797 1055 5856; x_wconf 91' lang='lat' dir='ltr'>hic</span> <span class='ocrx_word' id='word_1_833' title='bbox 1081 5797 1294 5872; x_wconf 84' lang='lat' dir='ltr'>legitur</span> <span class='ocrx_word' id='word_1_834' title='bbox 1319 5814 1447 5871; x_wconf 89' lang='lat' dir='ltr'>cap.</span> <span class='ocrx_word' id='word_1_835' title='bbox 1485 5796 1684 5857; x_wconf 85' lang='lat' dir='ltr'><strong>LXVII</strong></span> 
     </span>
    </p>
   </div>
   <div class='ocr_carea' id='block_1_113' title="bbox 1940 5524 3587 5598">
    <p class='ocr_par' dir='ltr' id='par_1_113' title="bbox 1940 5524 3587 5598">
     <span class='ocr_line' id='line_1_114' title="bbox 1940 5524 3587 5598; baseline -0.004 -11"><span class='ocrx_word' id='word_1_836' title='bbox 1940 5529 2196 5589; x_wconf 88' lang='lat' dir='ltr'>ostendit</span> <span class='ocrx_word' id='word_1_837' title='bbox 2234 5529 2389 5585; x_wconf 90' lang='lat' dir='ltr'>idem</span> <span class='ocrx_word' id='word_1_838' title='bbox 2419 5526 2732 5598; x_wconf 81' lang='lat' dir='ltr'>Apostolus</span> <span class='ocrx_word' id='word_1_839' title='bbox 2763 5544 2878 5584; x_wconf 93' lang='lat' dir='ltr'>non</span> <span class='ocrx_word' id='word_1_840' title='bbox 2925 5527 2997 5583; x_wconf 92' lang='lat' dir='ltr'>ad</span> <span class='ocrx_word' id='word_1_841' title='bbox 3045 5544 3111 5585; x_wconf 86' lang='lat' dir='ltr'>se</span> <span class='ocrx_word' id='word_1_842' title='bbox 3161 5527 3428 5594; x_wconf 86' lang='lat' dir='ltr'>attinere,</span> <span class='ocrx_word' id='word_1_843' title='bbox 3485 5524 3587 5582; x_wconf 90' lang='lat' dir='ltr'>sed</span> 
     </span>
    </p>
   </div>
   <div class='ocr_carea' id='block_1_114' title="bbox 2015 5726 2572 5798">
    <p class='ocr_par' dir='ltr' id='par_1_114' title="bbox 2015 5726 2572 5798">
     <span class='ocr_line' id='line_1_115' title="bbox 2015 5726 2572 5798; baseline 0.002 -18"><span class='ocrx_word' id='word_1_844' title='bbox 2015 5727 2137 5798; x_wconf 84' lang='grc'>(671</span> <span class='ocrx_word' id='word_1_845' title='bbox 2172 5726 2344 5798; x_wconf 74' lang='lat' dir='ltr'>Vulg.</span> <span class='ocrx_word' id='word_1_846' title='bbox 2374 5727 2572 5797; x_wconf 74' lang='lat' dir='ltr'>(rutro.</span> 
     </span>
    </p>
   </div>
  </div>
