3902 6428
340 434 455 495 411

1361 436 1701 500 ATTONIS
1747 436 2335 503 VERCELLENSIS
2379 436 2735 500 EPISCOPI

3683 433 3820 495 412

339 567 540 639 potius
572 567 644 623 ad
677 566 918 641 ipsum;
951 572 1244 642 quatenus
1275 568 1396 625 haec
1427 569 1752 632 audientes.
1805 587 1985 642 quare
2017 573 2072 640 Α
2174 570 2487 641 Sequitur:
2545 570 2804 625 Salutant
2848 583 2939 625 vos
2995 581 3182 624 omnes
3255 565 3545 624 Ecclesiae
3627 537 3815 625 (istae.

343 656 640 712 distulerit
690 658 760 713 ad
819 675 918 714 eos
973 661 1189 727 venire,
1241 659 1650 731 intelligerent,
1705 660 1990 727 videlicet,

347 747 503 818 quod
528 747 780 802 audierit
799 747 952 803 inter
973 765 1070 804 eos
1089 749 1508 816 dissensiones,
1539 753 1593 803 et
1615 749 1917 816 scandala;
1938 757 1994 805 et

343 835 562 892 idcirco
593 836 713 892 haec
745 836 1158 909 intelligentes,
1193 854 1332 893 suos
1363 854 1588 893 errores
1610 840 1989 910 corrigerent,

342 941 601 996 suosque
631 927 807 980 etiam
840 943 1031 981 mores
1061 931 1374 992 mutarent,
1409 935 1466 982 et
1496 928 1869 984 Timotheum
1905 947 1993 984 ve-

343 1013 600 1070 nientem
635 1015 956 1069 honoriﬁce
977 1016 1365 1086 susciperent,
1392 1022 1474 1083 ut,
1502 1034 1728 1072 reverso
1751 1035 1814 1072 eo
1838 1019 1992 1073 bona

343 1101 412 1156 de
444 1101 559 1156 illis
592 1107 885 1169 narrante,
924 1102 1076 1158 idem
1099 1103 1304 1176 Apollo
1329 1105 1692 1160 occasionem
1716 1106 1893 1161 eundi
1918 1107 1989 1161 ad

339 1206 438 1246 eos
466 1195 740 1246 sumeret.

411 1279 558 1349 (672)
589 1279 893 1350 Sequitur:
936 1281 1178 1350 Vigilate.
1216 1282 1341 1338 Non
1375 1287 1494 1338 tam
1523 1285 1989 1356 corporis,quam

338 1367 533 1439 potius
545 1368 762 1423 mentis
779 1370 947 1424 docet
959 1370 1239 1442 vigiliam.
1265 1373 1574 1442 Sequitur:
1602 1374 1748 1428 State
1761 1376 1819 1428 in
1863 1376 1987 1444 ﬁde.

339 1459 470 1511 Haec
501 1456 656 1511 enim
689 1461 809 1512 tam
841 1456 961 1513 illis
993 1461 1264 1514 convenit
1288 1462 1385 1531 qui
1410 1469 1786 1527 recesserant,
1811 1481 1987 1534 quam

338 1545 433 1601 his
466 1545 564 1617 qui
598 1545 659 1600 in
682 1547 883 1601 eadem
912 1556 1375 1618 permanserant.
1403 1551 1711 1622 Sequitur:
1745 1555 1992 1609 Viriliter

338 1637 501 1705 agite.
533 1634 648 1690 Viri
673 1651 906 1707 quoque
928 1636 986 1691 in
1011 1637 1192 1692 sacris
1218 1639 1536 1711 Scripturis
1561 1658 1660 1711 pro
1696 1642 1986 1712 perfectis,

340 1723 616 1780 mulieres
638 1741 741 1796 pro
762 1725 1121 1796 imperfectis
1145 1729 1328 1799 accipi
1351 1728 1540 1785 solent
1563 1747 1575 1784 :
1599 1735 1656 1785 et
1677 1731 1805 1785 ideo
1826 1730 1986 1801 dicit,

337 1813 596 1880 viriliter,
630 1830 767 1880 non,
794 1831 953 1870 more
985 1815 1321 1881 mulierum,
1363 1819 1667 1885 enerviter,
1703 1836 1767 1873 ac
1799 1819 1988 1874 molli-

337 1906 454 1957 ter:
493 1901 913 1972 Confortamini,
946 1904 1055 1959 hoc
1084 1913 1193 1972 est,
1229 1905 1284 1960 in
1314 1922 1380 1961 ea
1411 1907 1544 1973 ﬁde,
1579 1925 1644 1962 ac
1678 1908 1800 1979 ipse
1842 1908 1988 1981 invi-

339 2007 466 2045 cem
481 1991 836 2047 consolando
853 1994 1331 2049 corroboramini.
1344 1997 1424 2050 Ad
1442 1995 1562 2051 haic
1575 1997 1745 2052 etiam
1763 1997 1988 2065 attinet,

339 2080 493 2150 quod
519 2081 810 2152 sequitur:
843 2081 1041 2138 Omnia
1063 2087 1242 2139 vestra
1264 2085 1324 2138 in
1343 2086 1612 2140 charitate
1630 2086 1793 2154 ﬁant:
1822 2087 1988 2158 quasi

338 2168 606 2225 dixisset:
631 2169 1047 2241 Unusquisque
1071 2189 1183 2227 non
1198 2190 1365 2227 suam
1381 2172 1754 2229 solummodo
1767 2179 1990 2245 quaerat

337 2255 610 2323 salutem,
644 2259 743 2313 sed
771 2258 1017 2315 fratrum
1049 2262 1335 2316 omnium.

407 2346 556 2417 (673)
586 2346 888 2418 Sequitur:
925 2348 1160 2405 Obsecro
1187 2359 1369 2406 autem
1398 2368 1506 2417 vos,
1540 2356 1765 2424 fratres,
1814 2357 1988 2410 nostis

2023 1955 2068 2020 B

335 2433 557 2488 domum
610 2439 925 2505 Stephanm,
985 2446 1036 2492 et
1090 2441 1404 2510 Fortunati,
1459 2447 1566 2496 etc.
1625 2442 1692 2497 Hi
1754 2461 1987 2515 quoque

331 2524 605 2594 primitiae
635 2525 858 2580 Achaiae
889 2525 1188 2596 dicuntur,
1223 2529 1362 2599 quia
1391 2529 1565 2600 primi
1595 2548 1662 2585 ex
1703 2549 1770 2587 ea
1801 2535 1987 2588 credi-

337 2611 584 2667 derunt:
619 2614 681 2668 in
701 2615 1078 2670 ministerium
1096 2618 1263 2671 etiam
1276 2627 1591 2674 sanctorum
1603 2623 1653 2674 si
1668 2623 1808 2691 ipsos
1830 2624 1986 2678 ordi-

335 2705 626 2768 naverunt,
660 2701 798 2773 quia
828 2709 1100 2776 suppteto
1132 2722 1239 2760 sua
1261 2723 1621 2780 suorumque
1644 2711 1987 2766 necessitate

337 2805 586 2861 quaeque
608 2791 819 2847 habere
847 2797 1138 2864 poterant,
1154 2797 1512 2866 pauperibus
1534 2815 1773 2870 erogare
1795 2801 1988 2855 decre-

337 2881 560 2933 verant.
588 2879 653 2934 In
680 2895 746 2936 eo
770 2896 926 2948 vera,
947 2883 1102 2952 quod
1135 2883 1294 2952 dicit,
1318 2890 1380 2939 ut
1409 2890 1462 2940 et
1492 2903 1581 2941 vos
1610 2889 1816 2943 subditi
1842 2891 1984 2954 sitis,

340 2982 455 3020 non
487 2970 608 3022 tam
677 2983 777 3024 eos
837 2970 1127 3040 subditos,
1179 2989 1357 3043 quam
1420 2975 1614 3046 potius
1662 2976 1985 3034 imitatores

337 3071 563 3120 eorum,
597 3061 661 3111 ut
691 3057 836 3114 alios
862 3059 1132 3115 subditos
1166 3061 1442 3130 habeant,
1467 3070 1646 3136 optat.
1674 3067 1984 3138 Sequitur:

339 3142 552 3200 Gaudeo
582 3154 768 3203 autem
799 3149 856 3202 in
887 3151 1187 3219 praesentia
1208 3153 1518 3223 Slephanae,
1554 3158 1660 3208 etc.
1690 3156 1787 3210 Isti
1829 3156 1984 3212 enim

336 3232 419 3301 id,
453 3235 606 3305 quod
637 3235 835 3292 deerat
862 3236 1001 3308 illis,
1035 3240 1425 3310 praedicando,
1458 3247 1515 3297 et
1546 3242 1602 3298 in
1636 3244 1750 3299 ﬁno
1781 3245 1986 3300 conﬁr-

338 3323 534 3379 nando
566 3323 1006 3396 suppleverunt.
1034 3328 1342 3399 Sequitur:
1376 3333 1697 3401 Refecerunt
1738 3336 1888 3388 enim
1934 3343 1985 3391 et
2018 3325 2060 3392 C

336 3425 522 3466 meum
579 3414 861 3484 spiritum,
896 3415 1034 3486 quia
1062 3433 1424 3489 quaecunque
1457 3420 1603 3475 mihi
1655 3426 1985 3478 necessaria

336 3501 1180 3565 sunt,subministraverunt:et
1201 3511 1460 3579 vestrum,
1478 3511 1754 3582 quoniam
1780 3517 1982 3567 vestra:

335 3589 641 3646 charitatis
672 3608 850 3648 causa
878 3593 986 3649 hoc
1021 3601 1286 3667 egerunt.
1321 3598 1635 3669 Sequitur:
1672 3602 1985 3672 Cognoscite

335 3693 464 3748 ergo
495 3681 591 3748 qui
618 3680 886 3750 ejusmodi
913 3691 1074 3750 sunt;
1110 3683 1217 3738 hoc
1249 3690 1355 3750 est,
1381 3686 1680 3753 honorate,
1705 3689 1981 3745 honorem

338 3765 677 3837 impcndite.
703 3768 927 3833 Quibus
957 3772 1148 3826 verbis
1177 3773 1454 3844 ostendit,
1490 3777 1643 3847 quod
1679 3777 1759 3840 hi,
1794 3779 1894 3849 qui
1927 3779 1984 3834 in

313 3854 598 3910 ‘Ecclesia
627 3857 868 3927 majoris
898 3859 1078 3914 studii
1111 3866 1269 3927 sunt,
1301 3863 1388 3917 vel
1420 3869 1592 3930 certe,
1621 3870 1684 3920 ut
1723 3868 1984 3937 doceant,

337 3941 427 3999 vel
452 3948 517 3998 ut
535 3960 643 4000 sua
665 3947 1022 4018 pauperibus
1045 3949 1327 4017 tribuant,
1354 3954 1566 4024 majori
1588 3954 1804 4012 honore
1826 3957 1985 4030 digni

339 4032 594 4088 habendi
627 4039 764 4090 sunt
792 4053 806 4104 ;
843 4038 997 4093 unde
1028 4038 1183 4095 idem
1215 4039 1350 4096 alibi
1379 4057 1392 4099 :
1423 4043 1741 4116 Presbyteri
1777 4047 1992 4117 duplici

339 4121 542 4178 honore
569 4123 726 4194 digni
753 4125 1056 4182 habeantur
1084 4130 1128 4200 (1
1162 4131 1296 4185 Tim.
1335 4148 1384 4200 ν,
1418 4133 1526 4200 17),
1558 4138 1666 4189 etc.

413 4248 566 4392 se;

413 4249 566 4390 (672;
601 4249 684 4303 In.
719 4263 916 4323 autog.
945 4269 1130 4326 marg.
1156 4253 1251 4309 hic
1273 4254 1488 4326 legitur
1503 4274 1629 4330 cap.
1674 4260 1916 4315 LXVIII.

413 4319 542 4390 (673
598 4320 658 4375 In
692 4327 870 4390 autog
902 4340 1086 4390 marg.
1121 4325 1215 4380 hic
1250 4325 1463 4390 legitur
1493 4345 1620 4390 cap.
1655 4331 1843 4387 LXIX.

598 4320 658 4375 In
692 4320 1215 4396 autog'margfhic
1250 4320 1463 4398 legitur
1493 4320 1620 4402 cap.
1655 4331 1843 4387 LXIX.

2103 659 2360 732 Dignum
2394 660 2610 731 quippe
2642 664 2750 725 est,
2779 662 2844 713 ut
2873 656 3141 728 specialis
3164 655 3424 712 Ecclesia
3443 674 3485 712 a
3512 656 3812 729 generali

2101 749 2388 820 suscipiat
2417 747 2852 804 salutationem.
2888 747 3196 801 Praemissa
3226 745 3495 818 generali
3549 744 3805 802 saluta-

2101 837 2279 903 tione,
2315 838 2626 908 subjunxit
2656 835 2992 908 specialem.
3026 836 3327 906 Sequitur:
3365 834 3659 889 Salutant
3707 851 3808 891 vos

2103 927 2337 980 multum
2369 926 2426 980 in
2452 927 2684 981 Domino
2706 924 2929 996 Aquila,
2952 932 3003 980 et
3026 924 3308 992 Priscilla,
3329 927 3439 978 etc.
3471 923 3594 978 Isti
3621 925 3798 979 enim

2102 1015 2349 1069 maritus
2380 1019 2435 1070 et
2465 1032 2608 1070 uxor
2639 1014 2998 1084 intelligendi
3034 1018 3190 1068 sunt.
3229 1013 3294 1066 Hi
3344 1012 3541 1067 etiam
3592 1011 3797 1074 Paulo

2101 1105 2397 1174 conjuncti
2428 1108 2709 1170 erant;et
2742 1103 2881 1174 quia
2939 1118 3164 1173 magnae
3222 1101 3379 1170 ﬁdei,
3433 1102 3798 1173 magnique

2100 1197 2266 1247 erant
2297 1192 2508 1258 meriti,
2542 1192 2672 1246 ideo
2705 1190 3116 1246 salutationem
3150 1206 3354 1245 eorum
3388 1188 3629 1245 direxit
3651 1205 3666 1245 :
3689 1191 3798 1244 do-

2101 1281 2405 1336 mesticam
2438 1280 2672 1336 illorum
2705 1280 3013 1336 ecclesiam
3045 1295 3143 1334 eos
3175 1278 3454 1351 appellat,
3496 1279 3612 1350 qui
3663 1283 3791 1334 tam

2099 1372 2441 1425 eorumdem
2475 1369 2778 1436 doctrinis,
2812 1385 2990 1441 quam
3023 1373 3081 1424 et
3110 1359 3409 1423 alimoniis
3453 1372 3793 1424 sustenta-

2101 1459 2339 1513 bantur.

2172 1549 2477 1618 Sequitur:
2533 1548 2793 1603 Satutant
2851 1563 2940 1603 vos
2985 1550 3189 1618 fratres
3236 1562 3443 1602 omnes.
3511 1545 3791 1618 Dignum

2100 1642 2251 1692 certe
2282 1641 2390 1700 est,
2424 1643 2487 1691 ut
2516 1638 2587 1691 ab
2619 1635 2894 1691 omnibus
2948 1634 3226 1690 fratribus
3287 1633 3417 1689 aliis
3485 1635 3791 1690 omnibus

2099 1725 2376 1781 salutatio
2395 1725 2699 1797 dirigatur,
2719 1725 2898 1790 idest,
2923 1723 3083 1779 salus
3105 1728 3356 1794 optetur.
3382 1727 3541 1778 Post
3565 1739 3784 1779 omnes

2099 1830 2332 1884 quoque
2364 1813 2766 1879 salutationes,
2800 1811 3107 1883 subjunxit
3161 1817 3219 1866 et
3265 1828 3466 1877 suam,
3530 1811 3779 1868 dicens:

2097 1904 2372 1958 Salutatio
2397 1919 2518 1957 mea
2565 1919 2735 1956 manu
2791 1901 2977 1956 Pauli.
3030 1903 3214 1965 Quam
3274 1899 3528 1971 propria
3593 1917 3782 1955 manu

2101 1992 2433 2060 conﬁrmat,
2465 2008 2601 2046 cum
2633 1990 2966 2062 subjunxit:
3001 1990 3063 2044 Si
3083 1991 3203 2061 quis
3231 2006 3346 2043 non
3375 1999 3553 2046 amat
3586 1991 3787 2045 Domi-

2101 2097 2235 2135 num
2263 2083 2441 2136 Jesum
2495 2081 2788 2145 Christum,
2816 2085 2923 2135 etc.
2963 2079 3187 2144 Quibus
3218 2078 3413 2133 verbis
3472 2096 3584 2134 eos
3651 2095 3781 2150 per-

2098 2170 2263 2235 cutit,
2297 2170 2396 2241 qui
2430 2186 2625 2224 amore
2657 2169 2964 2224 hominum
2999 2167 3190 2236 divisi,
3224 2166 3322 2222 alii
3352 2167 3660 2239 Petriani,
3685 2167 3782 2223 alii

2099 2259 2364 2314 Pauliani
2389 2259 2752 2313 dicebantur.
2776 2258 3081 2312 Anathema
3112 2257 3387 2312 Hebrams
3414 2273 3630 2312 sermo
3657 2262 3777 2324 est;

2098 2348 2514 2420 interpretatur
2545 2353 2740 2403 autem
2772 2347 3057 2417 perditus,
3090 2347 3208 2402 sive
3239 2343 3504 2400 alienus.
3575 2351 3778 2402 Maron

2098 2438 2237 2492 Athe
2268 2454 2422 2502 vero,
2455 2454 2572 2491 non
2634 2441 2754 2491 tam
2806 2436 3102 2501 Hebraeus,
3157 2451 3335 2506 quam
3385 2439 3608 2506 Syrus.
3664 2435 3773 2490 Sed

2098 2531 2334 2598 propter
2363 2526 2575 2597 lingua
2609 2525 2893 2580 unitatem
2927 2525 3049 2580 ﬁeri
3084 2528 3293 2596 potest,
3329 2528 3396 2578 ut
3430 2524 3486 2579 si
3530 2541 3772 2596 compo-

2098 2613 2276 2669 situm
2311 2614 2521 2685 linguae
2557 2614 2840 2669 unitatem
2872 2614 2997 2668 ﬁeri
3028 2617 3239 2685 potest,
3286 2617 3352 2666 ut
3412 2612 3469 2668 si
3518 2630 3769 2684 compo-

2098 2703 2276 2758 situm
2309 2719 2378 2757 ex
2412 2703 2649 2757 Hebraeo
2679 2708 2736 2757 et
2791 2707 2953 2774 Syro,
3011 2706 3068 2757 et
3123 2702 3600 2772 interpretetur:
3664 2704 3765 2758 Do-

2099 2794 2280 2846 minus
2300 2799 2490 2846 noster
2510 2793 2688 2846 venit:
2722 2795 2786 2845 ut
2814 2791 2890 2846 sit
2919 2807 3162 2846 sensus:
3198 2791 3254 2844 Si
3285 2792 3426 2861 quis
3457 2809 3586 2847 non
3612 2795 3769 2848 amat

2094 2882 2428 2944 Dominum,
2463 2878 2540 2934 sit
2568 2878 2904 2944 anathema,
2938 2879 3139 2934 Maran
3170 2879 3351 2935 Atha:
3388 2879 3514 2936 hoc
3548 2884 3663 2951 est,
3713 2880 3769 2934 in

2097 2971 2350 3026 adventu
2383 2967 2542 3023 illius
2572 2968 2650 3023 sit
2681 2968 2964 3039 perditus,
2989 2971 3048 3023 et
3077 2969 3429 3024 aconsortio
3455 2970 3765 3040 justorum

2098 3058 2714 3116 alienatus.Adventus
2729 3056 2946 3128 quippe
2963 3057 3267 3126 ejus,sicut
3279 3057 3395 3112 erit
3408 3058 3765 3130 gloriﬁcatio

2095 3148 2410 3211 honorum,
2443 3146 2523 3201 ita
2544 3145 2653 3201 erit
2675 3149 2732 3201 et
2761 3145 3168 3200 condemnatio
3202 3145 3530 3203 malorum.
3568 3148 3636 3202 Et
3661 3148 3766 3202 hoc

2096 3254 2213 3292 non
2237 3236 2494 3308 optantis
2517 3240 2646 3290 voto
2669 3233 2811 3290 dicit
2831 3234 3168 3306 Apostolus,
3192 3235 3292 3288 sed
3318 3237 3534 3306 potius
3551 3237 3763 3308 Spiritu

2100 3324 2488 3398 praedicentis.
2513 3325 2822 3395 Sequitur:
2850 3325 3044 3380 Gratia
3065 3325 3289 3379 Domini
3307 3325 3436 3379 Jesu
3461 3327 3760 3382 vobiscum.

2098 3415 2162 3470 Et
2193 3420 2282 3470 est
2313 3431 2551 3469 sensus:
2586 3418 2704 3468 Hoc
2737 3417 2890 3483 opto,
2925 3417 2989 3467 ut
3019 3411 3318 3484 illagratia
3340 3413 3423 3467 sit
3450 3416 3757 3471 vobiscum

2095 3507 2232 3575 quia
2263 3503 2438 3559 creati
2471 3503 2634 3570 estis,
2669 3519 2902 3573 quaque
2931 3502 3107 3556 etiam
3141 3502 3458 3572 redempti.

2165 3594 2478 3665 Sequitur:
2507 3592 2760 3647 Charitas
2789 3607 2911 3646 mea
2939 3607 3065 3645 cum
3095 3591 3347 3646 omnibus
3379 3593 3562 3648 vobis.
3622 3592 3757 3648 Cha-

2096 3682 2239 3736 ritas
2272 3697 2505 3751 quoque
2538 3678 2700 3734 Pauli
2726 3679 2956 3735 eratsic
2977 3678 3224 3734 aliorum
3247 3685 3456 3751 optare
3479 3681 3752 3744 salutem,

2097 3769 2597 3842 quemadmodum
2631 3785 2800 3823 suam
2819 3769 2987 3840 (674).
3011 3769 3081 3823 Et
3100 3768 3252 3834 ideo,
3279 3770 3337 3822 in
3362 3769 3594 3826 Christo
3613 3771 3754 3833 Iesu,

2098 3858 2264 3931 quasi
2300 3857 2558 3912 diceret:
2593 3858 2670 3912 Ea
2698 3856 2978 3912 charitate
3034 3874 3137 3912 vos
3185 3857 3436 3929 diligite,
3489 3877 3609 3930 qua
3654 3873 3754 3930 ego

2097 3965 2200 4003 vos
2233 3945 2450 4018 diligo;
2483 3945 2592 4000 hoc
2623 3951 2730 4016 est,
2764 3950 2829 4000 ut
2884 3963 3000 4002 non
3052 3947 3246 4002 solum
3299 3952 3594 4012 vestram,
3664 3944 3755 4000 sed

2099 4035 2362 4092 omnium
2397 4035 2743 4090 desideratis
2777 4034 3052 4091 salutem.
3086 4035 3496 4100 Amen,sermo
3521 4039 3613 4092 est
3632 4051 3760 4090 con—

2098 4123 2470 4190 ﬁrmationis,
2507 4140 2621 4194 quo
2655 4123 2854 4178 omnia
2875 4124 3184 4179 conﬁrmat
3205 4125 3544 4196 superiora.

2635 4213 2802 4282 Finit,
2837 4215 2940 4269 Deo
2984 4215 3216 4284 gratias.

2174 4336 2329 4407 (674)
2362 4335 2425 4390 In
2458 4339 2655 4408 autog.
2690 4353 2876 4408 marg.
2909 4335 3005 4391 hic
3036 4335 3252 4407 legitur
3281 4353 3416 4410 cap.
3468 4337 3628 4394 LXX.

340 4437 3757 4481 W

863 4549 1477 4646 EPISTOLA
1547 4553 2130 4652 SECUNDA
2198 4558 2363 4652 AD
2429 4558 3227 4653 COBINTHIOS.

893 4834 1424 4892 ARGUMENTUM.

412 4922 568 4978 Beati
603 4923 764 4979 Pauli
799 4925 1044 4996 apostoli
1079 4927 1397 4981 secundam
1428 4927 1747 4998 Epistolam
1781 4929 1851 4984 ad
1887 4930 1993 4984 Co-

340 5011 593 5067 rinthios
622 5011 851 5082 lecturi,
887 5013 1035 5070 scire
1067 5015 1351 5070 debemus
1400 5015 1783 5072 intentionem
1832 5018 1994 5074 illius

340 5105 646 5170 penetrare
678 5119 782 5157 nos
816 5120 1007 5173 posse,
1032 5105 1079 5158 si
1107 5121 1212 5159 nos
1235 5121 1366 5159 cum
1391 5104 1488 5159 illo
1513 5107 1850 5178 peregrinos
1867 5125 1994 5164 esse

342 5187 690 5243 recolamus.
731 5192 880 5259 (675)
910 5193 1112 5248 Omnis
1145 5195 1326 5258 enim,
1360 5194 1460 5265 qui
1486 5195 1556 5249 ad
1581 5196 1874 5252 ccelestem
1900 5215 1994 5268 pa-

341 5273 513 5329 triam
539 5277 745 5347 tendit,
770 5281 1112 5351 peregrinus
1135 5290 1223 5337 est
1244 5285 1492 5339 mundo:
1519 5290 1573 5340 et
1598 5287 1860 5356 quandiu
1885 5286 1993 5358 hac

340 5364 462 5417 vita
490 5364 695 5432 utitur,
747 5369 912 5437 quasi
968 5370 1024 5423 in
1086 5371 1276 5427 aliena
1333 5374 1522 5444 patria
1571 5379 1989 5432 commoratur.

341 5451 781 5521 Verumtamen,
815 5457 953 5526 quia
978 5457 1098 5513 haec
1129 5460 1247 5515 vita
1277 5462 1672 5518 ineﬁ'abilibus
1704 5462 1876 5536 plena
1906 5469 1995 5520 est

343 5540 642 5613 periculis,
666 5548 843 5613 atque
860 5544 1104 5601 diversis
1125 5548 1584 5618 calamitatibus,
1610 5551 1824 5608 idcirco
1848 5569 1992 5625 pau-

2017 4844 2066 4908 D

2098 4857 2299 4897 corum
2329 4846 2416 4897 est
2447 4857 2602 4909 vere,
2633 4843 3006 4916 perfecteque
3047 4847 3226 4898 Deum
3261 4859 3462 4908 nosse,
3494 4844 3596 4896 aut
3625 4835 3747 4892 dili-

2105 4948 2238 5004 gere
2266 4950 2277 4987 :
2315 4932 2422 4986 hoc
2449 4934 2555 4998 est,
2579 4932 2889 5004 perpaucis
2912 4936 3001 4987 est
3020 4935 3354 5004 praeceptum
3375 4930 3601 4987 Domini
3622 4923 3748 4981 luci-

2101 5020 2232 5076 dum
2266 5021 2596 5075 illuminans
2624 5021 2806 5076 oculos
2838 5021 3005 5087 (Psal.
3040 5037 3199 5091 xvm,
3231 5020 3326 5090 9);
3387 5020 3444 5073 id
3495 5022 3583 5072 est
3628 5027 3748 5085 per-

2103 5110 2275 5181 pauci
2309 5113 2466 5177 eunt,
2497 5110 2596 5180 qui
2630 5110 2713 5164 ita
2745 5111 2994 5182 perfecte
3033 5109 3215 5165 Deum
3267 5109 3640 5180 cognoscant,
3692 5100 3750 5153 ut

2102 5215 2208 5253 nec
2238 5199 2298 5253 in
2334 5199 2452 5266 Dei,
2488 5214 2592 5253 nec
2625 5199 2681 5253 in
2716 5199 2962 5272 proximi
2993 5197 3306 5254 dilectione
3337 5195 3649 5253 offendant.
3681 5189 3748 5240 At

2102 5292 2241 5342 tunc
2273 5287 2353 5353 hi,
2390 5287 2607 5359 quibus
2638 5293 2726 5343 est
2747 5291 3100 5360 praeceptum
3129 5287 3393 5342 lucidum
3419 5281 3744 5339 illuminans

2102 5375 2324 5442 oculos,
2359 5383 2706 5449 agnoscunt,
2741 5378 2882 5450 quia
2909 5378 3190 5434 universw
3218 5379 3326 5433 vise
3357 5373 3576 5430 Domini
3599 5367 3744 5463 mise-

2101 5466 2367 5531 ricordia,
2389 5470 2439 5521 et
2468 5467 2668 5521 veritas
2699 5467 2871 5539 (Psal.
2919 5483 3073 5532 xx1v,
3109 5465 3218 5538 10).
3249 5461 3516 5529 Quibus?
3547 5459 3742 5526 Ριθίμιὶο

2104 5554 2801 5612 rentibustestamentum
2823 5557 2972 5628 ejus,
2996 5552 3405 5612 ettestimonia
3421 5551 3546 5622 ejus
3567 5540 3735 5618 (Ibid).

416 5666 565 5754 (Q75)
596 5669 659 5722 Ῑη
691 5672 890 5739 Eulog.
935 5685 1118 5741 marg.
1174 5671 1386 5744 legitur
1441 5675 1534 5731 hic
1602 5694 1729 5748 cap.
1792 5679 1979 5750 LXXI,
2022 5677 2243 5736 scilicet
2279 5681 2605 5739 numeratis
2639 5681 2886 5753 hujusce
2934 5697 3069 5740 cum
3111 5680 3313 5754 primae
3351 5671 3617 5751 Episton
3655 5680 3733 5721 ce-

344 5739 590 5818 pitibus.
