3902 6410
139 425 249 488 413

684 422 1100 489 EXPOSITIO
1143 425 1222 487 IN
1270 425 1704 488 EPISTOLAS
1750 423 2008 488 PAULI.
2042 455 2121 471 —
2157 423 2238 486 ΙΝ
2283 422 2538 488 EPIST.
2580 424 2634 487 II
2680 425 2785 487 AD
2830 421 3008 486 COR.

3441 418 3565 480 414

207 559 357 632 (676)
385 558 516 616 Haec
549 576 782 632 quoque
814 559 1073 632 Epistola
1101 564 1521 617 testamentum
1554 558 1655 616 Dei
1677 562 1786 628 est,
1818 557 1874 625 Α
1908 559 2030 632 qui,
2065 575 2199 616 cum
2233 559 2304 616 ad
2336 559 2592 631 aliquem
2627 555 3036 615 ecclesiastica
3085 553 3391 628 dignitatis
3420 569 3562 627 gra-

141 655 196 708 et
229 649 414 706 multa
447 649 507 704 in
531 666 601 706 ea
629 649 728 706 Dei
756 650 1095 706 testimonia
1115 652 1507 707 continentur.
1544 650 1629 706 Illi
1658 667 1794 721 ergo

142 739 352 813 quibus
383 745 474 796 est
505 745 860 812 praeceptum
883 741 1115 797 Domini
1148 739 1413 796 lucidum
1448 741 1796 797 illuminans

142 828 356 896 oculos,
390 834 448 884 et
478 829 580 902 qui
612 830 922 901 requirunt
945 836 1363 886 testamentum
1395 831 1518 898 Dei,
1543 835 1600 886 et
1631 831 1794 887 testi-

141 918 333 975 monia
361 921 512 986 ejus,
539 920 757 990 quique
780 920 956 976 etiam
991 937 1158 976 suam
1189 925 1516 991 agnoscunt
1541 921 1794 992 peregri-

141 1009 454 1072 nationem,
489 1008 668 1079 huius
707 1015 956 1080 possunt
987 1010 1245 1082 Apostoli
1271 1015 1575 1082 penetrare
1598 1009 1792 1067 inten-

139 1098 373 1168 tionem,
410 1099 690 1169 quoniam
722 1097 862 1154 alibi
891 1115 1132 1171 corpore
1174 1100 1534 1167 detinentur,
1567 1104 1623 1155 et
1652 1099 1792 1156 alibi

139 1192 328 1242 mente
356 1187 750 1259 delectantur,
771 1189 1275 1260 quemadmodum
1295 1189 1420 1260 ipse
1451 1189 1789 1260 Apostolus.

136 1279 497 1349 Quapropter
526 1276 631 1347 illi,
667 1277 766 1348 qui
818 1294 1080 1350 corpore,
1115 1282 1172 1333 et
1223 1282 1415 1333 mente
1450 1280 1671 1334 mundo
1702 1279 1790 1334 in-

137 1366 373 1431 haerent,
410 1366 778 1438 impossibile
828 1371 936 1436 est,
971 1372 1034 1422 ut
1063 1367 1252 1440 ipsius
1300 1368 1569 1440 Apostoli
1600 1369 1788 1424 inten-

133 1455 345 1510 tionem
380 1460 689 1529 penetrare
722 1455 971 1528 possint.

200 1542 404 1600 Sciens
437 1549 631 1600 autem
665 1545 982 1617 Apostolus
1014 1563 1206 1612 suam,
1242 1563 1420 1618 quam
1453 1547 1521 1601 ad
1558 1545 1789 1617 plebem

134 1632 566 1690 Corinthiorum
598 1635 1025 1707 corrigendam,
1046 1641 1282 1708 propter
1305 1634 1520 1691 multos
1551 1635 1788 1690 illorum

135 1738 378 1793 errores,
416 1722 658 1792 dixerat,
695 1725 1009 1796 profecisse
1058 1723 1393 1795 epistolam,
1447 1729 1615 1797 parat
1643 1723 1786 1778 diri-

135 1826 264 1884 gere
293 1812 616 1868 secundam
650 1814 721 1869 ad
753 1814 1251 1870 corroborandum
1279 1831 1482 1870 eorum
1515 1814 1787 1870 obedien-

1905 648 2046 704 dum
2111 649 2476 722 perveniunt,
2522 654 2579 704 et
2639 664 2739 721 per
2785 646 2983 703 omnia
3039 645 3402 701 voluntatem
3461 641 3560 699 Dei

1906 739 2230 811 adimplere
2274 740 2533 805 student,
2570 739 2639 794 ad
2689 737 2964 793 eumdem
3013 735 3208 791 divina
3257 735 3558 791 voluntate

1904 828 2133 885 venisse
2163 829 2438 884 credendi
2470 840 2629 885 sunt.

1975 947 2298 1016 Sequitur:
2358 948 2422 1000 Et
2474 945 2786 1002 Timotheus
2831 946 3026 1016 frater.
3081 941 3558 998 Animadverten-

1904 1035 2070 1101 dum,
2089 1035 2227 1108 quia
2256 1051 2318 1092 se
2347 1032 3106 1107 Apostolum,Timotheum
3130 1031 3370 1086 fratrem
3393 1029 3558 1097 dicit,

1904 1125 2182 1196 quoniam
2235 1127 2406 1181 ambo
2459 1126 2629 1194 servi,
2681 1124 2854 1180 ambo
2881 1120 3129 1194 apostoli
3162 1138 3174 1187 ;
3210 1120 3312 1175 sed
3362 1124 3560 1174 tamen

1903 1231 2019 1269 non
2046 1215 2224 1270 unius
2267 1214 2591 1286 dignitatis.
2627 1213 2778 1268 lllud
2830 1213 3006 1268 etiam
3059 1209 3386 1273 sciendum,
3419 1207 3560 1279 quia

1901 1302 1996 1357 hic
2010 1303 2323 1374 separatim
2355 1303 2732 1358 Timotheum
2751 1302 3049 1366 nominat;
3077 1297 3558 1371 Philippensihus

1901 1391 2186 1462 scribens,
2220 1392 2332 1448 sibi
2354 1392 2682 1463 conjungit,
2705 1397 2762 1446 et
2790 1391 2998 1446 ambos
3029 1404 3224 1444 servos
3254 1392 3437 1443 vocat.
3463 1385 3558 1442 Sic

1901 1481 2056 1536 enim
2079 1481 2161 1538 ait
2193 1497 2207 1538 :
2241 1482 2452 1537 Paulus
2467 1485 2520 1536 et
2548 1480 2855 1537 Timotheus
2869 1480 3015 1536 servi
3033 1478 3238 1534 Christi
3251 1477 3400 1532 Jesu.
3423 1475 3556 1532 Ideo

1901 1571 2022 1627 haec
2052 1570 2170 1643 egit
2197 1570 2512 1643 Apostolus
2553 1571 2693 1642 quia
2742 1568 2824 1624 illi
2860 1569 2920 1624 in
2951 1566 3116 1623 nullo
3163 1565 3556 1630 deviaverant,

1899 1663 1956 1715 et
1985 1666 2292 1732 propterea
2317 1665 2480 1716 tanta
2502 1659 2820 1716 auctoritas
2839 1674 2953 1713 non
2987 1661 3111 1713 erat
3131 1655 3215 1710 eis
3249 1657 3555 1710 montran-

1899 1749 2021 1803 da:
2058 1749 2150 1804 isti
2202 1766 2356 1814 vero,
2408 1749 2567 1821 quia,
2600 1748 2660 1802 in
2711 1748 2914 1802 multis
2964 1746 3316 1810 erraverant,
3371 1741 3560 1798 multa

1899 1836 2016 1893 illis
2045 1843 2169 1893 erat
2188 1838 2509 1894 auctoritas
2531 1836 3010 1893 demonstranda.
3032 1834 3182 1890 Nota
3211 1831 3560 1902 etiam,quia

135 1900 291 1998 ΨΜ
328 1901 431 1998 Ita-
453 1906 648 1998 tam”
699 1904 1235 1998 conformlwmm,
1271 1903 1692 1998 0*??dientiam»
1725 1907 1789 1958 ut
1817 1927 1868 1994 B
1898 1945 2032 1984 cum
2064 1928 2163 1984 illo
2185 1927 2392 1984 scribit
2423 1927 2765 1992 secundam,
2789 1941 2892 1998 per
2912 1939 3088 1995 quem
3121 1922 3413 1977 direxerat
3434 1900 3556 1990 pri—

133 1988 364 2045 illorum
398 1991 636 2048 denotet
668 1993 1239 2066 contumaciam,qui
1272 1993 1465 2048 adhuc
1497 2010 1636 2048 suos
1660 2010 1788 2065 pra-

131 2095 228 2134 vos
257 2085 428 2136 actus
462 2081 752 2155 corrigere
804 2081 1130 2138 noluerant.
1166 2083 1316 2138 Illud
1366 2087 1565 2138 tamen
1598 2081 1785 2138 scien-

133 2166 293 2235 dum,
321 2169 464 2241 quia
495 2171 605 2226 hac
639 2188 738 2243 spe
770 2171 1112 2228 sublevatus
1143 2176 1232 2228 est
1278 2171 1614 2244 Apostolus,
1648 2172 1791 2243 quia

133 2257 352 2314 audivit
384 2275 486 2315 eos
518 2261 774 2316 maxime
802 2277 871 2316 ea
920 2262 1242 2317 correxisse
1275 2279 1401 2332 quae
1434 2261 1685 2316 attinent
1715 2260 1786 2315 ad

133 2348 418 2416 ordinem,
452 2354 510 2404 et
534 2349 880 2421 dignitatem
904 2349 1361 2406 ecclesiasticam
1389 2367 1401 2404 :
1431 2355 1485 2406 et
1510 2351 1640 2405 ideo
1671 2367 1788 2405 non

132 2436 456 2504 difﬁdebat,
491 2442 553 2492 ut
587 2437 868 2508 paulatim
909 2455 1110 2494 eorum
1167 2440 1598 2511 corrigerentur
1627 2439 1785 2494 vitia.

132 2525 292 2590 Nam,
331 2525 476 2597 quia
507 2526 728 2592 omnia,
762 2544 886 2598 quis
920 2529 991 2582 ad
1024 2528 1288 2583 ordinem
1322 2528 1785 2584 ecclesiasticum

132 2614 400 2680 attinent,
458 2622 848 2683 correxerant,
885 2635 1021 2689 spes
1071 2619 1322 2673 dabatur
1369 2617 1672 2690 apostolis,
1725 2623 1789 2673 ut

130 2702 260 2759 vitia
289 2708 350 2759 et
384 2720 578 2759 mores
606 2721 806 2760 corum
835 2705 893 2760 in
928 2707 1122 2762 futuro
1154 2705 1602 2778 corrigerentur.

195 2793 714 2850 Festinavit‘etiam
742 2793 1024 2850 hancillis
1044 2795 1359 2850 secundam
1386 2795 1636 2868 dirigere
1661 2796 1784 2868 Epi-

130 2881 357 2949 stolam,
376 2883 660 2955 quoniam
688 2883 745 2938 in
772 2884 962 2956 prima
983 2883 1443 2939 duriusfuerunt
1473 2884 1778 2958 increpati,

128 2970 497 3044 nimiumque
526 2973 887 3029 contristati:
922 2979 1236 3045 quatenus,
1261 2975 1403 3029 dum
1427 2989 1488 3029 se
1519 2975 1591 3029 ab
1626 2984 1778 3046 Apo-

127 3060 266 3117 stolo
297 3061 466 3134 diligi
514 3063 808 3130 audirent,
840 3079 978 3135 erga
1025 3063 1210 3119 bonos
1241 3069 1406 3120 actus
1452 3064 1778 3121 devotiores

128 3149 344 3218 ﬁerent,
378 3156 437 3207 et
470 3151 528 3206 in
581 3151 770 3208 fructu
821 3154 1174 3224 pcenitentiee
1221 3155 1586 3226 proficerent,
1629 3172 1774 3226 quo-

127 3238 278 3296 niam
310 3257 448 3296 vera
480 3241 823 3313 ptenitentia
844 3247 934 3298 est
965 3243 1186 3299 malum
1221 3245 1506 3313 deserere,
1536 3245 1776 3301 interve-

127 3328 316 3385 niente
331 3329 556 3386 dolore.
588 3335 720 3386 Haec
748 3336 943 3387 tamen
964 3332 1216 3388 maxime
1235 3350 1413 3388 causa
1435 3333 1544 3388 fuit
1564 3335 1779 3390 descri-

127 3418 320 3485 bendi,
347 3436 415 3474 ac
438 3418 728 3491 dirigendi
748 3421 1104 3490 Epistolam;
1131 3423 1270 3494 quia
1291 3424 1557 3479 doctores
1579 3440 1782 3479 eorum

131 3524 231 3580 pro
262 3507 518 3564 aliorum
568 3509 824 3582 peccatis
872 3511 1080 3566 durius
1110 3512 1345 3567 fuerant
1395 3513 1694 3585 increpati,
1728 3517 1787 3568 et

133 3596 384 3653 multum
419 3598 772 3654 contristati.
797 3599 905 3664 Qui
937 3599 1114 3656 etiam
1147 3619 1217 3657 ne
1249 3602 1477 3668 durius,
1515 3609 1615 3658 aut
1637 3619 1788 3674 aegre

136 3685 366 3753 ferrent,
398 3703 466 3744 se
498 3687 693 3759 ipsum
726 3687 844 3744 illis
893 3693 1198 3762 proposuit
1228 3691 1583 3763 exemplum,
1618 3692 1788 3764 quasi

136 3775 372 3833 dixisset
405 3793 419 3833 :
455 3776 583 3832 Non
617 3778 848 3846 durius,
882 3796 997 3834 non
1029 3796 1178 3852 aegre
1209 3780 1492 3847 feratis,si
1525 3799 1628 3853 pro
1652 3781 1792 3837 alio-

137 3881 260 3920 rum
291 3867 553 3939 peccatis
602 3867 797 3924 fuistis
849 3868 1172 3940 increpati;
1207 3887 1342 3925 cum
1391 3886 1497 3943 ego
1530 3871 1790 3943 quotidie

138 3955 378 4012 diversis
411 3955 715 4028 periculis,
748 3975 815 4012 ac
847 3958 1019 4013 morti
1053 3960 1412 4030 subjaceam.
1446 3960 1554 4024 Qui
1587 3960 1785 4029 etiam,

139 4049 199 4100 ut
218 4061 278 4101 se
295 4047 634 4102 ostenderet
655 4047 805 4102 bona
826 4048 898 4102 de
919 4046 1039 4103 illis
1061 4049 1390 4114 sentire,sic
1411 4065 1654 4104 exorsus
1676 4054 1786 4117 est,

139 4134 591 4208 dicens:(CAP.I.)
611 4137 822 4192 Paulus
840 4136 1526 4210 apostolus.Jamjamque
1547 4155 1790 4194 securus

139 4223 204 4279 de
230 4241 430 4281 eorum
464 4225 866 4293 conversione,
897 4233 955 4282 et
1000 4228 1430 4295 emendatione,
1463 4244 1527 4284 se
1558 4243 1792 4300 quoque

137 4313 494 4386 Apostolum,
521 4331 637 4370 non
660 4319 856 4371 tamen
874 4322 1148 4371 vocatum
1173 4315 1336 4374 dicit.
1353 4318 1499 4372 Nam
1534 4317 1672 4388 quia
1692 4317 1790 4372 de-

138 4401 449 4471 viaverunt,
483 4407 755 4460 vocatum
779 4405 1093 4461 audierunt
1126 4422 1138 4461 :
1172 4407 1406 4478 et,quia
1434 4423 1496 4462 se
1525 4423 1792 4462 correxe-

142 4499 291 4558 runt,
323 4495 703 4550 solummodo
760 4495 1009 4568 apostoli
1042 4495 1293 4550 audiunt
1322 4497 1492 4567 (677).
1527 4497 1580 4552 Is
1610 4496 1791 4562 enim,

141 4585 203 4637 ut
229 4583 318 4638 sui
349 4583 724 4656 apostolatus
757 4585 1164 4641 auctoritatem
1194 4585 1588 4652 confirmaret,
1619 4590 1677 4641 et
1708 4602 1794 4640 ra-

1901 2033 2082 2072 mam.
2113 2019 2302 2083 Quare
2350 2015 2519 2071 hinc?
2549 2013 2851 2079 Videlicet,
2885 2018 2950 2067 ut
2998 2011 3333 2066 ostenderet
3374 2007 3554 2080 quod,

1897 2105 1998 2162 illo
2031 2111 2326 2172 narrante,
2356 2106 2508 2160 bona
2538 2104 2608 2158 de
2639 2103 2784 2173 ipsis
2815 2099 3086 2157 audierit.

1972 2221 2292 2292 Sequitur:
2339 2221 2588 2275 Ecclesiae
2640 2219 2756 2285 Dei,
2809 2221 2917 2273 etc.
2970 2214 3285 2271 Corinthus
3335 2217 3554 2268 metro-

1900 2309 2049 2381 polis
2080 2314 2169 2365 est
2212 2309 2444 2364 Achaia:
2495 2306 2824 2380 provinciae,
2859 2310 2917 2360 et
2969 2304 3118 2372 ideo,
3152 2303 3293 2358 dum
3346 2300 3554 2356 scribit

1900 2398 2172 2454 Ecclesiae
2203 2397 2662 2461 Corinthiorum,
2696 2393 2899 2450 scribit
2931 2397 2988 2449 et
3034 2393 3214 2448 totius
3247 2389 3554 2463 provinciae

1899 2487 2352 2543 habitatoribus.
2388 2487 2629 2558 Propter
2659 2485 2778 2540 haec
2809 2488 2866 2540 ct
2895 2481 3235 2552 subjunxit:
3269 2481 3414 2535 Cum
3433 2495 3557 2534 san-

1897 2579 2000 2632 ctis
2030 2578 2302 2642 omnibus,
2339 2580 2448 2630 etc.
2485 2580 2757 2629 Attamen
2787 2572 2932 2627 illud
2966 2576 3056 2626 est
3085 2569 3556 2626 animadverten-

1896 2667 1970 2721 du
1983 2683 2248 2738 m,quare
2261 2664 2578 2720 Ecclesiam
2592 2662 3028 2719 Corinthiorum
3044 2659 3264 2716 sanctis
3276 2657 3554 2714 omnibus

1887 2756 2190 2827 junxerit;
2223 2755 2512 2820 videlicet,
2539 2753 2678 2826 quia
2701 2751 2924 2807 audivit
2953 2767 3052 2806 eos
3071 2747 3407 2821 proiecisse.
3426 2744 3552 2801 Alio

1893 2859 2026 2899 vero
2066 2861 2268 2911 sensu,
2303 2843 2457 2915 quod
2511 2843 2613 2911 ait,
2646 2859 2769 2896 cum
2813 2840 3012 2896 sanctis
3058 2839 3328 2902 omnibus,
3363 2838 3557 2908 potest

1891 2933 2114 2989 dictum
2149 2935 2297 3006 (678)
2331 2933 2400 2988 de
2431 2931 2857 2998 sacerdotibus,
2885 2945 3138 3000 quorum
3173 2926 3430 3000 primum
3465 2927 3557 2979 est

1887 3022 2155 3078 invocare
2170 3039 2382 3078 nomen
2406 3020 2651 3076 Domini.
2667 3020 2923 3086 Nam,ne
2944 3017 3279 3073 viderentur
3299 3032 3333 3070 a
3354 3013 3553 3069 minus

1886 3113 2350 3185 intelligentibus
2398 3109 2799 3182 praetermissi,
2836 3124 2970 3163 cum
3013 3105 3264 3161 fuissent
3315 3104 3554 3159 nomine

1889 3202 2158 3257 Ecclesiae
2190 3199 2620 3271 comprehensi,
2644 3199 2776 3254 ideo
2801 3196 3108 3268 subjunxit
3135 3212 3148 3250 :
3186 3195 3322 3250 Cum
3349 3193 3554 3248 sanctis

1811 3291 1856 3362 α
1894 3289 2166 3344 omnibus.
2227 3286 2511 3343 Similiter
2562 3285 3038 3357 Philippensihus
3086 3283 3371 3349 scribens,
3423 3281 3554 3336 ait:

1890 3379 2026 3435 Cum
2053 3379 2344 3449 episcopis,
2367 3381 2422 3431 et
2449 3375 2790 3430 diaeonibus.
2807 3373 3085 3446 Sequitur
3117 3389 3129 3428 :
3166 3371 3356 3427 Gratia
3376 3371 3551 3438 vobis,

1894 3472 2004 3523 etc.
2040 3467 2232 3522 Unum
2282 3471 2371 3521 est
2400 3481 2550 3537 opus
2598 3464 2806 3529 Patris,
2839 3467 2894 3518 et
2927 3461 3051 3518 Filii
3081 3486 3095 3529 ;
3130 3466 3436 3534 propterea
3465 3460 3553 3514 di-

1896 3557 1976 3612 cit
2011 3573 2022 3611 :
2057 3557 2096 3611 Α
2125 3557 2229 3611 Deo
2259 3557 2444 3620 Patre,
2476 3557 2530 3608 et
2558 3555 2619 3608 in
2649 3554 2880 3608 Domino
2908 3554 3033 3608 Jesu
3065 3551 3300 3606 Christo.

1970 3684 2118 3753 (679)
2170 3679 2450 3752 Sequitur
2501 3696 2512 3734 :
2565 3677 2893 3735 Benedictus
2940 3677 3099 3743 Deus,
3130 3676 3260 3730 'etc.
3313 3672 3555 3730 Talibus

1895 3770 2090 3828 verbis
2117 3775 2340 3826 textum
2364 3786 2481 3824 suae
2513 3766 2782 3840 Epistolas
2810 3781 3126 3839 aggressus
3147 3769 3237 3820 est
3264 3763 3554 3820 ordinare.

1898 3859 2008 3918 Ubi
2043 3859 2388 3924 notandum,
2419 3857 2560 3929 quia
2598 3873 2758 3912 more
2787 3856 2958 3912 solito
3008 3855 3354 3928 mysterium
3387 3857 3558 3909 rectas

1899 3948 2033 4004 ﬁdei
2067 3951 2398 4002 monstrare
2429 3945 2675 4000 curavit.
2714 3945 3000 4016 Loquitur
3029 3944 3187 4000 enim
3219 3944 3291 3998 de
3322 3948 3434 3998 Deo
3460 3942 3559 3998 Pa-

1899 4043 2007 4107 tre,
2040 4043 2098 4092 et
2127 4035 2298 4092 donis
2329 4035 2538 4106 ipsius,
2571 4040 2630 4089 et
2660 4034 2910 4090 Domino
2939 4033 3079 4088 Jesu
3110 4032 3362 4098 Christo,
3395 4031 3557 4088 locu-

1899 4131 2072 4183 turus
2102 4125 2379 4196 deinceps
2429 4125 2500 4178 de
2547 4123 2768 4194 Spiritu
2823 4127 3048 4193 sancto,
3099 4121 3369 4193 quamvis
3408 4125 3466 4177 et
3497 4120 3558 4176 in

1901 4215 2071 4272 donis
2102 4214 2292 4286 ipsius
2318 4213 2571 4284 Spiritus
2594 4217 2837 4267 sanctus
2859 4210 3234 4282 intelligatur.
3265 4211 3427 4277 Quod
3454 4226 3558 4265 au-

1897 4309 2014 4360 tem
2045 4303 2186 4358 dicit
2219 4319 2232 4358 :
2268 4301 2590 4358 Benedictus
2639 4306 2805 4368 Deus,
2838 4305 2888 4356 et
2936 4302 3120 4369 Pater,
3155 4304 3288 4365 etc.,
3322 4299 3557 4354 duobus

1899 4393 2092 4450 modis
2123 4396 2313 4464 potest
2342 4390 2627 4462 distingui
2648 4393 2705 4445 et
2732 4388 3000 4460 intelligi.
3028 4387 3355 4444 Benedictus
3387 4390 3558 4456 Deus,

1901 4499 2096 4538 rerum
2129 4485 2354 4535 creator
2381 4479 2670 4548 omnium,
2691 4477 2791 4548 qui
2824 4481 2912 4532 est
2940 4479 2989 4531 et
3022 4480 3186 4530 Pater
3213 4476 3437 4530 Domini
3458 4491 3561 4531 no-

1899 4572 2004 4626 stri
2031 4575 2167 4627 Jesu
2191 4569 2399 4624 Christi
2425 4586 2438 4634 ;
2471 4567 2582 4621 hoc
2613 4570 2721 4635 est,
2756 4565 3038 4630 Verbum,
3062 4565 3218 4636 quod
3250 4569 3375 4619 erat
3405 4564 3561 4620 Deus

143 4675 254 4728 tam
275 4651 542 4745 ejusdem
566 4674 917 4746 dignitatem
931 4691 1060 4730 esse
1081 4676 1722 4747 monstraret,subjunx

1996 4658 2282 4732 principio
2313 4656 2466 4728 apud
2521 4655 2771 4710 Patrem.
2805 4654 2910 4710 Sed
2943 4654 3052 4710 hoc
3104 4671 3220 4709 non
3255 4653 3386 4709 ideo
3417 4651 3562 4708 dici-

143 4766 242 4816 Per
269 4765 605 4820 voluntatem
636 4765 755 4819 Dei.
803 4763 950 4819 Nam
1001 4781 1117 4819 non
1148 4781 1374 4828 omnes,
1409 4765 1508 4836 qui
1543 4763 1793 4836 apostoli

144 4849 431 4920 dicuntur,
464 4869 570 4926 per
597 4852 958 4909 voluntatem
991 4853 1089 4908 Dei
1124 4857 1282 4909 sunt.
1320 4853 1450 4909 Sive
1481 4854 1630 4920 ideo,
1674 4855 1793 4925 Dei,

143 4944 204 4996 ut
231 4944 566 4999 ostenderet
589 4959 652 4999 se
681 4959 796 4998 non
830 4942 1024 4999 solum
1048 4943 1119 4998 ab
1150 4943 1385 4999 homine
1406 4943 1634 5000 Christo
1655 4960 1794 5014 apo-

143 5030 352 5088 stolum
383 5032 748 5104 factum,sed
780 5031 958 5088 etiam
991 5048 1024 5086 a
1055 5032 1301 5088 Deo.Sic
1333 5033 1509 5087 etiam
1542 5032 1667 5105 ipse
1694 5033 1794 5088 Dei

144 5119 315 5177 Filius
347 5121 616 5195 loquitur
644 5121 882 5178 Judaais.
919 5122 1139 5187 Omnia,
1170 5121 1380 5194 inquit,
1415 5137 1540 5193 quae
1585 5122 1796 5193 placita

142 5215 258 5265 sunt
303 5212 376 5280 ei,
405 5214 556 5282 facio
601 5228 817 5284 semper
863 5212 1044 5284 (Joan.
1091 5228 1213 5278 vm,
1246 5212 1358 5282 29).
1395 5210 1612 5268 Paulus
1661 5227 1793 5266 vero

145 5312 240 5368 per
283 5300 648 5357 voluntatem
680 5301 781 5358 Dei
814 5317 878 5358 se
925 5305 1200 5357 vocatum
1246 5301 1386 5357 dicit
1437 5300 1791 5372 apostolum,

144 5387 273 5456 quia
301 5405 404 5462 per
431 5390 632 5447 omnia
659 5389 1021 5448 voluntatem
1052 5389 1154 5447 Dei
1185 5389 1488 5463 implebat.
1512 5389 1603 5446 Illi
1633 5406 1794 5464 ergo,

232 5623 356 5696 676)
393 5623 452 5679 In
474 5627 694 5696 autog.
718 5639 905 5696 marg.
937 5623 1032 5680 hic
1063 5622 1280 5696 legitur
1309 5639 1434 5695 cap.
1473 5623 1685 5696 LXXII.

151 5694 358 5824 tul(£3.77)
387 5694 965 5770 Subintelligendum
998 5694 1246 5755 fortasse
1275 5694 1492 5768 nomen,
1516 5695 1603 5753 vel
1636 5695 1796 5754 aliud

1906 4767 2062 4816 mus,
2097 4753 2162 4804 ut
2191 4746 2345 4803 alius
2378 4747 2454 4802 sit
2502 4761 2697 4801 sermo
2729 4744 3081 4817 suscipiens,
3113 4748 3171 4798 et
3202 4741 3354 4799 alius
3385 4741 3561 4799 homo

1905 4843 2253 4911 susceptus;
2287 4836 2389 4891 sed
2417 4839 2652 4908 propter
2675 4834 3113 4889 distinctionem
3147 4837 3564 4902 naturm,nunc

1905 4930 2196 4992 excelsus,
2230 4942 2384 4981 nunc
2432 4924 2677 4980 humilis
2731 4923 3098 4995 praedicatur.
3133 4923 3302 4977 Pater
3343 4920 3564 4976 miseri-

1906 5017 2238 5076 cordiarum.
2273 5015 2420 5073 Nota
2447 5015 2586 5086 quia
2616 5030 2650 5068 a
2680 5028 2740 5067 re
2771 5011 3048 5084 ipsa,hoc
3079 5010 3276 5076 est,ab
3307 5008 3438 5082 ipsa
3459 5026 3568 5066 sua

1902 5107 2234 5164 intentione
2269 5103 2530 5168 inchoat,
2564 5103 2770 5156 dicens
2807 5117 2818 5154 :
2854 5101 3025 5154 Pater
3052 5097 3563 5154 misericordiarum

1907 5202 2220 5270 quatenus,
2254 5195 2394 5249 dum
2430 5191 2512 5246 illi
2549 5191 2820 5246 audirent
2852 5195 3031 5244 Deum
3059 5205 3174 5244 non
3207 5186 3399 5244 solum
3433 5204 3566 5244 esse

1906 5304 2102 5343 rerum
2133 5282 2401 5342 omnium
2449 5284 2793 5346 creatorem,
2828 5279 2929 5335 sed
2964 5278 3195 5335 Patrem
3229 5277 3565 5334 misericor-

1905 5376 2162 5446 diarum,
2195 5371 2662 5437 sublevarentur,
2689 5374 2746 5425 et
2773 5369 3233 5425 consolationem
3266 5370 3558 5440 caperent.

2001 5608 2128 5678 678)
2159 5602 2528 5678 Subauditur
2555 5618 2688 5669 esse,
2710 5603 2805 5678 vel
2831 5603 3100 5678 intelligi.

2001 5674 2128 5753 679)
2161 5677 2221 5735 In
2256 5680 2452 5746 autog.
2491 5688 2675 5746 marg.
2709 5674 2804 5732 hic
2831 5675 3044 5748 legitur
3073 5689 3196 5746 cap.
3236 5675 3273 5728 I.
