3902 6466
315 458 445 533 415'
1338 484 1678 549 ATTONIS
1724 460 2313 548 VERGELLENSIS
2356 478 2713 546 EPISCOPI
3655 478 3773 545 416

316 607 726 668 Animadverte
748 613 927 671 etiam
959 617 1097 689 quia
1128 636 1243 675 non
1276 620 1683 677 misericordiae
1713 621 1968 688 Patrem,
2000 627 2053 693 Α
2084 616 2242 689 quia,
2263 615 2417 674 sicut
2445 633 2623 674 causa
2640 616 2847 674 salutis
2870 632 3111 673 suorum
3137 615 3491 673 auditorum
3515 614 3771 674 tribula-

320 699 421 753 sed
456 698 991 762 misericordiarum
1043 724 1171 765 esse
1219 710 1379 777 dicit,
1414 710 1633 766 scilicet
1684 710 1823 781 quia
1854 727 1968 764 non
2082 708 2318 773 bantur,
2341 707 2423 761 sic
2455 711 2511 761 et
2539 724 2740 761 eorum
2766 723 2944 761 causa
2965 704 3172 761 salutis
3198 707 3269 761 ab
3304 705 3550 762 eisdem
3579 704 3766 762 tribu-

320 786 512 843 solum
546 788 603 844 in
638 792 992 864 baptismate
1024 802 1257 868 peccata
1291 801 1554 872 remittit,
1580 802 1679 855 sed
1713 799 1884 855 etiam
1912 799 1970 852 in
2082 795 2401 851 lationibus
2425 796 2801 865 eruebantur,
2826 798 2883 849 et
2913 793 3035 850 suis
3060 795 3473 850 reddebantur
3502 812 3517 863 ;
3558 800 3770 866 quate-

320 876 706 950 pmnitudine,
742 887 798 936 et
845 884 1036 939 cordis
1085 888 1469 955 contritione;
1504 889 1623 945 sive
1670 890 1809 961 quia
1856 904 1972 942 non
2084 902 2197 939 nus
2228 884 2338 956 ipsi
2372 885 2427 938 in
2465 885 2575 939 fide
2625 886 3160 939 corroborarentur.
3198 882 3351 938 lllud
3388 900 3541 938 sane
3578 885 3767 940 scien-

323 964 513 1020 solum
547 974 783 1038 peccata
832 973 1098 1041 dimittit,
1133 976 1233 1031 sed
1267 982 1320 1032 et
1353 978 1585 1049 pristini
1635 979 1852 1051 gradus
1885 978 1972 1031 di-
2084 974 2247 1045 dum,
2277 974 2415 1045 quia
2446 979 2781 1028 sanctorum
2813 972 3260 1045 praedicatorum
3286 971 3767 1042 afflictio,tribu-

322 1053 602 1124 gnitatem
636 1058 861 1126 reddit;
897 1061 1015 1116 sive
1058 1064 1196 1134 quia
1248 1082 1363 1121 non
1396 1068 1594 1132 unius,
1628 1072 1728 1122 aut
1758 1081 1971 1138 pauco-
2085 1062 2249 1128 latio,
2272 1079 2335 1117 ac
2368 1063 2583 1134 passio,
2610 1062 2952 1118 scandalum
2973 1066 3197 1134 poterat
3218 1078 3353 1117 esse
3374 1060 3762 1132 auditorum;

323 1159 476 1213 rum,
510 1146 610 1201 sed
644 1147 987 1220 multorum,
1021 1153 1139 1207 imo
1186 1156 1450 1211 omnium
1486 1162 1855 1229 peccatorum
1887 1162 1976 1211 est
2085 1151 2243 1224 quia,
2277 1152 2417 1206 dum
2454 1169 2593 1207 suos
2625 1153 2891 1207 doctores
2921 1152 3195 1207 videbant
3221 1152 3277 1209 vi
3316 1167 3673 1223 oppressos,
3701 1168 3765 1207 ac

323 1232 628 1290 relaxatur.
2087 1240 2339 1299 diversis
2372 1241 2660 1297 laceratos
2690 1240 3110 1309 tormentis,illi
3134 1239 3516 1313 quoque,qui
3544 1241 3765 1297 inﬁrmi

398 1323 674 1395 Sequitur
708 1344 721 1382 :
750 1329 816 1383 Et
847 1330 984 1385 Deus
1035 1334 1198 1388 totius
1245 1336 1657 1391 consolationis.
1696 1334 1976 1389 Animad-
2087 1334 2253 1385 erant
2282 1329 2344 1384 in
2375 1330 2511 1400 fide,
2546 1330 2929 1385 scandalizari
2963 1333 3270 1403 poterant;
3306 1345 3379 1385 eo
3413 1330 3580 1401 quod
3616 1329 3765 1402 ipso-

325 1417 479 1467 verte
504 1414 662 1484 quia,
696 1432 831 1472 cum
867 1423 1009 1475 Deus
1037 1424 1207 1477 totius
1226 1425 1618 1479 consolationis
1647 1424 1805 1488 dicit,
1828 1421 1975 1477 mul-
2087 1436 2218 1473 rum
2256 1418 2707 1490 promissionem
2741 1422 3045 1474 crederent
3085 1420 3443 1474 frustratum
3483 1436 3497 1473 :
3529 1424 3764 1475 econtra

324 1503 415 1556 tas
466 1502 592 1557 vult
642 1508 951 1563 ostendere
1017 1510 1449 1582 tribulationes,
1513 1514 1788 1585 quoniam
1850 1511 1975 1566 aliae
2085 1507 2171 1562 illi
2205 1512 2304 1580 qui
2329 1510 2455 1579 jam
2489 1510 2843 1564 corroborati
2878 1513 3047 1564 erant
3075 1508 3135 1562 in
3168 1508 3302 1577 ﬁde,
3332 1508 3485 1563 dum
3511 1524 3614 1563 eos
3647 1509 3760 1581 pati

327 1594 487 1655 sunt,
519 1607 647 1662 quae
677 1610 711 1647 a
732 1594 903 1651 malis
934 1596 1293 1669 hominibus,
1322 1601 1448 1656 aliae
1471 1619 1620 1666 vero,
1657 1618 1784 1673 quae
1807 1600 1978 1655 adia-
2086 1598 2421 1668 cernebant,
2456 1600 2739 1669 optabant
2790 1615 2851 1654 se
2906 1599 3094 1654 socios
3125 1598 3250 1653 ﬂeri
3284 1597 3759 1654 tribulationum

326 1678 459 1735 bolo
491 1681 842 1739 inferuntur.
877 1691 1005 1757 Ipse
1049 1705 1323 1760 namque,
1358 1692 1496 1763 quia
1547 1693 1619 1747 ab
1650 1691 1744 1746 his
1787 1688 1975 1745 omni-
2086 1703 2153 1741 ac
2181 1686 2543 1758 passionum,
2570 1692 2633 1742 ut
2656 1693 2894 1759 possent
2921 1705 3049 1744 esse
3072 1692 3380 1744 consortes
3404 1687 3761 1744 consolatio-

327 1768 440 1823 bus
470 1768 698 1838 liberat,
728 1774 859 1831 ideo
888 1777 1043 1833 Deus
1074 1780 1256 1834 totius
1287 1780 1706 1836 consolationis
1737 1796 1865 1834 esse
1895 1778 1980 1833 di-
2088 1776 2180 1832 nis
2206 1793 2219 1831 :
2253 1777 2321 1831 Et
2352 1776 2479 1831 ideo
2511 1778 2654 1832 dicit
2688 1794 2699 1833 :
2735 1778 2869 1849 Spes
2918 1786 3110 1833 nostra
3139 1777 3309 1847 firma
3339 1783 3427 1833 est
3460 1794 3564 1849 pro
3595 1777 3757 1833 vobis.

327 1857 500 1914 citur.
535 1862 699 1926 Quod
731 1878 865 1920 mox
912 1867 1268 1935 manifestat,
1303 1885 1436 1924 cum
1488 1869 1792 1941 subjunxit
1825 1884 1837 1921 :
1873 1868 1980 1936 Qui
2089 1867 2177 1931 Et,
2210 1866 2378 1938 quasi
2402 1866 2859 1939 interrogassent
2882 1883 3008 1939 quae
3038 1871 3127 1923 est
3156 1884 3293 1938 spes
3327 1871 3439 1922 tua
3466 1867 3639 1923 ﬁrma
3662 1883 3757 1939 pro

325 1949 643 2004 consolatur
664 1967 763 2006 nos
794 1953 851 2007 in
883 1958 1040 2011 omni
1065 1958 1430 2013 tribulatione
1457 1964 1667 2014 nostra.
1701 1957 1976 2013 Consola-
2007 1988 2056 2063 Β
2089 1955 2277 2025 nobis,
2312 1956 2625 2027 respondet
2653 1957 2777 2027 ipse
2813 1975 2826 2012 :
2859 1956 3099 2012 Scientes
3128 1959 3429 2028 quoniam,
3453 1959 3604 2011 sicut
3632 1957 3762 2011 socii

325 2038 425 2063 4....
455 2036 665 2063 -..ε....-
700 2057 835 2063 _____
875 2059 1031 2063 ---__,
1100 2062 1103 2063 ,
1157 2046 1172 2063 ι
1227 2045 1261 2063 ιο
1364 2047 1399 2063 1ο
1630 2047 1742 2063 τηις
1912 2050 1947 2063 γι
2096 2046 2400 2063 ημηλομκνηκ.
2467 2047 2560 2063 ρ.-
2679 2050 2688 2063 ι
2842 2062 2845 2063 ,
2926 2062 2929 2063 ,
2983 2046 2993 2057 ο
3060 2045 3141 2063 νιιμ
3258 2062 3267 2063 ,
3316 2045 3375 2063 ι·
3485 2046 3524 2063 ι·
3576 2044 3751 2063 οκγ,ιΔ

325 2038 425 2090 tur
453 2036 669 2109 quippe
698 2057 836 2097 suos
868 2059 1046 2100 causa
1089 2045 1297 2102 salutis
1326 2047 1596 2103 aliorum.
1630 2048 1699 2101 Et
1728 2047 1837 2102 hoc
1868 2050 1977 2113 est,
2010 2036 2056 2063 υ
2086 2046 2407 2115 passionum
2450 2047 2608 2109 estis,
2641 2050 2749 2100 etc.
2779 2062 2792 2112 ;
2826 2046 2996 2117 quasi
3047 2045 3178 2101 aliis
3208 2045 3413 2102 verbis
3466 2044 3712 2101 dixisset
3740 2060 3752 2100 :

330 2126 484 2196 quod
516 2127 600 2182 ait
632 2145 645 2183 :
683 2131 746 2186 Ut
777 2135 1050 2202 possimus
1092 2140 1147 2191 et
1177 2138 1283 2207 ipsi
1332 2139 1604 2192 consolari
1652 2152 1756 2203 eos,
1792 2138 1887 2208 qui
1917 2137 1975 2191 in
2088 2132 2247 2187 Adeo
2280 2132 2432 2187 ﬁrmi
2468 2150 2678 2187 sumus
2706 2133 2776 2188 de
2809 2133 2996 2202 vobis,
3022 2137 3086 2187 ut
3114 2132 3439 2187 credamus
3474 2131 3619 2203 quia
3649 2146 3757 2187 non

328 2216 488 2269 omni
510 2231 768 2287 pressura
798 2225 945 2276 sunt.
979 2224 1129 2278 Sane
1176 2225 1481 2280 sciendum
1527 2225 1666 2297 quia
1693 2226 1807 2280 duo
1840 2228 1979 2279 sunt
2090 2221 2281 2276 solum
2306 2222 2377 2276 de
2408 2222 2625 2277 nostris
2662 2214 3140 2277 tribulationibus
3172 2239 3287 2276 non
3326 2220 3755 2277 scandalizabi-

326 2318 541 2374 genera
565 2306 963 2365 tribulationis
987 2328 1206 2368 :unum
1238 2314 1691 2385 videlicet,quod
1719 2331 1752 2368 a
1783 2330 1979 2385 perse-
2090 2310 2257 2375 mini,
2292 2312 2390 2366 sed
2426 2311 2620 2385 potius
2651 2311 2984 2382 gaudebitis
3007 2312 3196 2367 socios
3228 2328 3337 2366 vos
3373 2311 3504 2366 ﬁeri
3541 2310 3753 2383 passio-

328 2393 653 2462 cutoribus,
676 2400 733 2451 et
753 2399 1304 2469 quibuslibetmalis
1322 2402 1664 2458 hominibus
1693 2403 1976 2469 infertur;
2091 2416 2256 2465 num,
2291 2404 2355 2454 ut
2403 2400 2639 2471 possitis
2668 2417 2817 2467 esse,
2852 2405 2909 2456 et
2951 2399 3400 2456 consolationis.
3438 2399 3592 2455 Illud
3626 2414 3754 2454 sane

328 2480 579 2538 alterum
610 2499 742 2540 vero
771 2502 980 2559 genus,
1013 2490 1166 2560 quod
1194 2507 1261 2545 ex
1306 2491 1662 2563 paenitudine
1695 2492 1976 2547 nascitur.
2089 2488 2417 2555 sciendum,
2454 2489 2590 2561 quia
2615 2489 2723 2545 hoc
2753 2507 2867 2545 non
2891 2490 3084 2545 solum
3116 2488 3217 2544 illo
3248 2493 3530 2561 tempore
3553 2489 3753 2560 ageba-

326 2573 448 2625 Hoc
478 2587 711 2643 quoque
758 2590 872 2630 non
923 2577 1121 2633 minus
1169 2578 1290 2646 illo,
1325 2580 1603 2650 quoniam
1649 2579 1794 2634 illud
1843 2596 1977 2634 cum
2088 2583 2203 2643 tur,
2233 2579 2334 2632 sed
2368 2583 2423 2633 et
2454 2595 2611 2633 nunc
2633 2580 2846 2649 agitur.
2870 2578 3041 2635 Verbi
3076 2579 3269 2651 gratia
3301 2595 3314 2635 :
3341 2583 3437 2634 est
3467 2577 3681 2651 aliquis
3699 2576 3749 2630 in

329 2657 532 2715 laetitia
578 2660 713 2716 ferri
745 2668 972 2735 potest;
1020 2666 1129 2722 hoc
1176 2684 1331 2734 vero,
1364 2674 1648 2740 quantum
1700 2686 1815 2724 non
1865 2667 1981 2723 nisi
2089 2666 2347 2723 Ecclesia
2398 2673 2551 2722 recte
2600 2668 2863 2736 credens,
2897 2672 3165 2739 recteque
3212 2666 3550 2735 vivens,cui
3585 2667 3631 2723 si
3656 2665 3750 2722 ali-

336 2764 468 2803 cum
499 2749 742 2807 tristitia
762 2752 1047 2824 habetur;
1084 2756 1240 2829 quia,
1263 2758 1404 2813 dum
1439 2759 1610 2813 homo
1643 2758 1981 2813 recordatur
2091 2772 2218 2827 quae
2251 2755 2519 2810 accidant
2540 2754 2971 2823 tribulationes,
2993 2757 3541 2829 persecutiones,et
3562 2757 3749 2811 adver-

329 2854 573 2895 suorum
606 2847 1108 2917 peccatorum,pro
1126 2846 1208 2901 eis
1242 2846 1410 2902 timet
1438 2845 1980 2920 puniri.Apostolici
2092 2844 2314 2912 sitates,
2349 2843 2457 2913 illi,
2492 2844 2593 2915 qui
2624 2844 2683 2898 in
2735 2844 2978 2900 ecclesia
3008 2844 3227 2900 infirmi
3260 2851 3429 2914 sunt,
3464 2846 3608 2900 dum
3641 2844 3748 2899 hac

332 2943 565 3001 quoque
596 2930 725 2997 viri,
758 2932 887 2987 ideo
919 2950 953 2988 a
992 2934 1388 3003 tribulatione,
1424 2954 1550 3009 qua
1582 2953 1614 2990 a
1647 2939 1980 3007 persecuto-
2090 2933 2308 3000 vident,
2340 2932 2523 2987 vitam
2557 2931 2741 2998 illius,
2776 2949 2954 3004 quam
2987 2935 3151 3006 prius
3181 2935 3555 2991 venerationi
3587 2934 3748 2990 habe-

331 3016 496 3074 ribus
526 3017 904 3088 inferebatur,
937 3021 1358 3095 liberabantur,
1391 3029 1456 3079 ut
1495 3024 1627 3079 aliis
1659 3024 1891 3078 afflictis
1921 3022 1982 3075 in
2093 3023 2253 3090 bant,
2288 3022 2587 3094 despectui
2618 3022 2843 3077 ducunt
2874 3039 2887 3076 :
2919 3024 3075 3095 quod
3123 3024 3194 3078 de
3226 3023 3443 3079 amicis
3472 3025 3584 3079 Job
3616 3021 3748 3094 legi-

331 3106 689 3177 pmnitudine
720 3110 1178 3168 consolationem
1212 3118 1452 3185 possent
1500 3113 1978 3170 subministrare.
2091 3114 2189 3166 tur
2218 3116 2415 3166 actum
2445 3127 2458 3166 :
2492 3110 2602 3182 ipsi
2628 3112 2785 3167 enim
2810 3100 2995 3167 Sancti
3019 3111 3310 3179 vixerunt,
3336 3117 3398 3168 et
3418 3113 3533 3169 Job
3566 3118 3748 3167 sancte

331 3199 400 3251 Et
428 3195 538 3252 hoc
567 3203 656 3254 est
683 3201 837 3273 quod
872 3200 1033 3271 dicit,
1065 3211 1128 3258 ut
1163 3204 1439 3273 possimus
1470 3212 1521 3259 et
1570 3206 1677 3275 ipsi
1706 3202 1984 3259 consolari
2091 3201 2280 3256 vivere
2313 3200 2707 3266 crediderunt,
2753 3200 2938 3255 donec
2970 3216 3319 3272 percussum
3353 3219 3497 3257 eum
3531 3198 3645 3258 non
3673 3197 3746 3255 vi-

332 3300 446 3351 eas,
478 3290 587 3342 etc.
618 3311 632 3355 ;
665 3304 730 3343 ac
758 3288 806 3343 si
838 3289 1055 3347 diceret
1087 3309 1101 3347 :
1135 3292 1265 3348 Ideo
1294 3292 1616 3348 liberamur
1644 3310 1679 3348 a
1710 3308 1981 3364 persecu-
2049 3358 2056 3364 Α
2098 3291 2348 3357 derunt;
2384 3307 2515 3345 mox
2548 3305 2681 3344 vero
2714 3292 2780 3343 ut
2806 3293 3089 3356 tentatus,
3117 3305 3472 3362 percussus,
3497 3295 3553 3346 et
3583 3285 3749 3344 omni-

334 3374 585 3443 toribus,
618 3380 684 3431 ut
711 3377 874 3435 vobis
904 3378 1137 3436 afflictis
1177 3381 1638 3437 consolationem
1691 3358 1985 3436 submini-
2016 3358 2059 3431 C
2095 3380 2208 3435 bus
2240 3383 2329 3435 est
2360 3379 2783 3452 temporalibus
2815 3377 2985 3434 bonis
3017 3358 3297 3446 nudatus,
3332 3380 3395 3435 in
3419 3358 3749 3451 increpatio-

333 3465 611 3532 stremus,
661 3467 1035 3524 ostendentes
1082 3470 1237 3541 quod
1283 3470 1437 3527 Deus
1487 3470 1783 3526 neminem
1829 3469 1888 3524 in
1921 3483 1985 3523 se
2092 3484 2226 3522 nem
2251 3472 2665 3539 proruperunt,
2683 3466 2987 3533 credentes
3009 3466 3138 3536 ejus
3160 3468 3318 3522 bona
3340 3485 3461 3524 non
3480 3483 3612 3523 vere
3634 3478 3747 3520 esse

334 3552 722 3623 credentium,
754 3556 895 3613 velit
925 3559 1130 3630 perire.
2094 3557 2266 3622 bona,
2302 3557 2406 3612 sed
2455 3555 2755 3610 simulata.
2790 3555 2921 3609 Haec
2968 3555 3147 3610 etiam
3199 3572 3362 3612 nunc
3392 3556 3456 3612 in
3508 3553 3746 3612 Ecclesia

402 3641 683 3714 Sequitur
738 3664 751 3701 :
816 3648 1095 3714 Quoniam
1148 3650 1293 3704 sicut
1358 3649 1651 3703 abundant
1704 3648 1985 3718 passiones
2094 3645 2321 3699 actitari
2343 3643 2551 3699 solent.
2577 3644 2940 3715 Quapropter
2962 3649 3283 3699 monentur
3304 3644 3518 3717 hi,qui
3541 3638 3745 3698 infirmi

333 3728 543 3786 Christi
572 3733 634 3786 in
664 3734 839 3802 nobis,
875 3740 983 3790 etc.
1015 3735 1175 3790 Talis
1218 3740 1310 3790 est
1340 3751 1571 3801 sensus,
1607 3735 1775 3805 quasi
1808 3732 1986 3788 dixis-
2096 3736 2237 3789 sunt
2266 3733 2326 3787 in
2360 3733 2492 3800 ﬁde,
2526 3735 2592 3787 ut
2622 3734 2764 3787 adeo
2796 3737 3061 3788 crescant
3091 3733 3147 3787 in
3172 3748 3261 3802 ea,
3296 3739 3357 3789 et
3387 3733 3747 3790 corroboren-

337 3822 428 3874 set
461 3835 475 3885 ;
506 3819 772 3875 Christus
824 3827 1019 3877 autem
1069 3823 1128 3877 in
1178 3824 1454 3879 omnibus
1507 3822 1989 3878 tribulationibus
2096 3827 2215 3893 tur,
2248 3826 2537 3893 quatenus
2595 3824 2747 3876 recte
2806 3822 3111 3878 credentes
3160 3824 3398 3894 possint
3451 3823 3640 3877 dicere
3683 3818 3743 3872 de

340 3920 597 3977 praesens
645 3909 816 3964 nobis
864 3911 1052 3976 adest,
1086 3928 1189 3984 pro
1239 3914 1409 3983 cujus
1458 3928 1656 3967 amore
1710 3911 1989 3983 patimur,
2098 3909 2216 3966 illis
2249 3927 2261 3965 :
2297 3910 2428 3981 Spes
2451 3913 2640 3965 nostra
2668 3912 2833 3980 ﬁrma
2860 3920 2934 3965 est
2959 3927 3059 3983 pro
3090 3911 3264 3979 vobis,
3299 3917 3412 3967 etc.

342 4011 512 4068 opem
545 4012 662 4051 sua:
712 3998 1106 4058 miserationis
1157 4001 1490 4074 indulgens,
1523 4005 1580 4056 et
1626 4005 1889 4074 potenter
1918 3999 1989 4054 ab
2174 4000 2321 4072 (681)
2351 4000 2616 4056 Nolumus
2662 4009 2847 4055 autem
2878 4016 2966 4055 vos
3014 4001 3297 4072 ignorare,
3350 4006 3465 4056 etc.
3499 3997 3745 4070 (Imperat

341 4085 488 4156 ipsis
521 4087 1003 4146 tribulationibus
1023 4107 1267 4148 eruens:
1290 4109 1424 4148 nam
1448 4096 1641 4163 quota
1664 4074 1994 4162 persecuto-
2098 4089 2411 4162 Apostolus
2442 4088 2825 4159 semetipsum
2876 4105 3196 4160 proponere
3226 4088 3567 4161 exemplum
3612 4083 3741 4151 suis,

344 4172 510 4229 ribus
539 4175 889 4248 ingeruntur
919 4179 1245 4251 passiones,
1273 4184 1357 4235 tot
1388 4197 1422 4236 a
1449 4180 1675 4235 Christo
1707 4177 1992 4233 adminis-
2103 4178 2242 4250 quia
2272 4177 2525 4233 nimium
2560 4177 2791 4231 fuerant
2819 4176 3138 4249 redarguti,
3162 4180 3220 4231 et
3256 4175 3567 4249 increpati,
3598 4176 3652 4227 et
3678 4168 3741 4224 ob

345 4266 580 4318 trantur
604 4266 1065 4334 consolationes;
1104 4270 1261 4322 unde
1295 4268 1606 4324 Psalmista
1637 4284 1649 4323 :
1683 4267 1994 4323 Secundum
2102 4268 2213 4322 hoc
2271 4265 2598 4322 contristati
2649 4283 2661 4320 :
2716 4269 2775 4319 et
2833 4264 3025 4320 adhuc
3082 4264 3142 4320 in
3199 4270 3395 4338 empta
3441 4262 3743 4319 intentione

343 4352 759 4410 multitudinem
802 4357 1059 4412 dolorum
1101 4358 1272 4426 (Psal.
1305 4373 1463 4424 xcm,
1499 4358 1607 4427 19),
1640 4361 1748 4412 etc.
1784 4354 1996 4427 Sequi--
2105 4354 2694 4427 perseverans,dicit:
2729 4354 2991 4411 Nolumus
3016 4371 3107 4410 vos
3128 4356 3421 4427 ignorare,
3445 4358 3556 4409 etc.
3582 4368 3594 4417 ;
3617 4362 3745 4418 qua-

344 4447 440 4497 tur
473 4460 486 4498 :
520 4446 649 4500 Sive
678 4453 864 4501 autem
893 4448 1251 4515 tribulamur,
1268 4463 1370 4519 pro
1398 4455 1572 4502 vestra
1604 4444 1994 4514 tribulatione,
2105 4445 2154 4500 si
2188 4445 2404 4500 diceret
2433 4461 2447 4498 :
2482 4447 2669 4510 Quare
2700 4459 2850 4515 aegre
2881 4445 3030 4499 ferre
3061 4444 3309 4509 debetis,
3344 4442 3394 4499 si
3424 4458 3531 4514 pro
3560 4450 3743 4512 pecca-

343 4540 396 4589 et
420 4534 614 4604 salute,
649 4540 757 4590 etc.
793 4537 947 4593 Sane
978 4538 1325 4604 notandum,
1362 4537 1500 4609 quia
1528 4535 1878 4608 generaliter
1907 4533 1997 4589 10-
2105 4535 2182 4589 tis
2213 4534 2465 4589 aliorum
2493 4534 2634 4588 estis
2666 4533 2985 4605 redarguti,
3018 4549 3152 4588 cum
3185 4549 3294 4605 ego
3343 4547 3524 4588 causa
3551 4524 3743 4609 salutis

344 4620 550 4692 quitur
593 4624 907 4695 Apostolus
956 4641 970 4679 :
1022 4629 1080 4680 et
1124 4625 1247 4681 haec
1293 4608 1510 4681 locutio
1542 4623 1831 4698 generalis
1884 4628 1993 4690 est,
2106 4622 2356 4679 aliorum
2390 4623 2636 4677 diversis
2663 4621 3143 4678 tribulationibus
3165 4622 3445 4678 subditus
3476 4608 3744 4675 existam?

345 4711 487 4782 quia
533 4712 808 4768 omnibus
856 4716 1127 4770 convenit
1174 4715 1453 4787 apostolis
1500 4715 1642 4771 viris
1679 4732 1691 4770 :
1725 4713 1824 4768 sed
1859 4728 1995 4767 cum
2025 4732 2073 4798 Β
2108 4710 2179 4767 Ut
2204 4710 2289 4765 illi
2322 4711 2628 4766 audientes
2674 4710 3105 4779 erubescerent,
3136 4726 3256 4766 non
3288 4709 3576 4782 patientes
3607 4702 3739 4757 ferre

344 4799 506 4869 dicit,
537 4803 653 4857 sive
684 4803 1037 4871 tribulamur,
1067 4819 1170 4875 pro
1216 4812 1391 4858 vestra.
1421 4804 1797 4869 tribulatione,
1830 4805 1880 4857 et
1904 4816 1995 4855 sa-
2106 4801 2563 4872 increpationem
2596 4800 2687 4855 sui
2723 4799 3009 4872 magistri.

345 4890 478 4956 tute,
548 4874 1079 4964 subaudiendump
1121 4893 1481 4947 tribulamur.
1534 4891 1995 4947 Tribulabantur
2176 4892 2325 4946 Asia.
2362 4891 2561 4945 Asiam
2597 4890 2881 4945 minorem
2917 4887 3243 4960 intelligere
3273 4887 3576 4943 debemus.
3608 4874 3739 4964 Dicit

344 4976 600 5052 namque
632 4999 665 5037 a
696 4962 1125 5054 persecutione,
1158 4997 1335 5054 quam
1391 4981 1759 5052 patiebantur
1787 4995 1993 5035 omnes
2106 4980 2264 5036 enim
2294 4979 2665 5051 Augustinus
2692 4994 2706 5035 :
2738 4979 2797 5033 Si
2830 4978 2902 5033 ad
2945 4993 3262 5033 numerum
3315 4975 3552 5039 referas,
3584 4962 3741 5025 tertia

346 5071 652 5142 apostolici
683 5073 811 5143 viri,
848 5089 1028 5127 causa
1080 5070 1291 5127 salutis
1324 5086 1567 5125 suorum
1620 5070 1992 5137 auditorum;
2106 5086 2242 5142 pars
2260 5072 2350 5124 est
2368 5068 2570 5123 mundi
2602 5085 2615 5135 ;
2649 5067 2696 5121 si
2722 5068 2792 5123 ad
2813 5067 3304 5139 magnitudinem,
3326 5063 3604 5120 medietas
3628 5054 3737 5109 est:

347 5159 487 5231 quia
509 5175 617 5213 sua
646 5176 744 5213 eos
767 5160 1178 5232 praedicatione
1201 5160 1273 5215 ab
1302 5159 1477 5214 fidem
1508 5162 1838 5213 traxerant:
1865 5173 1995 5229 spe-
2098 5157 2373 5229 jungitur
2404 5173 2679 5228 namque,
2716 5171 2785 5211 ex
2814 5155 3157 5211 occidentali
3180 5155 3329 5227 (682)
3363 5155 3543 5225 parte,
3567 5144 3738 5239 Mafe‘

345 5246 488 5301 ciale
519 5247 734 5319 quippe
756 5231 954 5303 odium
990 5250 1098 5304 hoc
1120 5254 1243 5304 erat
1272 5250 1552 5304 adversus
1584 5263 1705 5313 eos,
1729 5245 1867 5318 quia
1890 5262 1999 5301 sua
2108 5246 2292 5302 doniaa
2318 5264 2330 5313 ;
2366 5262 2435 5301 ex
2465 5245 2931 5317 septentrionali,
2957 5245 3104 5300 mari
3129 5243 3370 5300 Pontico
3398 5259 3411 5309 ;
3444 5256 3511 5295 ex
3541 5231 3737 5291 media-

348 5334 481 5390 illos
532 5336 798 5390 doctrina
829 5354 862 5391 a
894 5337 1049 5392 cultu
1109 5337 1400 5392 idolorum
1446 5337 1828 5391 abduxerunt.
1874 5334 1999 5391 Sive
2108 5353 2203 5403 na,
2233 5334 2567 5409 Egyptiaco
2599 5334 2786 5401 mari;
2817 5350 2886 5389 ex
2934 5332 3224 5399 orientali,
3260 5327 3595 5402 Propontico
3626 5331 3736 5372 ωα-

347 5425 729 5489 exhortamur,
754 5441 851 5495 pro
875 5433 1057 5480 vestra
1073 5428 1477 5493 exhortatione,
1493 5430 1547 5481 et
1566 5425 1996 5492 salute,subau-
2109 5426 2157 5479 ri
2186 5443 2201 5480 :
2238 5441 2304 5479 ac
2332 5441 2434 5497 per
2459 5424 2567 5478 hoc
2618 5421 2817 5478 insula
2865 5427 2973 5493 est,
3001 5422 3260 5478 diversas
3308 5425 3502 5474 tamen
3532 5409 3735 5497 habet“

348 5512 509 5568 ditur
559 5494 1182 5583 (680),7cxhortamur.
1233 5515 1548 5570 Sciendum
1605 5518 1694 5570 est
1742 5529 1999 5585 namque
2108 5494 2458 5586 provincias,
2510 5513 2569 5567 id
2620 5517 2732 5585 est,
2784 5512 3137 5585 Bithyniam,
3186 5504 3603 5581 Pamphyliam,
3642 5494 3737 5562 ΒΥ-

347 5678 364 5743 l
422 5675 572 5746 (680)
604 5675 667 5728 In
701 5678 899 5746 autog.
927 5674 1294 5740 subauditur,
1326 5679 1376 5730 et
1402 5676 1583 5731 salute
1604 5675 2001 5740 exhortamur;
2110 5673 2411 5729 duximus.

351 5738 529 5822 quam
552 5738 1070 5817 transpositionem
1094 5738 1718 5828 verborum,tanquam
1746 5748 1818 5800 ab
1845 5738 2000 5800 ama-
2182 5746 2329 5891 (681)
2362 5747 2425 5800 In
2457 5749 2653 5817 autog.
2689 5759 2874 5872 marg.
2908 5744 3004 5801 hic
3032 5743 3246 5817 legitur
3275 5756 3401 5812 cap.
3433 5738 3503 5791 II.

351 5818 597 5881 nuensis
627 5817 854 5874 calamo
884 5830 1191 5889 perperam
1242 5820 1537 5888 injectum,
1570 5817 2000 5873 emendandam
2181 5818 2307 5888 (682
2357 5818 2565 5890 Autog.
2597 5818 2813 5875 oriente
2841 5834 2878 5873 ι.

351 5817 597 5881 ιὶυθηείε
627 5817 854 5874 calamo
884 5830 1191 5889 perperam
1242 5817 1537 5888 injectum,
1570 5817 2000 5873 emendandam
2181 5817 2327 5890 (682)
2357 5818 2565 5890 Autog.
2597 5817 2878 5875 orientali.
