3902 6402
110 396 215 455 417

659 389 1076 451 EXPOSITIO
1118 388 1200 448 IN
1248 385 1674 449 EPISTOLAS
1721 382 1980 445 PAULI.
2015 416 2094 430 -—
2123 387 2201 447 IN
2246 391 2496 454 EPIST.
2532 396 2585 456 ΙΙ
2627 398 2731 460 ΑΙ)
2776 402 2955 469 COR.

3401 413 3520 475 418

108 516 1758 607 ciam,(683),etc.:etdictaestaquadamfemina,nomine
1786 509 2200 591 Aliherentur,
2235 527 2289 577 et
2339 523 2606 586 liberatis
2653 533 2875 603 gratias
2930 536 3041 593 Deo
3096 540 3332 600 referre.
3372 543 3518 607 Nam

108 614 256 681 Asia,
281 630 408 685 quae
432 610 586 684 apud
614 611 894 682 antiquos
926 609 1243 682 imperium
1271 608 1461 665 tenuit
1481 606 1755 671 Orientis,

108 709 163 760 et
207 703 645 774 interpretatur,
677 699 852 767 elata,
885 700 1006 755 sive
1054 698 1298 754 elevata.
1349 698 1420 752 Et
1468 696 1619 751 bene
1674 693 1753 748 ibi

110 791 243 849 talia
272 790 491 864 patitur
509 788 846 862 Apostolus,
871 788 1010 861 quia
1037 787 1309 860 superbis
1336 785 1642 842 humilitas
1663 799 1754 838 ec-

114 880 433 939 clesiasticae
467 878 629 953 pacis
660 878 953 935 conditur.

1871 609 2062 705 omnis
2084 608 2420 705 infirmitas,
2445 623 2546 672 aut
2568 620 2892 679 debilitatio
2920 626 2980 681 in
3002 629 3190 701 capite
3214 636 3516 705 consistit;

1865 699 1940 762 et,
1976 696 2282 840 sibgaudet
2314 719 2497 759 unum
2530 710 2887 781 membrum,
2920 696 3292 789 congaudent
3319 696 3519 783 omnia

1868 800 2022 839 mem
2074 804 2155 840 ra.

1868 800 2155 842 membra.

1938 875 2079 971 Nam
2133 879 2315 971 gloria
2364 889 2553 941 nostra
2599 887 2716 945 haec
2764 900 2864 959 est,
2896 894 2953 950 id
3004 901 3112 967 est,
3145 902 3518 971 testimonium

183 988 449 1057 Quoniam
489 1002 662 1058 supra
707 983 930 1039 modum
965 984 1186 1052 gravat,-
1213 997 1422 1044 δατηαδ,
1455 983 1566 1036 διο,
1598 977 1759 1032 Adeo
1868 968 2212 1058 eanscieutiw
2240 976 2464 1029 nostrae.
2500 976 2633 1032 Ideo
2668 977 2788 1034 haec
2822 981 3070 1055 dicebat,
3104 990 3245 1058 quia
3273 968 3518 1053 securus

116 1082 235 1135 orta
262 1077 452 1132 fuerat
485 1073 815 1148 persecutio
846 1073 1131 1130 adversus
1160 1070 1455 1143 apostolos
1493 1085 1560 1123 eo
1607 1072 1761 1121 tem-

120 1183 266 1240 pore,
286 1166 441 1241 utde
468 1166 588 1220 vita
620 1162 926 1236 temporali
952 1162 1364 1234 desperarent;
1398 1163 1455 1215 et
1486 1158 1594 1214 hoc
1626 1159 1714 1211 est
1746 1170 1759 1209 :

122 1254 284 1311 Tzdct
312 1270 410 1310 nos
442 1255 639 1309 vivere.
677 1252 779 1309 Sed
812 1252 920 1324 ipsi
949 1253 1009 1306 in
1036 1251 1194 1305 nobis
1225 1251 1380 1320 ipsis,
1430 1252 1541 1302 etc.
1593 1245 1764 1308 Quie-

120 1345 356 1401 rendum
389 1348 482 1409 est
510 1340 685 1416 quale
708 1357 1058 1413 responsum
1083 1339 1324 1395 dederat
1354 1337 1440 1393 eis
1473 1351 1652 1402 mors,
1676 1330 1765 1389 vel

120 1433 282 1506 quale
329 1434 471 1490 dare
518 1434 727 1509 potest.
785 1431 1120 1502 Responsum
1166 1429 1360 1484 mortis
1416 1424 1765 1491 habuerant,

120 1524 250 1596 quia
269 1518 539 1580 destituti
563 1520 826 1576 humano
849 1517 1085 1586 solatio,
1108 1516 1371 1573 divinum
1395 1511 1767 1570 solummodo

120 1612 545 1686 exspectabant.
582 1612 646 1669 Ut
692 1627 804 1665 non
849 1611 1027 1665 simus
1064 1607 1294 1678 ﬁdentes
1318 1606 1380 1661 in
1409 1604 1585 1660 nobis.
1622 1603 1770 1657 Bene

119 1703 253 1759 dicit
283 1718 400 1758 non
431 1700 681 1757 ﬁdentes
714 1714 843 1755 esse
874 1698 936 1753 in
968 1695 1326 1768 semetipsis,
1361 1692 1501 1766 quia
1540 1689 1628 1745 illi
1673 1704 1767 1744 so-

118 1792 233 1847 lent
258 1790 517 1858 liberari,
544 1789 643 1864 qui
674 1788 735 1844 in
763 1788 1006 1844 Domino
1030 1786 1392 1841 confidentes
1416 1781 1766 1839 redduntur.

118 1881 213 1938 Sed
260 1884 320 1938 in
358 1881 611 1947 Domino,
645 1882 743 1951 qui
770 1880 1000 1934 suscitat
1029 1880 1295 1932 mortuos.
1329 1873 1485 1929 Adco
1516 1883 1770 1940 namque

1872 1052 1943 1107 de
1970 1071 2078 1109 sua
2099 1059 2457 1117 conscientia
2477 1065 2781 1123 existebat.
2806 1070 2932 1127 Non
2960 1052 3319 1137 enim-causa
3349 1052 3522 1146 lucri,

1873 1147 1975 1197 aut
1991 1146 2249 1217 appetitu
2270 1147 2539 1207 humanae
2559 1152 2752 1213 laudis
2768 1162 3249 1231 pradicabat,sed
3263 1168 3523 1231 officium

1876 1231 1969 1329 sui
2017 1236 2381 1306 apostolatus
2428 1242 2729 1323 implebat.
2763 1248 2911 1321 (685)
2956 1251 3024 1306 Et
3052 1252 3173 1309 haec
3202 1272 3309 1313 vox
3338 1259 3526 1329 perfe-

1878 1325 2106 1416 ctorum
2131 1330 2254 1416 est;
2286 1329 2443 1416 unde
2470 1340 2804 1401 monentur,
2829 1344 2893 1394 ut
2921 1339 3004 1396 ita
3022 1342 3207 1401 vivere
3230 1325 3528 1416 studeant,

1879 1414 1944 1509 ut
1969 1409 2091 1467 haec
2123 1415 2243 1484 rite,
2264 1415 2454 1509 dicere
2485 1423 2733 1492 possint.
2757 1429 2826 1481 Et
2856 1428 2997 1498 quid
3023 1432 3378 1503 appellasset
3407 1409 3532 1509 glo;

1877 1499 2038 1592 riam
2060 1519 2252 1577 suam,
2289 1506 2494 1580 incipit
2526 1512 2922 1584 manifestare,
2955 1499 3201 1577 dicendo
3233 1539 3247 1577 :
3294 1499 3447 1592 Quod
3472 1528 3533 1585 in

1878 1591 2249 1663 simplicitate,
2282 1600 2334 1650 et
2363 1600 2698 1675 sinceritate,
2732 1608 2837 1659 etc.
2863 1605 3221 1679 Simplicitas
3248 1591 3405 1670 enim
3436 1631 3531 1672 ca»-

1880 1683 1968 1775 ret
1991 1682 2150 1775 omni
2175 1683 2249 1738 du
2259 1684 2535 1759 plicitate,
2551 1695 2608 1746 et
2628 1691 2934 1752 sinceritas
2955 1699 3113 1753 omni
3136 1703 3529 1775 corruptione.

1880 1768 1983 1824 His
2009 1770 2240 1862 duabus
2265 1774 2578 1836 virtutibus
2597 1783 2902 1840 contrariae
2919 1792 3060 1841 sunt
3075 1789 3204 1844 duas
3222 1768 3447 1862 pestes;
3470 1793 3529 1850 id

1882 1863 1990 1953 est,
2016 1859 2330 1953 duplicitas
2359 1870 2415 1919 ct
2447 1870 2761 1941 corruptio.
2795 1873 2884 1945 Et,
2918 1879 2982 1929 ut
3013 1859 3346 1936 ostenderet
3374 1859 3531 1953 quod

119 1977 249 2027 orm
296 1970 532 2044 fumant
581 1945 1038 2040 peﬁecutiones,
1094 1970 1157 2021 ut
1207 1963 1427 2037 emptio
1475 1962 1762 2032 ipsorum,
1790 1945 1844 2013 B
1878 1946 2003 2002 istas
2024 1949 2150 2044 duae
2176 1952 2421 2044 virtutes
2446 1973 2560 2011 non
2594 1957 2655 2013 in
2686 1961 2978 2032 sapientia
2999 1966 3216 2022 carnali
3246 1970 3533 2027 consiste-

117 2059 484 2116 resuscitatio
514 2059 825 2114 diceretur.
855 2060 914 2111 In
948 2072 1062 2127 quo
1093 2053 1298 2109 conﬁsi
1330 2054 1545 2117 essent,
1579 2046 1768 2103 mani-

120 2150 286 2205 festat
316 2148 626 2204 subdendo
650 2163 663 2203 :
699 2148 808 2214 Qui
835 2145 901 2201 de
928 2147 1097 2200 tantis
1123 2143 1385 2215 periculis
1412 2139 1618 2210 eripuit
1649 2151 1769 2205 nos,

116 2242 167 2293 et
191 2239 378 2301 eruit;
411 2238 471 2293 id
504 2240 616 2302 est,
641 2252 755 2291 non
785 2234 977 2290 solum
1001 2234 1072 2288 de
1106 2229 1437 2304 praeteritis,
1460 2227 1561 2284 sed
1594 2225 1771 2280 etiam

119 2326 183 2382 de
211 2326 608 2398 priesentibus
637 2324 907 2379 liberavit
939 2340 952 2378 :
989 2327 1047 2378 et
1076 2320 1217 2394 quia
1246 2319 1424 2374 etiam
1456 2317 1527 2372 de
1560 2311 1773 2369 futuris

116 2414 340 2487 liberat,
375 2413 688 2485 subjunxit
724 2430 737 2468 :
784 2413 1060 2480 Quoniam
1107 2414 1162 2464 et
1209 2408 1388 2463 adhuc
1423 2406 1637 2476 eripiet.
1671 2400 1774 2456 His

115 2505 302 2561 verbis
325 2503 593 2560 ostendit
621 2518 683 2558 se
704 2501 899 2557 adhuc
927 2514 1265 2573 passurum,
1287 2501 1346 2553 et
1368 2494 1566 2550 divina
1584 2489 1777 2564 gratia

116 2598 451 2661 eruturum,
475 2591 770 2663 quomodo
804 2588 1163 2653 manifestat,
1185 2583 1574 2656 adjuvantibus
1604 2580 1775 2636 etiam

117 2684 275 2740 vobis.
310 2681 420 2736 His
452 2680 645 2735 verbis
685 2678 943 2735 ostendit
990 2694 1051 2732 se
1099 2677 1160 2731 in
1209 2674 1407 2730 labore
1454 2672 1721 2726 futurum
1758 2683 1771 2722 :

118 2790 244 2829 nam
276 2770 400 2826 illis
433 2769 796 2839 adjutorium
828 2782 1066 2823 necesse
1099 2769 1188 2821 est
1216 2765 1451 2832 inferre,
1476 2758 1577 2832 qui
1609 2757 1666 2812 in
1698 2756 1777 2812 la-

118 2862 247 2918 bore
276 2858 623 2917 consistunt
649 2874 662 2913 :
696 2856 969 2929 qualiter,
994 2854 1390 2917 manifestant,
1417 2867 1552 2907 cum
1583 2846 1727 2903 dicit
1757 2864 1770 2902 :

120 2951 179 3007 In
206 2951 481 3006 oratione.
515 2946 625 3003 Ubi
657 2946 1007 3012 ostenditur,
1041 2944 1182 3016 quia
1212 2942 1466 2998 multum
1500 2937 1651 2995 valet
1680 2953 1775 2991 as-

124 3040 285 3095 sidua
315 3037 528 3115 oratio.
564 3036 726 3102 Quod
761 3052 875 3091 non
908 3036 1101 3091 solum
1134 3033 1253 3103 hic,
1287 3032 1388 3088 sed
1435 3029 1613 3085 etiam
1668 3026 1774 3082 ali-

124 3128 179 3184 bi
200 3128 637 3184 manifestatur.
656 3124 894 3198 Legitur
913 3125 1094 3192 enim,
1112 3123 1268 3195 quod
1286 3124 1494 3177 Petrus
1516 3115 1777 3174 oratione

125 3216 400 3274 liberatus
433 3215 647 3279 fuisset
678 3215 749 3269 de
779 3230 1008 3271 carcere
1041 3231 1054 3270 :
1106 3229 1243 3268 nam
1284 3214 1366 3266 ita
1398 3207 1615 3264 dicitur
1648 3222 1661 3262 :
1711 3206 1780 3261 Et

1882 2043 2027 2106 rent,
2063 2039 2192 2095 ideo
2224 2043 2530 2113 subjunxit
2563 2064 2575 2100 :
2608 2049 2723 2104 Non
2759 2052 2816 2105 in
2846 2055 3121 2123 sapientia
3147 2060 3384 2114 carnali.
3420 2060 3531 2117 Sed

1885 2126 1981 2181 ubi
2016 2130 2371 2198 manifestat,
2398 2134 2599 2191 dicens
2624 2153 2635 2191 :
2671 2142 2737 2192 In
2764 2143 2947 2209 gratia
2976 2145 3097 2198 Dei.
3121 2144 3193 2199 Et
3220 2145 3312 2201 his
3341 2148 3534 2205 verbis

1880 2216 2072 2309 tangit
2092 2216 2259 2273 illum
2285 2236 2548 2288 sensum,
2565 2240 2739 2295 quem
2762 2229 2941 2286 latius
2960 2229 3020 2286 in
3044 2234 3392 2304 praecedenti
3407 2236 3537 2309 Epi-

1884 2307 2033 2398 stola
2050 2314 2892 2398 exposuerat.Iteprehenderat
2909 2319 3064 2377 enim
3083 2307 3538 2398 pseudoaposto-

1883 2392 1992 2461 los,
2019 2395 2117 2466 qui
2149 2412 2327 2453 causa
2347 2398 2491 2454 lucri
2525 2405 2943 2474 praedicabant,
2965 2414 3023 2463 et
3054 2392 3328 2470 timentes
3346 2392 3533 2473 offen-

1886 2484 2022 2539 dere
2068 2502 2368 2557 personas,
2400 2490 2586 2546 Deum
2622 2493 2918 2552 hominem
2951 2498 3192 2568 factum,
3225 2508 3429 2561 natum
3480 2512 3536 2563 et

1888 2590 2127 2643 passum
2155 2577 2465 2648 negabant.
2498 2580 2743 2639 Nolebat
2762 2586 2918 2641 enim
2944 2590 3259 2660 Apostolus
3287 2609 3322 2648 a
3342 2594 3538 2651 Corin-

1885 2661 2027 2717 thiis
2049 2665 2330 2736 accipere,
2346 2685 2416 2723 ne
2439 2670 2651 2727 similis
2670 2672 2788 2729 illis
2809 2675 3121 2745 videretur,
3137 2697 3388 2753 quorum
3411 2690 3538 2741 erat

1886 2751 2291 2823 reprehensor,
2317 2756 2456 2823 sive,
2483 2776 2553 2814 ne
2583 2759 2913 2820 libertatem
2937 2751 3276 2841 increpandi
3303 2773 3535 2830 amitte-

1885 2846 2000 2910 ret;
2025 2847 2080 2897 et
2105 2845 2257 2916 quod
2283 2845 2355 2900 ab
2379 2845 2508 2904 aliis
2522 2848 2796 2911 Ecclesiis
2816 2855 3157 2928 accipiebat,
3174 2877 3206 2915 a
3223 2861 3536 2921 Corinthiis

1886 2932 2144 3002 accipere
2169 2933 2419 2989 nolebat.
2437 2937 2505 2991 Et
2524 2938 2654 2994 ideo
2676 2940 3334 3011 diccbatzAbundantius
3349 2955 3536 3008 autem

1885 3021 1955 3076 ad
1986 3038 2094 3077 vos.
2124 3022 2189 3077 Et
2219 3023 2359 3094 quia
2390 3026 2462 3080 ab
2493 3026 2625 3083 aliis
2655 3030 2997 3102 accipiebat,
3022 3034 3252 3094 dicebat
3278 3055 3291 3094 :
3313 3040 3377 3094 In
3405 3057 3536 3108 gra-

1888 3112 1965 3165 tia
1987 3111 2086 3165 Dei
2113 3115 2423 3167 conversati
2447 3131 2677 3179 sumus;
2708 3123 2765 3174 et
2794 3120 2933 3191 quia
2963 3123 3036 3179 ab
3067 3123 3198 3181 istis
3221 3143 3358 3197 non,
3382 3129 3538 3186 dice-

1890 3201 1988 3256 bat
2015 3216 2033 3290 r:
2085 3202 2467 3259 Abundantius
2513 3205 2583 3261 ad
2626 3222 2735 3264 vos.
2771 3209 3014 3268 Nolebat
3054 3214 3209 3271 enim
3252 3218 3540 3290 accipere,

125 3307 316 3363 Petrus
359 3307 591 3377 quidem
635 3304 960 3359 servabatur
1007 3304 1066 3357 in
1113 3315 1332 3357 carcere
1377 3299 1512 3372 (Act.
1563 3313 1663 3363 x11,
1697 3295 1776 3367 5),
1808 3310 1852 3378 α
1892 3306 1963 3345 ne
1993 3289 2158 3345 daret
2188 3292 2554 3350 occasionem
2586 3297 2930 3371 accipiendi,
2956 3301 3078 3359 sive
3109 3319 3181 3361 ne
3210 3289 3541 3365 libertatem

128 3398 231 3452 etc.
256 3400 318 3451 in
341 3411 463 3467 quo
495 3394 645 3449 facto
677 3397 991 3448 monentur
1019 3390 1414 3457 sublimiores,
1438 3392 1505 3443 ut
1532 3403 1645 3442 non
1677 3385 1776 3441 de-

130 3483 441 3559 dignentur
466 3483 833 3539 orationibus
856 3481 1152 3537 minorum
1175 3478 1489 3549 sublevari,
1509 3493 1643 3531 cum
1667 3476 1781 3530 iste

128 3577 299 3628 tantes
322 3572 690 3629 auctoritatis
712 3588 827 3627 non
849 3570 1298 3643 dedignabatur.
1318 3567 1458 3634 Quis
1476 3566 1632 3623 enim
1656 3570 1783 3620 tan-

128 3666 195 3718 ta
225 3661 644 3723 auctoritatis)?
671 3661 904 3717 Nullus.

200 3771 257 3827 Ut
287 3787 357 3827 ex
377 3770 694 3826 multarum
713 3770 965 3841 personis
994 3769 1286 3839 faciemm,
1316 3767 1433 3838 ejus
1464 3765 1634 3837 (684),
1668 3768 1778 3819 etc.

134 3859 193 3919 In
222 3859 585 3931 quibusdam
614 3858 1047 3930 exemplaribus
1069 3856 1364 3914 invenitur
1389 3873 1459 3912 ex
1475 3856 1784 3912 multarum

134 3965 489 4019 personarum
515 3952 789 4020 facierum
809 3965 830 4009 ;
862 3948 920 4003 in
956 3948 1337 4020 quibusdam,
1366 3962 1437 4002 ex
1481 3946 1786 4001 multarum

134 4038 307 4106 facie;
357 4039 418 4095 in
473 4038 856 4110 quibusdam,
904 4054 973 4093 ea:
1018 4038 1323 4093 multarum
1371 4037 1639 4106 personis.
1673 4032 1784 4089 Sed

136 4126 262 4184 talis
280 4133 370 4184 est
391 4144 631 4197 sensus,
652 4126 709 4182 id
732 4132 822 4183 est
841 4144 853 4182 :
882 4128 960 4181 Ex
981 4126 1306 4182 multorum
1329 4126 1637 4181 hominum
1655 4139 1792 4179 con-

139 4221 323 4282 ventu,
349 4218 500 4274 dum
532 4233 567 4272 a
594 4214 1077 4272 tribulationibus
1098 4216 1425 4271 liberamur
1454 4214 1643 4286 gratia
1662 4212 1785 4276 Dei,

139 4308 191 4359 et.
217 4305 657 4378 vobismetipsis
688 4305 1010 4373 reddimur,
1033 4322 1131 4377 per
1157 4306 1379 4372 multos,
1401 4304 1491 4361 vel
1523 4322 1557 4360 a
1588 4302 1790 4359 multis

140 4399 322 4464 grates
343 4397 678 4453 referantur
692 4399 825 4451 Deo.
846 4394 976 4450 Alio
998 4411 1200 4463 sensu,
1221 4395 1364 4450 dum
1385 4393 1592 4449 multis
1614 4409 1793 4448 causa

142 4482 339 4543 salutis
360 4485 600 4541 illorum
623 4484 946 4555 reddimur,
971 4488 1028 4540 et
1052 4488 1258 4539 nostra
1277 4482 1686 4555 praedicatione
1712 4480 1784 4536 ad

144 4570 308 4630 ﬁdem
345 4574 669 4642 trahimus,
703 4590 805 4645 per
854 4572 1095 4639 multos,
1127 4571 1215 4628 vel
1265 4590 1299 4627 a
1345 4571 1549 4627 multis
1598 4574 1791 4642 grates

1885 3380 2230 3452 increpandi
2264 3381 2581 3440 amitteret.

1961 3489 2281 3561 Sequitur:
2331 3491 2447 3547 Non
2496 3493 2615 3549 alia
2660 3497 2984 3568 scripsimus
3035 3500 3181 3556 vobis
3210 3503 3381 3573 (686),
3427 3508 3543 3567 sto.

1890 3579 1993 3634 His
2010 3579 2200 3634 verbis
2224 3597 2335 3636 non
2357 3580 2471 3637 alia
2492 3600 2554 3639 se
2570 3585 2882 3656 Apostolus
2899 3589 3206 3661 scripsisse
3224 3591 3541 3666 significat,

1892 3685 2072 3740 quam
2105 3685 2232 3740 qum
2264 3671 2375 3740 ipsi
2417 3673 2653 3744 scriptis
2684 3676 2811 3746 ejus
2842 3676 3125 3748 legerant,
3158 3685 3215 3736 et
3244 3682 3414 3737 factis
3445 3699 3542 3740 co-

1892 3764 2242 3830 gnoverant:
2268 3760 2360 3816 his
2379 3778 2633 3834 namque
2655 3765 2887 3822 duobus
2909 3767 3143 3825 indiciis
3167 3771 3554 3843 uniuscujus-

1893 3865 2008 3919 que
2046 3848 2296 3914 devotio,
2328 3855 2385 3906 et
2432 3853 2795 3924 propositum
2848 3857 3280 3915 manifestatur.
3316 3861 3378 3916 In
3429 3876 3550 3933 quo

1895 3938 2044 3994 facto
2069 3944 2383 3995 monentur
2402 3941 2831 4011 praedicatores,
2849 3949 2914 3999 ut
2939 3962 3173 4018 semper
3197 3964 3264 4004 ea
3281 3949 3553 4017 doceant,

1894 4032 1953 4083 et
1974 4044 2142 4099 agere
2171 4029 2471 4095 studeant,
2494 4046 2623 4101 quae
2655 4033 2727 4086 ad
2761 4032 3014 4089 salutem
3047 4051 3290 4093 suorum
3315 4037 3555 4095 audito-

1898 4134 2029 4172 rum
2064 4117 2382 4172 sufficiant.

1970 4226 2244 4296 Sequitur
2268 4242 2280 4280 :
2316 4227 2481 4297 Spero
2512 4236 2693 4284 autem
2718 4230 2860 4301 quod
2881 4247 3048 4303 usque
3079 4234 3138 4288 in
3162 4234 3329 4304 ﬁnem
3358 4251 3555 4306 cogno-

1899 4320 2080 4382 scetis,
2130 4320 2239 4371 etc.
2298 4320 2458 4371 Hanc
2489 4318 2712 4374 scilicet
2741 4336 2904 4391 spem
2946 4338 3015 4377 ex
3061 4338 3261 4378 eorum
3295 4322 3555 4395 sumpsit

1902 4405 2277 4462 correctione.
2308 4407 2592 4462 Audierat
2619 4408 2776 4463 enim
2808 4407 2940 4465 illos
2970 4426 3037 4465 ea
3076 4411 3331 4466 maxime
3361 4427 3552 4467 corre-

1900 4496 2078 4565 xisse,
2109 4512 2237 4566 qum
2279 4497 2351 4550 ad
2382 4496 2843 4551 ecclesiasticum
2876 4497 3125 4554 attinent
3154 4498 3442 4555 ordinem.
3476 4500 3560 4555 Ex

1905 4601 2022 4657 qua
2053 4584 2427 4647 correctione,
2453 4600 2555 4655 spe
2587 4590 2917 4658 assumpta,
2945 4588 3218 4644 credebat
3242 4606 3341 4645 eos
3374 4589 3433 4644 in
3467 4589 3558 4644 fu-

144 4661 481 4720 Ρθῖτπθιῐιιυτο
531 4664 638 4751 Ηίβ
695 4662 888 4751 verbis
946 4662 1202 4719 οείθηάίΐ
1256 4660 1597 4733 ΑΡοείοῙυδν
1653 4659 1793 4751 quia
1824 4679 1872 4744 Ι)
1903 4678 2033 4729 turo
2067 4673 2243 4728 etiam
2277 4677 2481 4728 caetera
2512 4673 2817 4746 corrigere.
2846 4678 3210 4751 Quapropter
3238 4678 3357 4733 ait:
3388 4681 3560 4750 Spero

144 4765 312 4809 causa
340 4751 555 4809 salutis
585 4750 822 4808 illorum
858 4750 1281 4822 liberabantur,
1316 4767 1567 4822 quorum
1617 4749 1794 4805 etiam

145 4854 312 4897 causa
358 4841 795 4898 afﬁciebantur.
852 4841 923 4896 Et
972 4857 1107 4895 cum
1167 4840 1442 4912 superius
1502 4839 1793 4895 dixisset:

147 4929 545 4993 Adiuoantibus
574 4931 725 4987 vobis
754 4932 818 4987 in
848 4932 1119 4999 oratione,
1153 4935 1211 4985 et
1241 4946 1397 4985 nunc
1442 4928 1586 4984 dicit
1618 4945 1631 4984 :
1685 4934 1797 4984 Per

146 5020 333 5076 multos
360 5023 566 5093 gratia:
592 5025 856 5092 agantur,
884 5020 1221 5075 manifestat
1252 5035 1311 5074 se
1342 5017 1508 5084 velle,
1540 5023 1627 5083 ut,
1652 5018 1794 5072 dum

150 5105 224 5161 illi
253 5108 310 5164 in
342 5109 723 5166 tribulatione
753 5109 1174 5175 detinerentur,
1206 5114 1438 5164 orarent
1469 5113 1534 5163 ut
1578 5106 1795 5162 libera-

151 5202 361 5267 rentur,
412 5204 473 5255 et
521 5198 807 5266 liberatis,
858 5204 1054 5269 grates
1105 5203 1218 5254 Deo
1271 5198 1646 5253 referrentur.
1682 5197 1798 5253 Ista

151 5284 312 5343 etiam
344 5287 628 5345 salutaris
661 5287 884 5359 regula,
908 5305 1035 5359 quae
1065 5291 1208 5342 tunc
1228 5288 1591 5353 servabatur,
1617 5285 1797 5340 etiam

154 5388 297 5431 nunc
326 5377 555 5434 actitari
588 5378 780 5433 debet.
813 5377 961 5433 Nam
993 5393 1127 5432 cum
1163 5376 1568 5447 praedicatores
1600 5374 1656 5428 in
1690 5374 1794 5430 tri-

154 5460 439 5525 bulatione
494 5467 853 5536 detinentur,
905 5467 1122 5523 debent
1166 5464 1463 5522 auditores
1513 5481 1700 5535 orare,
1734 5468 1798 5521 ut

217 5682 361 5759 (688)
392 5684 844 5759 ῥυροε.ηιίιίαηι.

218 5753 364 5833 (683)
394 5753 584 5831 Vulg?
604 5757 671 5820 Ut
697 5772 769 5817 ex
794 5756 1103 5815 multorum
1126 5755 1382 5830 personis
1410 5756 1548 5833 ejus,
1579 5759 1690 5821 etc.

1907 4763 2046 4835 quod
2072 4779 2240 4834 usque
2272 4763 2326 4817 in
2373 4763 2540 4832 ﬁnem
2568 4767 2913 4835 cognoscetis.
2947 4766 3143 4822 Potest
3170 4771 3228 4821 et
3257 4767 3329 4822 ad
3362 4767 3561 4837 ipsum

1906 4853 2128 4917 referri,
2162 4854 2316 4924 quod
2351 4854 2451 4920 ait,
2483 4869 2661 4924 spero,
2695 4859 2828 4922 etc.,
2863 4859 2928 4909 ut
2957 4855 3035 4910 sit
3064 4872 3276 4910 sensus
3310 4873 3322 4910 :
3379 4856 3561 4927 Spero

1907 4943 2061 5013 quod
2087 4942 2144 4997 in
2168 4948 2354 5014 empto
2384 4943 2700 5015 proposito,
2732 4960 2907 5014 quem
2939 4949 2995 4999 et
3023 4944 3279 5016 scriptis,
3304 4949 3362 4999 et
3388 4944 3562 5000 factis

1907 5033 2248 5104 agnovistis,
2274 5049 2367 5087 me
2399 5050 2631 5105 quoque
2663 5050 2851 5103 usque
2880 5033 2937 5087 in
2972 5033 3146 5088 finem
3171 5032 3560 5106 cognoscetis.

1907 5122 2041 5187 Sed,
2068 5121 2117 5177 si
2149 5123 2216 5176 ad
2253 5121 2382 5177 illos
2416 5125 2685 5190 refertur,
2710 5126 2982 5193 provocat
3010 5139 3110 5177 eos
3140 5122 3234 5177 his
3263 5122 3457 5178 verbis
3489 5121 3563 5178 ad

1909 5211 2349 5284 perseverantia:
2382 5211 2602 5266 bonum
2633 5235 2648 5277 ;
2680 5210 2729 5266 si
2761 5216 2955 5266 autem
2986 5211 3056 5267 ad
3093 5227 3176 5279 se,
3218 5216 3275 5267 et
3324 5211 3448 5285 ipse
3492 5211 3565 5268 de

1909 5302 2348 5373 perseverantiae
2380 5301 2533 5355 bono
2560 5300 2819 5367 confidit,
2847 5302 3127 5372 quoniam
3160 5302 3379 5357 bonum
3412 5316 3562 5373 opus

1908 5397 2163 5462 emptum
2186 5390 2265 5445 nil
2285 5389 2459 5453 valet,
2476 5389 2588 5445 nisi
2614 5389 2979 5461 compleatur
3001 5394 3408 5463 perseverante
3427 5390 3561 5447 ﬁne.

1909 5480 2056 5535 Hinc
2081 5484 2171 5535 est
2194 5479 2349 5551 quod
2373 5478 2431 5532 in
2456 5477 2647 5534 Veteri
2670 5479 3048 5535 Testamento
3075 5480 3263 5538 cauda
3284 5477 3483 5548 simul,
3506 5481 3566 5537 et

2002 5680 2131 5747 685)
2160 5680 2227 5751 in
2254 5674 2816 5751 autogfmargghic
2833 5674 3049 5751 legitur
3077 5692 3207 5750 cap.
3244 5675 3344 5739 III.

2000 5746 2131 5824 686)
2160 5746 2334 5827 Vulg.
2365 5746 2664 5808 scribimus
2689 5748 2861 5811 vobis.
