3902 6432
331 431 450 491 M9

1351 424 1687 485 ATTONIS
1735 422 2323 484 VERCELLENSIS
2371 423 2722 484 EPISCOPI

3637 421 3755 482 420

339 565 512 633 caput
540 560 596 615 in
626 557 911 614 sacriﬁcio
935 555 1299 612 offerebatur.
1317 556 1572 610 Caudam
1596 553 1794 619 simul,
1819 559 1873 609 et
1895 572 1985 609 ca-
2015 556 2068 621 Α
2099 553 2329 608 levitate
2354 555 2437 609 uti
2463 555 2726 622 videtur;
2756 555 2854 609 sed
2884 569 2990 626 ego
3016 571 3160 610 usus
3185 571 3300 610 non
3325 570 3457 610 sum
3492 554 3750 621 levitate,

334 654 441 722 put
489 649 545 704 in
599 648 884 704 sacriﬁcio
925 647 1150 716 offerre,
1184 651 1272 701 est
1304 645 1520 700 bonum
1553 660 1701 714 opus
1731 648 1980 715 cceptum

335 741 743 810 perseverante
768 736 882 791 ﬁne
911 734 1223 805 complere.
1249 733 1410 789 Unde
1442 738 1497 787 et
1521 732 1802 787 Dominus
1828 750 1839 786 :
1879 733 1986 800 Qui

329 827 767 899 perseveraverit
789 823 1002 895 (Matth.
1026 840 1080 891 x,
1104 823 1214 893 22),
1239 827 1346 877 etc.
1372 822 1533 887 Quod
1566 826 1759 876 autem
1788 820 1982 892 sequi-

332 921 472 972 tur:
506 915 654 971 Sicut
683 919 735 969 et
763 912 1082 983 cognovistis
1110 928 1180 966 ex
1202 915 1386 982 parte,
1418 911 1465 964 si
1498 911 1569 965 ad
1603 927 1773 965 suam
1805 911 1980 964 ret‘er-

333 1008 431 1060 tur
451 1001 923 1076 personam,ideo
945 1000 1106 1069 dicit,
1123 998 1263 1070 quia
1287 997 1510 1054 nullius
1533 998 1788 1053 hominis
1813 997 1979 1054 meri-

329 1098 457 1148 tum
479 1092 538 1147 in
567 1091 674 1145 hac
694 1091 811 1145 vita
832 1090 903 1144 ad
931 1088 1225 1160 integrum
1258 1088 1391 1158 quis
1414 1103 1763 1159 cognoscere
1793 1086 1978 1152 valet;

330 1183 399 1237 ad
426 1183 543 1236 haec
565 1180 736 1235 etiam
768 1177 1023 1250 respicit,
1054 1178 1208 1248 quod
1233 1177 1348 1232 ait:
1387 1177 1449 1231 In
1470 1177 1558 1232 die
1576 1178 1810 1245 Domini,
1835 1181 1976 1243 etc.;

330 1271 378 1326 si
403 1274 595 1324 autem
623 1268 694 1322 ad
717 1267 1048 1322 Corinthios
1072 1267 1341 1335 refertur,
1365 1266 1494 1321 ideo
1527 1283 1595 1322 ex
1625 1271 1787 1338 parte
1817 1265 1977 1330 dicit,

330 1359 466 1430 quia
499 1359 626 1428 jam
659 1356 848 1411 multa
877 1359 1266 1411 correxerant.

401 1447 680 1517 Sequitur
711 1462 723 1500 :
778 1445 918 1512 Quia
967 1445 1146 1514 gloria
1177 1447 1351 1498 vestra
1381 1460 1591 1513 sumus,
1622 1449 1732 1498 etc.
1772 1442 1978 1514 Agnito

327 1535 594 1608 Apostoli
617 1534 848 1602 atl’ectu,
872 1533 1277 1605 gloriabantur
1296 1533 1354 1587 in
1387 1549 1451 1588 eo
1474 1532 1782 1597 Corinthii,
1810 1533 1978 1604 quasi

328 1627 388 1680 in
420 1624 748 1681 clarissimo
781 1627 961 1695 patre,
995 1627 1050 1677 et
1080 1621 1492 1694 probatissimo
1522 1621 1825 1694 magistro.
1850 1621 1980 1691 Ipse

327 1713 791 1787 quoque,agnita
807 1727 1009 1767 eorum
1027 1709 1816 1782 obedientia,gloriabaturin
1838 1709 1976 1780 illis,

325 1803 496 1875 quasi
526 1802 585 1856 in
618 1800 840 1856 devotis
865 1798 1021 1868 ﬁliis,
1047 1805 1102 1853 et
1133 1799 1566 1866 obedientibus,
1592 1803 1765 1869 atque
1798 1797 1978 1852 hone-

325 1893 432 1947 stis
453 1889 776 1961 discipulis.
804 1888 1067 1960 Magistri
1090 1903 1226 1958 ergo
1250 1892 1390 1942 tunc
1415 1891 1553 1942 sunt
1573 1885 1759 1986 gloria
1782 1887 1978 1942 subdi-
2007 1925 2054 1989 Β

323 1987 542 2049 torum,
576 1995 710 2034 cum
740 1982 912 2033 tantae
944 1981 1078 2032 sunt
1112 1976 1436 2031 sanctitatis
1469 1981 1525 2029 et
1559 1976 1772 2044 meriti,
1808 1980 1871 2029 ut
1901 1977 1973 2029 ab

323 2069 582 2126 Ecclesia
598 2065 950 2124 venerationi
974 2065 1320 2120 habeantur.
1346 2064 1652 2120 Auditores
1675 2081 1807 2120 vero
1833 2069 1972 2120 tunc

324 2158 513 2230 gloria
544 2161 684 2212 sunt
714 2155 1154 2226 magistrorum,
1187 2170 1319 2208 cum
1371 2154 1453 2207 ita
1483 2152 1820 2208 obedientes
1851 2153 1972 2206 exi-

323 2251 508 2314 stunt,
539 2250 602 2301 ut
623 2262 724 2317 per
744 2242 1041 2315 singulare
1069 2242 1408 2297 obedientiaa
1431 2243 1649 2295 bonum
1685 2260 1717 2296 a
1743 2242 1972 2296 cunctis

318 2340 688 2393 venerentur.
713 2334 1074 2404 Quapropter
1100 2331 1369 2402 utrisque
1397 2346 1633 2385 necesse
1665 2336 1773 2399 est,
1799 2335 1861 2385 ut
1893 2332 1973 2385 ita

320 2427 512 2482 vivere
541 2424 835 2489 studeant,
868 2426 1160 2492 quatenus
1191 2419 1303 2474 sibi
1345 2419 1591 2474 invicem
1627 2419 1814 2491 gloria
1844 2436 1971 2475 esse

323 2517 561 2588 queant.
589 2511 699 2567 Sed
733 2511 965 2582 quando
997 2509 1119 2564 haec
1140 2508 1324 2579 gloria
1357 2507 1876 2563 manifestabitur?
1908 2511 1972 2564 In

321 2604 412 2659 die
429 2603 652 2660 Domini
678 2601 856 2656 nostri
872 2600 997 2654 Jesu
1029 2597 1272 2657 Christi;
1305 2596 1362 2651 id
1395 2602 1502 2662 est,
1526 2596 1586 2650 in
1621 2597 1712 2651 die
1737 2597 1967 2665 judicii.

322 2693 404 2748 lbi
423 2691 579 2747 enim
595 2706 726 2762 quae
741 2687 916 2743 fuerit
931 2686 1197 2742 omnium
1218 2685 1666 2756 praedicatorum
1683 2685 1967 2752 doctrina,

318 2787 376 2837 et
397 2779 766 2836 subditorum
789 2775 1139 2840 obedientia,
1164 2774 1666 2828 manifestabitur:
1698 2775 1971 2842 Quoniam

319 2871 461 2925 nihil
509 2869 617 2924 erit
667 2873 929 2938 opertum,
983 2862 1125 2934 quod
1171 2879 1282 2917 non
1338 2863 1605 2917 reveletur
1654 2863 1860 2932 (Matth.
1913 2881 1967 2933 x,

319 2960 432 3030 26),
470 2963 580 3013 etc.

390 3047 669 3119 Sequitur
699 3061 712 3099 :
749 3047 813 3100 Et
841 3045 900 3099 in
929 3043 1029 3096 hac
1057 3039 1382 3110 conﬁdentia
1413 3041 1568 3094 volui
1593 3042 1750 3112 prius
1782 3043 1970 3096 venire

320 3138 394 3194 ad
422 3153 533 3207 vos,
565 3140 674 3192 etc.
707 3133 765 3188 Si
797 3134 866 3188 ad
901 3130 1205 3202 superiora
1233 3129 1354 3184 haec
1391 3130 1681 3184 sententia
1710 3130 1966 3201 respicit,

323 3229 395 3283 de
419 3226 541 3298 spei
562 3221 918 3281 conﬁdentia
939 3219 1114 3285 dicit;
1138 3219 1185 3274 si
1211 3223 1406 3274 autem
1431 3219 1500 3273 ad
1531 3218 1823 3285 inferiora,
1841 3237 1968 3290 quas

2095 643 2236 714 quia
2266 643 2576 699 utilitatem
2609 644 2899 715 praeposui
2932 643 3236 700 voluntati.
3268 643 3413 699 Nam
3447 661 3632 716 quare
3678 645 3750 700 ad

2093 749 2191 788 eos
2209 750 2322 788 non
2345 734 2584 799 venerit,
2601 751 2942 805 quanquam
2966 733 3232 802 latenter,
3247 735 3507 789 ostendit
3527 739 3750 803 tamen,

2093 822 2247 892 quod
2282 839 2394 876 non
2427 822 2497 876 ad
2532 840 2614 886 se,
2648 823 2749 878 sed
2783 824 2852 876 ad
2885 821 3016 876 illos
3047 822 3368 876 attinuerit.

2161 911 2436 981 Sequitur
2471 927 2482 964 :
2539 912 2643 965 Aut
2689 927 2806 982 qua
2841 912 3032 981 cogito,
3066 910 3363 966 secundum
3391 927 3626 967 carnem
3655 928 3747 968 co-

2089 1000 2249 1067 gito?
2279 999 2423 1053 Non.
2459 999 2527 1052 Et
2564 1004 2652 1055 est
2697 1016 2909 1054 sensus
2942 1015 2954 1054 :
3012 998 3114 1054 Ille
3143 1001 3470 1055 secundum
3503 1017 3745 1056 carnem

2091 1088 2419 1158 cogitando,
2455 1090 2609 1159 quod
2644 1088 2932 1159 promisit,
2967 1105 3081 1143 non
3114 1088 3338 1160 implet,
3372 1089 3471 1161 qui
3503 1096 3607 1146 aut
3638 1090 3748 1146 ali-

2090 1177 2260 1246 cujus
2309 1193 2569 1247 personze
2616 1177 3004 1242 veneratione,
3040 1181 3141 1232 aut
3190 1177 3337 1232 lucri
3369 1178 3608 1246 terreni,
3645 1185 3748 1236 aut

2090 1264 2406 1336 cujuslibet
2434 1267 2728 1334 vanitatis,
2763 1265 2848 1322 vel
2895 1265 3143 1322 levitatis
3190 1283 3368 1322 causa
3407 1267 3604 1324 diﬂ‘ert
3634 1269 3745 1323 im-

2091 1353 2247 1424 plere
2271 1354 2427 1425 quod
2460 1354 2764 1426 promisit:
2802 1354 3085 1426 spiritalis
3116 1360 3372 1426 econtra,
3399 1357 3749 1428 spiritaliter

2089 1443 2422 1513 cogitando,
2449 1461 2560 1498 non
2594 1443 2797 1514 implet
2828 1444 2982 1515 quod
3016 1445 3306 1514 promisit,
3331 1445 3468 1516 quia
3500 1447 3748 1517 profun-

2089 1531 2222 1586 dius
2248 1531 2469 1602 aliquid
2499 1532 2568 1587 de
2591 1532 2779 1587 salute
2801 1532 3008 1587 animae
3034 1531 3334 1605 intelligit;
3361 1539 3418 1588 et
3435 1533 3566 1589 ideo
3591 1534 3752 1590 utili-

2089 1624 2268 1675 tatem
2293 1619 2577 1676 voluntati
2601 1622 2904 1693 praeponit.
2928 1621 3072 1676 Nam
3097 1621 3329 1678 carnale
3350 1627 3456 1691 est,
3480 1623 3751 1681 volunta-

2088 1713 2204 1763 tem
2267 1707 2522 1774 utilitati,
2576 1709 2837 1781 spiritale
2886 1726 3042 1778 vero,
3093 1710 3406 1766 utilitatem
3450 1711 3742 1768 voluntati

2090 1814 2442 1869 praeponere.
2464 1799 2830 1871 Quapropter
2855 1798 3186 1870 intelligens
3207 1799 3526 1871 Apostolus
3549 1803 3744 1874 magis

2089 1887 2159 1941 ad
2183 1903 2384 1941 eorum
2410 1889 2652 1942 attinere
2681 1887 2953 1954 salutem,
2978 1889 3025 1943 si
3055 1905 3169 1944 non
3197 1891 3416 1945 veniret
3446 1890 3519 1945 ad
3554 1897 3740 1963 ipsos,

2083 1975 2211 2030 ideo
2247 1975 2473 2030 distulit
2503 1976 2716 2031 venire.

2155 2065 2435 2135 Sequitur
2469 2081 2480 2119 :
2536 2067 2599 2120 Ut
2647 2068 2696 2120 si
2737 2065 2883 2138 apud
2920 2083 3006 2121 me.
3037 2067 3172 2136 EST,
3205 2072 3255 2122 et
3288 2067 3468 2123 NON?
3497 2069 3738 2126 Subau-

2083 2154 2261 2220 ditur,
2286 2172 2422 2210 non.
2454 2156 2517 2209 Et
2544 2160 2631 2210 est
2662 2171 2872 2211 sensus
2897 2173 2908 2210 :
2933 2157 3100 2227 Apud
3127 2155 3259 2212 illos
3281 2163 3368 2213 est
3390 2162 3486 2222 est,
3516 2163 3572 2214 et
3600 2177 3736 2230 non,

2085 2244 2204 2313 qui,
2239 2245 2391 2315 quod
2444 2245 2940 2299 manifestandum
2973 2249 3063 2300 est
3095 2262 3208 2300 non
3244 2247 3649 2316 manifestant,
3679 2256 3740 2306 et

2081 2334 2182 2404 qui
2216 2333 2573 2388 voluntatem
2609 2333 2846 2388 utilitati
2881 2340 3242 2406 praeponunt.
3276 2337 3444 2406 Apud
3477 2353 3570 2393 me
3602 2355 3737 2395 vero

2082 2441 2196 2478 non
2228 2427 2316 2478 est
2344 2432 2442 2493 est,
2467 2431 2516 2478 et
2546 2439 2657 2478 non
2681 2440 2702 2483 ;
2734 2424 2874 2494 quia
2895 2423 3059 2478 nulla
3088 2422 3337 2490 falsitas,
3363 2424 3525 2481 nulla
3547 2434 3740 2484 muta-

2081 2511 2279 2567 bilitas
2309 2530 2321 2578 ;
2357 2517 2412 2567 et
2461 2512 2603 2582 quia
2650 2529 2766 2566 non
2800 2501 3007 2567 sumus
3038 2511 3202 2568 vobis
3234 2515 3484 2570 mentiti.
3519 2520 3737 2574 Beatus

2081 2617 2233 2672 papa
2261 2600 2576 2671 Gregorius
2607 2601 2679 2656 de
2710 2600 2820 2656 hoc
2867 2600 2992 2656 loco
3023 2601 3217 2657 taliter
3245 2602 3527 2674 loquitur,
3560 2608 3735 2677 quasi

2078 2689 2323 2744 dixisset
2353 2706 2365 2742 :
2401 2689 2568 2760 Apud
2596 2704 2687 2743 me
2711 2705 2824 2744 non
2849 2694 2936 2744 est
2956 2695 3040 2745 est
3067 2699 3118 2746 et
3148 2707 3294 2753 non;
3327 2691 3433 2748 hoc
3456 2699 3565 2764 est,
3587 2711 3736 2752 aura

2081 2776 2487 2832 mutabilitatis
2519 2794 2632 2832 non
2667 2794 2918 2849 moveor,
2955 2779 3094 2850 quia
3123 2779 3372 2836 levitatis
3421 2782 3560 2838 vitio
3613 2801 3732 2841 non

2080 2866 2420 2922 succumbo.

2149 2955 2472 3026 Sequitur:
2528 2955 2730 3010 Fidelis
2785 2957 2942 3010 Deus.
2996 2957 3229 3026 Fidelis,
3277 2957 3542 3032 inquam,
3587 2963 3734 3034 quia

2079 3061 2194 3100 non
2228 3049 2317 3099 est
2347 3044 2499 3116 apud
2535 3060 2669 3099 eum
2700 3048 2781 3099 est
2807 3054 2858 3100 et
2886 3062 3014 3100 non.
3051 3046 3195 3102 Nota
3226 3050 3383 3118 quia,
3413 3049 3555 3104 dum
3588 3052 3736 3108 dicit

2080 3132 2470 3197 ﬁdelem,vult
2493 3133 2795 3187 ostendere
2818 3151 2898 3198 se,
2919 3151 3175 3205 suosque
3194 3136 3420 3193 similes
3445 3154 3572 3194 esse
3597 3141 3736 3196 ﬁde-

2082 3221 2166 3277 les
2195 3239 2208 3276 :
2243 3238 2308 3276 ac
2341 3222 2388 3276 si
2421 3222 2614 3276 dicat:
2650 3221 2708 3276 Si
2741 3220 2838 3276 ille
2871 3222 3080 3288 ﬁdelis,
3115 3241 3250 3294 ergo
3283 3225 3481 3282 ﬁdeles
3512 3232 3568 3283 et
3601 3246 3733 3298 nos,

323 3317 421 3381 sit,
448 3291 599 3370 idem
625 3311 898 3368 ostendit.
931 3311 991 3365 Ut
1019 3307 1336 3377 secundum,
1363 3307 1571 3378 inquit,
1595 3311 1837 3384 gratiam
1868 3308 1969 3364 ha-
2000 3291 2042 3358 C
2083 3327 2185 3382 per
2213 3327 2361 3380 quos
2401 3310 2524 3382 ipse
2569 3309 2848 3381 loquitur.
2884 3312 2950 3365 Et
2998 3312 3125 3366 ideo
3174 3291 3483 3384 subjunxit
3515 3333 3528 3371 :
3588 3291 3737 3387 ρυεά

324 3405 543 3462 beretis.
577 3401 739 3466 Quod
771 3415 902 3454 vero
943 3398 1104 3465 dicit,
1141 3397 1481 3460 secundam,
1514 3397 1743 3452 duobus
1777 3398 1967 3453 modis

311 3497 511 3566 potest
532 3489 796 3560 intelligi.
820 3487 1072 3543 Primam
1096 3485 1310 3556 quippe
1337 3484 1670 3539 habuerunt
1692 3485 1748 3540 in
1775 3503 1966 3542 susce-

312 3583 516 3656 ptione
539 3578 825 3652 Epistolas,
851 3576 1168 3632 secundam
1201 3574 1481 3628 haberent
1514 3573 1570 3627 in
1603 3575 1731 3642 ejus
1761 3591 1964 3646 corpo-

314 3670 425 3726 rali
459 3667 782 3741 praesentia.
808 3663 1066 3736 Epistola
1094 3663 1222 3731 ejus
1252 3661 1446 3732 imago
1480 3661 1624 3726 fuit;
1660 3662 1966 3732 praesentia

319 3758 602 3830 corporis,
635 3756 850 3810 veritas
877 3771 891 3818 ;
927 3757 983 3807 et
1011 3753 1138 3806 ideo
1170 3750 1270 3820 qui
1303 3755 1690 3820 susceperunt
1720 3767 1853 3804 eum
1903 3751 1962 3806 in

318 3843 728 3911 similitudine,
745 3841 1110 3912 susciperent
1135 3855 1265 3894 eum
1294 3838 1349 3891 in
1369 3835 1768 3892 veritate.Alio
1791 3840 1962 3894 modo

317 3935 569 4009 primam
585 3933 832 4005 gratiam
847 3925 1483 3996 habuerunt,quoniam
1503 3922 1665 3996 prius
1681 3942 1812 3980 cum
1828 3943 1962 3981 cum

317 4023 533 4096 gaudio
556 4022 1034 4090 susceperunt,et
1054 4016 1123 4070 ad
1152 4013 1617 4086 praedicationem
1638 4013 1828 4085 ipsius
1845 4032 1964 4070 cre-

317 4113 636 4177 diderunt;
672 4107 990 4165 secundam
1041 4103 1287 4176 gratiam
1336 4102 1638 4169 haberent,
1671 4103 1722 4156 si
1771 4103 1961 4160 denuo

316 4198 698 4272 corporaliter
726 4213 860 4251 eum
893 4195 1280 4263 susciperent.
1312 4190 1496 4252 Quam
1528 4190 1654 4261 ipse
1685 4193 1959 4257 ostendit,

315 4306 450 4345 cum
475 4286 919 4360 dispositionem
954 4298 1123 4337 suam
1156 4279 1376 4336 eisdem
1412 4279 1787 4333 manifestare
1818 4279 1960 4334 inci-

311 4379 400 4450 pit
425 4396 438 4434 :
472 4379 536 4433 Et
561 4393 664 4450 per
687 4391 796 4444 vos,
825 4373 1037 4444 inquit,
1064 4371 1305 4426 transire
1333 4370 1392 4423 in
1417 4367 1826 4438 Macedoniam,
1851 4374 1958 4426 etc.

314 4467 533 4537 Magnae
564 4479 820 4534 namque
851 4459 1174 4533 dignitatis,
1211 4455 1423 4526 meriti,
1466 4472 1531 4511 ac
1578 4456 1778 4528 gratia":
1834 4474 1962 4513 esse

313 4555 786 4627 prmdicarentur,
817 4551 865 4606 si
889 4549 1079 4618 toties,
1107 4553 1163 4602 et
1191 4545 1396 4602 tandiu
1419 4543 1679 4616 Apostoli
1705 4563 1960 4617 praesen-

308 4644 393 4699 tia
433 4642 887 4714 perfruerentur.

381 4731 694 4802 Sequitur:
731 4728 862 4783 Cum
893 4728 1007 4783 hare
1035 4741 1158 4796 ergo
1191 4724 1505 4791 voluissem,
1538 4725 1796 4794 nunquid
1826 4724 1959 4780 levi-

313 4822 422 4876 tate
443 4836 572 4874 usus
600 4835 722 4873 sum
747 4821 771 4870 .9
801 4813 1397 4870 Animadvertendum
1422 4817 1530 4877 est,
1554 4813 1690 4883 quia
1713 4817 1959 4884 Aposto-

307 4907 401 4964 lus
433 4908 784 4980 promiserat
816 4922 878 4961 se
907 4908 1216 4960 venturum
1249 4901 1320 4956 ad
1353 4917 1450 4955 eos
1477 4918 1489 4967 ;
1538 4903 1637 4955 sed
1670 4901 1809 4971 quia
1840 4918 1953 4956 non

305 4997 482 5066 venit,
516 5014 588 5052 ne
619 4997 911 5053 videretur
939 4994 998 5048 in
1042 4990 1263 5046 malum
1295 4989 1581 5044 mendacii
1615 4989 1952 5060 incurrisse,

304 5085 513 5155 incipit
541 5084 792 5139 levitatis
818 5083 1022 5137 vitium
1056 5088 1300 5151 tergere,
1329 5083 1385 5132 et
1415 5076 1543 5131 ideo
1577 5077 1714 5131 dicit
1749 5096 1761 5133 :
1794 5083 1956 5135 Nun-

305 5172 437 5243 quid
463 5171 684 5226 levitate
705 5189 834 5227 usus
855 5188 976 5226 sum
991 5174 1016 5222 .9
1037 5168 1399 5225 Subauditur
1420 5181 1528 5220 non
1551 5183 1568 5218 :
1590 5165 1759 5235 quasi
1783 5167 1957 5223 dixis-

305 5265 396 5316 set
418 5257 548 5315 aliis
571 5259 763 5316 verbis
788 5276 801 5313 :
830 5258 947 5326 111e,
966 5259 1065 5328 qui
1089 5275 1204 5313 non
1231 5254 1438 5327 implet
1460 5255 1615 5326 quod
1644 5255 1952 5326 promittit,

397 5451 526 5525 δεῖ)
557 5451 724 5525 γυιε.
758 5452 893 5525 fuit-

395 5522 523 5597 6_88)
557 5520 701 5597 Sila}
722 5520 896 5594 juxta
924 5523 1120 5597 γυιεη
1145 5539 1257 5597 seu
1288 5520 1482 5597 Sillas.
1517 5521 1660 5597 Vide
1699 5526 1824 5581 Act.
1857 5544 1949 5597 xv,

299 5597 393 5650 22.
424 5593 568 5666 Item
595 5593 762 5650 initia
790 5593 1236 5666 geminaeEpist.
1261 5595 1331 5648 ad
1357 5594 1654 5666 Thessal.;
1680 5597 1700 5650 Ι
1729 5598 1879 5654 Petri
1896 5593 1949 5665 v,

305 5667 403 5734 12;
428 5665 553 5734 Act.
585 5680 679 5732 xv,
709 5665 815 5734 27,
833 5665 896 5718 41
926 5689 941 5730 ;
974 5670 1096 5719 Act.
1130 5681 1244 5734 xvx,
1280 5667 1365 5720 11.
1398 5665 1520 5720 Ado
1553 5672 1802 5724 testatur
1831 5671 1951 5727 Ma-

303 5709 564 5820 ῥὲἆόηίὲι
578 5709 963 5800 tibiis-sabinis
975 5709 1950 5812 diviPidiiah'eiiéixﬁﬁ'ESSéiGE,

2073 3417 2248 3456 sermo
2278 3405 2480 3468 noster,
2510 3401 2604 3470 qui
2634 3402 2695 3469 fit
2718 3401 2864 3470 (687)
2895 3401 3039 3471 apud
3070 3418 3179 3468 vos,
3216 3407 3326 3457 etc.
3353 3405 3575 3470 Quibus
3601 3425 3732 3464 ver-

2075 3490 2166 3545 bis
2199 3505 2366 3544 suam
2391 3489 2718 3543 doctrinam
2746 3488 3002 3543 ostendit
3027 3506 3156 3545 esse
3187 3507 3382 3547 veram
3411 3510 3424 3561 ;
3461 3495 3600 3566 quia
3633 3497 3734 3553 do-

2075 3579 2259 3634 ctrina
2291 3576 2576 3648 Apostoli,
2609 3577 2876 3632 doctrina
2905 3584 2993 3632 est
3023 3579 3273 3634 Domini.

2144 3667 2422 3737 Sequitur
2455 3682 2467 3719 :
2530 3666 2625 3719 Dei
2672 3667 2822 3719 enim
2870 3666 3048 3722 Filius
3080 3667 3343 3724 Dominus
3370 3675 3528 3726 Iesus
3562 3673 3726 3731 Chri-

2074 3759 2207 3819 stus,
2232 3756 2328 3824 qui
2379 3756 2439 3808 in
2469 3754 2613 3808 vobis
2628 3753 2960 3824 prwdz'catus
2983 3760 3081 3825 est,
3105 3761 3212 3812 etc.
3239 3757 3500 3814 Primum
3528 3760 3587 3816 in
3612 3762 3724 3819 hoc

2076 3843 2200 3898 loco
2230 3841 2604 3913 quaerendum
2637 3847 2728 3896 est
2757 3842 2890 3913 quis
2921 3843 2997 3898 sit
3036 3844 3146 3898 iste
3173 3845 3462 3915 Silvanus,
3493 3849 3583 3905 vel
3617 3868 3726 3908 cur

2072 3932 2148 3986 sit
2175 3930 2481 3985 Timotheo
2514 3930 2882 4012 przepositus.
2919 3931 3186 3988 Silvanus
3225 3935 3380 3991 enim
3429 3937 3556 4008 ipse
3614 3945 3726 4008 est,

2070 4020 2170 4092 qui
2203 4025 2260 4075 et
2290 4019 2474 4075 Sileas
2508 4020 2682 4090 (688),
2717 4019 2934 4092 quippe
2967 4021 3024 4075 in
3054 4022 3294 4079 Actibus
3325 4027 3730 4097 apostolorum

2072 4111 2408 4180 frequenter
2438 4113 2934 4163 commemoratur
2967 4126 2980 4164 :
3029 4110 3099 4165 de
3132 4127 3248 4182 quo
3281 4115 3456 4169 etiam
3490 4114 3728 4189 legitur,

2069 4198 2210 4269 quia
2231 4199 2301 4252 de
2326 4196 2707 4268 Jerosolymis
2731 4197 2989 4253 directus
3011 4204 3101 4253 est
3125 4200 3196 4254 ab
3223 4203 3506 4273 apostolis
3523 4207 3730 4264 Antio-

2069 4287 2264 4342 chiam
2296 4303 2430 4340 cum
2463 4285 2725 4356 epistolis
2759 4288 2896 4353 (Act.
2931 4305 3022 4353 xv,
3055 4288 3173 4358 27),
3206 4295 3444 4361 propter
3476 4293 3729 4351 diversi-

2069 4380 2247 4430 tatem
2289 4375 2575 4440 ciborum,
2608 4378 2665 4428 et
2714 4379 2777 4429 ut
2831 4375 3041 4446 legalia
3091 4393 3269 4433 onera
3316 4395 3350 4434 a
3402 4382 3730 4440 cervicibus

2068 4465 2321 4519 auferret
2375 4463 2762 4519 credentium.
2814 4463 2983 4534 Nam,
3034 4466 3186 4520 sicut
3235 4467 3448 4524 Saulus
3503 4470 3729 4529 indicat

2068 4553 2438 4620 Paulum,sic
2459 4557 2516 4607 et
2546 4550 2816 4608 Silvanus
2847 4553 3084 4608 Sileam.
3113 4555 3176 4608 Hi
3204 4572 3437 4629 quoque
3465 4559 3576 4614 viri
3607 4578 3725 4618 non

1991 4658 2036 4723 ι)
2068 4641 2258 4697 solum
2281 4640 2621 4706 Corinthiis,
2648 4643 2746 4696 sed
2781 4647 2838 4696 et
2864 4641 3489 4703 Thessalonicensibus
3513 4651 3728 4720 praedi-

2072 4735 2365 4786 caverunt.
2401 4730 2511 4785 Sed
2545 4730 2753 4802 quzerit
2783 4731 2925 4786 forte
2955 4731 3170 4804 aliquis
3205 4750 3217 4788 :
3271 4738 3458 4800 Quare
3506 4742 3629 4793 tam
3663 4740 3724 4796 in

2070 4819 2199 4887 hac,
2235 4836 2409 4890 quam
2447 4823 2503 4873 et
2547 4818 2606 4872 in
2647 4818 2748 4874 illa
2780 4819 3034 4891 Epistola
3061 4821 3329 4879 Silvanus
3361 4828 3725 4896 praeponitur

2070 4907 2378 4963 Timotheo
2399 4907 2427 4961 ‘P
2458 4908 2690 4962 Noverit
2730 4907 2846 4978 ille,
2881 4909 2981 4981 qui
3013 4909 3120 4965 hoc
3151 4913 3378 4982 quaerit,
3414 4914 3557 4984 quia
3589 4915 3720 4973 ideo

2068 4997 2214 5052 forte
2248 4997 2625 5068 praeponitur,
2661 4998 2940 5068 quoniam
2975 5000 3138 5069 prius
3167 5002 3465 5072 Apostolo,
3501 5008 3560 5057 et
3591 5005 3722 5076 ejus

2067 5085 2465 5158 przedicationi
2498 5085 2750 5152 inhaesit,
2783 5091 2841 5141 et
2887 5087 3051 5158 prius
3093 5089 3282 5144 factus
3311 5094 3398 5145 est
3426 5092 3723 5165 particeps

2066 5175 2195 5244 ejus
2218 5173 2615 5230 tribulationis
2641 5191 2653 5228 :
2689 5175 2844 5246 quod
2867 5180 2924 5230 et
2954 5176 3101 5232 liber
3123 5179 3399 5233 Actorum
3425 5179 3724 5250 apostolo-

2065 5280 2196 5318 rum
2217 5262 2572 5317 manifestat.
2591 5263 2828 5336 Legitur
2846 5265 3024 5333 enim,
3043 5266 3200 5338 quia,
3217 5283 3348 5323 cum
3373 5273 3724 5340 susceptum

2063 5467 2128 5536 ut
2144 5478 2278 5536 eum
2304 5461 2476 5516 divus
2490 5462 2694 5536 Petrus
2712 5463 2809 5518 cit.
2826 5463 2931 5536 Ep.
2961 5469 3162 5536 vocat;
3196 5463 3419 5536 quique
3436 5463 3724 5521 verisimi-

2064 5533 2196 5607 liter
2220 5534 2374 5588 inter
2395 5534 2769 5604 septuaginta
2791 5533 3112 5607 discipulos
3129 5533 3617 5592 adnumerandus
3638 5537 3724 5591 vi-

2063 5605 2236 5678 detur
2263 5620 2274 5657 :
2300 5620 2554 5675 eumque
2571 5606 2831 5678 martyrii
2854 5605 3112 5678 palmam
3141 5607 3493 5676 obtinuisse,
3512 5608 3723 5676 Silam,

2064 5680 2120 5747 et
2153 5674 2475 5747 Silvanum,
2509 5674 2792 5747 tanquam
2822 5674 2972 5736 duos
3001 5679 3312 5740 distinctos
3342 5674 3498 5738 viros
3539 5674 3729 5745 Greci

2063 5745 2157 5804 die
2190 5747 2257 5804 13
2280 5743 2425 5806 Julii
2456 5743 2676 5807 Colunt.
