3902 6406
130 411 244 470 421

701 407 1113 472 EXPOSITIO
1156 410 1234 470 IN
1280 409 1712 472 EPISTOLAS
1760 409 2021 472 PAULI.
2054 438 2132 454 —-
2175 409 2250 469 IN
2286 409 2531 472 EPIST.
2578 411 2632 471 II
2677 412 2783 472 AD
2829 415 3008 477 COR.

3447 423 3566 484 422

131 543 400 600 ofﬁcium
432 541 715 599 voluisset
745 560 1021 616 peragere
1052 543 1380 616 assumpsit
1424 543 1639 599 Sileam
1703 561 1786 599 se-
1823 547 1878 612 Α
1909 543 1999 598 sui
2035 543 2146 598 ﬁde
2178 544 2552 611 consociavit,
2589 547 2645 600 in
2678 563 2787 602 uno
2820 548 3061 614 homine,
3089 553 3299 620 faciens
3348 570 3564 625 pacem-

131 650 270 688 cum
305 633 466 704 (ALL,
497 650 584 698 xv,
620 633 728 703 40).
761 637 898 687 Post
929 632 1034 687 hac
1069 631 1302 704 legitur,
1338 633 1638 704 quia,cum
1675 651 1798 704 per-

135 730 444 796 agrassent
457 721 686 794 Syriam
700 722 1073 792 (Ibid.,1il),et
1089 721 1352 776 Ciliciam
1379 723 1797 777 contirmantes

130 811 448 877 Ecclesiae,
482 817 769 866 venerunt
799 811 1049 866 Derben.
1093 817 1202 866 etc.
1257 811 1605 866 Timotheus
1637 829 1792 880 vero,

132 917 501 972 quamquam
533 899 606 954 ah
638 899 918 971 Apostolo
949 900 1026 954 sit
1056 899 1364 955 ordinatus
1397 901 1794 972 episcopus,et

137 991 393 1045 multum
428 990 502 1044 ab
533 1005 599 1044 eo
630 988 919 1056 laudetur,
951 989 1157 1044 merito
1191 994 1387 1044 tamen
1419 990 1793 1061 supponitur.

136 1083 252 1134 Iste
286 1079 464 1134 etiam
497 1078 638 1133 ordo
660 1083 927 1133 servatur
951 1077 1010 1131 in
1045 1077 1332 1134 Ecclesia:
1367 1079 1647 1150 quoniam
1671 1078 1795 1149 epi-

134 1168 295 1239 scopi
323 1168 496 1238 juxta
526 1183 700 1222 suum
728 1167 996 1222 ordinem
1029 1169 1198 1222 sedes
1231 1167 1450 1222 habent

206 1257 477 1312 Christus
498 1255 678 1328 igitur
709 1257 805 1310 Dei
842 1256 1025 1311 Filius
1059 1273 1173 1311 non
1222 1256 1398 1312 habet
1452 1260 1528 1311 est
1557 1261 1626 1312 et'
1663 1273 1796 1325 non,

135 1347 421 1419 quoniam
453 1345 619 1400 nulla
646 1348 736 1400 est
765 1345 822 1399 in
843 1344 941 1400 illo
957 1344 1373 1416 falsitas,nulla
1394 1347 1568 1401 etiam
1604 1351 1798 1401 muta-

141 1435 536 1501 bilitas,sieut
559 1433 841 1506 scriptum
867 1439 982 1490 est:
1009 1434 1163 1505 Apud
1193 1451 1352 1506 quem
1370 1451 1480 1489 non
1511 1440 1794 1489 esttrans-

135 1527 370 1580 mutatio
402 1525 542 1595 (Jac.
581 1525 620 1591 I,
657 1523 769 1594 17),
800 1527 888 1577 etc
939 1522 1039 1577 Sed
1071 1523 1206 1577 EST
1254 1525 1313 1577 in
1368 1523 1470 1577 illo
1527 1523 1678 1588 fuit;
1738 1523 1794 1577 id

135 1618 246 1679 est,
280 1612 420 1686 quia
450 1617 652 1668 manet
679 1611 740 1666 in
771 1628 837 1667 eo
884 1611 1230 1667 inconvulsa
1272 1611 1505 1681 veritas,
1568 1612 1794 1666 incom-

138 1702 446 1758 mutabilis
485 1702 737 1772 bonitas,
771 1701 933 1757 Unde
963 1705 1020 1756 et
1049 1701 1119 1756 ad
1155 1700 1391 1772 Moysen
1449 1700 1628 1754 dicit:
1687 1701 1796 1770 Ego

134 1807 262 1846 sum
293 1793 388 1864 qui
415 1807 541 1846 sum
574 1789 766 1861 (Exod.
792 1806 875 1856 ni,
914 1791 1018 1859 1-4).
1070 1793 1177 1844 etc.
1214 1788 1302 1843 Illi
1355 1787 1571 1860 quippe
1628 1805 1794 1844 vera-

138 1882 286 1936 citer
343 1885 432 1936 est
473 1897 620 1949 esse,
655 1880 746 1935 cui
803 1896 918 1933 non
951 1877 1138 1945 aliter,
1171 1885 1274 1932 aut
1312 1876 1680 1931 dissimiliter
1710 1881 1797 1931 est

139 1985 290 2035 esse,
328 1969 429 2024 sed
463 1968 571 2023 hoc
596 1966 680 2022 illi
712 1972 802 2022 est
831 1982 980 2033 esse,
1010 1967 1109 2037 qui
1142 1973 1266 2032 est;
1305 1971 1581 2021 creaturae
1639 1982 1796 2034 vero,

140 2056 282 2126 quia
314 2072 429 2110 non
462 2071 495 2109 a
524 2072 586 2110 se
614 2054 832 2110 habent
862 2069 1011 2117 esse,
1044 2053 1118 2108 ab
1150 2053 1249 2109 illo
1266 2053 1581 2122 accipiunt,
1611 2058 1672 2107 ut
1696 2070 1798 2125 pro

140 2144 384 2200 modulo
413 2160 520 2199 suo
552 2159 680 2199 esse
711 2142 958 2214 possint.
997 2141 1084 2197 Illi
1116 2159 1271 2214 ergo,
1293 2143 1384 2197 cui
1427 2159 1542 2197 non
1575 2147 1663 2197 est
1693 2142 1798 2196 ali-

139 2238 242 2301 ter,
279 2237 384 2288 aut
411 2231 780 2287 dissimiliter
805 2246 953 2297 esse,
988 2231 1087 2285 sed
1119 2230 1176 2284 id
1206 2235 1295 2285 est
1323 2229 1409 2284 illi
1441 2247 1592 2298 esse,
1644 2230 1798 2301 quod

137 2328 242 2390 est,
279 2339 399 2376 non
431 2321 590 2377 aliud
623 2325 712 2376 est
742 2319 1124 2390 contrarium,
1158 2319 1270 2373 nisi
1303 2318 1472 2389 illud,
1495 2320 1650 2390 quod
1683 2336 1800 2374 non

139 2417 244 2468 est.
281 2410 587 2478 Quocirca,
620 2409 773 2465 sicut
805 2425 978 2463 omne
1006 2409 1227 2463 bonum
1263 2409 1335 2462 ab
1371 2408 1468 2463 illo
1499 2413 1609 2475 est,
1644 2408 1725 2462 ita
1747 2414 1804 2463 et

138 2517 336 2572 omne,
370 2501 527 2571 quod
560 2497 908 2553 naturaliter
938 2501 1045 2565 est,
1099 2498 1170 2552 ab
1229 2496 1328 2552 illo
1386 2503 1512 2564 est;
1577 2515 1714 2569 ergo
1747 2503 1803 2553 et

137 2606 315 2646 omne
347 2589 571 2643 bonum
602 2587 674 2642 ab
701 2585 820 2641 illo-
848 2587 1028 2642 Item:
1065 2585 1267 2641 Omnis
1302 2587 1480 2659 igitur
1536 2592 1803 2642 creatura

139 2680 316 2745 bona,
377 2681 436 2732 et
492 2693 665 2732 omne
722 2676 942 2730 bonum
1005 2691 1038 2729 a
1093 2675 1248 2743 Deo,
1309 2681 1365 2730 et
1413 2677 1606 2731 omnis
1640 2693 1800 2732 croa-

138 2774 276 2824 tura
307 2767 381 2822 ab
411 2764 512 2820 illo
545 2770 656 2820 est.
692 2765 894 2834 Itaque
927 2763 1250 2818 notandum
1282 2770 1372 2818 est
1402 2763 1561 2835 quia,
1615 2781 1801 2835 quan-

135 2863 268 2914 tum
303 2856 374 2910 ad
407 2853 780 2926 dignitatem,
815 2855 870 2906 et
908 2851 1237 2906 libertatem
1262 2851 1568 2907 doctorum
1595 2853 1804 2909 attinet

136 2962 261 3002 non
295 2944 468 2999 debet
498 2941 615 2996 illis
641 2957 771 2997 esse
798 2943 873 2996 est
895 2948 945 2996 et
972 2957 1107 3007 non,
1142 2941 1240 2994 sed
1276 2940 1442 2995 estin
1503 2941 1622 2995 illis
1675 2957 1804 2997 esse

137 3036 355 3091 debet:
384 3031 493 3088 hoc
520 3036 628 3098 est,
663 3030 803 3102 quia
832 3047 947 3085 non
979 3029 1340 3086 voluntatem
1376 3030 1640 3095 utilitati,
1702 3031 1802 3087 sed

138 3123 462 3180 utilitatem
495 3121 710 3176 debent
739 3136 1074 3192 praeponere
1130 3118 1439 3175 voluntati.
1501 3121 1595 3176 Dei
1646 3121 1804 3176 enim

138 3211 332 3269 Filius
360 3208 644 3265 Dominus
661 3208 837 3264 Jesus
858 3208 1124 3264 Christus
1140 3225 1252 3263 non
1270 3209 1449 3263 habet
1471 3212 1549 3263 est
1576 3215 1629 3264 et
1652 3225 1759 3265 non
1787 3225 1800 3275 ;

1909 632 1994 687 his
2026 633 2304 704 quitonge
2336 641 2480 699 sunt,
2512 637 2561 689 et
2593 635 2678 689 his
2708 639 2807 708 qui
2823 653 2992 708 prope
3017 639 3155 709 (Ibid
3184 687 3199 709 ,
3238 643 3325 709 15,
3359 643 3470 714 17).

1978 721 2290 792 Sequitur:
2326 725 2385 777 Et
2415 725 2514 795 qui
2551 726 2713 779 unxit
2735 743 2830 780 nos
2861 728 3022 782 Deus.
3079 728 3254 784 Unxit
3285 747 3416 803 nos,
3476 733 3564 788 in-

1907 827 2106 882 quam,
2142 811 2496 877 cmlestibus,
2531 817 2588 866 et
2619 814 2986 884 spiritalibus
3008 817 3203 885 donis,
3255 825 3311 875 et
3373 821 3564 878 chari-

1909 900 2219 965 smatibus,
2255 906 2317 954 ut
2348 918 2614 956 essemus
2645 920 2818 971 genus
2854 906 3107 974 electum,
3150 910 3334 979 regale
3385 928 3564 967 sacer-

1906 991 2047 1046 tium
2078 993 2126 1057 (1
2160 991 2306 1044 Petr.
2344 1009 2404 1052 II,
2435 995 2512 1059 9),
2547 994 2872 1049 secundum
2907 997 3060 1067 quod
3094 999 3175 1053 ait
3209 999 3566 1074 Petrusapo-

1908 1077 2115 1132 stolus.
2159 1077 2244 1132 Illi
2280 1081 2662 1152 namque,qui
2697 1080 2753 1135 in
2774 1082 2963 1137 Veteri
2987 1084 3362 1143 Testamento
3385 1107 3557 1163 unge-

1909 1166 2144 1230 bantur,
2179 1166 2439 1222 fidelium
2490 1171 2770 1240 gerebant
2826 1171 3096 1242 ﬁguram.
3161 1175 3468 1248 Sequitur:
3501 1183 3567 1236 Et

1908 1255 2004 1326 qui
2031 1256 2275 1321 signavit
2303 1272 2419 1313 nos.
2455 1258 2572 1313 Hoc
2604 1259 2761 1313 enim
2796 1276 2896 1330 pro
2923 1277 3134 1332 magno
3159 1264 3303 1319 dixit
3330 1291 3343 1333 ;
3376 1268 3433 1322 id
3456 1274 3565 1336 est,

1908 1342 2242 1414 specialiter
2269 1350 2327 1400 et
2358 1347 2733 1416 singulariter
2778 1366 2892 1419 prae
2950 1352 3227 1408 omnibus
3286 1359 3567 1414 creaturis

1907 1431 2098 1503 elegit,
2133 1449 2198 1486 ae
2229 1433 2447 1488 dilexit.
2483 1435 2599 1489 Nos
2633 1452 2765 1490 vero
2795 1438 2945 1507 quod
2981 1438 3224 1496 charum
3278 1444 3570 1502 habemus

1907 1520 2235 1592 signamus.
2267 1521 2432 1588 Nota,
2467 1524 2621 1594 quod
2672 1523 2764 1577 his
2819 1526 3008 1580 verbis
3069 1544 3254 1584 unum
3310 1535 3570 1590 ostendit

1906 1625 2054 1678 opus
2087 1610 2294 1677 Patris,
2330 1617 2387 1666 et
2417 1611 2565 1677 Filii,
2600 1612 2880 1684 quoniam
2913 1630 3012 1669 eos
3029 1615 3196 1672 Pater
3222 1619 3437 1676 dicitur
3459 1639 3567 1678 un-

1905 1711 2062 1767 gere,
2095 1710 2150 1752 et
2207 1700 2460 1771 signare,
2496 1718 2644 1772 quos
2693 1701 2871 1757 Filius
2921 1703 3136 1759 dicitur
3196 1709 3564 1767 confirmare.

1907 1785 2072 1856 Ergo,
2108 1803 2256 1858 quos
2288 1790 2598 1843 conﬁrmat
2628 1789 2808 1844 Filius
2866 1792 3175 1848 conﬁrmat
3247 1800 3304 1850 et
3361 1802 3566 1869 Pater;

1906 1874 2061 1943 quia,
2096 1891 2242 1944 quos
2278 1877 2444 1948 ungit
2475 1884 2532 1932 et
2565 1877 2761 1949 signat
2806 1878 2994 1944 Pater,
3050 1883 3214 1954 ungit
3267 1889 3324 1939 et
3373 1888 3573 1960 signat

1911 1961 2130 2030 Filius;
2164 1969 2219 2018 et
2251 1965 2468 2036 quibus
2521 1965 2687 2021 Pater
2742 1966 2842 2020 dat
2899 1965 3184 2038 Spiritum
3236 1989 3432 2042 suum,
3467 1978 3569 2034 dat

1909 2055 1964 2104 et
1995 2050 2198 2117 Filius,
2231 2053 2371 2124 quia
2400 2053 2604 2119 Patris,
2637 2059 2692 2108 et
2726 2055 2850 2108 Filii
2886 2072 3039 2112 unus
3072 2058 3347 2130 Spiritus.
3406 2064 3566 2121 Unde

1911 2138 2063 2192 idem
2097 2139 2155 2193 in
2193 2141 2446 2211 Epistula
2493 2143 2562 2196 ad
2623 2143 2950 2199 Romanos:
3014 2147 3076 2201 Si
3128 2164 3250 2218 quis
3298 2150 3567 2222 Spiritum

1913 2226 2115 2281 Christi
2143 2245 2252 2282 non
2294 2229 2471 2296 habet,
2507 2231 2596 2285 hic
2625 2248 2738 2285 non
2766 2236 2843 2286 est
2873 2234 2990 2303 ejus
3045 2236 3217 2305 (Rom.
3252 2256 3330 2293 vn
3362 2241 3438 2312 9).
3505 2245 3570 2300 Et

1913 2314 2020 2368 hoc
2051 2316 2398 2384 notandum,
2433 2318 2590 2389 quia,
2634 2335 2769 2374 cum
2799 2322 2870 2375 de
2903 2323 3255 2392 perfectione
3309 2327 3568 2390 hominis

1912 2404 2249 2474 loqueretur
2273 2407 2482 2478 (Ibid.),
2515 2409 2695 2464 totius
2723 2409 3029 2466 Trinitatis
3056 2414 3186 2468 fecit
3210 2419 3566 2478 mentionem

1913 2493 2051 2563 quia
2081 2509 2317 2548 summa
2347 2496 2717 2566 perfectionis
2749 2497 2807 2550 in
2842 2498 3132 2556 Trinitate
3166 2505 3454 2563 consistit.

1989 2581 2304 2652 Sequitur:
2369 2587 2433 2640 Et
2491 2584 2642 2640 dedit
2679 2587 2878 2657 pignus
2931 2589 3193 2662 Spiritus,
3257 2598 3366 2650 etc.
3418 2602 3567 2656 Sane

1914 2671 2259 2738 notandum,
2288 2672 2428 2743 quia
2454 2673 2666 2745 pignus
2699 2692 2800 2745 pro
2837 2693 2896 2732 re
2925 2679 3261 2745 credita,vel
3279 2689 3570 2755 promissa

1913 2758 2122 2824 datur;
2157 2764 2214 2813 et
2244 2777 2376 2815 cum
2410 2778 2500 2816 res
2534 2763 2845 2833 promissa,
2879 2765 2964 2820 vel
2999 2767 3218 2824 credita
3277 2774 3567 2846 redditur,

1915 2846 2192 2916 recipitur
2223 2848 2457 2919 pignus.
2493 2850 2677 2905 Datur
2704 2852 2880 2908 etiam
2904 2854 3117 2926 pignus
3150 2874 3252 2928 pro
3275 2863 3570 2934 magnitu-

1915 2934 2049 2989 dine
2083 2936 2160 2990 rei
2195 2938 2547 3004 creditae,vel
2573 2940 3019 3010 promissae.Ubi
3045 2946 3289 3003 solerter
3309 2951 3572 3008 animad-

1915 3025 2278 3090 vertendum,
2313 3033 2600 3097 quantum
2632 3029 2869 3083 dabitur
2897 3030 3097 3088 electis
3141 3035 3267 3104 jam
3326 3037 3571 3096 immor-

1916 3110 2294 3175 talibus,eum
2321 3119 2548 3168 tantum
2561 3115 2645 3170 eis
2662 3117 2956 3172 tribuatur
2969 3121 3160 3176 adhuc
3180 3127 3566 3188 mortalibus:

1916 3199 2025 3254 hoc
2056 3206 2163 3266 est,
2199 3209 2420 3274 quanta
2450 3205 2559 3259 erit
2588 3221 2812 3262 merces
2848 3213 2904 3262 et
2963 3215 3356 3270 remuneratio
3406 3219 3571 3290 regni

134 3301 280 3374 quia
310 3316 426 3355 non
457 3298 618 3354 aliud
649 3297 920 3366 vuIt,nisi
952 3298 1108 3368 quod
1144 3297 1286 3353 utile
1309 3303 1482 3363 est,et
1515 3299 1656 3354 utile
1678 3301 1807 3370 ejus
1839 3276 1880 3342 C
1921 3288 2196 3355 σαὶιοεῑίδν
2229 3310 2361 3347 cum
2398 3293 2574 3348 etiam
2606 3312 2761 3350 nunc
2792 3301 2955 3352 tanta
2985 3300 3174 3370 gratia
3203 3305 3389 3360 330°“
3441 3276 3572 3379 εἷπ-

137 3407 262 3446 non
297 3392 386 3444 est
416 3386 888 3452 eoactum,veluti
925 3386 1221 3442 hominis:
1260 3403 1363 3441 nec
1397 3393 1484 3442 est
1501 3389 1676 3443 etiam
1702 3388 1810 3443 ali-

139 3478 290 3551 quid
313 3477 595 3532 adversus
616 3493 752 3532 eum
781 3492 875 3531 am
891 3474 1317 3547 bignum,sicut
1339 3477 1492 3545 apud
1521 3476 1806 3532 homines.

141 3569 213 3623 Et
236 3567 371 3621 ideo
401 3565 704 3636 subjungit
737 3563 1313 3636 Apostolus,dicens:
1348 3565 1615 3636 Quotquot
1658 3569 1808 3622 enim

135 3656 541 3730 promissione;
570 3655 667 3709 Dei
706 3658 835 3707 sunt
890 3655 950 3707 in
1016 3653 1112 3707 illo
1171 3653 1328 3717 EST,
1385 3659 1493 3708 etc.
1531 3653 1690 3709 Talis
1723 3660 1812 3710 est

143 3762 384 3812 sensus,
418 3743 587 3816 quasi
618 3743 900 3797 dixisset:
935 3742 1140 3797 Omnis
1166 3743 1381 3797 veritas
1405 3743 1668 3798 Christus
1699 3748 1806 3811 est,

145 3844 201 3890 et
231 3834 353 3889 ideo
381 3849 482 3905 per
516 3835 696 3904 ipsum
725 3848 884 3887 amen
914 3832 1040 3896 Deo,
1075 3831 1212 3902 quia
1245 3848 1347 3902 per
1377 3831 1572 3904 ipsum
1616 3832 1808 3888 omnis

145 3923 400 3978 veritas:
437 3938 574 3977 nam
607 3937 777 3976 amen
809 3920 1022 3975 veritas
1053 3919 1506 3990 interpretatur:
1557 3937 1682 3991 quze
1713 3937 1808 3975 ve-

139 4013 290 4068 ritas
322 4027 426 4083 per
455 4010 754 4066 Christum
789 4014 877 4065 est
900 4008 1292 4074 manifestata,
1316 4013 1371 4063 et
1399 4009 1470 4063 ab
1529 4009 1809 4080 apostolis

140 4101 480 4174 praedicata,
515 4105 574 4155 et
605 4098 852 4154 diversis
875 4098 1084 4170 signis,
1119 4102 1176 4152 et
1199 4096 1501 4153 miraculis
1547 4104 1636 4153 est
1666 4115 1806 4153 con-

144 4193 403 4246 ﬁrmata.
437 4190 600 4253 Quod
634 4188 991 4260 omne,quod
1023 4186 1292 4243 Christus
1316 4186 1586 4259 promisit
1605 4204 1807 4242 verum

139 4281 240 4346 sit,
275 4279 610 4351 impleatur,
645 4278 823 4349 hujus
855 4277 1156 4332 sententia:
1188 4275 1488 4332 conclusio
1519 4277 1655 4332 talis
1679 4294 1809 4332 esse

141 4373 358 4442 potest,
393 4367 563 4440 quasi
596 4367 878 4422 dixisset:
906 4366 1183 4421 Omnium
1216 4366 1678 4437 promissionum
1711 4382 1805 4421 ve-

141 4459 291 4513 ritas
321 4457 590 4513 Christus
621 4461 730 4522 est,
763 4473 891 4528 quae
925 4473 1028 4528 per
1057 4473 1164 4510 nos
1204 4455 1579 4527 praedicatur,
1615 4460 1670 4510 et
1693 4457 1803 4510 im-

140 4546 326 4620 pletio
359 4546 652 4618 sequitur.
686 4543 933 4600 Pulchre
964 4543 1203 4615 quidem
1236 4542 1541 4614 subjunxit
1570 4543 1678 4598 :Ad
1697 4544 1810 4615 glo-

139 4639 291 4692 riam
323 4637 420 4692 Dei
445 4637 592 4705 (689)
623 4653 636 4703 ;
671 4635 952 4707 quoniam
986 4633 1239 4688 multum
1271 4633 1343 4687 ad
1394 4631 1642 4704 gloriam
1705 4633 1808 4689 Dei
1839 4649 1886 4714 ῃ

141 4726 378 4792 attinet,
410 4725 458 4780 si
492 4724 694 4780 omnia
724 4725 795 4778 ab
826 4721 950 4786 illo,
983 4727 1039 4778 et
1070 4739 1172 4794 per
1197 4720 1529 4782 illum.etin
1554 4721 1654 4778 illo
1679 4738 1808 4778 esse

141 4819 494 4880 noscuntur,
528 4818 585 4868 et
615 4812 1048 4885 intelliguntur.

213 4905 534 4976 Sequitur:
567 4905 673 4971 Qui
705 4911 888 4958 autem
917 4901 1215 4970 conﬁrmat
1235 4915 1329 4955 nos
1360 4901 1663 4966 vobiscum,
1706 4901 1810 4956 Do-

142 4995 340 5048 minus
371 4991 616 5048 Christus
647 4994 816 5063 (690),
872 4990 1243 5055 subauditur,
1308 4994 1432 5044 est:
1492 4989 1599 5044 iste
1654 4990 1809 5044 enim

143 5083 429 5139 Hebraeus
452 5087 595 5149 erat,
611 5087 668 5138 et
696 5082 972 5154 gentibus
1005 5078 1373 5150 loquebatur.
1401 5084 1545 5151 Ergo
1562 5077 1696 5134 talis
1723 5083 1812 5134 est

141 5187 401 5227 sensus:
441 5170 727 5226 Dominus
757 5171 1022 5225 Christus
1044 5173 1150 5234 est,
1185 5168 1284 5240 qui
1319 5185 1425 5224 nos
1455 5174 1511 5222 et
1540 5185 1640 5222 vos
1672 5168 1814 5223 inea

143 5259 282 5328 fide,
317 5276 447 5332 quae
515 5260 780 5332 patribus
809 5265 896 5314 est
942 5256 1253 5329 promissa,
1313 5257 1640 5311 conﬁrmat.
1671 5256 1814 5322 Quia

144 5351 260 5421 ipse
287 5352 342 5404 et
381 5364 496 5420 pax
550 5353 758 5416 nostra,
791 5349 890 5419 qui
915 5348 1045 5419 fecit
1102 5353 1334 5417 utraque
1390 5361 1561 5399 unum
1593 5345 1810 5416 (Ephes.

144 5438 205 5494 in
240 5438 355 5510 24).
387 5441 446 5495 et
474 5440 624 5494 duos
663 5437 917 5510 parietes
949 5452 1019 5492 ex
1047 5434 1233 5491 diviso
1258 5433 1555 5490 venientes
1587 5433 1646 5489 in
1695 5449 1814 5489 una

240 5674 370 5743 689)
405 5670 580 5746 Yulg.
612 5670 684 5728 ad
711 5672 948 5744 gloriam
976 5671 1240 5746 nostram.

219 5741 372 5825 (690)
404 5741 578 5819 Vulg.
610 5741 920 5820 qui'autem
968 5741 1265 5814 conﬁrmat
1293 5755 1392 5798 nos
1449 5741 1727 5801 vobiscum
1750 5741 1812 5799 in

1920 3384 2017 3469 tus
2047 3380 2492 3438 administretur
2521 3383 2744 3440 electis.
2779 3386 2846 3440 Et
2876 3386 2984 3442 hoc
3043 3391 3371 3463 sciendum,
3434 3397 3574 3469 quia

1921 3468 2050 3521 ideo
2084 3470 2298 3541 pignus
2331 3472 2520 3540 datur,
2559 3478 2622 3526 ut
2649 3474 2860 3529 certior
2890 3475 3064 3532 homo
3096 3480 3395 3537 reddatur.
3429 3468 3574 3542 Gra-

1921 3565 2003 3619 tia
2057 3579 2192 3634 ergo
2251 3560 2506 3632 Spiritus
2565 3561 2752 3616 sancti
2790 3563 2917 3618 ideo
2947 3565 3228 3622 tribuitur
3255 3570 3476 3640 electis,
3510 3579 3576 3630 ut

1920 3656 2195 3708 certiores
2228 3649 2344 3706 sint
2375 3651 2443 3704 de
2474 3650 2866 3722 promissione
2896 3655 3055 3725 regni
3090 3656 3361 3715 cmlestis.

1991 3742 2138 3812 (691)
2170 3738 2446 3810 Sequitur
2473 3755 2485 3804 ;
2521 3740 2628 3806 Ego
2658 3745 2842 3795 autem
2857 3745 3047 3797 testem
3069 3746 3257 3802 invoco
3279 3752 3575 3822 Deum,etc

1921 3831 2300 3885 Laboraverat
2316 3827 2630 3899 Apostolus
2644 3829 3013 3900 superius,ut
3027 3833 3247 3890 crimen
3266 3836 3520 3896 levitatis
3543 3857 3577 3896 a

1919 3935 1981 3974 se
2014 3920 2282 3989 tergeret,
2316 3921 2371 3970 et
2429 3933 2490 3971 se
2531 3917 2854 3973 immunem
2917 3937 2949 3974 a
2981 3922 3270 3978 mendacii
3331 3927 3577 3986 crimine

1918 4007 2269 4063 ostenderet.
2303 4005 2430 4058 Iam
2460 4021 2615 4059 nunc
2644 4005 2848 4076 incipit
2880 4009 3255 4066 manifestare
3302 4029 3482 4084 quare
3503 4015 3575 4071 ad

1918 4113 2016 4152 eos
2051 4112 2165 4149 non
2194 4093 2434 4158 venerit,
2469 4109 2602 4147 cum
2635 4093 2810 4148 dicit:
2848 4096 2952 4166 Ego
3006 4105 3189 4152 autem
3247 4103 3436 4156 testem
3486 4105 3576 4158 in-

1919 4201 2064 4250 voco,
2092 4188 2200 4238 etc.
2236 4181 2459 4248 Quibus
2490 4183 2683 4237 verbis
2712 4183 2971 4238 ostendit
3019 4187 3172 4257 quod
3234 4205 3347 4244 non
3399 4207 3576 4263 penes

1917 4291 2075 4339 eum,
2110 4271 2207 4326 sed
2244 4288 2388 4343 pene
2446 4269 2578 4325 illos
2639 4270 2832 4336 fuerit,
2895 4275 3048 4344 quod
3112 4276 3184 4331 ad
3246 4294 3345 4334 eos
3403 4297 3576 4336 vene-

1919 4361 1995 4415 rit
2025 4359 2292 4415 Ostendit
2316 4357 2512 4421 etiam,
2547 4375 2680 4413 cum
2713 4359 2890 4414 dicit:
2927 4365 3164 4417 Parccns
3190 4365 3356 4434 vobis,
3420 4368 3574 4439 quod

1921 4448 2089 4504 multi
2118 4451 2284 4503 erant
2340 4447 2645 4502 incorrecti
2696 4447 2850 4502 inter
2878 4465 2998 4514 eos,
3034 4467 3284 4522 quorum
3342 4462 3578 4526 peccata

1920 4538 2168 4592 necdum
2200 4539 2367 4591 erant
2396 4538 2627 4589 excocta
2648 4535 3012 4606 pmnitudine
3037 4555 3050 4593 :
3077 4548 3438 4615 quapropter
3459 4561 3575 4601 non

1919 4625 2074 4681 venit
2105 4624 2175 4679 ad
2207 4641 2326 4691 eos,
2359 4627 2423 4677 ut
2455 4622 2570 4678 illis
2598 4623 2812 4695 locum,
2847 4630 2902 4680 et
2960 4630 3194 4700 tempus
3254 4633 3575 4704 paenitendi

1922 4714 2286 4776 concederet,
2321 4717 2612 4783 quatenus
2672 4729 2804 4768 cum
2857 4716 3099 4782 veniret,
3160 4735 3274 4774 non
3336 4720 3578 4778 haberet

1922 4803 2077 4876 quod
2112 4807 2390 4874 parceret.
2424 4801 2570 4856 Nam
2607 4807 2670 4857 ut
2702 4803 2822 4859 haec
2853 4805 3072 4860 arctius
3103 4822 3305 4863 eorum
3364 4809 3575 4865 menti-

1922 4894 2032 4948 bus
2063 4891 2404 4951 iuculcaret.
2440 4896 2646 4946 testem
2687 4897 2863 4948 Deum
2897 4894 2955 4948 in
2988 4894 3245 4950 animam
3278 4914 3484 4965 suam;
3517 4897 3576 4954 id

1923 4987 2034 5049 est,
2068 4998 2245 5053 super
2276 4980 2556 5044 animam,
2592 4982 2908 5036 invocavit.
2972 4986 3034 5036 Et
3095 4983 3242 5039 bene
3300 4985 3576 5056 quidem;

1923 5072 2061 5143 quia
2095 5071 2189 5125 Dei
2224 5069 2414 5126 solum
2445 5075 2534 5125 est
2567 5071 2772 5126 anima:
2806 5075 3028 5127 secreta
3084 5089 3453 5144 cognoscere,
3486 5091 3575 5130 se-

1923 5161 2184 5214 cundum
2210 5159 2364 5230 quod
2399 5157 2684 5229 scriptum
2715 5166 2803 5212 est
2829 5175 2840 5214 :
2869 5159 3052 5216 Homo
3100 5161 3257 5216 videt
3310 5162 3368 5216 in
3429 5163 3576 5219 facie

1927 5254 2075 5303 Deus
2105 5251 2304 5303 autem
2338 5246 2395 5301 in
2428 5248 2615 5302 corde.
2651 5248 2869 5304 Idcirco
2901 5249 3076 5304 etiam
3109 5249 3576 5317 dicebat,testem

1924 5338 2112 5393 Deum
2146 5335 2371 5402 invoco,
2407 5352 2654 5408 parcens
2683 5337 2869 5407 vobis,
2921 5344 3214 5411 quatenus
3263 5339 3363 5412 qui
3410 5340 3574 5414 digni

1923 5431 2110 5493 erant,
2144 5425 2253 5481 hoc
2284 5424 2614 5494 audientes,
2641 5443 2758 5482 non
2791 5427 3490 5500 scandalizarentur,ejus
3512 5441 3577 5486 se

1926 5661 2146 5808 “iiiis
2175 5733 2240 5789 In
2271 5732 2468 5806 autog.
2505 5746 2691 5805 maP8~
2723 5730 2819 5791 δίο
2848 5732 3063 5808 κείων
3093 5748 3219 5807 ⁰⁸Ρ’
3255 5729 3328 5812 Iv‘
