  <div class='ocr_page' id='page_1' title='image "/cluster/home/n/w/nwhite01/storage/ocr_20150623/134-135/uc1.31175013627537/219.png"; bbox 0 0 3902 6412; ppageno 0'>
   <div class='ocr_carea' id='block_1_1' title="bbox 379 379 501 447">
    <p class='ocr_par' dir='ltr' id='par_1_1' title="bbox 379 379 501 447">
     <span class='ocr_line' id='line_1_1' title="bbox 379 379 501 447; baseline -0.074 -1"><span class='ocrx_word' id='word_1_1' title='bbox 379 379 501 447; x_wconf 70' lang='grc'>423</span> 
     </span>
    </p>
   </div>
   <div class='ocr_carea' id='block_1_2' title="bbox 1413 367 2765 436">
    <p class='ocr_par' dir='ltr' id='par_1_2' title="bbox 1413 367 2765 436">
     <span class='ocr_line' id='line_1_2' title="bbox 1413 367 2765 436; baseline 0.004 -6"><span class='ocrx_word' id='word_1_2' title='bbox 1413 370 1745 432; x_wconf 86' lang='lat' dir='ltr'>ATTONlS</span> <span class='ocrx_word' id='word_1_3' title='bbox 1790 367 2371 434; x_wconf 80' lang='lat' dir='ltr'>VERCELLENSIS</span> <span class='ocrx_word' id='word_1_4' title='bbox 2415 372 2765 436; x_wconf 85' lang='lat' dir='ltr'>EPISCOPI</span> 
     </span>
    </p>
   </div>
   <div class='ocr_carea' id='block_1_3' title="bbox 3664 388 3765 461">
    <p class='ocr_par' dir='ltr' id='par_1_3' title="bbox 3664 388 3765 461">
     <span class='ocr_line' id='line_1_3' title="bbox 3664 388 3765 461; baseline 0 -10"><span class='ocrx_word' id='word_1_5' title='bbox 3664 388 3765 461; x_wconf 57' lang='grc' dir='ltr'><strong><em>ΒΑ</em></strong></span> 
     </span>
    </p>
   </div>
   <div class='ocr_carea' id='block_1_4' title="bbox 372 482 3767 585">
    <p class='ocr_par' dir='ltr' id='par_1_4' title="bbox 372 482 3767 585">
     <span class='ocr_line' id='line_1_4' title="bbox 372 482 3767 585; baseline 0.002 -17"><span class='ocrx_word' id='word_1_6' title='bbox 372 482 692 585; x_wconf 73' lang='lat' dir='ltr'>praesentia</span> <span class='ocrx_word' id='word_1_7' title='bbox 719 505 993 581; x_wconf 86' lang='lat' dir='ltr'>indignos</span> <span class='ocrx_word' id='word_1_8' title='bbox 1015 503 1354 579; x_wconf 88' lang='lat' dir='ltr'>judicantes</span> <span class='ocrx_word' id='word_1_9' title='bbox 1380 521 1393 571; x_wconf 87' lang='lat'><strong>;</strong></span> <span class='ocrx_word' id='word_1_10' title='bbox 1428 502 1511 559; x_wconf 90' lang='lat' dir='ltr'>illi</span> <span class='ocrx_word' id='word_1_11' title='bbox 1542 520 1696 571; x_wconf 88' lang='lat' dir='ltr'>vero,</span> <span class='ocrx_word' id='word_1_12' title='bbox 1738 501 1838 572; x_wconf 87' lang='lat' dir='ltr'>qui</span> <span class='ocrx_word' id='word_1_13' title='bbox 1862 505 2032 558; x_wconf 89' lang='lat' dir='ltr'>erant</span> <span class='ocrx_word' id='word_1_14' title='bbox 2060 503 2113 568; x_wconf 84' lang='grc' dir='ltr'><strong>Α</strong></span> <span class='ocrx_word' id='word_1_15' title='bbox 2145 505 2634 577; x_wconf 80' lang='lat' dir='ltr'>transgressione,</span> <span class='ocrx_word' id='word_1_16' title='bbox 2668 524 2783 563; x_wconf 92' lang='lat' dir='ltr'>non</span> <span class='ocrx_word' id='word_1_17' title='bbox 2815 506 2998 565; x_wconf 64' lang='lat' dir='ltr'>laetari</span> <span class='ocrx_word' id='word_1_18' title='bbox 3030 509 3101 564; x_wconf 92' lang='lat' dir='ltr'>dc</span> <span class='ocrx_word' id='word_1_19' title='bbox 3143 510 3489 569; x_wconf 76' lang='lat' dir='ltr'>succedente</span> <span class='ocrx_word' id='word_1_20' title='bbox 3518 519 3767 577; x_wconf 85' lang='lat' dir='ltr'>emenda-</span> 
     </span>
    </p>
   </div>
   <div class='ocr_carea' id='block_1_5' title="bbox 384 592 2029 673">
    <p class='ocr_par' dir='ltr' id='par_1_5' title="bbox 384 592 2029 673">
     <span class='ocr_line' id='line_1_5' title="bbox 384 592 2029 673; baseline -0.006 -17"><span class='ocrx_word' id='word_1_21' title='bbox 384 600 630 673; x_wconf 87' lang='lat' dir='ltr'>indigni,</span> <span class='ocrx_word' id='word_1_22' title='bbox 663 600 743 655; x_wconf 91' lang='lat' dir='ltr'>ita</span> <span class='ocrx_word' id='word_1_23' title='bbox 774 597 1079 653; x_wconf 80' lang='lat' dir='ltr'>studerent</span> <span class='ocrx_word' id='word_1_24' title='bbox 1106 595 1300 653; x_wconf 84' lang='lat' dir='ltr'>vivere</span> <span class='ocrx_word' id='word_1_25' title='bbox 1331 598 1622 667; x_wconf 84' lang='lat' dir='ltr'>quatenus</span> <span class='ocrx_word' id='word_1_26' title='bbox 1650 592 1838 664; x_wconf 85' lang='lat' dir='ltr'>ipsius</span> <span class='ocrx_word' id='word_1_27' title='bbox 1885 608 2029 664; x_wconf 68' lang='lat' dir='ltr'>prm-</span> 
     </span>
    </p>
   </div>
   <div class='ocr_carea' id='block_1_6' title="bbox 385 686 1023 759">
    <p class='ocr_par' dir='ltr' id='par_1_6' title="bbox 385 686 1023 759">
     <span class='ocr_line' id='line_1_6' title="bbox 385 686 1023 759; baseline -0.011 -13"><span class='ocrx_word' id='word_1_28' title='bbox 385 690 577 747; x_wconf 89' lang='lat' dir='ltr'>sentia</span> <span class='ocrx_word' id='word_1_29' title='bbox 605 687 764 759; x_wconf 83' lang='lat' dir='ltr'>digni</span> <span class='ocrx_word' id='word_1_30' title='bbox 799 686 1023 742; x_wconf 86' lang='lat' dir='ltr'>fierent.</span> 
     </span>
    </p>
   </div>
   <div class='ocr_carea' id='block_1_7' title="bbox 455 769 2034 849">
    <p class='ocr_par' dir='ltr' id='par_1_7' title="bbox 455 769 2034 849">
     <span class='ocr_line' id='line_1_7' title="bbox 455 769 2034 849; baseline -0.007 -15"><span class='ocrx_word' id='word_1_31' title='bbox 455 779 573 835; x_wconf 81' lang='lat' dir='ltr'>Non</span> <span class='ocrx_word' id='word_1_32' title='bbox 596 778 732 849; x_wconf 85' lang='lat' dir='ltr'>quia</span> <span class='ocrx_word' id='word_1_33' title='bbox 761 775 1079 831; x_wconf 81' lang='lat' dir='ltr'>dominatur</span> <span class='ocrx_word' id='word_1_34' title='bbox 1105 772 1234 844; x_wconf 83' lang='lat' dir='ltr'>ﬁdei</span> <span class='ocrx_word' id='word_1_35' title='bbox 1262 769 1592 835; x_wconf 65' lang='lat' dir='ltr'>vestrae,His</span> <span class='ocrx_word' id='word_1_36' title='bbox 1616 769 1811 826; x_wconf 82' lang='lat' dir='ltr'>verbis</span> <span class='ocrx_word' id='word_1_37' title='bbox 1841 772 2034 824; x_wconf 86' lang='lat' dir='ltr'>osten-</span> 
     </span>
    </p>
   </div>
   <div class='ocr_carea' id='block_1_8' title="bbox 388 858 2030 938">
    <p class='ocr_par' dir='ltr' id='par_1_8' title="bbox 388 858 2030 938">
     <span class='ocr_line' id='line_1_8' title="bbox 388 858 2030 938; baseline -0.006 -15"><span class='ocrx_word' id='word_1_38' title='bbox 388 866 473 933; x_wconf 88' lang='lat' dir='ltr'>dit</span> <span class='ocrx_word' id='word_1_39' title='bbox 532 864 842 938; x_wconf 83' lang='lat' dir='ltr'>Apostolus</span> <span class='ocrx_word' id='word_1_40' title='bbox 890 879 1009 918; x_wconf 91' lang='lat' dir='ltr'>rem</span> <span class='ocrx_word' id='word_1_41' title='bbox 1067 877 1195 916; x_wconf 90' lang='lat' dir='ltr'>esse</span> <span class='ocrx_word' id='word_1_42' title='bbox 1250 858 1663 925; x_wconf 86' lang='lat' dir='ltr'>voluntariam,</span> <span class='ocrx_word' id='word_1_43' title='bbox 1718 875 1834 914; x_wconf 92' lang='lat' dir='ltr'>non</span> <span class='ocrx_word' id='word_1_44' title='bbox 1892 874 2030 913; x_wconf 59' lang='lat' dir='ltr'>coao</span> 
     </span>
    </p>
   </div>
   <div class='ocr_carea' id='block_1_9' title="bbox 385 945 2029 1023">
    <p class='ocr_par' dir='ltr' id='par_1_9' title="bbox 385 945 2029 1023">
     <span class='ocr_line' id='line_1_9' title="bbox 385 945 2029 1023; baseline -0.007 -11"><span class='ocrx_word' id='word_1_45' title='bbox 385 960 541 1011; x_wconf 89' lang='lat' dir='ltr'>ctam</span> <span class='ocrx_word' id='word_1_46' title='bbox 573 972 586 1023; x_wconf 94' lang='lat'><strong>;</strong></span> <span class='ocrx_word' id='word_1_47' title='bbox 619 970 755 1010; x_wconf 90' lang='lat' dir='ltr'>nam</span> <span class='ocrx_word' id='word_1_48' title='bbox 776 956 984 1007; x_wconf 68' lang='lat' dir='ltr'>coactae</span> <span class='ocrx_word' id='word_1_49' title='bbox 1008 949 1336 1004; x_wconf 85' lang='lat' dir='ltr'>reinecesse</span> <span class='ocrx_word' id='word_1_50' title='bbox 1350 953 1439 1002; x_wconf 90' lang='lat' dir='ltr'>est</span> <span class='ocrx_word' id='word_1_51' title='bbox 1460 947 1751 1004; x_wconf 81' lang='lat' dir='ltr'>dominari</span> <span class='ocrx_word' id='word_1_52' title='bbox 1777 966 1790 1016; x_wconf 88' lang='lat'><strong>;</strong></span> <span class='ocrx_word' id='word_1_53' title='bbox 1822 945 2029 1002; x_wconf 88' lang='lat' dir='ltr'>volun-</span> 
     </span>
    </p>
   </div>
   <div class='ocr_carea' id='block_1_10' title="bbox 383 1035 2029 1112">
    <p class='ocr_par' dir='ltr' id='par_1_10' title="bbox 383 1035 2029 1112">
     <span class='ocr_line' id='line_1_10' title="bbox 383 1035 2029 1112; baseline -0.007 -12"><span class='ocrx_word' id='word_1_54' title='bbox 383 1044 544 1101; x_wconf 63' lang='lat' dir='ltr'>tariae</span> <span class='ocrx_word' id='word_1_55' title='bbox 575 1059 707 1098; x_wconf 89' lang='lat' dir='ltr'>vero</span> <span class='ocrx_word' id='word_1_56' title='bbox 736 1040 824 1095; x_wconf 87' lang='lat' dir='ltr'>vel</span> <span class='ocrx_word' id='word_1_57' title='bbox 855 1042 1210 1112; x_wconf 64' lang='lat' dir='ltr'>spontanea,</span> <span class='ocrx_word' id='word_1_58' title='bbox 1240 1035 1419 1091; x_wconf 91' lang='lat' dir='ltr'>veluti</span> <span class='ocrx_word' id='word_1_59' title='bbox 1449 1035 1603 1107; x_wconf 84' lang='lat' dir='ltr'>ﬁdei,</span> <span class='ocrx_word' id='word_1_60' title='bbox 1639 1052 1755 1091; x_wconf 93' lang='lat' dir='ltr'>non</span> <span class='ocrx_word' id='word_1_61' title='bbox 1788 1040 1876 1091; x_wconf 90' lang='lat' dir='ltr'>est</span> <span class='ocrx_word' id='word_1_62' title='bbox 1930 1051 2029 1090; x_wconf 91' lang='lat' dir='ltr'>ne-</span> 
     </span>
    </p>
   </div>
   <div class='ocr_carea' id='block_1_11' title="bbox 382 1124 2027 1205">
    <p class='ocr_par' dir='ltr' id='par_1_11' title="bbox 382 1124 2027 1205">
     <span class='ocr_line' id='line_1_11' title="bbox 382 1124 2027 1205; baseline -0.008 -14"><span class='ocrx_word' id='word_1_63' title='bbox 382 1150 544 1191; x_wconf 90' lang='lat' dir='ltr'>cesse</span> <span class='ocrx_word' id='word_1_64' title='bbox 573 1129 1029 1187; x_wconf 81' lang='lat' dir='ltr'>dominationem</span> <span class='ocrx_word' id='word_1_65' title='bbox 1061 1126 1376 1193; x_wconf 90' lang='lat' dir='ltr'>adhibere;</span> <span class='ocrx_word' id='word_1_66' title='bbox 1410 1131 1466 1180; x_wconf 91' lang='lat' dir='ltr'>et</span> <span class='ocrx_word' id='word_1_67' title='bbox 1496 1125 1624 1181; x_wconf 90' lang='lat' dir='ltr'>ideo</span> <span class='ocrx_word' id='word_1_68' title='bbox 1683 1124 2027 1205; x_wconf 85' lang='lat' dir='ltr'>subjunxit:</span> 
     </span>
    </p>
   </div>
   <div class='ocr_carea' id='block_1_12' title="bbox 379 1214 2031 1291">
    <p class='ocr_par' dir='ltr' id='par_1_12' title="bbox 379 1214 2031 1291">
     <span class='ocr_line' id='line_1_12' title="bbox 379 1214 2031 1291; baseline -0.007 -12"><span class='ocrx_word' id='word_1_69' title='bbox 379 1223 516 1280; x_wconf 87' lang='lat' dir='ltr'>Nam</span> <span class='ocrx_word' id='word_1_70' title='bbox 542 1221 649 1291; x_wconf 79' lang='lat' dir='ltr'>ﬁde</span> <span class='ocrx_word' id='word_1_71' title='bbox 666 1220 843 1283; x_wconf 87' lang='lat' dir='ltr'>statis,</span> <span class='ocrx_word' id='word_1_72' title='bbox 878 1214 1049 1288; x_wconf 83' lang='lat' dir='ltr'>quasi</span> <span class='ocrx_word' id='word_1_73' title='bbox 1080 1215 1297 1270; x_wconf 81' lang='lat' dir='ltr'>diceret</span> <span class='ocrx_word' id='word_1_74' title='bbox 1323 1232 1336 1269; x_wconf 90' lang='lat'>:</span> <span class='ocrx_word' id='word_1_75' title='bbox 1366 1214 1493 1270; x_wconf 90' lang='lat' dir='ltr'>Non</span> <span class='ocrx_word' id='word_1_76' title='bbox 1525 1219 1613 1270; x_wconf 90' lang='lat' dir='ltr'>est</span> <span class='ocrx_word' id='word_1_77' title='bbox 1643 1230 1882 1269; x_wconf 89' lang='lat' dir='ltr'>necesse</span> <span class='ocrx_word' id='word_1_78' title='bbox 1928 1214 2031 1268; x_wconf 92' lang='lat' dir='ltr'>do-</span> 
     </span>
    </p>
   </div>
   <div class='ocr_carea' id='block_1_13' title="bbox 379 1302 2031 1375">
    <p class='ocr_par' dir='ltr' id='par_1_13' title="bbox 379 1302 2031 1375">
     <span class='ocr_line' id='line_1_13' title="bbox 379 1302 2031 1375; baseline -0.006 -9"><span class='ocrx_word' id='word_1_79' title='bbox 379 1310 760 1367; x_wconf 88' lang='lat' dir='ltr'>minationem</span> <span class='ocrx_word' id='word_1_80' title='bbox 785 1304 1079 1363; x_wconf 89' lang='lat' dir='ltr'>adhibere.</span> <span class='ocrx_word' id='word_1_81' title='bbox 1139 1303 1640 1375; x_wconf 81' lang='lat' dir='ltr'>quemadmodum</span> <span class='ocrx_word' id='word_1_82' title='bbox 1700 1302 2031 1358; x_wconf 84' lang='lat' dir='ltr'>sacerdotes</span> 
     </span>
    </p>
   </div>
   <div class='ocr_carea' id='block_1_14' title="bbox 376 1389 2029 1463">
    <p class='ocr_par' dir='ltr' id='par_1_14' title="bbox 376 1389 2029 1463">
     <span class='ocr_line' id='line_1_14' title="bbox 376 1389 2029 1463; baseline -0.007 -8"><span class='ocrx_word' id='word_1_83' title='bbox 376 1400 716 1456; x_wconf 80' lang='lat' dir='ltr'>Judaeorum</span> <span class='ocrx_word' id='word_1_84' title='bbox 747 1393 1209 1452; x_wconf 77' lang='lat' dir='ltr'>dominationem</span> <span class='ocrx_word' id='word_1_85' title='bbox 1261 1394 1609 1449; x_wconf 82' lang='lat' dir='ltr'>exercebant</span> <span class='ocrx_word' id='word_1_86' title='bbox 1666 1391 1726 1446; x_wconf 92' lang='lat' dir='ltr'>in</span> <span class='ocrx_word' id='word_1_87' title='bbox 1775 1389 2029 1463; x_wconf 91' lang='lat' dir='ltr'>populo;</span> 
     </span>
    </p>
   </div>
   <div class='ocr_carea' id='block_1_15' title="bbox 379 1481 2033 1554">
    <p class='ocr_par' dir='ltr' id='par_1_15' title="bbox 379 1481 2033 1554">
     <span class='ocr_line' id='line_1_15' title="bbox 379 1481 2033 1554; baseline -0.007 -9"><span class='ocrx_word' id='word_1_88' title='bbox 379 1505 517 1545; x_wconf 90' lang='lat' dir='ltr'>nam</span> <span class='ocrx_word' id='word_1_89' title='bbox 551 1487 665 1542; x_wconf 85' lang='lat' dir='ltr'>fide</span> <span class='ocrx_word' id='word_1_90' title='bbox 695 1484 884 1541; x_wconf 89' lang='lat' dir='ltr'>statis.</span> <span class='ocrx_word' id='word_1_91' title='bbox 916 1483 1043 1538; x_wconf 89' lang='lat' dir='ltr'>Non</span> <span class='ocrx_word' id='word_1_92' title='bbox 1073 1481 1376 1554; x_wconf 83' lang='lat' dir='ltr'>longe,sed</span> <span class='ocrx_word' id='word_1_93' title='bbox 1388 1481 1662 1551; x_wconf 76' lang='lat' dir='ltr'>adjutores</span> <span class='ocrx_word' id='word_1_94' title='bbox 1687 1496 1879 1536; x_wconf 79' lang='lat' dir='ltr'>sumus</span> <span class='ocrx_word' id='word_1_95' title='bbox 1898 1495 2033 1548; x_wconf 83' lang='lat' dir='ltr'>gau-</span> 
     </span>
    </p>
   </div>
   <div class='ocr_carea' id='block_1_16' title="bbox 376 1568 2032 1642">
    <p class='ocr_par' dir='ltr' id='par_1_16' title="bbox 376 1568 2032 1642">
     <span class='ocr_line' id='line_1_16' title="bbox 376 1568 2032 1642; baseline -0.006 -9"><span class='ocrx_word' id='word_1_96' title='bbox 376 1577 461 1634; x_wconf 88' lang='lat' dir='ltr'>dii</span> <span class='ocrx_word' id='word_1_97' title='bbox 487 1578 669 1634; x_wconf 83' lang='lat' dir='ltr'>vestri.</span> <span class='ocrx_word' id='word_1_98' title='bbox 685 1572 1072 1641; x_wconf 70' lang='lat' dir='ltr'>Quaerendum</span> <span class='ocrx_word' id='word_1_99' title='bbox 1104 1577 1194 1627; x_wconf 90' lang='lat' dir='ltr'>est</span> <span class='ocrx_word' id='word_1_100' title='bbox 1221 1585 1401 1642; x_wconf 90' lang='lat' dir='ltr'>quare</span> <span class='ocrx_word' id='word_1_101' title='bbox 1430 1586 1492 1625; x_wconf 89' lang='lat' dir='ltr'>se</span> <span class='ocrx_word' id='word_1_102' title='bbox 1521 1568 1678 1625; x_wconf 83' lang='lat' dir='ltr'>dicat</span> <span class='ocrx_word' id='word_1_103' title='bbox 1705 1569 2032 1640; x_wconf 90' lang='lat' dir='ltr'>adjutorem</span> 
     </span>
    </p>
   </div>
   <div class='ocr_carea' id='block_1_17' title="bbox 376 1656 2034 1738">
    <p class='ocr_par' dir='ltr' id='par_1_17' title="bbox 376 1656 2034 1738">
     <span class='ocr_line' id='line_1_17' title="bbox 376 1656 2034 1738; baseline -0.007 -16"><span class='ocrx_word' id='word_1_104' title='bbox 376 1665 577 1738; x_wconf 83' lang='lat' dir='ltr'>gaudii</span> <span class='ocrx_word' id='word_1_105' title='bbox 591 1680 718 1721; x_wconf 90' lang='lat' dir='ltr'>esse</span> <span class='ocrx_word' id='word_1_106' title='bbox 736 1678 869 1719; x_wconf 94' lang='lat' dir='ltr'>cum</span> <span class='ocrx_word' id='word_1_107' title='bbox 884 1660 1154 1734; x_wconf 90' lang='lat' dir='ltr'>superius</span> <span class='ocrx_word' id='word_1_108' title='bbox 1170 1658 1417 1715; x_wconf 89' lang='lat' dir='ltr'>nimium</span> <span class='ocrx_word' id='word_1_109' title='bbox 1438 1675 1499 1714; x_wconf 89' lang='lat' dir='ltr'>se</span> <span class='ocrx_word' id='word_1_110' title='bbox 1517 1657 1758 1714; x_wconf 83' lang='lat' dir='ltr'>dixisset</span> <span class='ocrx_word' id='word_1_111' title='bbox 1771 1657 1827 1712; x_wconf 93' lang='lat' dir='ltr'>in</span> <span class='ocrx_word' id='word_1_112' title='bbox 1844 1656 2034 1728; x_wconf 87' lang='lat' dir='ltr'>prima</span> 
     </span>
    </p>
   </div>
   <div class='ocr_carea' id='block_1_18' title="bbox 376 1743 2035 1827">
    <p class='ocr_par' dir='ltr' id='par_1_18' title="bbox 376 1743 2035 1827">
     <span class='ocr_line' id='line_1_18' title="bbox 376 1743 2035 1827; baseline -0.006 -17"><span class='ocrx_word' id='word_1_113' title='bbox 376 1754 637 1827; x_wconf 88' lang='lat' dir='ltr'>Epistola</span> <span class='ocrx_word' id='word_1_114' title='bbox 667 1751 1098 1808; x_wconf 89' lang='lat' dir='ltr'>contristatum.</span> <span class='ocrx_word' id='word_1_115' title='bbox 1131 1748 1243 1804; x_wconf 91' lang='lat' dir='ltr'>Sed</span> <span class='ocrx_word' id='word_1_116' title='bbox 1276 1748 1427 1817; x_wconf 91' lang='lat' dir='ltr'>ideo,</span> <span class='ocrx_word' id='word_1_117' title='bbox 1459 1746 1598 1819; x_wconf 85' lang='lat' dir='ltr'>quia</span> <span class='ocrx_word' id='word_1_118' title='bbox 1623 1747 1776 1802; x_wconf 87' lang='lat' dir='ltr'>sicut</span> <span class='ocrx_word' id='word_1_119' title='bbox 1794 1743 2035 1800; x_wconf 80' lang='lat' dir='ltr'>tristitia</span> 
     </span>
    </p>
   </div>
   <div class='ocr_carea' id='block_1_19' title="bbox 375 1835 2028 1907">
    <p class='ocr_par' dir='ltr' id='par_1_19' title="bbox 375 1835 2028 1907">
     <span class='ocr_line' id='line_1_19' title="bbox 375 1835 2028 1907; baseline -0.006 -8"><span class='ocrx_word' id='word_1_120' title='bbox 375 1848 465 1900; x_wconf 90' lang='lat' dir='ltr'>est</span> <span class='ocrx_word' id='word_1_121' title='bbox 492 1844 550 1897; x_wconf 91' lang='lat' dir='ltr'>in</span> <span class='ocrx_word' id='word_1_122' title='bbox 584 1858 746 1907; x_wconf 88' lang='lat' dir='ltr'>casu,</span> <span class='ocrx_word' id='word_1_123' title='bbox 779 1840 864 1895; x_wconf 88' lang='lat' dir='ltr'>ita</span> <span class='ocrx_word' id='word_1_124' title='bbox 892 1838 1099 1893; x_wconf 65' lang='lat' dir='ltr'>laetitia</span> <span class='ocrx_word' id='word_1_125' title='bbox 1128 1841 1217 1893; x_wconf 89' lang='lat' dir='ltr'>est</span> <span class='ocrx_word' id='word_1_126' title='bbox 1248 1837 1307 1890; x_wconf 88' lang='lat' dir='ltr'>in</span> <span class='ocrx_word' id='word_1_127' title='bbox 1341 1835 1714 1901; x_wconf 88' lang='lat' dir='ltr'>correctione,</span> <span class='ocrx_word' id='word_1_128' title='bbox 1738 1840 1794 1889; x_wconf 90' lang='lat' dir='ltr'>et</span> <span class='ocrx_word' id='word_1_129' title='bbox 1825 1850 2028 1890; x_wconf 89' lang='lat' dir='ltr'>emen-</span> 
     </span>
    </p>
   </div>
   <div class='ocr_carea' id='block_1_20' title="bbox 376 1923 2027 2001">
    <p class='ocr_par' dir='ltr' id='par_1_20' title="bbox 376 1923 2027 2001">
     <span class='ocr_line' id='line_1_20' title="bbox 376 1923 2027 2001; baseline -0.007 -13"><span class='ocrx_word' id='word_1_130' title='bbox 376 1931 630 2001; x_wconf 90' lang='lat' dir='ltr'>datione,</span> <span class='ocrx_word' id='word_1_131' title='bbox 664 1928 831 2001; x_wconf 86' lang='lat' dir='ltr'>quasi</span> <span class='ocrx_word' id='word_1_132' title='bbox 883 1927 1134 1982; x_wconf 88' lang='lat' dir='ltr'>diceret:</span> <span class='ocrx_word' id='word_1_133' title='bbox 1195 1926 1342 1988; x_wconf 85' lang='lat' dir='ltr'>Quia</span> <span class='ocrx_word' id='word_1_134' title='bbox 1398 1924 1700 1979; x_wconf 86' lang='lat' dir='ltr'>tristitiam</span> <span class='ocrx_word' id='word_1_135' title='bbox 1760 1923 1940 1978; x_wconf 88' lang='lat' dir='ltr'>habui</span> <span class='ocrx_word' id='word_1_136' title='bbox 1967 1923 2027 1977; x_wconf 89' lang='lat' dir='ltr'>in</span> 
     </span>
    </p>
   </div>
   <div class='ocr_carea' id='block_1_21' title="bbox 375 2012 2035 2087">
    <p class='ocr_par' dir='ltr' id='par_1_21' title="bbox 375 2012 2035 2087">
     <span class='ocr_line' id='line_1_21' title="bbox 375 2012 2035 2087; baseline -0.005 -13"><span class='ocrx_word' id='word_1_137' title='bbox 375 2020 541 2076; x_wconf 83' lang='lat' dir='ltr'>vobis</span> <span class='ocrx_word' id='word_1_138' title='bbox 573 2016 942 2080; x_wconf 88' lang='lat' dir='ltr'>cadentibus,</span> <span class='ocrx_word' id='word_1_139' title='bbox 975 2015 1202 2087; x_wconf 84' lang='lat' dir='ltr'>gaudeo</span> <span class='ocrx_word' id='word_1_140' title='bbox 1224 2013 1388 2068; x_wconf 88' lang='lat' dir='ltr'>vobis</span> <span class='ocrx_word' id='word_1_141' title='bbox 1421 2012 1883 2085; x_wconf 89' lang='lat' dir='ltr'>resurgentibus,</span> <span class='ocrx_word' id='word_1_142' title='bbox 1945 2028 2035 2067; x_wconf 85' lang='lat' dir='ltr'>ex-</span> 
     </span>
    </p>
   </div>
   <div class='ocr_carea' id='block_1_22' title="bbox 376 2101 2035 2168">
    <p class='ocr_par' dir='ltr' id='par_1_22' title="bbox 376 2101 2035 2168">
     <span class='ocr_line' id='line_1_22' title="bbox 376 2101 2035 2168; baseline -0.007 -3"><span class='ocrx_word' id='word_1_143' title='bbox 376 2107 767 2165; x_wconf 87' lang='lat' dir='ltr'>hortationem</span> <span class='ocrx_word' id='word_1_144' title='bbox 790 2106 858 2160; x_wconf 88' lang='lat' dir='ltr'>ad</span> <span class='ocrx_word' id='word_1_145' title='bbox 870 2104 1206 2168; x_wconf 87' lang='lat' dir='ltr'>hibendo,et</span> <span class='ocrx_word' id='word_1_146' title='bbox 1228 2102 1508 2159; x_wconf 89' lang='lat' dir='ltr'>salutaria</span> <span class='ocrx_word' id='word_1_147' title='bbox 1531 2103 1793 2158; x_wconf 76' lang='lat' dir='ltr'>antidota</span> <span class='ocrx_word' id='word_1_148' title='bbox 1814 2101 2035 2157; x_wconf 89' lang='lat' dir='ltr'>submi-</span> 
     </span>
    </p>
   </div>
   <div class='ocr_carea' id='block_1_23' title="bbox 376 2191 2035 2265">
    <p class='ocr_par' dir='ltr' id='par_1_23' title="bbox 376 2191 2035 2265">
     <span class='ocr_line' id='line_1_23' title="bbox 376 2191 2035 2265; baseline -0.007 -11"><span class='ocrx_word' id='word_1_149' title='bbox 376 2196 702 2254; x_wconf 89' lang='lat' dir='ltr'>nistrando.</span> <span class='ocrx_word' id='word_1_150' title='bbox 739 2196 802 2249; x_wconf 91' lang='lat' dir='ltr'>In</span> <span class='ocrx_word' id='word_1_151' title='bbox 834 2209 949 2265; x_wconf 92' lang='lat' dir='ltr'>quo</span> <span class='ocrx_word' id='word_1_152' title='bbox 983 2193 1135 2247; x_wconf 89' lang='lat' dir='ltr'>facto</span> <span class='ocrx_word' id='word_1_153' title='bbox 1168 2195 1484 2247; x_wconf 89' lang='lat' dir='ltr'>monentur</span> <span class='ocrx_word' id='word_1_154' title='bbox 1512 2191 1947 2261; x_wconf 69' lang='lat' dir='ltr'>praedicatores,</span> <span class='ocrx_word' id='word_1_155' title='bbox 1969 2193 2035 2245; x_wconf 94' lang='lat' dir='ltr'>ut</span> 
     </span>
    </p>
   </div>
   <div class='ocr_carea' id='block_1_24' title="bbox 374 2279 2033 2354">
    <p class='ocr_par' dir='ltr' id='par_1_24' title="bbox 374 2279 2033 2354">
     <span class='ocr_line' id='line_1_24' title="bbox 374 2279 2033 2354; baseline -0.005 -12"><span class='ocrx_word' id='word_1_156' title='bbox 374 2285 789 2349; x_wconf 87' lang='lat' dir='ltr'>suisstudeant</span> <span class='ocrx_word' id='word_1_157' title='bbox 807 2281 1249 2354; x_wconf 87' lang='lat' dir='ltr'>resurgentibus</span> <span class='ocrx_word' id='word_1_158' title='bbox 1264 2280 1558 2351; x_wconf 83' lang='lat' dir='ltr'>adjutores</span> <span class='ocrx_word' id='word_1_159' title='bbox 1571 2279 2033 2349; x_wconf 85' lang='lat' dir='ltr'>esse,scribendo</span> 
     </span>
    </p>
   </div>
   <div class='ocr_carea' id='block_1_25' title="bbox 385 2368 2034 2440">
    <p class='ocr_par' dir='ltr' id='par_1_25' title="bbox 385 2368 2034 2440">
     <span class='ocr_line' id='line_1_25' title="bbox 385 2368 2034 2440; baseline -0.006 -8"><span class='ocrx_word' id='word_1_160' title='bbox 385 2374 768 2438; x_wconf 84' lang='lat' dir='ltr'>exhortando,</span> <span class='ocrx_word' id='word_1_161' title='bbox 802 2376 859 2427; x_wconf 84' lang='lat' dir='ltr'>et</span> <span class='ocrx_word' id='word_1_162' title='bbox 890 2369 1172 2426; x_wconf 86' lang='lat' dir='ltr'>salutaria</span> <span class='ocrx_word' id='word_1_163' title='bbox 1226 2369 1489 2425; x_wconf 89' lang='lat' dir='ltr'>antidota</span> <span class='ocrx_word' id='word_1_164' title='bbox 1537 2369 1868 2440; x_wconf 61' lang='lat' dir='ltr'>praebendo.</span> <span class='ocrx_word' id='word_1_165' title='bbox 1895 2368 2034 2423; x_wconf 85' lang='lat' dir='ltr'>Nam</span> 
     </span>
    </p>
   </div>
   <div class='ocr_carea' id='block_1_26' title="bbox 374 2456 2035 2537">
    <p class='ocr_par' dir='ltr' id='par_1_26' title="bbox 374 2456 2035 2537">
     <span class='ocr_line' id='line_1_26' title="bbox 374 2456 2035 2537; baseline -0.006 -17"><span class='ocrx_word' id='word_1_166' title='bbox 374 2464 480 2537; x_wconf 85' lang='lat' dir='ltr'>ﬁde</span> <span class='ocrx_word' id='word_1_167' title='bbox 499 2465 676 2518; x_wconf 80' lang='lat' dir='ltr'>statis.</span> <span class='ocrx_word' id='word_1_168' title='bbox 709 2461 877 2516; x_wconf 85' lang='lat' dir='ltr'>Hunc</span> <span class='ocrx_word' id='word_1_169' title='bbox 907 2459 1063 2514; x_wconf 91' lang='lat' dir='ltr'>enim</span> <span class='ocrx_word' id='word_1_170' title='bbox 1096 2457 1291 2514; x_wconf 91' lang='lat' dir='ltr'>locum</span> <span class='ocrx_word' id='word_1_171' title='bbox 1324 2457 1561 2530; x_wconf 85' lang='lat' dir='ltr'>exponit</span> <span class='ocrx_word' id='word_1_172' title='bbox 1611 2456 1945 2528; x_wconf 84' lang='lat' dir='ltr'>Gregorius,</span> <span class='ocrx_word' id='word_1_173' title='bbox 1978 2460 2035 2511; x_wconf 90' lang='lat' dir='ltr'>et</span> 
     </span>
    </p>
   </div>
   <div class='ocr_carea' id='block_1_27' title="bbox 374 2543 2035 2621">
    <p class='ocr_par' dir='ltr' id='par_1_27' title="bbox 374 2543 2035 2621">
     <span class='ocr_line' id='line_1_27' title="bbox 374 2543 2035 2621; baseline -0.005 -12"><span class='ocrx_word' id='word_1_174' title='bbox 374 2552 619 2609; x_wconf 86' lang='lat' dir='ltr'>alteram</span> <span class='ocrx_word' id='word_1_175' title='bbox 633 2547 1013 2605; x_wconf 90' lang='lat' dir='ltr'>intentionem</span> <span class='ocrx_word' id='word_1_176' title='bbox 1028 2545 1291 2621; x_wconf 85' lang='lat' dir='ltr'>Apostoli</span> <span class='ocrx_word' id='word_1_177' title='bbox 1306 2546 1485 2601; x_wconf 89' lang='lat' dir='ltr'>fuisse</span> <span class='ocrx_word' id='word_1_178' title='bbox 1501 2543 2035 2615; x_wconf 82' lang='lat' dir='ltr'>manifestat,quasi</span> 
     </span>
    </p>
   </div>
   <div class='ocr_carea' id='block_1_28' title="bbox 376 2632 2033 2709">
    <p class='ocr_par' dir='ltr' id='par_1_28' title="bbox 376 2632 2033 2709">
     <span class='ocr_line' id='line_1_28' title="bbox 376 2632 2033 2709; baseline -0.005 -12"><span class='ocrx_word' id='word_1_179' title='bbox 376 2642 629 2698; x_wconf 87' lang='lat' dir='ltr'>diceret:</span> <span class='ocrx_word' id='word_1_180' title='bbox 656 2640 721 2695; x_wconf 93' lang='lat' dir='ltr'>In</span> <span class='ocrx_word' id='word_1_181' title='bbox 752 2654 818 2694; x_wconf 89' lang='lat' dir='ltr'>eo</span> <span class='ocrx_word' id='word_1_182' title='bbox 842 2637 995 2709; x_wconf 94' lang='lat' dir='ltr'>quod</span> <span class='ocrx_word' id='word_1_183' title='bbox 1030 2636 1143 2692; x_wconf 86' lang='lat' dir='ltr'>fide</span> <span class='ocrx_word' id='word_1_184' title='bbox 1201 2634 1393 2699; x_wconf 85' lang='lat' dir='ltr'>statis,</span> <span class='ocrx_word' id='word_1_185' title='bbox 1426 2632 1654 2689; x_wconf 89' lang='lat' dir='ltr'>similes</span> <span class='ocrx_word' id='word_1_186' title='bbox 1710 2650 1810 2689; x_wconf 89' lang='lat' dir='ltr'>vos</span> <span class='ocrx_word' id='word_1_187' title='bbox 1863 2633 2033 2689; x_wconf 90' lang='lat' dir='ltr'>nobis</span> 
     </span>
    </p>
   </div>
   <div class='ocr_carea' id='block_1_29' title="bbox 378 2720 2033 2801">
    <p class='ocr_par' dir='ltr' id='par_1_29' title="bbox 378 2720 2033 2801">
     <span class='ocr_line' id='line_1_29' title="bbox 378 2720 2033 2801; baseline -0.006 -14"><span class='ocrx_word' id='word_1_188' title='bbox 378 2747 508 2786; x_wconf 88' lang='lat' dir='ltr'>esse</span> <span class='ocrx_word' id='word_1_189' title='bbox 537 2726 970 2801; x_wconf 83' lang='lat' dir='ltr'>cognoscimus.</span> <span class='ocrx_word' id='word_1_190' title='bbox 1004 2723 1478 2780; x_wconf 91' lang='lat' dir='ltr'>Obliviscebatur</span> <span class='ocrx_word' id='word_1_191' title='bbox 1509 2721 1666 2777; x_wconf 89' lang='lat' dir='ltr'>enim</span> <span class='ocrx_word' id='word_1_192' title='bbox 1718 2720 2033 2793; x_wconf 90' lang='lat' dir='ltr'>Apostolus</span> 
     </span>
    </p>
   </div>
   <div class='ocr_carea' id='block_1_30' title="bbox 375 2807 2031 2890">
    <p class='ocr_par' dir='ltr' id='par_1_30' title="bbox 375 2807 2031 2890">
     <span class='ocr_line' id='line_1_30' title="bbox 375 2807 2031 2890; baseline -0.007 -17"><span class='ocrx_word' id='word_1_193' title='bbox 375 2819 671 2890; x_wconf 92' lang='lat' dir='ltr'>prioratus</span> <span class='ocrx_word' id='word_1_194' title='bbox 702 2811 1215 2870; x_wconf 89' lang='lat' dir='ltr'>suiauctoritatem</span> <span class='ocrx_word' id='word_1_195' title='bbox 1243 2810 1430 2878; x_wconf 90' lang='lat' dir='ltr'>;unde</span> <span class='ocrx_word' id='word_1_196' title='bbox 1446 2826 1507 2865; x_wconf 86' lang='lat' dir='ltr'>se</span> <span class='ocrx_word' id='word_1_197' title='bbox 1522 2808 1828 2881; x_wconf 88' lang='lat' dir='ltr'>parvulum</span> <span class='ocrx_word' id='word_1_198' title='bbox 1842 2807 2031 2863; x_wconf 90' lang='lat' dir='ltr'>nomi-</span> 
     </span>
    </p>
   </div>
   <div class='ocr_carea' id='block_1_31' title="bbox 375 2896 2034 2976">
    <p class='ocr_par' dir='ltr' id='par_1_31' title="bbox 375 2896 2034 2976">
     <span class='ocr_line' id='line_1_31' title="bbox 375 2896 2034 2976; baseline -0.005 -14"><span class='ocrx_word' id='word_1_199' title='bbox 375 2911 477 2962; x_wconf 90' lang='lat' dir='ltr'>nat</span> <span class='ocrx_word' id='word_1_200' title='bbox 506 2906 567 2961; x_wconf 89' lang='lat' dir='ltr'>in</span> <span class='ocrx_word' id='word_1_201' title='bbox 598 2899 1293 2976; x_wconf 89' lang='lat' dir='ltr'>sequentibus,dicendo:</span> <span class='ocrx_word' id='word_1_202' title='bbox 1330 2905 1620 2968; x_wconf 87' lang='lat' dir='ltr'>Tanquam</span> <span class='ocrx_word' id='word_1_203' title='bbox 1646 2896 1879 2969; x_wconf 84' lang='lat' dir='ltr'>parvuli</span> <span class='ocrx_word' id='word_1_204' title='bbox 1891 2899 2034 2967; x_wconf 81' lang='lat' dir='ltr'>facti</span> 
     </span>
    </p>
   </div>
   <div class='ocr_carea' id='block_1_32' title="bbox 370 2987 2033 3060">
    <p class='ocr_par' dir='ltr' id='par_1_32' title="bbox 370 2987 2033 3060">
     <span class='ocr_line' id='line_1_32' title="bbox 370 2987 2033 3060; baseline -0.006 -9"><span class='ocrx_word' id='word_1_205' title='bbox 370 3011 563 3053; x_wconf 84' lang='lat' dir='ltr'>sumus</span> <span class='ocrx_word' id='word_1_206' title='bbox 591 2996 652 3049; x_wconf 88' lang='lat' dir='ltr'>in</span> <span class='ocrx_word' id='word_1_207' title='bbox 680 2992 859 3047; x_wconf 88' lang='lat' dir='ltr'>medio</span> <span class='ocrx_word' id='word_1_208' title='bbox 886 2990 1052 3046; x_wconf 79' lang='lat' dir='ltr'>vestri</span> <span class='ocrx_word' id='word_1_209' title='bbox 1081 2990 1129 3060; x_wconf 91' lang='grc' dir='ltr'>(Ι</span> <span class='ocrx_word' id='word_1_210' title='bbox 1156 2989 1328 3043; x_wconf 76' lang='lat' dir='ltr'>Thess-</span> <span class='ocrx_word' id='word_1_211' title='bbox 1357 3004 1418 3053; x_wconf 85' lang='grc' dir='ltr'>ιι,</span> <span class='ocrx_word' id='word_1_212' title='bbox 1450 2987 1546 3057; x_wconf 88' lang='grc'>7),·</span> <span class='ocrx_word' id='word_1_213' title='bbox 1578 2991 1677 3041; x_wconf 83' lang='lat' dir='ltr'>et:</span> <span class='ocrx_word' id='word_1_214' title='bbox 1707 2987 1810 3042; x_wconf 82' lang='lat' dir='ltr'>Nos</span> <span class='ocrx_word' id='word_1_215' title='bbox 1848 2991 2033 3042; x_wconf 83' lang='lat' dir='ltr'>autem</span> 
     </span>
    </p>
   </div>
   <div class='ocr_carea' id='block_1_33' title="bbox 372 3074 2028 3151">
    <p class='ocr_par' dir='ltr' id='par_1_33' title="bbox 372 3074 2028 3151">
     <span class='ocr_line' id='line_1_33' title="bbox 372 3074 2028 3151; baseline -0.006 -10"><span class='ocrx_word' id='word_1_216' title='bbox 372 3101 551 3151; x_wconf 78' lang='lat' dir='ltr'>servos</span> <span class='ocrx_word' id='word_1_217' title='bbox 580 3094 780 3140; x_wconf 87' lang='lat' dir='ltr'>vestros</span> <span class='ocrx_word' id='word_1_218' title='bbox 803 3082 881 3150; x_wconf 87' lang='lat' dir='ltr'>(II</span> <span class='ocrx_word' id='word_1_219' title='bbox 913 3080 1034 3137; x_wconf 84' lang='lat' dir='ltr'>Cor.</span> <span class='ocrx_word' id='word_1_220' title='bbox 1068 3095 1145 3146; x_wconf 89' lang='lat' dir='ltr'>1v,</span> <span class='ocrx_word' id='word_1_221' title='bbox 1174 3079 1232 3146; x_wconf 89' lang='lat'>5)</span> <span class='ocrx_word' id='word_1_222' title='bbox 1258 3094 1272 3146; x_wconf 87' lang='lat'><strong>;</strong></span> <span class='ocrx_word' id='word_1_223' title='bbox 1301 3076 1579 3149; x_wconf 91' lang='lat' dir='ltr'>quoniam</span> <span class='ocrx_word' id='word_1_224' title='bbox 1609 3077 1807 3131; x_wconf 88' lang='lat' dir='ltr'>deerat</span> <span class='ocrx_word' id='word_1_225' title='bbox 1836 3074 2028 3147; x_wconf 89' lang='lat' dir='ltr'>culpa.</span> 
     </span>
    </p>
   </div>
   <div class='ocr_carea' id='block_1_34' title="bbox 371 3165 2024 3247">
    <p class='ocr_par' dir='ltr' id='par_1_34' title="bbox 371 3165 2024 3247">
     <span class='ocr_line' id='line_1_34' title="bbox 371 3165 2024 3247; baseline -0.005 -17"><span class='ocrx_word' id='word_1_226' title='bbox 371 3176 700 3247; x_wconf 83' lang='lat' dir='ltr'>Apparente</span> <span class='ocrx_word' id='word_1_227' title='bbox 728 3187 860 3226; x_wconf 88' lang='lat' dir='ltr'>vero</span> <span class='ocrx_word' id='word_1_228' title='bbox 891 3168 1085 3240; x_wconf 90' lang='lat' dir='ltr'>culpa,</span> <span class='ocrx_word' id='word_1_229' title='bbox 1119 3165 1209 3222; x_wconf 90' lang='lat' dir='ltr'>sui</span> <span class='ocrx_word' id='word_1_230' title='bbox 1258 3167 1556 3238; x_wconf 89' lang='lat' dir='ltr'>prioratus</span> <span class='ocrx_word' id='word_1_231' title='bbox 1615 3166 2024 3221; x_wconf 83' lang='lat' dir='ltr'>auctoritatem</span> 
     </span>
    </p>
   </div>
   <div class='ocr_carea' id='block_1_35' title="bbox 2142 590 3768 665">
    <p class='ocr_par' dir='ltr' id='par_1_35' title="bbox 2142 590 3768 665">
     <span class='ocr_line' id='line_1_35' title="bbox 2142 590 3768 665; baseline 0.012 -20"><span class='ocrx_word' id='word_1_232' title='bbox 2142 590 2301 649; x_wconf 88' lang='lat' dir='ltr'>tione</span> <span class='ocrx_word' id='word_1_233' title='bbox 2331 619 2344 659; x_wconf 83' lang='lat'><strong>;</strong></span> <span class='ocrx_word' id='word_1_234' title='bbox 2362 612 2497 650; x_wconf 90' lang='lat' dir='ltr'>nam</span> <span class='ocrx_word' id='word_1_235' title='bbox 2514 613 2629 652; x_wconf 89' lang='lat' dir='ltr'>non</span> <span class='ocrx_word' id='word_1_236' title='bbox 2646 596 2837 653; x_wconf 90' lang='lat' dir='ltr'>minor</span> <span class='ocrx_word' id='word_1_237' title='bbox 2858 596 3097 654; x_wconf 89' lang='lat' dir='ltr'>tristitia</span> <span class='ocrx_word' id='word_1_238' title='bbox 3114 602 3204 654; x_wconf 91' lang='lat' dir='ltr'>est</span> <span class='ocrx_word' id='word_1_239' title='bbox 3227 599 3298 654; x_wconf 91' lang='lat' dir='ltr'>de</span> <span class='ocrx_word' id='word_1_240' title='bbox 3313 616 3426 656; x_wconf 92' lang='lat' dir='ltr'>non</span> <span class='ocrx_word' id='word_1_241' title='bbox 3447 606 3768 665; x_wconf 86' lang='lat' dir='ltr'>succedente</span> 
     </span>
    </p>
   </div>
   <div class='ocr_carea' id='block_1_36' title="bbox 2139 683 3767 759">
    <p class='ocr_par' dir='ltr' id='par_1_36' title="bbox 2139 683 3767 759">
     <span class='ocr_line' id='line_1_36' title="bbox 2139 683 3767 759; baseline 0.012 -25"><span class='ocrx_word' id='word_1_242' title='bbox 2139 683 2754 756; x_wconf 89' lang='lat' dir='ltr'>emendatione,quam</span> <span class='ocrx_word' id='word_1_243' title='bbox 2776 686 2848 741; x_wconf 92' lang='lat' dir='ltr'>de</span> <span class='ocrx_word' id='word_1_244' title='bbox 2868 688 3506 759; x_wconf 84' lang='lat' dir='ltr'>trangressione.0uasi</span> <span class='ocrx_word' id='word_1_245' title='bbox 3540 693 3767 758; x_wconf 87' lang='lat' dir='ltr'>diceret:</span> 
     </span>
    </p>
   </div>
   <div class='ocr_carea' id='block_1_37' title="bbox 2140 768 3771 849">
    <p class='ocr_par' dir='ltr' id='par_1_37' title="bbox 2140 768 3771 849">
     <span class='ocr_line' id='line_1_37' title="bbox 2140 768 3771 849; baseline 0.012 -26"><span class='ocrx_word' id='word_1_246' title='bbox 2140 768 2282 841; x_wconf 89' lang='lat' dir='ltr'>Ego,</span> <span class='ocrx_word' id='word_1_247' title='bbox 2314 773 2413 842; x_wconf 88' lang='lat' dir='ltr'>qui</span> <span class='ocrx_word' id='word_1_248' title='bbox 2448 773 2519 827; x_wconf 89' lang='lat' dir='ltr'>ab</span> <span class='ocrx_word' id='word_1_249' title='bbox 2551 773 2842 831; x_wconf 85' lang='lat' dir='ltr'>extraneis</span> <span class='ocrx_word' id='word_1_250' title='bbox 2875 775 3125 849; x_wconf 78' lang='lat' dir='ltr'>afﬂigor,</span> <span class='ocrx_word' id='word_1_251' title='bbox 3158 782 3216 832; x_wconf 90' lang='lat' dir='ltr'>et</span> <span class='ocrx_word' id='word_1_252' title='bbox 3236 777 3455 847; x_wconf 87' lang='lat' dir='ltr'>tristor,</span> <span class='ocrx_word' id='word_1_253' title='bbox 3500 781 3695 839; x_wconf 82' lang='lat' dir='ltr'>saltem</span> <span class='ocrx_word' id='word_1_254' title='bbox 3721 785 3771 842; x_wconf 87' lang='lat' dir='ltr'>in</span> 
     </span>
    </p>
   </div>
   <div class='ocr_carea' id='block_1_38' title="bbox 2138 858 3771 942">
    <p class='ocr_par' dir='ltr' id='par_1_38' title="bbox 2138 858 3771 942">
     <span class='ocr_line' id='line_1_38' title="bbox 2138 858 3771 942; baseline 0.012 -31"><span class='ocrx_word' id='word_1_255' title='bbox 2138 858 2327 927; x_wconf 88' lang='lat' dir='ltr'>vobis,</span> <span class='ocrx_word' id='word_1_256' title='bbox 2361 860 2540 917; x_wconf 88' lang='lat' dir='ltr'>veluti</span> <span class='ocrx_word' id='word_1_257' title='bbox 2571 867 2735 934; x_wconf 91' lang='lat' dir='ltr'>pater</span> <span class='ocrx_word' id='word_1_258' title='bbox 2763 863 2827 918; x_wconf 88' lang='lat' dir='ltr'>in</span> <span class='ocrx_word' id='word_1_259' title='bbox 2856 863 3017 930; x_wconf 85' lang='lat' dir='ltr'>ﬁliis,</span> <span class='ocrx_word' id='word_1_260' title='bbox 3070 866 3454 938; x_wconf 85' lang='lat' dir='ltr'>requiescam.</span> <span class='ocrx_word' id='word_1_261' title='bbox 3485 869 3557 924; x_wconf 90' lang='lat' dir='ltr'>De</span> <span class='ocrx_word' id='word_1_262' title='bbox 3599 873 3771 942; x_wconf 82' lang='lat' dir='ltr'>quibus</span> 
     </span>
    </p>
   </div>
   <div class='ocr_carea' id='block_1_39' title="bbox 2139 950 3772 1026">
    <p class='ocr_par' dir='ltr' id='par_1_39' title="bbox 2139 950 3772 1026">
     <span class='ocr_line' id='line_1_39' title="bbox 2139 950 3772 1026; baseline 0.01 -25"><span class='ocrx_word' id='word_1_263' title='bbox 2139 952 2464 1017; x_wconf 82' lang='lat' dir='ltr'>Oportuerat</span> <span class='ocrx_word' id='word_1_264' title='bbox 2486 966 2574 1005; x_wconf 87' lang='lat' dir='ltr'>me</span> <span class='ocrx_word' id='word_1_265' title='bbox 2598 950 3103 1021; x_wconf 84' lang='lat' dir='ltr'>gaudere.Duobus</span> <span class='ocrx_word' id='word_1_266' title='bbox 3130 953 3323 1010; x_wconf 87' lang='lat' dir='ltr'>modis</span> <span class='ocrx_word' id='word_1_267' title='bbox 3343 960 3666 1026; x_wconf 86' lang='lat' dir='ltr'>oportuerat</span> <span class='ocrx_word' id='word_1_268' title='bbox 3691 976 3772 1017; x_wconf 90' lang='lat' dir='ltr'>me</span> 
     </span>
    </p>
   </div>
   <div class='ocr_carea' id='block_1_40' title="bbox 2140 1036 3769 1116">
    <p class='ocr_par' dir='ltr' id='par_1_40' title="bbox 2140 1036 3769 1116">
     <span class='ocr_line' id='line_1_40' title="bbox 2140 1036 3769 1116; baseline 0.009 -26"><span class='ocrx_word' id='word_1_269' title='bbox 2140 1036 2397 1105; x_wconf 85' lang='lat' dir='ltr'>gaudere</span> <span class='ocrx_word' id='word_1_270' title='bbox 2423 1056 2435 1092; x_wconf 91' lang='lat'>:</span> <span class='ocrx_word' id='word_1_271' title='bbox 2472 1040 2543 1093; x_wconf 90' lang='lat' dir='ltr'>de</span> <span class='ocrx_word' id='word_1_272' title='bbox 2574 1040 2738 1096; x_wconf 90' lang='lat' dir='ltr'>vobis</span> <span class='ocrx_word' id='word_1_273' title='bbox 2769 1040 2829 1096; x_wconf 89' lang='lat' dir='ltr'>in</span> <span class='ocrx_word' id='word_1_274' title='bbox 2862 1048 3046 1113; x_wconf 71' lang='lat' dir='ltr'>empto</span> <span class='ocrx_word' id='word_1_275' title='bbox 3082 1041 3378 1113; x_wconf 89' lang='lat' dir='ltr'>proposito</span> <span class='ocrx_word' id='word_1_276' title='bbox 3406 1040 3769 1116; x_wconf 85' lang='lat' dir='ltr'>permanenti-</span> 
     </span>
    </p>
   </div>
   <div class='ocr_carea' id='block_1_41' title="bbox 2140 1123 3766 1205">
    <p class='ocr_par' dir='ltr' id='par_1_41' title="bbox 2140 1123 3766 1205">
     <span class='ocr_line' id='line_1_41' title="bbox 2140 1123 3766 1205; baseline 0.009 -27"><span class='ocrx_word' id='word_1_277' title='bbox 2140 1123 2273 1193; x_wconf 89' lang='lat' dir='ltr'>hus,</span> <span class='ocrx_word' id='word_1_278' title='bbox 2308 1125 2428 1181; x_wconf 89' lang='lat' dir='ltr'>sive</span> <span class='ocrx_word' id='word_1_279' title='bbox 2460 1128 2530 1181; x_wconf 92' lang='lat' dir='ltr'>de</span> <span class='ocrx_word' id='word_1_280' title='bbox 2562 1129 2729 1183; x_wconf 83' lang='lat' dir='ltr'>vobis</span> <span class='ocrx_word' id='word_1_281' title='bbox 2763 1129 3213 1201; x_wconf 87' lang='lat' dir='ltr'>corrigentibus,</span> <span class='ocrx_word' id='word_1_282' title='bbox 3248 1136 3301 1188; x_wconf 84' lang='lat' dir='ltr'>et</span> <span class='ocrx_word' id='word_1_283' title='bbox 3322 1133 3766 1205; x_wconf 62' lang='lat' dir='ltr'>emendantibus,</span> 
     </span>
    </p>
   </div>
   <div class='ocr_carea' id='block_1_42' title="bbox 2141 1212 3764 1289">
    <p class='ocr_par' dir='ltr' id='par_1_42' title="bbox 2141 1212 3764 1289">
     <span class='ocr_line' id='line_1_42' title="bbox 2141 1212 3764 1289; baseline 0.008 -22"><span class='ocrx_word' id='word_1_284' title='bbox 2141 1212 2436 1283; x_wconf 79' lang='lat' dir='ltr'>Conﬁdens</span> <span class='ocrx_word' id='word_1_285' title='bbox 2464 1232 2608 1281; x_wconf 87' lang='lat' dir='ltr'>sum,</span> <span class='ocrx_word' id='word_1_286' title='bbox 2644 1221 2752 1272; x_wconf 89' lang='lat' dir='ltr'>etc.</span> <span class='ocrx_word' id='word_1_287' title='bbox 2786 1217 3026 1275; x_wconf 89' lang='lat' dir='ltr'>Duobus</span> <span class='ocrx_word' id='word_1_288' title='bbox 3057 1219 3247 1276; x_wconf 89' lang='lat' dir='ltr'>modis</span> <span class='ocrx_word' id='word_1_289' title='bbox 3277 1222 3572 1278; x_wconf 82' lang='lat' dir='ltr'>confidens</span> <span class='ocrx_word' id='word_1_290' title='bbox 3608 1240 3764 1289; x_wconf 87' lang='lat' dir='ltr'>sum;</span> 
     </span>
    </p>
   </div>
   <div class='ocr_carea' id='block_1_43' title="bbox 2141 1299 3769 1377">
    <p class='ocr_par' dir='ltr' id='par_1_43' title="bbox 2141 1299 3769 1377">
     <span class='ocr_line' id='line_1_43' title="bbox 2141 1299 3769 1377; baseline 0.009 -24"><span class='ocrx_word' id='word_1_291' title='bbox 2141 1299 2280 1371; x_wconf 89' lang='lat' dir='ltr'>quia</span> <span class='ocrx_word' id='word_1_292' title='bbox 2313 1302 2488 1358; x_wconf 92' lang='lat' dir='ltr'>credo</span> <span class='ocrx_word' id='word_1_293' title='bbox 2519 1303 2864 1377; x_wconf 85' lang='lat' dir='ltr'>intelligere,</span> <span class='ocrx_word' id='word_1_294' title='bbox 2897 1310 3038 1362; x_wconf 90' lang='lat' dir='ltr'>tunc</span> <span class='ocrx_word' id='word_1_295' title='bbox 3068 1312 3327 1365; x_wconf 87' lang='lat' dir='ltr'>vestrum</span> <span class='ocrx_word' id='word_1_296' title='bbox 3385 1313 3602 1366; x_wconf 89' lang='lat' dir='ltr'>rectum</span> <span class='ocrx_word' id='word_1_297' title='bbox 3656 1327 3769 1368; x_wconf 86' lang='lat' dir='ltr'>esse</span> 
     </span>
    </p>
   </div>
   <div class='ocr_carea' id='block_1_44' title="bbox 2138 1388 3771 1466">
    <p class='ocr_par' dir='ltr' id='par_1_44' title="bbox 2138 1388 3771 1466">
     <span class='ocr_line' id='line_1_44' title="bbox 2138 1388 3771 1466; baseline 0.007 -21"><span class='ocrx_word' id='word_1_298' title='bbox 2138 1388 2445 1460; x_wconf 86' lang='lat' dir='ltr'>gaudium,</span> <span class='ocrx_word' id='word_1_299' title='bbox 2478 1392 2529 1446; x_wconf 90' lang='lat' dir='ltr'>si</span> <span class='ocrx_word' id='word_1_300' title='bbox 2562 1408 2653 1447; x_wconf 91' lang='lat' dir='ltr'>me</span> <span class='ocrx_word' id='word_1_301' title='bbox 2674 1393 2939 1450; x_wconf 85' lang='lat' dir='ltr'>sentiatis</span> <span class='ocrx_word' id='word_1_302' title='bbox 2967 1395 3259 1466; x_wconf 86' lang='lat' dir='ltr'>gaudere;</span> <span class='ocrx_word' id='word_1_303' title='bbox 3291 1396 3413 1453; x_wconf 88' lang='lat' dir='ltr'>sive</span> <span class='ocrx_word' id='word_1_304' title='bbox 3442 1398 3658 1455; x_wconf 82' lang='lat' dir='ltr'>conﬁdo</span> <span class='ocrx_word' id='word_1_305' title='bbox 3700 1398 3771 1458; x_wconf 82' lang='lat' dir='ltr'>ita</span> 
     </span>
    </p>
   </div>
   <div class='ocr_carea' id='block_1_45' title="bbox 2141 1477 3768 1556">
    <p class='ocr_par' dir='ltr' id='par_1_45' title="bbox 2141 1477 3768 1556">
     <span class='ocr_line' id='line_1_45' title="bbox 2141 1477 3768 1556; baseline 0.004 -18"><span class='ocrx_word' id='word_1_306' title='bbox 2141 1477 2304 1549; x_wconf 87' lang='lat' dir='ltr'>diligi</span> <span class='ocrx_word' id='word_1_307' title='bbox 2335 1495 2369 1534; x_wconf 86' lang='lat' dir='ltr'>a</span> <span class='ocrx_word' id='word_1_308' title='bbox 2397 1479 2582 1547; x_wconf 87' lang='lat' dir='ltr'>vobis,</span> <span class='ocrx_word' id='word_1_309' title='bbox 2619 1485 2681 1537; x_wconf 89' lang='lat' dir='ltr'>ut</span> <span class='ocrx_word' id='word_1_310' title='bbox 2711 1498 2907 1538; x_wconf 89' lang='lat' dir='ltr'>meum</span> <span class='ocrx_word' id='word_1_311' title='bbox 2938 1483 3221 1556; x_wconf 86' lang='lat' dir='ltr'>gaudium</span> <span class='ocrx_word' id='word_1_312' title='bbox 3251 1490 3512 1543; x_wconf 87' lang='lat' dir='ltr'>vestrum</span> <span class='ocrx_word' id='word_1_313' title='bbox 3539 1504 3659 1544; x_wconf 89' lang='lat' dir='ltr'>esse</span> <span class='ocrx_word' id='word_1_314' title='bbox 3684 1489 3768 1545; x_wconf 88' lang='lat' dir='ltr'>de-</span> 
     </span>
    </p>
   </div>
   <div class='ocr_carea' id='block_1_46' title="bbox 2141 1566 2377 1638">
    <p class='ocr_par' dir='ltr' id='par_1_46' title="bbox 2141 1566 2377 1638">
     <span class='ocr_line' id='line_1_46' title="bbox 2141 1566 2377 1638; baseline 0.008 -18"><span class='ocrx_word' id='word_1_315' title='bbox 2141 1566 2377 1638; x_wconf 92' lang='lat' dir='ltr'>putetis.</span> 
     </span>
    </p>
   </div>
   <div class='ocr_carea' id='block_1_47' title="bbox 2215 1655 3771 1732">
    <p class='ocr_par' dir='ltr' id='par_1_47' title="bbox 2215 1655 3771 1732">
     <span class='ocr_line' id='line_1_47' title="bbox 2215 1655 3771 1732; baseline 0.008 -23"><span class='ocrx_word' id='word_1_316' title='bbox 2215 1655 2354 1711; x_wconf 86' lang='lat' dir='ltr'>Nam</span> <span class='ocrx_word' id='word_1_317' title='bbox 2384 1671 2454 1711; x_wconf 69' lang='lat' dir='ltr'>ea:</span> <span class='ocrx_word' id='word_1_318' title='bbox 2482 1659 2662 1714; x_wconf 84' lang='lat' dir='ltr'>multa</span> <span class='ocrx_word' id='word_1_319' title='bbox 2690 1659 3075 1732; x_wconf 81' lang='lat' dir='ltr'>tribulatione,</span> <span class='ocrx_word' id='word_1_320' title='bbox 3111 1667 3220 1719; x_wconf 87' lang='lat' dir='ltr'>etc.</span> <span class='ocrx_word' id='word_1_321' title='bbox 3256 1663 3357 1720; x_wconf 82' lang='lat' dir='ltr'>llis</span> <span class='ocrx_word' id='word_1_322' title='bbox 3384 1665 3572 1721; x_wconf 83' lang='lat' dir='ltr'>verbis</span> <span class='ocrx_word' id='word_1_323' title='bbox 3595 1669 3771 1722; x_wconf 83' lang='lat' dir='ltr'>osten-</span> 
     </span>
    </p>
   </div>
   <div class='ocr_carea' id='block_1_48' title="bbox 2147 1742 3769 1823">
    <p class='ocr_par' dir='ltr' id='par_1_48' title="bbox 2147 1742 3769 1823">
     <span class='ocr_line' id='line_1_48' title="bbox 2147 1742 3769 1823; baseline 0.006 -25"><span class='ocrx_word' id='word_1_324' title='bbox 2147 1742 2232 1798; x_wconf 90' lang='lat' dir='ltr'>dit</span> <span class='ocrx_word' id='word_1_325' title='bbox 2261 1760 2377 1814; x_wconf 92' lang='lat' dir='ltr'>quo</span> <span class='ocrx_word' id='word_1_326' title='bbox 2410 1745 2639 1812; x_wconf 83' lang='lat' dir='ltr'>affectu,</span> <span class='ocrx_word' id='word_1_327' title='bbox 2673 1752 2730 1802; x_wconf 92' lang='lat' dir='ltr'>et</span> <span class='ocrx_word' id='word_1_328' title='bbox 2759 1764 2874 1819; x_wconf 94' lang='lat' dir='ltr'>quo</span> <span class='ocrx_word' id='word_1_329' title='bbox 2897 1765 3094 1805; x_wconf 91' lang='lat' dir='ltr'>amore</span> <span class='ocrx_word' id='word_1_330' title='bbox 3119 1766 3259 1823; x_wconf 89' lang='lat' dir='ltr'>erga</span> <span class='ocrx_word' id='word_1_331' title='bbox 3287 1750 3612 1809; x_wconf 88' lang='lat' dir='ltr'>Corinthios</span> <span class='ocrx_word' id='word_1_332' title='bbox 3637 1753 3769 1810; x_wconf 90' lang='lat' dir='ltr'>deti-</span> 
     </span>
    </p>
   </div>
   <div class='ocr_carea' id='block_1_49' title="bbox 2150 1832 3772 1913">
    <p class='ocr_par' dir='ltr' id='par_1_49' title="bbox 2150 1832 3772 1913">
     <span class='ocr_line' id='line_1_49' title="bbox 2150 1832 3772 1913; baseline 0.007 -27"><span class='ocrx_word' id='word_1_333' title='bbox 2150 1838 2406 1888; x_wconf 90' lang='lat' dir='ltr'>neretur.</span> <span class='ocrx_word' id='word_1_334' title='bbox 2440 1832 2705 1890; x_wconf 89' lang='lat' dir='ltr'>Ostendit</span> <span class='ocrx_word' id='word_1_335' title='bbox 2735 1836 2891 1891; x_wconf 81' lang='lat' dir='ltr'>enim</span> <span class='ocrx_word' id='word_1_336' title='bbox 2926 1838 3080 1908; x_wconf 90' lang='lat' dir='ltr'>quod</span> <span class='ocrx_word' id='word_1_337' title='bbox 3116 1838 3772 1913; x_wconf 85' lang='lat' dir='ltr'>nullaang-ustia.veltri-</span> 
     </span>
    </p>
   </div>
   <div class='ocr_carea' id='block_1_50' title="bbox 2145 1919 3770 2000">
    <p class='ocr_par' dir='ltr' id='par_1_50' title="bbox 2145 1919 3770 2000">
     <span class='ocr_line' id='line_1_50' title="bbox 2145 1919 3770 2000; baseline 0.007 -26"><span class='ocrx_word' id='word_1_338' title='bbox 2145 1919 2368 1976; x_wconf 88' lang='lat' dir='ltr'>bulatio</span> <span class='ocrx_word' id='word_1_339' title='bbox 2401 1938 2532 1978; x_wconf 91' lang='lat' dir='ltr'>eum</span> <span class='ocrx_word' id='word_1_340' title='bbox 2567 1941 2601 1978; x_wconf 89' lang='lat' dir='ltr'>a</span> <span class='ocrx_word' id='word_1_341' title='bbox 2629 1924 2952 1982; x_wconf 89' lang='lat' dir='ltr'>Corinthiis</span> <span class='ocrx_word' id='word_1_342' title='bbox 2967 1943 3236 1998; x_wconf 88' lang='lat' dir='ltr'>separare</span> <span class='ocrx_word' id='word_1_343' title='bbox 3251 1930 3770 2000; x_wconf 79' lang='lat' dir='ltr'>posset.Permuttas</span> 
     </span>
    </p>
   </div>
   <div class='ocr_carea' id='block_1_51' title="bbox 2144 2010 3770 2085">
    <p class='ocr_par' dir='ltr' id='par_1_51' title="bbox 2144 2010 3770 2085">
     <span class='ocr_line' id='line_1_51' title="bbox 2144 2010 3770 2085; baseline 0.006 -21"><span class='ocrx_word' id='word_1_344' title='bbox 2144 2010 2435 2082; x_wconf 82' lang='lat' dir='ltr'>lacrymas.</span> <span class='ocrx_word' id='word_1_345' title='bbox 2470 2012 2656 2077; x_wconf 88' lang='lat' dir='ltr'>Quare</span> <span class='ocrx_word' id='word_1_346' title='bbox 2686 2029 2787 2085; x_wconf 89' lang='lat' dir='ltr'>per</span> <span class='ocrx_word' id='word_1_347' title='bbox 2817 2013 3033 2070; x_wconf 90' lang='lat' dir='ltr'>multas</span> <span class='ocrx_word' id='word_1_348' title='bbox 3073 2016 3432 2085; x_wconf 82' lang='lat' dir='ltr'>manifestat,</span> <span class='ocrx_word' id='word_1_349' title='bbox 3464 2018 3688 2075; x_wconf 86' lang='lat' dir='ltr'>dicens:</span> <span class='ocrx_word' id='word_1_350' title='bbox 3720 2018 3770 2075; x_wconf 89' lang='lat' dir='ltr'>Ul</span> 
     </span>
    </p>
   </div>
   <div class='ocr_carea' id='block_1_52' title="bbox 2143 2103 3769 2175">
    <p class='ocr_par' dir='ltr' id='par_1_52' title="bbox 2143 2103 3769 2175">
     <span class='ocr_line' id='line_1_52' title="bbox 2143 2103 3769 2175; baseline 0.005 -22"><span class='ocrx_word' id='word_1_351' title='bbox 2143 2114 2251 2154; x_wconf 86' lang='lat' dir='ltr'>non</span> <span class='ocrx_word' id='word_1_352' title='bbox 2281 2103 2704 2168; x_wconf 83' lang='lat' dir='ltr'>contristemini,</span> <span class='ocrx_word' id='word_1_353' title='bbox 2732 2106 2840 2158; x_wconf 90' lang='lat' dir='ltr'>etc.</span> <span class='ocrx_word' id='word_1_354' title='bbox 2870 2128 2884 2170; x_wconf 89' lang='lat'><strong>;</strong></span> <span class='ocrx_word' id='word_1_355' title='bbox 2915 2104 3083 2175; x_wconf 89' lang='lat' dir='ltr'>quasi</span> <span class='ocrx_word' id='word_1_356' title='bbox 3107 2104 3325 2161; x_wconf 88' lang='lat' dir='ltr'>diceret</span> <span class='ocrx_word' id='word_1_357' title='bbox 3350 2123 3365 2160; x_wconf 86' lang='lat'><strong>:</strong></span> <span class='ocrx_word' id='word_1_358' title='bbox 3391 2105 3530 2162; x_wconf 91' lang='lat' dir='ltr'>Nolo</span> <span class='ocrx_word' id='word_1_359' title='bbox 3546 2123 3640 2165; x_wconf 83' lang='lat' dir='ltr'>vos</span> <span class='ocrx_word' id='word_1_360' title='bbox 3660 2122 3769 2162; x_wconf 84' lang='lat' dir='ltr'>con-</span> 
     </span>
    </p>
   </div>
   <div class='ocr_carea' id='block_1_53' title="bbox 2142 2188 3766 2264">
    <p class='ocr_par' dir='ltr' id='par_1_53' title="bbox 2142 2188 3766 2264">
     <span class='ocr_line' id='line_1_53' title="bbox 2142 2188 3766 2264; baseline 0.005 -23"><span class='ocrx_word' id='word_1_361' title='bbox 2142 2188 2393 2256; x_wconf 81' lang='lat' dir='ltr'>tristare,</span> <span class='ocrx_word' id='word_1_362' title='bbox 2427 2191 2528 2245; x_wconf 91' lang='lat' dir='ltr'>sed</span> <span class='ocrx_word' id='word_1_363' title='bbox 2561 2192 2866 2247; x_wconf 88' lang='lat' dir='ltr'>ostendere</span> <span class='ocrx_word' id='word_1_364' title='bbox 2897 2208 3072 2264; x_wconf 89' lang='lat' dir='ltr'>quam</span> <span class='ocrx_word' id='word_1_365' title='bbox 3099 2193 3444 2251; x_wconf 87' lang='lat' dir='ltr'>charitatem</span> <span class='ocrx_word' id='word_1_366' title='bbox 3465 2193 3699 2251; x_wconf 87' lang='lat' dir='ltr'>habeam</span> <span class='ocrx_word' id='word_1_367' title='bbox 3718 2194 3766 2250; x_wconf 92' lang='lat' dir='ltr'>in</span> 
     </span>
    </p>
   </div>
   <div class='ocr_carea' id='block_1_54' title="bbox 2141 2278 3766 2349">
    <p class='ocr_par' dir='ltr' id='par_1_54' title="bbox 2141 2278 3766 2349">
     <span class='ocr_line' id='line_1_54' title="bbox 2141 2278 3766 2349; baseline 0.004 -18"><span class='ocrx_word' id='word_1_368' title='bbox 2141 2278 2328 2347; x_wconf 69' lang='lat' dir='ltr'>Vobis,</span> <span class='ocrx_word' id='word_1_369' title='bbox 2364 2283 2426 2334; x_wconf 90' lang='lat' dir='ltr'>ut</span> <span class='ocrx_word' id='word_1_370' title='bbox 2456 2279 2514 2334; x_wconf 93' lang='lat' dir='ltr'>in</span> <span class='ocrx_word' id='word_1_371' title='bbox 2547 2280 3766 2349; x_wconf 87' lang='lat' dir='ltr'>abundantioresollicitudine,ahundantio-</span> 
     </span>
    </p>
   </div>
   <div class='ocr_carea' id='block_1_55' title="bbox 2139 2366 3764 2444">
    <p class='ocr_par' dir='ltr' id='par_1_55' title="bbox 2139 2366 3764 2444">
     <span class='ocr_line' id='line_1_55' title="bbox 2139 2366 3764 2444; baseline 0.004 -24"><span class='ocrx_word' id='word_1_372' title='bbox 2139 2381 2262 2420; x_wconf 89' lang='lat' dir='ltr'>rem</span> <span class='ocrx_word' id='word_1_373' title='bbox 2296 2366 2633 2441; x_wconf 86' lang='lat' dir='ltr'>intelligatis</span> <span class='ocrx_word' id='word_1_374' title='bbox 2664 2369 3035 2427; x_wconf 87' lang='lat' dir='ltr'>cbaritatem.</span> <span class='ocrx_word' id='word_1_375' title='bbox 3070 2371 3136 2426; x_wconf 92' lang='lat' dir='ltr'>Et</span> <span class='ocrx_word' id='word_1_376' title='bbox 3167 2371 3276 2428; x_wconf 89' lang='lat' dir='ltr'>hoc</span> <span class='ocrx_word' id='word_1_377' title='bbox 3311 2370 3585 2444; x_wconf 89' lang='lat' dir='ltr'>est,quod</span> <span class='ocrx_word' id='word_1_378' title='bbox 3605 2370 3764 2426; x_wconf 86' lang='lat' dir='ltr'>dicit:</span> 
     </span>
    </p>
   </div>
   <div class='ocr_carea' id='block_1_56' title="bbox 2141 2456 2805 2514">
    <p class='ocr_par' dir='ltr' id='par_1_56' title="bbox 2141 2456 2805 2514">
     <span class='ocr_line' id='line_1_56' title="bbox 2141 2456 2805 2514; baseline 0.003 -3"><span class='ocrx_word' id='word_1_379' title='bbox 2141 2456 2525 2513; x_wconf 81' lang='lat' dir='ltr'>Abundantius</span> <span class='ocrx_word' id='word_1_380' title='bbox 2555 2459 2616 2511; x_wconf 89' lang='lat' dir='ltr'>in</span> <span class='ocrx_word' id='word_1_381' title='bbox 2640 2458 2805 2514; x_wconf 79' lang='lat' dir='ltr'>vobis.</span> 
     </span>
    </p>
   </div>
   <div class='ocr_carea' id='block_1_57' title="bbox 2212 2547 3768 2627">
    <p class='ocr_par' dir='ltr' id='par_1_57' title="bbox 2212 2547 3768 2627">
     <span class='ocr_line' id='line_1_57' title="bbox 2212 2547 3768 2627; baseline 0 -26"><span class='ocrx_word' id='word_1_382' title='bbox 2212 2548 2275 2601; x_wconf 89' lang='lat' dir='ltr'>Si</span> <span class='ocrx_word' id='word_1_383' title='bbox 2304 2547 2431 2617; x_wconf 85' lang='lat' dir='ltr'>quis</span> <span class='ocrx_word' id='word_1_384' title='bbox 2456 2551 2640 2602; x_wconf 86' lang='lat' dir='ltr'>autem</span> <span class='ocrx_word' id='word_1_385' title='bbox 2669 2550 3063 2616; x_wconf 86' lang='lat' dir='ltr'>constristavit,</span> <span class='ocrx_word' id='word_1_386' title='bbox 3097 2554 3207 2606; x_wconf 90' lang='lat' dir='ltr'>etc.</span> <span class='ocrx_word' id='word_1_387' title='bbox 3235 2550 3348 2605; x_wconf 89' lang='lat' dir='ltr'>Sed</span> <span class='ocrx_word' id='word_1_388' title='bbox 3370 2563 3548 2627; x_wconf 88' lang='lat' dir='ltr'>quare</span> <span class='ocrx_word' id='word_1_389' title='bbox 3569 2547 3699 2604; x_wconf 90' lang='lat' dir='ltr'>dicit</span> <span class='ocrx_word' id='word_1_390' title='bbox 3718 2561 3768 2602; x_wconf 82' lang='lat' dir='ltr'>se</span> 
     </span>
    </p>
   </div>
   <div class='ocr_carea' id='block_1_58' title="bbox 2144 2634 3755 2699">
    <p class='ocr_par' dir='ltr' id='par_1_58' title="bbox 2144 2634 3755 2699">
     <span class='ocr_line' id='line_1_58' title="bbox 2144 2634 3755 2699; baseline 0.001 -10"><span class='ocrx_word' id='word_1_391' title='bbox 2144 2634 2768 2699; x_wconf 86' lang='lat' dir='ltr'>contristatum,etnon</span> <span class='ocrx_word' id='word_1_392' title='bbox 2788 2637 3203 2693; x_wconf 90' lang='lat' dir='ltr'>contristatum</span> <span class='ocrx_word' id='word_1_393' title='bbox 3228 2635 3257 2690; x_wconf 78' lang='lat' dir='ltr'>‘l</span> <span class='ocrx_word' id='word_1_394' title='bbox 3276 2636 3435 2693; x_wconf 91' lang='lat' dir='ltr'>Talis</span> <span class='ocrx_word' id='word_1_395' title='bbox 3456 2640 3544 2692; x_wconf 90' lang='lat' dir='ltr'>est</span> <span class='ocrx_word' id='word_1_396' title='bbox 3559 2650 3755 2693; x_wconf 86' lang='lat' dir='ltr'>sensus</span> 
     </span>
    </p>
   </div>
   <div class='ocr_carea' id='block_1_59' title="bbox 2144 2721 3768 2792">
    <p class='ocr_par' dir='ltr' id='par_1_59' title="bbox 2144 2721 3768 2792">
     <span class='ocr_line' id='line_1_59' title="bbox 2144 2721 3768 2792; baseline 0.002 -18"><span class='ocrx_word' id='word_1_397' title='bbox 2144 2721 2311 2792; x_wconf 91' lang='lat' dir='ltr'>quasi</span> <span class='ocrx_word' id='word_1_398' title='bbox 2344 2722 2599 2777; x_wconf 89' lang='lat' dir='ltr'>diceret:</span> <span class='ocrx_word' id='word_1_399' title='bbox 2633 2724 3005 2781; x_wconf 88' lang='lat' dir='ltr'>Contristatis</span> <span class='ocrx_word' id='word_1_400' title='bbox 3035 2741 3151 2791; x_wconf 91' lang='lat' dir='ltr'>me,</span> <span class='ocrx_word' id='word_1_401' title='bbox 3182 2729 3375 2781; x_wconf 91' lang='lat' dir='ltr'>etnon</span> <span class='ocrx_word' id='word_1_402' title='bbox 3411 2721 3768 2787; x_wconf 82' lang='lat' dir='ltr'>contristatis,</span> 
     </span>
    </p>
   </div>
   <div class='ocr_carea' id='block_1_60' title="bbox 2143 2809 3766 2882">
    <p class='ocr_par' dir='ltr' id='par_1_60' title="bbox 2143 2809 3766 2882">
     <span class='ocr_line' id='line_1_60' title="bbox 2143 2809 3766 2882; baseline 0.001 -18"><span class='ocrx_word' id='word_1_403' title='bbox 2143 2809 2282 2880; x_wconf 89' lang='lat' dir='ltr'>quia</span> <span class='ocrx_word' id='word_1_404' title='bbox 2308 2810 2473 2866; x_wconf 86' lang='lat' dir='ltr'>vobis</span> <span class='ocrx_word' id='word_1_405' title='bbox 2506 2812 3049 2882; x_wconf 89' lang='lat' dir='ltr'>peccantibus,data</span> <span class='ocrx_word' id='word_1_406' title='bbox 3079 2816 3167 2868; x_wconf 87' lang='lat' dir='ltr'>est</span> <span class='ocrx_word' id='word_1_407' title='bbox 3189 2812 3334 2868; x_wconf 91' lang='lat' dir='ltr'>mihi</span> <span class='ocrx_word' id='word_1_408' title='bbox 3359 2813 3584 2871; x_wconf 88' lang='lat' dir='ltr'>occasio</span> <span class='ocrx_word' id='word_1_409' title='bbox 3604 2813 3766 2867; x_wconf 85' lang='lat' dir='ltr'>incre-</span> 
     </span>
    </p>
   </div>
   <div class='ocr_carea' id='block_1_61' title="bbox 2142 2898 3760 2973">
    <p class='ocr_par' dir='ltr' id='par_1_61' title="bbox 2142 2898 3760 2973">
     <span class='ocr_line' id='line_1_61' title="bbox 2142 2898 3760 2973; baseline 0 -20"><span class='ocrx_word' id='word_1_410' title='bbox 2142 2898 2319 2967; x_wconf 89' lang='lat' dir='ltr'>pandi</span> <span class='ocrx_word' id='word_1_411' title='bbox 2346 2916 2360 2966; x_wconf 88' lang='lat'><strong>;</strong></span> <span class='ocrx_word' id='word_1_412' title='bbox 2393 2904 2685 2970; x_wconf 88' lang='lat' dir='ltr'>quatenus</span> <span class='ocrx_word' id='word_1_413' title='bbox 2720 2917 2850 2956; x_wconf 91' lang='lat' dir='ltr'>mea</span> <span class='ocrx_word' id='word_1_414' title='bbox 2879 2901 3196 2973; x_wconf 88' lang='lat' dir='ltr'>increpatio</span> <span class='ocrx_word' id='word_1_415' title='bbox 3226 2907 3283 2958; x_wconf 92' lang='lat' dir='ltr'>et</span> <span class='ocrx_word' id='word_1_416' title='bbox 3315 2903 3631 2959; x_wconf 88' lang='lat' dir='ltr'>invectione</span> <span class='ocrx_word' id='word_1_417' title='bbox 3664 2913 3760 2954; x_wconf 88' lang='lat' dir='ltr'>me-</span> 
     </span>
    </p>
   </div>
   <div class='ocr_carea' id='block_1_62' title="bbox 2139 2986 3763 3061">
    <p class='ocr_par' dir='ltr' id='par_1_62' title="bbox 2139 2986 3763 3061">
     <span class='ocr_line' id='line_1_62' title="bbox 2139 2986 3763 3061; baseline -0.001 -19"><span class='ocrx_word' id='word_1_418' title='bbox 2139 2986 2314 3043; x_wconf 92' lang='lat' dir='ltr'>liores</span> <span class='ocrx_word' id='word_1_419' title='bbox 2347 2988 2744 3044; x_wconf 83' lang='lat' dir='ltr'>efﬁceremini.</span> <span class='ocrx_word' id='word_1_420' title='bbox 2779 2989 2847 3045; x_wconf 88' lang='lat' dir='ltr'>Et</span> <span class='ocrx_word' id='word_1_421' title='bbox 2875 2989 2984 3045; x_wconf 81' lang='lat' dir='ltr'>hoc</span> <span class='ocrx_word' id='word_1_422' title='bbox 3040 2990 3295 3061; x_wconf 83' lang='lat' dir='ltr'>exponit,</span> <span class='ocrx_word' id='word_1_423' title='bbox 3358 3007 3493 3047; x_wconf 92' lang='lat' dir='ltr'>cum</span> <span class='ocrx_word' id='word_1_424' title='bbox 3551 2987 3681 3047; x_wconf 89' lang='lat' dir='ltr'>dicit</span> <span class='ocrx_word' id='word_1_425' title='bbox 3705 3002 3763 3041; x_wconf 71' lang='lat' dir='ltr'>ex</span> 
     </span>
    </p>
   </div>
   <div class='ocr_carea' id='block_1_63' title="bbox 2137 3076 3758 3150">
    <p class='ocr_par' dir='ltr' id='par_1_63' title="bbox 2137 3076 3758 3150">
     <span class='ocr_line' id='line_1_63' title="bbox 2137 3076 3758 3150; baseline -0.001 -19"><span class='ocrx_word' id='word_1_426' title='bbox 2137 3080 2293 3148; x_wconf 87' lang='lat' dir='ltr'>parte</span> <span class='ocrx_word' id='word_1_427' title='bbox 2312 3094 2333 3137; x_wconf 88' lang='lat'><em>;</em></span> <span class='ocrx_word' id='word_1_428' title='bbox 2366 3078 2534 3150; x_wconf 90' lang='lat' dir='ltr'>quasi</span> <span class='ocrx_word' id='word_1_429' title='bbox 2565 3078 2756 3133; x_wconf 87' lang='lat' dir='ltr'>dicat:</span> <span class='ocrx_word' id='word_1_430' title='bbox 2806 3083 2871 3133; x_wconf 93' lang='lat' dir='ltr'>In</span> <span class='ocrx_word' id='word_1_431' title='bbox 2930 3083 3160 3139; x_wconf 86' lang='lat' dir='ltr'>tantum</span> <span class='ocrx_word' id='word_1_432' title='bbox 3221 3095 3315 3136; x_wconf 90' lang='lat' dir='ltr'>me</span> <span class='ocrx_word' id='word_1_433' title='bbox 3374 3076 3758 3136; x_wconf 86' lang='lat' dir='ltr'>contristastis.</span> 
     </span>
    </p>
   </div>
   <div class='ocr_carea' id='block_1_64' title="bbox 2140 3166 3758 3236">
    <p class='ocr_par' dir='ltr' id='par_1_64' title="bbox 2140 3166 3758 3236">
     <span class='ocr_line' id='line_1_64' title="bbox 2140 3166 3758 3236; baseline 0.001 -17"><span class='ocrx_word' id='word_1_434' title='bbox 2140 3170 2428 3236; x_wconf 90' lang='lat' dir='ltr'>quantum</span> <span class='ocrx_word' id='word_1_435' title='bbox 2462 3166 2777 3234; x_wconf 90' lang='lat' dir='ltr'>cecidistis,</span> <span class='ocrx_word' id='word_1_436' title='bbox 2809 3172 2867 3222; x_wconf 89' lang='lat' dir='ltr'>et</span> <span class='ocrx_word' id='word_1_437' title='bbox 2893 3168 3176 3224; x_wconf 89' lang='lat' dir='ltr'>damnum</span> <span class='ocrx_word' id='word_1_438' title='bbox 3207 3168 3523 3225; x_wconf 89' lang='lat' dir='ltr'>habuistis.</span> <span class='ocrx_word' id='word_1_439' title='bbox 3564 3168 3625 3225; x_wconf 88' lang='lat' dir='ltr'>Ut</span> <span class='ocrx_word' id='word_1_440' title='bbox 3668 3178 3758 3220; x_wconf 80' lang='lat' dir='ltr'>non</span> 
     </span>
    </p>
   </div>
   <div class='ocr_carea' id='block_1_65' title="bbox 373 3239 3758 3329">
    <p class='ocr_par' dir='ltr' id='par_1_65' title="bbox 373 3239 3758 3329">
     <span class='ocr_line' id='line_1_65' title="bbox 373 3239 3758 3329; baseline -0.003 -11"><span class='ocrx_word' id='word_1_441' title='bbox 373 3239 731 3327; x_wconf 70' lang='lat' dir='ltr'>recordatur,</span> <span class='ocrx_word' id='word_1_442' title='bbox 762 3239 1047 3313; x_wconf 85' lang='lat' dir='ltr'>dicendo:</span> <span class='ocrx_word' id='word_1_443' title='bbox 1083 3254 1224 3323; x_wconf 83' lang='lat' dir='ltr'>Quid</span> <span class='ocrx_word' id='word_1_444' title='bbox 1251 3255 1419 3311; x_wconf 87' lang='lat' dir='ltr'>vultis</span> <span class='ocrx_word' id='word_1_445' title='bbox 1439 3254 1466 3309; x_wconf 87' lang='lat'><strong>?</strong></span> <span class='ocrx_word' id='word_1_446' title='bbox 1495 3258 1563 3310; x_wconf 83' lang='lat' dir='ltr'>In</span> <span class='ocrx_word' id='word_1_447' title='bbox 1596 3257 1754 3325; x_wconf 86' lang='lat' dir='ltr'>virga</span> <span class='ocrx_word' id='word_1_448' title='bbox 1805 3256 2020 3309; x_wconf 85' lang='lat' dir='ltr'>veniam</span> <span class='ocrx_word' id='word_1_449' title='bbox 2051 3239 2093 3306; x_wconf 85' lang='lat' dir='ltr'>C</span> <span class='ocrx_word' id='word_1_450' title='bbox 2130 3270 2363 3309; x_wconf 80' lang='lat' dir='ltr'>onerem</span> <span class='ocrx_word' id='word_1_451' title='bbox 2385 3270 2571 3310; x_wconf 86' lang='lat' dir='ltr'>omnes</span> <span class='ocrx_word' id='word_1_452' title='bbox 2601 3271 2710 3311; x_wconf 86' lang='lat' dir='ltr'>vos.</span> <span class='ocrx_word' id='word_1_453' title='bbox 2746 3260 2877 3311; x_wconf 78' lang='lat' dir='ltr'>Duae</span> <span class='ocrx_word' id='word_1_454' title='bbox 2910 3262 3104 3329; x_wconf 83' lang='lat' dir='ltr'>partes</span> <span class='ocrx_word' id='word_1_455' title='bbox 3134 3261 3319 3323; x_wconf 91' lang='lat' dir='ltr'>erant,</span> <span class='ocrx_word' id='word_1_456' title='bbox 3354 3274 3470 3314; x_wconf 88' lang='lat' dir='ltr'>una</span> <span class='ocrx_word' id='word_1_457' title='bbox 3503 3261 3675 3320; x_wconf 81' lang='lat' dir='ltr'>stans,</span> <span class='ocrx_word' id='word_1_458' title='bbox 3713 3256 3758 3308; x_wconf 88' lang='lat' dir='ltr'>et</span> 
     </span>
    </p>
   </div>
   <div class='ocr_carea' id='block_1_66' title="bbox 370 3342 2021 3419">
    <p class='ocr_par' dir='ltr' id='par_1_66' title="bbox 370 3342 2021 3419">
     <span class='ocr_line' id='line_1_66' title="bbox 370 3342 2021 3419; baseline -0.006 -12"><span class='ocrx_word' id='word_1_459' title='bbox 370 3350 442 3406; x_wconf 81' lang='lat' dir='ltr'>ad</span> <span class='ocrx_word' id='word_1_460' title='bbox 469 3365 560 3406; x_wconf 86' lang='lat' dir='ltr'>vos</span> <span class='ocrx_word' id='word_1_461' title='bbox 590 3349 634 3419; x_wconf 93' lang='lat'>(1</span> <span class='ocrx_word' id='word_1_462' title='bbox 657 3348 777 3403; x_wconf 83' lang='lat' dir='ltr'>Cor.</span> <span class='ocrx_word' id='word_1_463' title='bbox 805 3363 880 3416; x_wconf 86' lang='lat' dir='ltr'>IV,</span> <span class='ocrx_word' id='word_1_464' title='bbox 902 3347 1016 3413; x_wconf 85' lang='lat'>21),</span> <span class='ocrx_word' id='word_1_465' title='bbox 1050 3350 1156 3399; x_wconf 90' lang='lat' dir='ltr'>etc.</span> <span class='ocrx_word' id='word_1_466' title='bbox 1183 3342 1289 3398; x_wconf 89' lang='lat' dir='ltr'>Ubi</span> <span class='ocrx_word' id='word_1_467' title='bbox 1325 3344 1462 3398; x_wconf 82' lang='lat' dir='ltr'>dicit</span> <span class='ocrx_word' id='word_1_468' title='bbox 1495 3343 1622 3415; x_wconf 91' lang='lat' dir='ltr'>ipse</span> <span class='ocrx_word' id='word_1_469' title='bbox 1684 3343 2021 3415; x_wconf 87' lang='lat' dir='ltr'>Gregorius,</span> 
     </span>
    </p>
   </div>
   <div class='ocr_carea' id='block_1_67' title="bbox 371 3432 2025 3515">
    <p class='ocr_par' dir='ltr' id='par_1_67' title="bbox 371 3432 2025 3515">
     <span class='ocr_line' id='line_1_67' title="bbox 371 3432 2025 3515; baseline -0.004 -21"><span class='ocrx_word' id='word_1_470' title='bbox 371 3438 510 3515; x_wconf 86' lang='lat' dir='ltr'>quia</span> <span class='ocrx_word' id='word_1_471' title='bbox 539 3442 681 3493; x_wconf 91' lang='lat' dir='ltr'>tunc</span> <span class='ocrx_word' id='word_1_472' title='bbox 699 3451 972 3493; x_wconf 90' lang='lat' dir='ltr'>summus</span> <span class='ocrx_word' id='word_1_473' title='bbox 988 3433 1152 3489; x_wconf 92' lang='lat' dir='ltr'>locus</span> <span class='ocrx_word' id='word_1_474' title='bbox 1168 3437 1320 3489; x_wconf 87' lang='lat' dir='ltr'>recte</span> <span class='ocrx_word' id='word_1_475' title='bbox 1338 3433 1580 3504; x_wconf 87' lang='lat' dir='ltr'>regitur,</span> <span class='ocrx_word' id='word_1_476' title='bbox 1598 3448 1730 3487; x_wconf 91' lang='lat' dir='ltr'>cum</span> <span class='ocrx_word' id='word_1_477' title='bbox 1749 3432 2025 3504; x_wconf 67' lang='lat' dir='ltr'>praelatus</span> 
     </span>
    </p>
   </div>
   <div class='ocr_carea' id='block_1_68' title="bbox 372 3520 2025 3601">
    <p class='ocr_par' dir='ltr' id='par_1_68' title="bbox 372 3520 2025 3601">
     <span class='ocr_line' id='line_1_68' title="bbox 372 3520 2025 3601; baseline -0.005 -16"><span class='ocrx_word' id='word_1_478' title='bbox 372 3528 562 3601; x_wconf 88' lang='lat' dir='ltr'>magis</span> <span class='ocrx_word' id='word_1_479' title='bbox 591 3526 746 3582; x_wconf 88' lang='lat' dir='ltr'>vitiis</span> <span class='ocrx_word' id='word_1_480' title='bbox 785 3540 963 3596; x_wconf 85' lang='lat' dir='ltr'>quam</span> <span class='ocrx_word' id='word_1_481' title='bbox 978 3521 1256 3578; x_wconf 90' lang='lat' dir='ltr'>fratribus</span> <span class='ocrx_word' id='word_1_482' title='bbox 1274 3522 1701 3577; x_wconf 86' lang='lat' dir='ltr'>dominatur.ln</span> <span class='ocrx_word' id='word_1_483' title='bbox 1733 3537 1848 3592; x_wconf 90' lang='lat' dir='ltr'>quo</span> <span class='ocrx_word' id='word_1_484' title='bbox 1875 3520 2025 3576; x_wconf 90' lang='lat' dir='ltr'>facto</span> 
     </span>
    </p>
   </div>
   <div class='ocr_carea' id='block_1_69' title="bbox 370 3610 2026 3688">
    <p class='ocr_par' dir='ltr' id='par_1_69' title="bbox 370 3610 2026 3688">
     <span class='ocr_line' id='line_1_69' title="bbox 370 3610 2026 3688; baseline -0.005 -14"><span class='ocrx_word' id='word_1_485' title='bbox 370 3621 685 3674; x_wconf 87' lang='lat' dir='ltr'>monentur</span> <span class='ocrx_word' id='word_1_486' title='bbox 711 3613 1090 3688; x_wconf 71' lang='lat' dir='ltr'>praelati.cum</span> <span class='ocrx_word' id='word_1_487' title='bbox 1116 3611 1351 3682; x_wconf 88' lang='lat' dir='ltr'>culpam</span> <span class='ocrx_word' id='word_1_488' title='bbox 1379 3615 1589 3683; x_wconf 90' lang='lat' dir='ltr'>parant</span> <span class='ocrx_word' id='word_1_489' title='bbox 1605 3610 2026 3680; x_wconf 89' lang='lat' dir='ltr'>reprehendere</span> 
     </span>
    </p>
   </div>
   <div class='ocr_carea' id='block_1_70' title="bbox 366 3699 2026 3774">
    <p class='ocr_par' dir='ltr' id='par_1_70' title="bbox 366 3699 2026 3774">
     <span class='ocr_line' id='line_1_70' title="bbox 366 3699 2026 3774; baseline -0.007 -12"><span class='ocrx_word' id='word_1_490' title='bbox 366 3707 450 3764; x_wconf 88' lang='lat' dir='ltr'>ita</span> <span class='ocrx_word' id='word_1_491' title='bbox 477 3706 618 3761; x_wconf 91' lang='lat' dir='ltr'>vitia</span> <span class='ocrx_word' id='word_1_492' title='bbox 644 3704 857 3765; x_wconf 84' lang='lat' dir='ltr'>feriant</span> <span class='ocrx_word' id='word_1_493' title='bbox 883 3718 985 3774; x_wconf 89' lang='lat' dir='ltr'>per</span> <span class='ocrx_word' id='word_1_494' title='bbox 1014 3699 1354 3771; x_wconf 87' lang='lat' dir='ltr'>displinam,</span> <span class='ocrx_word' id='word_1_495' title='bbox 1379 3703 1669 3769; x_wconf 84' lang='lat' dir='ltr'>quatenus</span> <span class='ocrx_word' id='word_1_496' title='bbox 1726 3714 1827 3767; x_wconf 92' lang='lat' dir='ltr'>per</span> <span class='ocrx_word' id='word_1_497' title='bbox 1858 3702 2026 3753; x_wconf 89' lang='lat' dir='ltr'>natu-</span> 
     </span>
    </p>
   </div>
   <div class='ocr_carea' id='block_1_71' title="bbox 365 3791 2026 3859">
    <p class='ocr_par' dir='ltr' id='par_1_71' title="bbox 365 3791 2026 3859">
     <span class='ocr_line' id='line_1_71' title="bbox 365 3791 2026 3859; baseline -0.007 -7"><span class='ocrx_word' id='word_1_498' title='bbox 365 3812 491 3852; x_wconf 88' lang='lat' dir='ltr'>ram</span> <span class='ocrx_word' id='word_1_499' title='bbox 524 3792 748 3850; x_wconf 85' lang='lat' dir='ltr'>similes</span> <span class='ocrx_word' id='word_1_500' title='bbox 769 3808 831 3847; x_wconf 91' lang='lat' dir='ltr'>se</span> <span class='ocrx_word' id='word_1_501' title='bbox 852 3806 980 3847; x_wconf 87' lang='lat' dir='ltr'>esse</span> <span class='ocrx_word' id='word_1_502' title='bbox 1002 3792 1354 3859; x_wconf 88' lang='lat' dir='ltr'>cognoscant</span> <span class='ocrx_word' id='word_1_503' title='bbox 1378 3805 1390 3854; x_wconf 90' lang='lat'><strong>;</strong></span> <span class='ocrx_word' id='word_1_504' title='bbox 1419 3803 1553 3841; x_wconf 89' lang='lat' dir='ltr'>nam</span> <span class='ocrx_word' id='word_1_505' title='bbox 1578 3791 1718 3841; x_wconf 92' lang='lat' dir='ltr'>natu</span> <span class='ocrx_word' id='word_1_506' title='bbox 1734 3803 1798 3840; x_wconf 90' lang='lat' dir='ltr'>ra</span> <span class='ocrx_word' id='word_1_507' title='bbox 1819 3802 2026 3841; x_wconf 92' lang='lat' dir='ltr'>omnes</span> 
     </span>
    </p>
   </div>
   <div class='ocr_carea' id='block_1_72' title="bbox 368 3874 2030 3958">
    <p class='ocr_par' dir='ltr' id='par_1_72' title="bbox 368 3874 2030 3958">
     <span class='ocr_line' id='line_1_72' title="bbox 368 3874 2030 3958; baseline -0.005 -18"><span class='ocrx_word' id='word_1_508' title='bbox 368 3885 624 3956; x_wconf 56' lang='lat' dir='ltr'>aequales</span> <span class='ocrx_word' id='word_1_509' title='bbox 644 3878 979 3958; x_wconf 34' lang='lat' dir='ltr'>genuit,sed.</span> <span class='ocrx_word' id='word_1_510' title='bbox 995 3877 1150 3948; x_wconf 88' lang='lat' dir='ltr'>quod</span> <span class='ocrx_word' id='word_1_511' title='bbox 1172 3893 1328 3931; x_wconf 92' lang='lat' dir='ltr'>unus</span> <span class='ocrx_word' id='word_1_512' title='bbox 1345 3875 1508 3930; x_wconf 89' lang='lat' dir='ltr'>alteri</span> <span class='ocrx_word' id='word_1_513' title='bbox 1527 3874 2030 3947; x_wconf 63' lang='lat' dir='ltr'>praefertur,culpa</span> 
     </span>
    </p>
   </div>
   <div class='ocr_carea' id='block_1_73' title="bbox 373 3963 2028 4037">
    <p class='ocr_par' dir='ltr' id='par_1_73' title="bbox 373 3963 2028 4037">
     <span class='ocr_line' id='line_1_73' title="bbox 373 3963 2028 4037; baseline -0.005 -9"><span class='ocrx_word' id='word_1_514' title='bbox 373 3973 527 4030; x_wconf 89' lang='lat' dir='ltr'>fecit.</span> <span class='ocrx_word' id='word_1_515' title='bbox 561 3970 723 4027; x_wconf 89' lang='lat' dir='ltr'>Unde</span> <span class='ocrx_word' id='word_1_516' title='bbox 756 3983 993 4025; x_wconf 88' lang='lat' dir='ltr'>necesse</span> <span class='ocrx_word' id='word_1_517' title='bbox 1024 3970 1133 4034; x_wconf 90' lang='lat' dir='ltr'>est,</span> <span class='ocrx_word' id='word_1_518' title='bbox 1169 3968 1233 4019; x_wconf 91' lang='lat' dir='ltr'>ut</span> <span class='ocrx_word' id='word_1_519' title='bbox 1264 3963 1485 4037; x_wconf 59' lang='lat' dir='ltr'>praelati</span> <span class='ocrx_word' id='word_1_520' title='bbox 1519 3963 1686 4019; x_wconf 90' lang='lat' dir='ltr'>bonis</span> <span class='ocrx_word' id='word_1_521' title='bbox 1713 3980 1774 4019; x_wconf 91' lang='lat' dir='ltr'>se</span> <span class='ocrx_word' id='word_1_522' title='bbox 1805 3964 2028 4020; x_wconf 90' lang='lat' dir='ltr'>similes</span> 
     </span>
    </p>
   </div>
   <div class='ocr_carea' id='block_1_74' title="bbox 368 4053 2029 4133">
    <p class='ocr_par' dir='ltr' id='par_1_74' title="bbox 368 4053 2029 4133">
     <span class='ocr_line' id='line_1_74' title="bbox 368 4053 2029 4133; baseline -0.007 -14"><span class='ocrx_word' id='word_1_523' title='bbox 368 4078 500 4118; x_wconf 89' lang='lat' dir='ltr'>esse</span> <span class='ocrx_word' id='word_1_524' title='bbox 521 4053 1027 4133; x_wconf 71' lang='lat' dir='ltr'>praebeant;malis</span> <span class='ocrx_word' id='word_1_525' title='bbox 1048 4070 1180 4109; x_wconf 91' lang='lat' dir='ltr'>vero</span> <span class='ocrx_word' id='word_1_526' title='bbox 1199 4053 1489 4124; x_wconf 87' lang='lat' dir='ltr'>prioratus</span> <span class='ocrx_word' id='word_1_527' title='bbox 1513 4053 1601 4108; x_wconf 91' lang='lat' dir='ltr'>sui</span> <span class='ocrx_word' id='word_1_528' title='bbox 1624 4054 2029 4109; x_wconf 89' lang='lat' dir='ltr'>auctoritatem</span> 
     </span>
    </p>
   </div>
   <div class='ocr_carea' id='block_1_75' title="bbox 367 4141 2027 4214">
    <p class='ocr_par' dir='ltr' id='par_1_75' title="bbox 367 4141 2027 4214">
     <span class='ocr_line' id='line_1_75' title="bbox 367 4141 2027 4214; baseline -0.007 -7"><span class='ocrx_word' id='word_1_529' title='bbox 367 4149 697 4207; x_wconf 89' lang='lat' dir='ltr'>ostendant.</span> <span class='ocrx_word' id='word_1_530' title='bbox 749 4146 909 4202; x_wconf 87' lang='lat' dir='ltr'>Hanc</span> <span class='ocrx_word' id='word_1_531' title='bbox 966 4143 1249 4200; x_wconf 87' lang='lat' dir='ltr'>intellexit</span> <span class='ocrx_word' id='word_1_532' title='bbox 1303 4142 1691 4198; x_wconf 87' lang='lat' dir='ltr'>intentionem</span> <span class='ocrx_word' id='word_1_533' title='bbox 1766 4141 2027 4214; x_wconf 76' lang='lat' dir='ltr'>Apostoli</span> 
     </span>
    </p>
   </div>
   <div class='ocr_carea' id='block_1_76' title="bbox 376 4230 2031 4309">
    <p class='ocr_par' dir='ltr' id='par_1_76' title="bbox 376 4230 2031 4309">
     <span class='ocr_line' id='line_1_76' title="bbox 376 4230 2031 4309; baseline -0.006 -14"><span class='ocrx_word' id='word_1_534' title='bbox 376 4239 592 4305; x_wconf 83' lang='lat' dir='ltr'>fuisse;</span> <span class='ocrx_word' id='word_1_535' title='bbox 625 4236 724 4309; x_wconf 92' lang='lat' dir='ltr'>qui</span> <span class='ocrx_word' id='word_1_536' title='bbox 749 4251 957 4292; x_wconf 87' lang='lat' dir='ltr'>sensus</span> <span class='ocrx_word' id='word_1_537' title='bbox 980 4230 1359 4288; x_wconf 87' lang='lat' dir='ltr'>inconvulsus</span> <span class='ocrx_word' id='word_1_538' title='bbox 1382 4246 1416 4285; x_wconf 91' lang='lat' dir='ltr'>a</span> <span class='ocrx_word' id='word_1_539' title='bbox 1436 4230 1774 4286; x_wconf 89' lang='lat' dir='ltr'>doctoribus</span> <span class='ocrx_word' id='word_1_540' title='bbox 1802 4234 1890 4285; x_wconf 88' lang='lat' dir='ltr'>est</span> <span class='ocrx_word' id='word_1_541' title='bbox 1906 4247 2031 4286; x_wconf 85' lang='lat' dir='ltr'>ser-</span> 
     </span>
    </p>
   </div>
   <div class='ocr_carea' id='block_1_77' title="bbox 372 4327 621 4384">
    <p class='ocr_par' dir='ltr' id='par_1_77' title="bbox 372 4327 621 4384">
     <span class='ocr_line' id='line_1_77' title="bbox 372 4327 621 4384; baseline -0.012 0"><span class='ocrx_word' id='word_1_542' title='bbox 372 4327 621 4384; x_wconf 89' lang='lat' dir='ltr'>vandus.</span> 
     </span>
    </p>
   </div>
   <div class='ocr_carea' id='block_1_78' title="bbox 447 4406 2032 4487">
    <p class='ocr_par' dir='ltr' id='par_1_78' title="bbox 447 4406 2032 4487">
     <span class='ocr_line' id='line_1_78' title="bbox 447 4406 2032 4487; baseline -0.003 -16"><span class='ocrx_word' id='word_1_543' title='bbox 447 4415 593 4487; x_wconf 81' lang='lat'>(692)</span> <span class='ocrx_word' id='word_1_544' title='bbox 627 4413 761 4470; x_wconf 80' lang='lat' dir='ltr'>CAP.</span> <span class='ocrx_word' id='word_1_545' title='bbox 790 4412 885 4485; x_wconf 90' lang='lat' dir='ltr'>Il.)</span> <span class='ocrx_word' id='word_1_546' title='bbox 908 4411 1091 4468; x_wconf 85' lang='lat' dir='ltr'>Statui</span> <span class='ocrx_word' id='word_1_547' title='bbox 1119 4412 1321 4475; x_wconf 88' lang='lat' dir='ltr'>autem,</span> <span class='ocrx_word' id='word_1_548' title='bbox 1355 4412 1461 4464; x_wconf 88' lang='lat' dir='ltr'>etc.</span> <span class='ocrx_word' id='word_1_549' title='bbox 1492 4424 1506 4475; x_wconf 90' lang='lat'><strong>;</strong></span> <span class='ocrx_word' id='word_1_550' title='bbox 1558 4406 1613 4462; x_wconf 94' lang='lat' dir='ltr'>id</span> <span class='ocrx_word' id='word_1_551' title='bbox 1672 4409 1761 4462; x_wconf 90' lang='lat' dir='ltr'>est</span> <span class='ocrx_word' id='word_1_552' title='bbox 1818 4406 2032 4467; x_wconf 89' lang='lat' dir='ltr'>delibe.</span> 
     </span>
    </p>
   </div>
   <div class='ocr_carea' id='block_1_79' title="bbox 372 4496 2029 4570">
    <p class='ocr_par' dir='ltr' id='par_1_79' title="bbox 372 4496 2029 4570">
     <span class='ocr_line' id='line_1_79' title="bbox 372 4496 2029 4570; baseline -0.006 -7"><span class='ocrx_word' id='word_1_553' title='bbox 372 4505 518 4570; x_wconf 88' lang='lat' dir='ltr'>ravi,</span> <span class='ocrx_word' id='word_1_554' title='bbox 550 4510 607 4560; x_wconf 91' lang='lat' dir='ltr'>et</span> <span class='ocrx_word' id='word_1_555' title='bbox 626 4501 983 4559; x_wconf 88' lang='lat' dir='ltr'>decrevi.l]is</span> <span class='ocrx_word' id='word_1_556' title='bbox 1013 4499 1213 4556; x_wconf 88' lang='lat' dir='ltr'>verbis</span> <span class='ocrx_word' id='word_1_557' title='bbox 1243 4497 1496 4554; x_wconf 88' lang='lat' dir='ltr'>ostendit</span> <span class='ocrx_word' id='word_1_558' title='bbox 1518 4496 1671 4568; x_wconf 89' lang='lat' dir='ltr'>apud</span> <span class='ocrx_word' id='word_1_559' title='bbox 1700 4512 1761 4551; x_wconf 92' lang='lat' dir='ltr'>se</span> <span class='ocrx_word' id='word_1_560' title='bbox 1793 4496 2029 4567; x_wconf 88' lang='lat' dir='ltr'>quidem</span> 
     </span>
    </p>
   </div>
   <div class='ocr_carea' id='block_1_80' title="bbox 2135 3339 3755 3417">
    <p class='ocr_par' dir='ltr' id='par_1_80' title="bbox 2135 3339 3755 3417">
     <span class='ocr_line' id='line_1_80' title="bbox 2135 3339 3755 3417; baseline 0.001 -21"><span class='ocrx_word' id='word_1_561' title='bbox 2135 3341 2314 3401; x_wconf 88' lang='lat' dir='ltr'>altera</span> <span class='ocrx_word' id='word_1_562' title='bbox 2327 3344 2572 3413; x_wconf 89' lang='lat' dir='ltr'>cadens;</span> <span class='ocrx_word' id='word_1_563' title='bbox 2593 3344 2693 3399; x_wconf 88' lang='lat' dir='ltr'>sed</span> <span class='ocrx_word' id='word_1_564' title='bbox 2719 3346 3013 3401; x_wconf 87' lang='lat' dir='ltr'>stantibus</span> <span class='ocrx_word' id='word_1_565' title='bbox 3028 3344 3256 3401; x_wconf 75' lang='lat' dir='ltr'>videtur</span> <span class='ocrx_word' id='word_1_566' title='bbox 3275 3339 3755 3417; x_wconf 85' lang='lat' dir='ltr'>Apostolusloqui,</span> 
     </span>
    </p>
   </div>
   <div class='ocr_carea' id='block_1_81' title="bbox 2135 3433 3755 3505">
    <p class='ocr_par' dir='ltr' id='par_1_81' title="bbox 2135 3433 3755 3505">
     <span class='ocr_line' id='line_1_81' title="bbox 2135 3433 3755 3505; baseline -0.001 -20"><span class='ocrx_word' id='word_1_567' title='bbox 2135 3446 2284 3502; x_wconf 90' lang='lat' dir='ltr'>quos</span> <span class='ocrx_word' id='word_1_568' title='bbox 2315 3448 2428 3486; x_wconf 88' lang='lat' dir='ltr'>non</span> <span class='ocrx_word' id='word_1_569' title='bbox 2460 3436 2664 3487; x_wconf 89' lang='lat' dir='ltr'>onerat</span> <span class='ocrx_word' id='word_1_570' title='bbox 2696 3449 2710 3499; x_wconf 88' lang='lat'><strong>;</strong></span> <span class='ocrx_word' id='word_1_571' title='bbox 2746 3438 2803 3488; x_wconf 90' lang='lat' dir='ltr'>et</span> <span class='ocrx_word' id='word_1_572' title='bbox 2834 3434 2883 3489; x_wconf 91' lang='lat' dir='ltr'>si</span> <span class='ocrx_word' id='word_1_573' title='bbox 2916 3433 3045 3490; x_wconf 91' lang='lat' dir='ltr'>illos</span> <span class='ocrx_word' id='word_1_574' title='bbox 3068 3450 3184 3495; x_wconf 89' lang='lat' dir='ltr'>non</span> <span class='ocrx_word' id='word_1_575' title='bbox 3217 3438 3441 3505; x_wconf 86' lang='lat' dir='ltr'>onerat,</span> <span class='ocrx_word' id='word_1_576' title='bbox 3463 3434 3657 3490; x_wconf 86' lang='lat' dir='ltr'>onerat</span> <span class='ocrx_word' id='word_1_577' title='bbox 3681 3444 3755 3484; x_wconf 86' lang='lat' dir='ltr'>ca-</span> 
     </span>
    </p>
   </div>
   <div class='ocr_carea' id='block_1_82' title="bbox 2136 3519 3758 3595">
    <p class='ocr_par' dir='ltr' id='par_1_82' title="bbox 2136 3519 3758 3595">
     <span class='ocr_line' id='line_1_82' title="bbox 2136 3519 3758 3595; baseline -0.001 -20"><span class='ocrx_word' id='word_1_578' title='bbox 2136 3521 2360 3586; x_wconf 88' lang='lat' dir='ltr'>dentes,</span> <span class='ocrx_word' id='word_1_579' title='bbox 2394 3519 2543 3588; x_wconf 90' lang='lat' dir='ltr'>ideo,</span> <span class='ocrx_word' id='word_1_580' title='bbox 2579 3521 2717 3594; x_wconf 87' lang='lat' dir='ltr'>quia</span> <span class='ocrx_word' id='word_1_581' title='bbox 2737 3538 2851 3593; x_wconf 91' lang='lat' dir='ltr'>quo</span> <span class='ocrx_word' id='word_1_582' title='bbox 2876 3522 3064 3595; x_wconf 83' lang='lat' dir='ltr'>magis</span> <span class='ocrx_word' id='word_1_583' title='bbox 3087 3520 3284 3595; x_wconf 90' lang='lat' dir='ltr'>plures</span> <span class='ocrx_word' id='word_1_584' title='bbox 3306 3523 3379 3578; x_wconf 92' lang='lat' dir='ltr'>de</span> <span class='ocrx_word' id='word_1_585' title='bbox 3403 3522 3647 3579; x_wconf 88' lang='lat' dir='ltr'>facinore</span> <span class='ocrx_word' id='word_1_586' title='bbox 3676 3532 3758 3573; x_wconf 89' lang='lat' dir='ltr'>ou-</span> 
     </span>
    </p>
   </div>
   <div class='ocr_carea' id='block_1_83' title="bbox 2128 3608 3555 3684">
    <p class='ocr_par' dir='ltr' id='par_1_83' title="bbox 2128 3608 3555 3684">
     <span class='ocr_line' id='line_1_83' title="bbox 2128 3608 3555 3684; baseline 0.002 -22"><span class='ocrx_word' id='word_1_587' title='bbox 2128 3608 2375 3678; x_wconf 90' lang='lat' dir='ltr'>juslibet</span> <span class='ocrx_word' id='word_1_588' title='bbox 2402 3609 2896 3677; x_wconf 79' lang='lat' dir='ltr'>scandalizentur,</span> <span class='ocrx_word' id='word_1_589' title='bbox 2931 3628 2994 3666; x_wconf 94' lang='lat' dir='ltr'>eo</span> <span class='ocrx_word' id='word_1_590' title='bbox 3026 3611 3263 3683; x_wconf 88' lang='lat' dir='ltr'>gravius</span> <span class='ocrx_word' id='word_1_591' title='bbox 3292 3614 3555 3684; x_wconf 87' lang='lat' dir='ltr'>peccant.</span> 
     </span>
    </p>
   </div>
   <div class='ocr_carea' id='block_1_84' title="bbox 2209 3692 3763 3769">
    <p class='ocr_par' dir='ltr' id='par_1_84' title="bbox 2209 3692 3763 3769">
     <span class='ocr_line' id='line_1_84' title="bbox 2209 3692 3763 3769; baseline -0.003 -19"><span class='ocrx_word' id='word_1_592' title='bbox 2209 3696 2428 3768; x_wconf 82' lang='lat' dir='ltr'>Suﬂicit</span> <span class='ocrx_word' id='word_1_593' title='bbox 2458 3698 2550 3752; x_wconf 86' lang='lat' dir='ltr'>illi</span> <span class='ocrx_word' id='word_1_594' title='bbox 2580 3700 2677 3769; x_wconf 87' lang='lat' dir='ltr'>qui</span> <span class='ocrx_word' id='word_1_595' title='bbox 2704 3699 2973 3769; x_wconf 85' lang='lat' dir='ltr'>ejusmodi</span> <span class='ocrx_word' id='word_1_596' title='bbox 3008 3703 3104 3768; x_wconf 87' lang='lat' dir='ltr'>est,</span> <span class='ocrx_word' id='word_1_597' title='bbox 3138 3708 3247 3756; x_wconf 86' lang='lat' dir='ltr'>etc.</span> <span class='ocrx_word' id='word_1_598' title='bbox 3280 3702 3321 3757; x_wconf 87' lang='lat' dir='ltr'><em>A</em></span> <span class='ocrx_word' id='word_1_599' title='bbox 3357 3700 3615 3758; x_wconf 85' lang='lat' dir='ltr'>Pluribus</span> <span class='ocrx_word' id='word_1_600' title='bbox 3642 3692 3763 3752; x_wconf 89' lang='lat' dir='ltr'>dicit</span> 
     </span>
    </p>
   </div>
   <div class='ocr_carea' id='block_1_85' title="bbox 2138 3783 3763 3862">
    <p class='ocr_par' dir='ltr' id='par_1_85' title="bbox 2138 3783 3763 3862">
     <span class='ocr_line' id='line_1_85' title="bbox 2138 3783 3763 3862; baseline -0.002 -23"><span class='ocrx_word' id='word_1_601' title='bbox 2138 3784 2275 3857; x_wconf 87' lang='lat' dir='ltr'>quia</span> <span class='ocrx_word' id='word_1_602' title='bbox 2297 3801 2330 3839; x_wconf 89' lang='lat' dir='ltr'>a</span> <span class='ocrx_word' id='word_1_603' title='bbox 2350 3783 2554 3840; x_wconf 90' lang='lat' dir='ltr'>multis</span> <span class='ocrx_word' id='word_1_604' title='bbox 2576 3785 2765 3841; x_wconf 87' lang='lat' dir='ltr'>fuerat</span> <span class='ocrx_word' id='word_1_605' title='bbox 2784 3787 3114 3859; x_wconf 88' lang='lat' dir='ltr'>increpatus</span> <span class='ocrx_word' id='word_1_606' title='bbox 3127 3793 3183 3844; x_wconf 89' lang='lat' dir='ltr'>et</span> <span class='ocrx_word' id='word_1_607' title='bbox 3207 3786 3763 3862; x_wconf 66' lang='lat' dir='ltr'>objurgatusﬂmnes</span> 
     </span>
    </p>
   </div>
   <div class='ocr_carea' id='block_1_86' title="bbox 2139 3871 3761 3949">
    <p class='ocr_par' dir='ltr' id='par_1_86' title="bbox 2139 3871 3761 3949">
     <span class='ocr_line' id='line_1_86' title="bbox 2139 3871 3761 3949; baseline -0.001 -22"><span class='ocrx_word' id='word_1_608' title='bbox 2139 3872 2293 3928; x_wconf 92' lang='lat' dir='ltr'>enim</span> <span class='ocrx_word' id='word_1_609' title='bbox 2327 3891 2443 3929; x_wconf 91' lang='lat' dir='ltr'>uno</span> <span class='ocrx_word' id='word_1_610' title='bbox 2467 3874 2662 3930; x_wconf 89' lang='lat' dir='ltr'>animo</span> <span class='ocrx_word' id='word_1_611' title='bbox 2695 3882 3180 3933; x_wconf 75' lang='lat' dir='ltr'>consurrexerunt</span> <span class='ocrx_word' id='word_1_612' title='bbox 3200 3878 3269 3933; x_wconf 87' lang='lat' dir='ltr'>ad</span> <span class='ocrx_word' id='word_1_613' title='bbox 3296 3880 3424 3949; x_wconf 86' lang='lat' dir='ltr'>ejus</span> <span class='ocrx_word' id='word_1_614' title='bbox 3445 3871 3761 3947; x_wconf 88' lang='lat' dir='ltr'>increpatio-</span> 
     </span>
    </p>
   </div>
   <div class='ocr_carea' id='block_1_87' title="bbox 2138 3962 3761 4038">
    <p class='ocr_par' dir='ltr' id='par_1_87' title="bbox 2138 3962 3761 4038">
     <span class='ocr_line' id='line_1_87' title="bbox 2138 3962 3761 4038; baseline -0.002 -20"><span class='ocrx_word' id='word_1_615' title='bbox 2138 3980 2269 4018; x_wconf 92' lang='lat' dir='ltr'>nem</span> <span class='ocrx_word' id='word_1_616' title='bbox 2300 3968 2358 4018; x_wconf 91' lang='lat' dir='ltr'>et</span> <span class='ocrx_word' id='word_1_617' title='bbox 2414 3963 2852 4035; x_wconf 87' lang='lat' dir='ltr'>expulsionem:</span> <span class='ocrx_word' id='word_1_618' title='bbox 2893 3970 2949 4020; x_wconf 90' lang='lat' dir='ltr'>et</span> <span class='ocrx_word' id='word_1_619' title='bbox 2999 3965 3128 4021; x_wconf 92' lang='lat' dir='ltr'>ideo</span> <span class='ocrx_word' id='word_1_620' title='bbox 3158 3966 3323 4037; x_wconf 86' lang='lat' dir='ltr'>dicit,</span> <span class='ocrx_word' id='word_1_621' title='bbox 3356 3966 3576 4038; x_wconf 68' lang='lat' dir='ltr'>suffici:</span> <span class='ocrx_word' id='word_1_622' title='bbox 3617 3962 3761 4032; x_wconf 83' lang='lat' dir='ltr'>quasi</span> 
     </span>
    </p>
   </div>
   <div class='ocr_carea' id='block_1_88' title="bbox 2138 4051 3759 4127">
    <p class='ocr_par' dir='ltr' id='par_1_88' title="bbox 2138 4051 3759 4127">
     <span class='ocr_line' id='line_1_88' title="bbox 2138 4051 3759 4127; baseline -0.002 -22"><span class='ocrx_word' id='word_1_623' title='bbox 2138 4051 2355 4107; x_wconf 91' lang='lat' dir='ltr'>diceret</span> <span class='ocrx_word' id='word_1_624' title='bbox 2374 4067 2395 4112; x_wconf 84' lang='lat'><strong><em>;</em></strong></span> <span class='ocrx_word' id='word_1_625' title='bbox 2426 4051 2655 4107; x_wconf 84' lang='lat' dir='ltr'>Sufficit</span> <span class='ocrx_word' id='word_1_626' title='bbox 2671 4053 2741 4108; x_wconf 89' lang='lat' dir='ltr'>ad</span> <span class='ocrx_word' id='word_1_627' title='bbox 2757 4054 2885 4124; x_wconf 88' lang='lat' dir='ltr'>ejus</span> <span class='ocrx_word' id='word_1_628' title='bbox 2912 4051 3759 4127; x_wconf 86' lang='lat' dir='ltr'>correptionem,expulsionem,</span> 
     </span>
    </p>
   </div>
   <div class='ocr_carea' id='block_1_89' title="bbox 2139 4131 3760 4214">
    <p class='ocr_par' dir='ltr' id='par_1_89' title="bbox 2139 4131 3760 4214">
     <span class='ocr_line' id='line_1_89' title="bbox 2139 4131 3760 4214; baseline -0.006 -20"><span class='ocrx_word' id='word_1_629' title='bbox 2139 4146 2196 4201; x_wconf 86' lang='lat' dir='ltr'>et</span> <span class='ocrx_word' id='word_1_630' title='bbox 2226 4140 2649 4205; x_wconf 87' lang='lat' dir='ltr'>confusionem,</span> <span class='ocrx_word' id='word_1_631' title='bbox 2684 4146 2741 4196; x_wconf 91' lang='lat' dir='ltr'>et</span> <span class='ocrx_word' id='word_1_632' title='bbox 2771 4142 3265 4208; x_wconf 89' lang='lat' dir='ltr'>emendationem,</span> <span class='ocrx_word' id='word_1_633' title='bbox 3312 4142 3450 4214; x_wconf 89' lang='lat' dir='ltr'>quia</span> <span class='ocrx_word' id='word_1_634' title='bbox 3497 4157 3529 4197; x_wconf 87' lang='lat' dir='ltr'>a</span> <span class='ocrx_word' id='word_1_635' title='bbox 3583 4131 3760 4193; x_wconf 88' lang='lat' dir='ltr'>multis</span> 
     </span>
    </p>
   </div>
   <div class='ocr_carea' id='block_1_90' title="bbox 2138 4220 3758 4302">
    <p class='ocr_par' dir='ltr' id='par_1_90' title="bbox 2138 4220 3758 4302">
     <span class='ocr_line' id='line_1_90' title="bbox 2138 4220 3758 4302; baseline -0.004 -17"><span class='ocrx_word' id='word_1_636' title='bbox 2138 4229 2531 4302; x_wconf 88' lang='lat' dir='ltr'>redarguitur,</span> <span class='ocrx_word' id='word_1_637' title='bbox 2562 4229 2700 4300; x_wconf 88' lang='lat' dir='ltr'>quia</span> <span class='ocrx_word' id='word_1_638' title='bbox 2728 4234 2955 4286; x_wconf 91' lang='lat' dir='ltr'>tantum</span> <span class='ocrx_word' id='word_1_639' title='bbox 2986 4230 3118 4302; x_wconf 89' lang='lat' dir='ltr'>quis</span> <span class='ocrx_word' id='word_1_640' title='bbox 3140 4230 3417 4289; x_wconf 88' lang='lat' dir='ltr'>abhorret</span> <span class='ocrx_word' id='word_1_641' title='bbox 3438 4243 3608 4287; x_wconf 90' lang='lat' dir='ltr'>suum</span> <span class='ocrx_word' id='word_1_642' title='bbox 3637 4220 3758 4279; x_wconf 87' lang='lat' dir='ltr'>deli-</span> 
     </span>
    </p>
   </div>
   <div class='ocr_carea' id='block_1_91' title="bbox 2138 4317 3486 4392">
    <p class='ocr_par' dir='ltr' id='par_1_91' title="bbox 2138 4317 3486 4392">
     <span class='ocr_line' id='line_1_91' title="bbox 2138 4317 3486 4392; baseline 0.001 -19"><span class='ocrx_word' id='word_1_643' title='bbox 2138 4322 2319 4381; x_wconf 86' lang='lat' dir='ltr'>ctum,</span> <span class='ocrx_word' id='word_1_644' title='bbox 2352 4323 2638 4390; x_wconf 88' lang='lat' dir='ltr'>quantum</span> <span class='ocrx_word' id='word_1_645' title='bbox 2671 4317 2816 4376; x_wconf 91' lang='lat' dir='ltr'>alios</span> <span class='ocrx_word' id='word_1_646' title='bbox 2846 4319 3145 4392; x_wconf 89' lang='lat' dir='ltr'>cognoscit</span> <span class='ocrx_word' id='word_1_647' title='bbox 3173 4320 3486 4377; x_wconf 89' lang='lat' dir='ltr'>abhorrere</span> 
     </span>
    </p>
   </div>
   <div class='ocr_carea' id='block_1_92' title="bbox 2138 4398 3756 4477">
    <p class='ocr_par' dir='ltr' id='par_1_92' title="bbox 2138 4398 3756 4477">
     <span class='ocr_line' id='line_1_92' title="bbox 2138 4398 3756 4477; baseline -0.007 -15"><span class='ocrx_word' id='word_1_648' title='bbox 2138 4409 2221 4462; x_wconf 88' lang='lat' dir='ltr'>Ita</span> <span class='ocrx_word' id='word_1_649' title='bbox 2272 4416 2322 4462; x_wconf 88' lang='lat' dir='ltr'>et</span> <span class='ocrx_word' id='word_1_650' title='bbox 2380 4411 2601 4463; x_wconf 83' lang='lat' dir='ltr'>econtra</span> <span class='ocrx_word' id='word_1_651' title='bbox 2657 4409 2835 4477; x_wconf 86' lang='lat' dir='ltr'>magis</span> <span class='ocrx_word' id='word_1_652' title='bbox 2890 4407 3106 4465; x_wconf 78' lang='lat' dir='ltr'>donetis</span> <span class='ocrx_word' id='word_1_653' title='bbox 3162 4412 3271 4464; x_wconf 89' lang='lat' dir='ltr'>etc.</span> <span class='ocrx_word' id='word_1_654' title='bbox 3323 4405 3497 4473; x_wconf 85' lang='lat' dir='ltr'>Quasi</span> <span class='ocrx_word' id='word_1_655' title='bbox 3528 4398 3756 4459; x_wconf 86' lang='lat' dir='ltr'>diceret:</span> 
     </span>
    </p>
   </div>
   <div class='ocr_carea' id='block_1_93' title="bbox 2140 4485 3759 4569">
    <p class='ocr_par' dir='ltr' id='par_1_93' title="bbox 2140 4485 3759 4569">
     <span class='ocr_line' id='line_1_93' title="bbox 2140 4485 3759 4569; baseline -0.004 -18"><span class='ocrx_word' id='word_1_656' title='bbox 2140 4495 2302 4552; x_wconf 92' lang='lat' dir='ltr'>Sicut</span> <span class='ocrx_word' id='word_1_657' title='bbox 2330 4512 2534 4551; x_wconf 89' lang='lat' dir='ltr'>omnes</span> <span class='ocrx_word' id='word_1_658' title='bbox 2565 4512 2681 4551; x_wconf 92' lang='lat' dir='ltr'>uno</span> <span class='ocrx_word' id='word_1_659' title='bbox 2712 4496 2910 4553; x_wconf 90' lang='lat' dir='ltr'>animo</span> <span class='ocrx_word' id='word_1_660' title='bbox 2942 4497 3014 4553; x_wconf 88' lang='lat' dir='ltr'>ad</span> <span class='ocrx_word' id='word_1_661' title='bbox 3045 4497 3177 4569; x_wconf 87' lang='lat' dir='ltr'>ejus</span> <span class='ocrx_word' id='word_1_662' title='bbox 3206 4496 3599 4569; x_wconf 86' lang='lat' dir='ltr'>expulsionem</span> <span class='ocrx_word' id='word_1_663' title='bbox 3616 4491 3668 4545; x_wconf 87' lang='lat' dir='ltr'>et</span> <span class='ocrx_word' id='word_1_664' title='bbox 3684 4485 3759 4540; x_wconf 84' lang='lat' dir='ltr'>in-</span> 
     </span>
    </p>
   </div>
   <div class='ocr_carea' id='block_1_94' title="bbox 369 4583 3759 4674">
    <p class='ocr_par' dir='ltr' id='par_1_94' title="bbox 369 4583 3759 4674">
     <span class='ocr_line' id='line_1_94' title="bbox 369 4583 3759 4674; baseline -0.004 -23"><span class='ocrx_word' id='word_1_665' title='bbox 369 4611 470 4651; x_wconf 89' lang='lat' dir='ltr'>eos</span> <span class='ocrx_word' id='word_1_666' title='bbox 502 4591 654 4648; x_wconf 91' lang='lat' dir='ltr'>nolle</span> <span class='ocrx_word' id='word_1_667' title='bbox 678 4589 1009 4647; x_wconf 88' lang='lat' dir='ltr'>contristari</span> <span class='ocrx_word' id='word_1_668' title='bbox 1040 4588 1181 4656; x_wconf 88' lang='lat' dir='ltr'>;sed</span> <span class='ocrx_word' id='word_1_669' title='bbox 1210 4586 1375 4655; x_wconf 86' lang='lat' dir='ltr'>velle,</span> <span class='ocrx_word' id='word_1_670' title='bbox 1410 4590 1474 4641; x_wconf 88' lang='lat' dir='ltr'>ut</span> <span class='ocrx_word' id='word_1_671' title='bbox 1525 4585 1637 4657; x_wconf 88' lang='lat' dir='ltr'>ipsi</span> <span class='ocrx_word' id='word_1_672' title='bbox 1698 4584 2026 4653; x_wconf 91' lang='lat' dir='ltr'>tristentur,</span> <span class='ocrx_word' id='word_1_673' title='bbox 2058 4610 2106 4674; x_wconf 83' lang='lat' dir='ltr'><strong>D</strong></span> <span class='ocrx_word' id='word_1_674' title='bbox 2138 4584 2528 4656; x_wconf 84' lang='lat' dir='ltr'>crepationem</span> <span class='ocrx_word' id='word_1_675' title='bbox 2561 4584 2899 4640; x_wconf 83' lang='lat' dir='ltr'>surrexistis</span> <span class='ocrx_word' id='word_1_676' title='bbox 2943 4584 3025 4641; x_wconf 78' lang='lat' dir='ltr'>ita</span> <span class='ocrx_word' id='word_1_677' title='bbox 3079 4590 3318 4641; x_wconf 90' lang='lat' dir='ltr'>econtra</span> <span class='ocrx_word' id='word_1_678' title='bbox 3367 4597 3567 4641; x_wconf 86' lang='lat' dir='ltr'>omnes</span> <span class='ocrx_word' id='word_1_679' title='bbox 3590 4583 3759 4674; x_wconf 45' lang='lat' dir='ltr'>seque</span> 
     </span>
    </p>
   </div>
   <div class='ocr_carea' id='block_1_95' title="bbox 367 4672 2024 4753">
    <p class='ocr_par' dir='ltr' id='par_1_95' title="bbox 367 4672 2024 4753">
     <span class='ocr_line' id='line_1_95' title="bbox 367 4672 2024 4753; baseline -0.005 -15"><span class='ocrx_word' id='word_1_680' title='bbox 367 4687 425 4739; x_wconf 92' lang='lat' dir='ltr'>et</span> <span class='ocrx_word' id='word_1_681' title='bbox 454 4680 844 4753; x_wconf 87' lang='lat' dir='ltr'>corrigantur,</span> <span class='ocrx_word' id='word_1_682' title='bbox 868 4682 1180 4750; x_wconf 86' lang='lat' dir='ltr'>quatenus,</span> <span class='ocrx_word' id='word_1_683' title='bbox 1208 4676 1333 4747; x_wconf 89' lang='lat' dir='ltr'>ipse</span> <span class='ocrx_word' id='word_1_684' title='bbox 1362 4672 1626 4739; x_wconf 89' lang='lat' dir='ltr'>veniens,</span> <span class='ocrx_word' id='word_1_685' title='bbox 1658 4673 1717 4729; x_wconf 92' lang='lat' dir='ltr'>in</span> <span class='ocrx_word' id='word_1_686' title='bbox 1750 4673 1835 4729; x_wconf 88' lang='lat' dir='ltr'>eis</span> <span class='ocrx_word' id='word_1_687' title='bbox 1866 4675 2024 4746; x_wconf 91' lang='lat' dir='ltr'>quod</span> 
     </span>
    </p>
   </div>
   <div class='ocr_carea' id='block_1_96' title="bbox 368 4764 2025 4843">
    <p class='ocr_par' dir='ltr' id='par_1_96' title="bbox 368 4764 2025 4843">
     <span class='ocr_line' id='line_1_96' title="bbox 368 4764 2025 4843; baseline -0.004 -16"><span class='ocrx_word' id='word_1_688' title='bbox 368 4769 819 4843; x_wconf 89' lang='lat' dir='ltr'>reprehenderet</span> <span class='ocrx_word' id='word_1_689' title='bbox 846 4783 963 4822; x_wconf 91' lang='lat' dir='ltr'>non</span> <span class='ocrx_word' id='word_1_690' title='bbox 995 4765 1254 4821; x_wconf 89' lang='lat' dir='ltr'>haberet.</span> <span class='ocrx_word' id='word_1_691' title='bbox 1290 4764 1349 4819; x_wconf 87' lang='lat' dir='ltr'>Si</span> <span class='ocrx_word' id='word_1_692' title='bbox 1376 4764 1532 4818; x_wconf 87' lang='lat' dir='ltr'>enim</span> <span class='ocrx_word' id='word_1_693' title='bbox 1588 4778 1703 4833; x_wconf 87' lang='lat' dir='ltr'>ego,</span> <span class='ocrx_word' id='word_1_694' title='bbox 1761 4765 2025 4820; x_wconf 84' lang='lat' dir='ltr'>contristo</span> 
     </span>
    </p>
   </div>
   <div class='ocr_carea' id='block_1_97' title="bbox 364 4850 2023 4926">
    <p class='ocr_par' dir='ltr' id='par_1_97' title="bbox 364 4850 2023 4926">
     <span class='ocr_line' id='line_1_97' title="bbox 364 4850 2023 4926; baseline -0.004 -12"><span class='ocrx_word' id='word_1_695' title='bbox 364 4874 475 4926; x_wconf 84' lang='lat' dir='ltr'>vos,</span> <span class='ocrx_word' id='word_1_696' title='bbox 510 4855 1082 4915; x_wconf 88' lang='lat' dir='ltr'>etc.Contristaverat</span> <span class='ocrx_word' id='word_1_697' title='bbox 1105 4853 1263 4907; x_wconf 91' lang='lat' dir='ltr'>enim</span> <span class='ocrx_word' id='word_1_698' title='bbox 1283 4868 1383 4906; x_wconf 91' lang='lat' dir='ltr'>eos</span> <span class='ocrx_word' id='word_1_699' title='bbox 1414 4850 1474 4906; x_wconf 90' lang='lat' dir='ltr'>in</span> <span class='ocrx_word' id='word_1_700' title='bbox 1514 4850 1702 4922; x_wconf 88' lang='lat' dir='ltr'>prima</span> <span class='ocrx_word' id='word_1_701' title='bbox 1724 4852 2023 4923; x_wconf 83' lang='lat' dir='ltr'>Epistola;</span> 
     </span>
    </p>
   </div>
   <div class='ocr_carea' id='block_1_98' title="bbox 365 4938 2022 5016">
    <p class='ocr_par' dir='ltr' id='par_1_98' title="bbox 365 4938 2022 5016">
     <span class='ocr_line' id='line_1_98' title="bbox 365 4938 2022 5016; baseline -0.003 -14"><span class='ocrx_word' id='word_1_702' title='bbox 365 4963 522 5002; x_wconf 91' lang='lat' dir='ltr'>nunc</span> <span class='ocrx_word' id='word_1_703' title='bbox 543 4945 680 5001; x_wconf 86' lang='lat' dir='ltr'>dicit</span> <span class='ocrx_word' id='word_1_704' title='bbox 706 4961 718 5001; x_wconf 92' lang='lat'>:</span> <span class='ocrx_word' id='word_1_705' title='bbox 754 4944 813 5001; x_wconf 88' lang='lat' dir='ltr'>Si</span> <span class='ocrx_word' id='word_1_706' title='bbox 844 4959 938 5016; x_wconf 86' lang='lat' dir='ltr'>ego</span> <span class='ocrx_word' id='word_1_707' title='bbox 967 4943 1234 4998; x_wconf 86' lang='lat' dir='ltr'>contristo</span> <span class='ocrx_word' id='word_1_708' title='bbox 1262 4956 1392 5004; x_wconf 81' lang='lat' dir='ltr'>vos;</span> <span class='ocrx_word' id='word_1_709' title='bbox 1417 4939 1517 4995; x_wconf 90' lang='lat' dir='ltr'>sed</span> <span class='ocrx_word' id='word_1_710' title='bbox 1550 4938 1685 4994; x_wconf 89' lang='lat' dir='ltr'>talis</span> <span class='ocrx_word' id='word_1_711' title='bbox 1732 4946 1822 4995; x_wconf 90' lang='lat' dir='ltr'>est</span> <span class='ocrx_word' id='word_1_712' title='bbox 1890 4958 2022 4997; x_wconf 89' lang='lat' dir='ltr'>sen-</span> 
     </span>
    </p>
   </div>
   <div class='ocr_carea' id='block_1_99' title="bbox 366 5028 2023 5106">
    <p class='ocr_par' dir='ltr' id='par_1_99' title="bbox 366 5028 2023 5106">
     <span class='ocr_line' id='line_1_99' title="bbox 366 5028 2023 5106; baseline -0.003 -15"><span class='ocrx_word' id='word_1_713' title='bbox 366 5052 506 5091; x_wconf 90' lang='lat' dir='ltr'>sus:</span> <span class='ocrx_word' id='word_1_714' title='bbox 535 5038 675 5103; x_wconf 83' lang='lat' dir='ltr'>Vos,</span> <span class='ocrx_word' id='word_1_715' title='bbox 709 5033 811 5106; x_wconf 90' lang='lat' dir='ltr'>qui</span> <span class='ocrx_word' id='word_1_716' title='bbox 842 5049 936 5088; x_wconf 89' lang='lat' dir='ltr'>me</span> <span class='ocrx_word' id='word_1_717' title='bbox 982 5028 1362 5095; x_wconf 85' lang='lat' dir='ltr'>contristatis,</span> <span class='ocrx_word' id='word_1_718' title='bbox 1419 5028 1704 5091; x_wconf 91' lang='lat' dir='ltr'>cadendo,</span> <span class='ocrx_word' id='word_1_719' title='bbox 1761 5030 2023 5098; x_wconf 91' lang='lat' dir='ltr'>poteritis</span> 
     </span>
    </p>
   </div>
   <div class='ocr_carea' id='block_1_100' title="bbox 368 5117 2022 5193">
    <p class='ocr_par' dir='ltr' id='par_1_100' title="bbox 368 5117 2022 5193">
     <span class='ocr_line' id='line_1_100' title="bbox 368 5117 2022 5193; baseline -0.002 -14"><span class='ocrx_word' id='word_1_720' title='bbox 368 5139 461 5179; x_wconf 91' lang='lat' dir='ltr'>me</span> <span class='ocrx_word' id='word_1_721' title='bbox 490 5121 804 5187; x_wconf 64' lang='lat' dir='ltr'>laetificare,</span> <span class='ocrx_word' id='word_1_722' title='bbox 838 5120 1218 5193; x_wconf 89' lang='lat' dir='ltr'>resurgendo.</span> <span class='ocrx_word' id='word_1_723' title='bbox 1252 5119 1316 5173; x_wconf 88' lang='lat' dir='ltr'>Et</span> <span class='ocrx_word' id='word_1_724' title='bbox 1343 5117 1440 5173; x_wconf 86' lang='lat' dir='ltr'>hoc</span> <span class='ocrx_word' id='word_1_725' title='bbox 1456 5117 1637 5188; x_wconf 85' lang='lat' dir='ltr'>ipsum</span> <span class='ocrx_word' id='word_1_726' title='bbox 1657 5119 1857 5187; x_wconf 84' lang='lat' dir='ltr'>scripsi</span> <span class='ocrx_word' id='word_1_727' title='bbox 1872 5120 2022 5176; x_wconf 88' lang='lat' dir='ltr'>vobis</span> 
     </span>
    </p>
   </div>
   <div class='ocr_carea' id='block_1_101' title="bbox 369 5204 2019 5280">
    <p class='ocr_par' dir='ltr' id='par_1_101' title="bbox 369 5204 2019 5280">
     <span class='ocr_line' id='line_1_101' title="bbox 369 5204 2019 5280; baseline -0.001 -15"><span class='ocrx_word' id='word_1_728' title='bbox 369 5208 697 5279; x_wconf 86' lang='lat' dir='ltr'>Scripserat</span> <span class='ocrx_word' id='word_1_729' title='bbox 725 5209 883 5265; x_wconf 89' lang='lat' dir='ltr'>enim</span> <span class='ocrx_word' id='word_1_730' title='bbox 914 5209 973 5264; x_wconf 91' lang='lat' dir='ltr'>in</span> <span class='ocrx_word' id='word_1_731' title='bbox 996 5209 1188 5280; x_wconf 88' lang='lat' dir='ltr'>prima</span> <span class='ocrx_word' id='word_1_732' title='bbox 1208 5205 1465 5279; x_wconf 88' lang='lat' dir='ltr'>Epistola</span> <span class='ocrx_word' id='word_1_733' title='bbox 1487 5225 1502 5271; x_wconf 71' lang='grc' dir='ltr'>ς</span> <span class='ocrx_word' id='word_1_734' title='bbox 1527 5204 1732 5260; x_wconf 88' lang='lat' dir='ltr'>scribit</span> <span class='ocrx_word' id='word_1_735' title='bbox 1750 5206 1927 5262; x_wconf 90' lang='lat' dir='ltr'>etiam</span> <span class='ocrx_word' id='word_1_736' title='bbox 1961 5208 2019 5264; x_wconf 89' lang='lat' dir='ltr'>in</span> 
     </span>
    </p>
   </div>
   <div class='ocr_carea' id='block_1_102' title="bbox 367 5294 2016 5369">
    <p class='ocr_par' dir='ltr' id='par_1_102' title="bbox 367 5294 2016 5369">
     <span class='ocr_line' id='line_1_102' title="bbox 367 5294 2016 5369; baseline -0.001 -16"><span class='ocrx_word' id='word_1_737' title='bbox 367 5295 646 5352; x_wconf 88' lang='lat' dir='ltr'>secunda.</span> <span class='ocrx_word' id='word_1_738' title='bbox 678 5294 865 5359; x_wconf 88' lang='lat' dir='ltr'>Quare</span> <span class='ocrx_word' id='word_1_739' title='bbox 899 5312 995 5351; x_wconf 91' lang='lat' dir='ltr'>ma</span> <span class='ocrx_word' id='word_1_740' title='bbox 1024 5296 1264 5351; x_wconf 88' lang='lat' dir='ltr'>nifestat</span> <span class='ocrx_word' id='word_1_741' title='bbox 1295 5312 1308 5349; x_wconf 90' lang='lat'>:</span> <span class='ocrx_word' id='word_1_742' title='bbox 1345 5295 1408 5353; x_wconf 89' lang='lat' dir='ltr'>Ut</span> <span class='ocrx_word' id='word_1_743' title='bbox 1465 5310 1576 5349; x_wconf 89' lang='lat' dir='ltr'>non</span> <span class='ocrx_word' id='word_1_744' title='bbox 1630 5310 1754 5349; x_wconf 84' lang='lat' dir='ltr'>cum</span> <span class='ocrx_word' id='word_1_745' title='bbox 1798 5310 2016 5369; x_wconf 84' lang='lat' dir='ltr'>venero,</span> 
     </span>
    </p>
   </div>
   <div class='ocr_carea' id='block_1_103' title="bbox 368 5382 2019 5458">
    <p class='ocr_par' dir='ltr' id='par_1_103' title="bbox 368 5382 2019 5458">
     <span class='ocr_line' id='line_1_103' title="bbox 368 5382 2019 5458; baseline 0.002 -19"><span class='ocrx_word' id='word_1_746' title='bbox 368 5384 659 5439; x_wconf 70' lang='lat' dir='ltr'>tristitiam</span> <span class='ocrx_word' id='word_1_747' title='bbox 672 5399 834 5455; x_wconf 85' lang='lat' dir='ltr'>super</span> <span class='ocrx_word' id='word_1_748' title='bbox 853 5385 1143 5439; x_wconf 71' lang='lat' dir='ltr'>tristitiam</span> <span class='ocrx_word' id='word_1_749' title='bbox 1156 5382 1737 5440; x_wconf 79' lang='lat' dir='ltr'>habeam.Tristitiam</span> <span class='ocrx_word' id='word_1_750' title='bbox 1763 5401 2019 5458; x_wconf 90' lang='lat' dir='ltr'>namque</span> 
     </span>
    </p>
   </div>
   <div class='ocr_carea' id='block_1_104' title="bbox 367 5470 2020 5543">
    <p class='ocr_par' dir='ltr' id='par_1_104' title="bbox 367 5470 2020 5543">
     <span class='ocr_line' id='line_1_104' title="bbox 367 5470 2020 5543; baseline 0.002 -15"><span class='ocrx_word' id='word_1_751' title='bbox 367 5487 545 5543; x_wconf 86' lang='lat' dir='ltr'>super</span> <span class='ocrx_word' id='word_1_752' title='bbox 569 5470 867 5527; x_wconf 85' lang='lat' dir='ltr'>tristitiam</span> <span class='ocrx_word' id='word_1_753' title='bbox 899 5470 1112 5527; x_wconf 88' lang='lat' dir='ltr'>habere</span> <span class='ocrx_word' id='word_1_754' title='bbox 1141 5476 1251 5541; x_wconf 88' lang='lat' dir='ltr'>est,</span> <span class='ocrx_word' id='word_1_755' title='bbox 1303 5471 1373 5527; x_wconf 91' lang='lat' dir='ltr'>de</span> <span class='ocrx_word' id='word_1_756' title='bbox 1428 5487 1680 5543; x_wconf 92' lang='lat' dir='ltr'>quorum</span> <span class='ocrx_word' id='word_1_757' title='bbox 1750 5472 2020 5531; x_wconf 90' lang='lat' dir='ltr'>tristatur</span> 
     </span>
    </p>
   </div>
   <div class='ocr_carea' id='block_1_105' title="bbox 438 5680 1727 5765">
    <p class='ocr_par' dir='ltr' id='par_1_105' title="bbox 438 5680 1727 5765">
     <span class='ocr_line' id='line_1_105' title="bbox 438 5680 1727 5765; baseline 0.005 -25"><span class='ocrx_word' id='word_1_758' title='bbox 438 5680 585 5765; x_wconf 74' lang='lat'>(692)</span> <span class='ocrx_word' id='word_1_759' title='bbox 617 5681 680 5744; x_wconf 87' lang='lat' dir='ltr'>In</span> <span class='ocrx_word' id='word_1_760' title='bbox 712 5687 909 5763; x_wconf 81' lang='lat' dir='ltr'>autog,</span> <span class='ocrx_word' id='word_1_761' title='bbox 932 5695 1118 5757; x_wconf 82' lang='lat' dir='ltr'>marg.</span> <span class='ocrx_word' id='word_1_762' title='bbox 1152 5682 1245 5743; x_wconf 90' lang='lat' dir='ltr'>hic</span> <span class='ocrx_word' id='word_1_763' title='bbox 1272 5681 1487 5758; x_wconf 82' lang='lat' dir='ltr'>legitur</span> <span class='ocrx_word' id='word_1_764' title='bbox 1507 5701 1633 5763; x_wconf 84' lang='lat' dir='ltr'>cap.</span> <span class='ocrx_word' id='word_1_765' title='bbox 1658 5685 1727 5747; x_wconf 83' lang='lat' dir='ltr'>V.</span> 
     </span>
    </p>
   </div>
   <div class='ocr_carea' id='block_1_106' title="bbox 2136 4663 3758 4746">
    <p class='ocr_par' dir='ltr' id='par_1_106' title="bbox 2136 4663 3758 4746">
     <span class='ocr_line' id='line_1_106' title="bbox 2136 4663 3758 4746; baseline -0.007 -19"><span class='ocrx_word' id='word_1_766' title='bbox 2136 4671 2354 4743; x_wconf 90' lang='lat' dir='ltr'>animo,</span> <span class='ocrx_word' id='word_1_767' title='bbox 2385 4670 2472 4728; x_wconf 91' lang='lat' dir='ltr'>vel</span> <span class='ocrx_word' id='word_1_768' title='bbox 2507 4670 2714 4743; x_wconf 83' lang='lat' dir='ltr'>magis,</span> <span class='ocrx_word' id='word_1_769' title='bbox 2747 4672 2818 4727; x_wconf 87' lang='lat' dir='ltr'>ad</span> <span class='ocrx_word' id='word_1_770' title='bbox 2849 4673 2977 4743; x_wconf 88' lang='lat' dir='ltr'>ejus</span> <span class='ocrx_word' id='word_1_771' title='bbox 3010 4673 3401 4746; x_wconf 89' lang='lat' dir='ltr'>roceptionem</span> <span class='ocrx_word' id='word_1_772' title='bbox 3432 4675 3489 4727; x_wconf 90' lang='lat' dir='ltr'>et</span> <span class='ocrx_word' id='word_1_773' title='bbox 3517 4663 3758 4725; x_wconf 82' lang='lat' dir='ltr'>subleva-</span> 
     </span>
    </p>
   </div>
   <div class='ocr_carea' id='block_1_107' title="bbox 2134 4748 3760 4834">
    <p class='ocr_par' dir='ltr' id='par_1_107' title="bbox 2134 4748 3760 4834">
     <span class='ocr_line' id='line_1_107' title="bbox 2134 4748 3760 4834; baseline 0.004 -20"><span class='ocrx_word' id='word_1_774' title='bbox 2134 4760 2352 4816; x_wconf 86' lang='lat' dir='ltr'>tionem</span> <span class='ocrx_word' id='word_1_775' title='bbox 2385 4762 2741 4834; x_wconf 88' lang='lat' dir='ltr'>consurgite,</span> <span class='ocrx_word' id='word_1_776' title='bbox 2775 4766 2839 4816; x_wconf 88' lang='lat' dir='ltr'>ut</span> <span class='ocrx_word' id='word_1_777' title='bbox 2867 4761 3045 4817; x_wconf 91' lang='lat' dir='ltr'>illud:</span> <span class='ocrx_word' id='word_1_778' title='bbox 3081 4763 3213 4818; x_wconf 87' lang='lat' dir='ltr'>Nolo</span> <span class='ocrx_word' id='word_1_779' title='bbox 3238 4770 3469 4819; x_wconf 86' lang='lat' dir='ltr'>mortem</span> <span class='ocrx_word' id='word_1_780' title='bbox 3490 4748 3760 4834; x_wconf 60' lang='grc' dir='ltr'>ρϐεοαεονέξ</span> 
     </span>
    </p>
   </div>
   <div class='ocr_carea' id='block_1_108' title="bbox 2135 4832 3757 4923">
    <p class='ocr_par' dir='ltr' id='par_1_108' title="bbox 2135 4832 3757 4923">
     <span class='ocr_line' id='line_1_108' title="bbox 2135 4832 3757 4923; baseline -0.005 -19"><span class='ocrx_word' id='word_1_781' title='bbox 2135 4851 2324 4907; x_wconf 72' lang='lat' dir='ltr'>Ezech.</span> <span class='ocrx_word' id='word_1_782' title='bbox 2349 4866 2549 4920; x_wconf 65' lang='grc' dir='ltr'>χχχιιι,</span> <span class='ocrx_word' id='word_1_783' title='bbox 2585 4832 2672 4921; x_wconf 62' lang='grc'>11)</span> <span class='ocrx_word' id='word_1_784' title='bbox 2702 4867 2715 4918; x_wconf 91' lang='grc'>;</span> <span class='ocrx_word' id='word_1_785' title='bbox 2750 4854 2807 4905; x_wconf 91' lang='lat' dir='ltr'>et</span> <span class='ocrx_word' id='word_1_786' title='bbox 2838 4851 3168 4923; x_wconf 80' lang='lat' dir='ltr'>Quacunque</span> <span class='ocrx_word' id='word_1_787' title='bbox 3225 4851 3361 4907; x_wconf 88' lang='lat' dir='ltr'>hora</span> <span class='ocrx_word' id='word_1_788' title='bbox 3406 4848 3650 4922; x_wconf 72' lang='lat' dir='ltr'>peccator</span> <span class='ocrx_word' id='word_1_789' title='bbox 3698 4832 3757 4892; x_wconf 83' lang='lat' dir='ltr'>ad</span> 
     </span>
    </p>
   </div>
   <div class='ocr_carea' id='block_1_109' title="bbox 2132 4925 3756 5013">
    <p class='ocr_par' dir='ltr' id='par_1_109' title="bbox 2132 4925 3756 5013">
     <span class='ocr_line' id='line_1_109' title="bbox 2132 4925 3756 5013; baseline -0.007 -19"><span class='ocrx_word' id='word_1_790' title='bbox 2132 4956 2221 4995; x_wconf 90' lang='lat' dir='ltr'>me</span> <span class='ocrx_word' id='word_1_791' title='bbox 2245 4956 2535 4996; x_wconf 85' lang='lat' dir='ltr'>conversus</span> <span class='ocrx_word' id='word_1_792' title='bbox 2564 4942 2733 5010; x_wconf 77' lang='lat' dir='ltr'>luerit</span> <span class='ocrx_word' id='word_1_793' title='bbox 2765 4940 2955 5011; x_wconf 86' lang='lat' dir='ltr'>(Ibid.,</span> <span class='ocrx_word' id='word_1_794' title='bbox 2989 4942 3097 5013; x_wconf 87' lang='grc'>12),</span> <span class='ocrx_word' id='word_1_795' title='bbox 3130 4944 3238 4996; x_wconf 92' lang='lat' dir='ltr'>etc.</span> <span class='ocrx_word' id='word_1_796' title='bbox 3262 4937 3595 5012; x_wconf 89' lang='lat' dir='ltr'>Specialiter</span> <span class='ocrx_word' id='word_1_797' title='bbox 3620 4925 3756 4985; x_wconf 87' lang='lat' dir='ltr'>enim</span> 
     </span>
    </p>
   </div>
   <div class='ocr_carea' id='block_1_110' title="bbox 2132 5026 3754 5102">
    <p class='ocr_par' dir='ltr' id='par_1_110' title="bbox 2132 5026 3754 5102">
     <span class='ocr_line' id='line_1_110' title="bbox 2132 5026 3754 5102; baseline -0.009 -18"><span class='ocrx_word' id='word_1_798' title='bbox 2132 5034 2273 5084; x_wconf 86' lang='lat' dir='ltr'>tunc</span> <span class='ocrx_word' id='word_1_799' title='bbox 2304 5028 2619 5101; x_wconf 88' lang='lat' dir='ltr'>Apostolus</span> <span class='ocrx_word' id='word_1_800' title='bbox 2649 5028 2818 5084; x_wconf 88' lang='lat' dir='ltr'>illum</span> <span class='ocrx_word' id='word_1_801' title='bbox 2852 5034 3203 5102; x_wconf 79' lang='lat' dir='ltr'>praeceperat</span> <span class='ocrx_word' id='word_1_802' title='bbox 3235 5026 3493 5100; x_wconf 89' lang='lat' dir='ltr'>ejici,qui</span> <span class='ocrx_word' id='word_1_803' title='bbox 3538 5028 3754 5077; x_wconf 86' lang='lat' dir='ltr'>uxorem</span> 
     </span>
    </p>
   </div>
   <div class='ocr_carea' id='block_1_111' title="bbox 2133 5113 3755 5192">
    <p class='ocr_par' dir='ltr' id='par_1_111' title="bbox 2133 5113 3755 5192">
     <span class='ocr_line' id='line_1_111' title="bbox 2133 5113 3755 5192; baseline -0.007 -18"><span class='ocrx_word' id='word_1_804' title='bbox 2133 5125 2315 5189; x_wconf 75' lang='lat' dir='ltr'>patris</span> <span class='ocrx_word' id='word_1_805' title='bbox 2347 5118 2660 5174; x_wconf 89' lang='lat' dir='ltr'>violaverat</span> <span class='ocrx_word' id='word_1_806' title='bbox 2691 5119 2737 5190; x_wconf 92' lang='lat' dir='ltr'>(I</span> <span class='ocrx_word' id='word_1_807' title='bbox 2767 5118 2887 5173; x_wconf 86' lang='lat' dir='ltr'>Cor.</span> <span class='ocrx_word' id='word_1_808' title='bbox 2919 5136 2973 5180; x_wconf 83' lang='grc' dir='ltr'><strong>ν.</strong></span> <span class='ocrx_word' id='word_1_809' title='bbox 3010 5120 3083 5192; x_wconf 85' lang='grc'>1).</span> <span class='ocrx_word' id='word_1_810' title='bbox 3108 5119 3215 5175; x_wconf 90' lang='lat' dir='ltr'>Sed</span> <span class='ocrx_word' id='word_1_811' title='bbox 3251 5123 3443 5174; x_wconf 90' lang='lat' dir='ltr'>tamen</span> <span class='ocrx_word' id='word_1_812' title='bbox 3478 5113 3592 5171; x_wconf 67' lang='lat' dir='ltr'>haec</span> <span class='ocrx_word' id='word_1_813' title='bbox 3646 5118 3755 5192; x_wconf 53' lang='lat' dir='ltr'>Ben:</span> 
     </span>
    </p>
   </div>
   <div class='ocr_carea' id='block_1_112' title="bbox 2129 5190 3755 5279">
    <p class='ocr_par' dir='ltr' id='par_1_112' title="bbox 2129 5190 3755 5279">
     <span class='ocr_line' id='line_1_112' title="bbox 2129 5190 3755 5279; baseline -0.006 -18"><span class='ocrx_word' id='word_1_814' title='bbox 2129 5208 2314 5263; x_wconf 89' lang='lat' dir='ltr'>tentia</span> <span class='ocrx_word' id='word_1_815' title='bbox 2340 5208 2409 5263; x_wconf 91' lang='lat' dir='ltr'>ad</span> <span class='ocrx_word' id='word_1_816' title='bbox 2444 5224 2648 5263; x_wconf 88' lang='lat' dir='ltr'>omnes</span> <span class='ocrx_word' id='word_1_817' title='bbox 2680 5208 2905 5275; x_wconf 90' lang='lat' dir='ltr'>attinet,</span> <span class='ocrx_word' id='word_1_818' title='bbox 2940 5190 3207 5279; x_wconf 19' lang='lat' dir='ltr'>qui&#39;tunc</span> <span class='ocrx_word' id='word_1_819' title='bbox 3238 5203 3680 5278; x_wconf 84' lang='lat' dir='ltr'>expellebantur,</span> <span class='ocrx_word' id='word_1_820' title='bbox 3707 5190 3755 5245; x_wconf 63' lang='lat' dir='ltr'>ei</span> 
     </span>
    </p>
   </div>
   <div class='ocr_carea' id='block_1_113' title="bbox 2129 5281 3754 5367">
    <p class='ocr_par' dir='ltr' id='par_1_113' title="bbox 2129 5281 3754 5367">
     <span class='ocr_line' id='line_1_113' title="bbox 2129 5281 3754 5367; baseline -0.004 -17"><span class='ocrx_word' id='word_1_821' title='bbox 2129 5312 2285 5351; x_wconf 90' lang='lat' dir='ltr'>nunc</span> <span class='ocrx_word' id='word_1_822' title='bbox 2315 5294 2706 5367; x_wconf 86' lang='lat' dir='ltr'>expelluntur.</span> <span class='ocrx_word' id='word_1_823' title='bbox 2740 5297 3000 5367; x_wconf 85' lang='lat' dir='ltr'>Ejecerat</span> <span class='ocrx_word' id='word_1_824' title='bbox 3039 5296 3196 5352; x_wconf 92' lang='lat' dir='ltr'>enim</span> <span class='ocrx_word' id='word_1_825' title='bbox 3258 5294 3421 5350; x_wconf 90' lang='lat' dir='ltr'>illum</span> <span class='ocrx_word' id='word_1_826' title='bbox 3474 5290 3531 5346; x_wconf 93' lang='lat' dir='ltr'>in</span> <span class='ocrx_word' id='word_1_827' title='bbox 3588 5281 3754 5358; x_wconf 69' lang='grc' dir='ltr'>ρτὶωδ</span> 
     </span>
    </p>
   </div>
   <div class='ocr_carea' id='block_1_114' title="bbox 2127 5370 3750 5458">
    <p class='ocr_par' dir='ltr' id='par_1_114' title="bbox 2127 5370 3750 5458">
     <span class='ocr_line' id='line_1_114' title="bbox 2127 5370 3750 5458; baseline -0.01 -18"><span class='ocrx_word' id='word_1_828' title='bbox 2127 5384 2424 5457; x_wconf 88' lang='lat' dir='ltr'>Epistola:</span> <span class='ocrx_word' id='word_1_829' title='bbox 2455 5385 2513 5441; x_wconf 91' lang='lat' dir='ltr'>in</span> <span class='ocrx_word' id='word_1_830' title='bbox 2548 5385 2807 5442; x_wconf 90' lang='lat' dir='ltr'>secunda</span> <span class='ocrx_word' id='word_1_831' title='bbox 2853 5386 3117 5458; x_wconf 77' lang='lat' dir='ltr'>praecipit</span> <span class='ocrx_word' id='word_1_832' title='bbox 3171 5383 3445 5455; x_wconf 87' lang='lat' dir='ltr'>recipere,</span> <span class='ocrx_word' id='word_1_833' title='bbox 3496 5370 3750 5448; x_wconf 85' lang='lat' dir='ltr'>quoniam</span> 
     </span>
    </p>
   </div>
   <div class='ocr_carea' id='block_1_115' title="bbox 2131 5462 3749 5549">
    <p class='ocr_par' dir='ltr' id='par_1_115' title="bbox 2131 5462 3749 5549">
     <span class='ocr_line' id='line_1_115' title="bbox 2131 5462 3749 5549; baseline -0.01 -20"><span class='ocrx_word' id='word_1_834' title='bbox 2131 5478 2370 5531; x_wconf 85' lang='lat' dir='ltr'>noverat</span> <span class='ocrx_word' id='word_1_835' title='bbox 2399 5490 2536 5531; x_wconf 89' lang='lat' dir='ltr'>cum</span> <span class='ocrx_word' id='word_1_836' title='bbox 2559 5475 2619 5529; x_wconf 89' lang='lat' dir='ltr'>in</span> <span class='ocrx_word' id='word_1_837' title='bbox 2651 5488 2929 5549; x_wconf 88' lang='lat' dir='ltr'>processu</span> <span class='ocrx_word' id='word_1_838' title='bbox 2949 5473 3235 5549; x_wconf 86' lang='lat' dir='ltr'>temporis</span> <span class='ocrx_word' id='word_1_839' title='bbox 3253 5472 3494 5545; x_wconf 87' lang='lat' dir='ltr'>dignum</span> <span class='ocrx_word' id='word_1_840' title='bbox 3515 5462 3749 5539; x_wconf 70' lang='lat' dir='ltr'>fructum</span> 
     </span>
    </p>
   </div>
  </div>
