3902 6410
154 470 277 529 425

730 471 1148 533 EXPOSITIO
1193 473 1270 532 IN
1316 471 1749 534 EPISTOLAS
1796 424 2158 535 PAULL—
2189 474 2266 535 ΙΝ
2311 474 2557 536 EPIST.
2604 476 2655 536 ll
2702 475 2804 536 AD
2847 476 3024 538 GOR.

3468 481 3585 541 426

156 600 521 674 poenitentiae
555 601 803 659 fecisse:
838 620 996 671 nam,
1031 602 1145 661 nisi
1178 604 1567 677 cognovisset,
1602 621 1819 677 nequa-
1850 606 1905 671 Α
1938 605 2260 675 periculum
2294 607 2494 677 instat,
2517 606 2681 663 valde
2702 608 3024 663 cavendum
3056 610 3164 680 est,
3189 612 3272 680 ut,
3293 609 3462 681 juxta
3484 610 3583 666 Sa-

154 706 335 764 quam
369 691 632 763 recipere
653 692 940 763 jussisset
968 706 982 760 ;
1016 710 1152 749 nam
1176 693 1517 765 poenitentia
1537 711 1663 765 quae
1686 711 1820 748 cum

152 778 355 836 dolore
386 780 564 837 fuerit
594 780 790 837 oblata
822 782 1016 838 fructu
1047 800 1164 838 non
1196 783 1417 838 carebit
1449 800 1462 837 :
1507 784 1663 855 quod
1696 800 1820 838 ma-

153 868 473 925 nifestatur
504 871 564 925 in
604 870 779 926 David
814 875 871 925 et
900 871 961 926 in
995 871 1195 927 Achab
1218 873 1388 944 (693).
1419 877 1499 929 Ne
1529 873 1820 927 abundan-

151 959 282 1014 tiori
310 960 553 1014 tristitia
585 960 941 1016 absorbeatur
959 977 981 1021 ;
1013 960 1183 1033 quasi
1216 962 1436 1018 diceret
1469 979 1481 1015 :
1527 960 1820 1032 Suscipite

150 1044 347 1113 illum,
382 1063 456 1102 ne
489 1040 636 1102 forte
667 1063 701 1102 a
741 1047 945 1104 limine
977 1047 1246 1103 Ecclesiae
1278 1050 1574 1121 projectus
1615 1049 1770 1103 dicat
1802 1064 1816 1103 :

148 1134 280 1190 Jam
300 1136 443 1207 quia
468 1140 761 1207 prOJectus
784 1154 817 1191 a
837 1136 1041 1191 limine
1059 1137 1328 1191 Ecclesiae
1352 1154 1507 1203 sum,
1524 1136 1819 1192 consortio

150 1224 444 1279 bonorum
469 1242 583 1281 non
611 1225 793 1289 fruor,
814 1226 885 1280 de
912 1242 1015 1297 spe
1038 1225 1363 1281 caelestium
1387 1227 1676 1282 donorum
1702 1243 1816 1282 non

147 1329 486 1383 praesumo;
521 1313 657 1386 quid
702 1318 904 1381 restat,
939 1314 1049 1369 nisi
1082 1314 1293 1370 saltem
1325 1314 1814 1370 delectationibus

146 1402 581 1474 temporalibus
603 1403 802 1458 fruar?
820 1402 984 1458 Unde
1007 1403 1174 1458 valde
1193 1421 1429 1459 necesse
1447 1408 1537 1459 est
1557 1410 1623 1458 ut
1639 1421 1819 1459 causa

147 1491 375 1563 proprii
410 1491 606 1547 delicti
641 1492 807 1547 fratri
853 1492 1416 1561 condescendamus,
1452 1510 1524 1547 ne
1570 1492 1667 1548 ille
1715 1492 1816 1564 qui

143 1579 281 1636 ideo
307 1584 500 1637 fuerat
522 1582 743 1653 ejectus
774 1586 840 1636 ut
870 1580 1248 1653 reciperetur,
1271 1598 1387 1636 non
1421 1586 1710 1653 receptus,
1741 1582 1814 1636 ad

141 1667 587 1741 blasphemiam
610 1673 668 1725 et
687 1671 759 1725 ad
783 1669 1061 1725 barathra
1087 1668 1449 1725 inﬁdelitatis
1471 1670 1814 1741 desperatus

143 1756 445 1814 trahatur.

215 1846 497 1919 Sequitur
528 1864 541 1904 :
594 1850 829 1920 Propter
868 1848 1012 1920 quod
1040 1849 1282 1918 obsecro,
1314 1852 1423 1903 etc.
1456 1847 1811 1903 Charitatem

138 1935 291 1992 dicit
315 1936 477 1992 illam
501 1952 618 2010 qua
635 1936 997 1993 intellexerat
1021 1952 1083 1992 se
1111 1935 1518 1992 remissionem
1537 1953 1813 1992 consecu-
1842 1974 1890 2039 B

138 2029 274 2080 tum
290 2025 559 2081 omnium
574 2025 914 2082 delictorum
926 2025 1118 2082 .Chari
1128 2029 1305 2081 tatem
1317 2041 1453 2080 vero
1466 2026 1814 2081 conﬁrmare
1841 2030 1849 2090 ξ

138 2112 199 2168 in
231 2112 358 2184 illo,
381 2118 471 2170 est
494 2113 770 2169 affectum
794 2115 1030 2187 pietatis
1051 2114 1511 2184 ostendere,qua
1531 2118 1588 2168 et
1612 2114 1814 2169 remis-

137 2202 377 2258 sionem
410 2209 789 2276 peccatorum
824 2220 885 2258 se
917 2206 1298 2258 consecutum
1321 2206 1626 2273 agnoscat,
1653 2206 1711 2257 et
1741 2202 1813 2257 de

136 2308 250 2364 spe
280 2291 448 2363 regni
482 2292 736 2347 caelestis
768 2295 1107 2362 praesumat.
1141 2289 1422 2360 Sequitur
1457 2308 1470 2345 :
1510 2290 1633 2344 Ideo
1663 2292 1811 2344 enim

132 2381 262 2437 Ιηνο
280 2382 507 2451 scripsi,
529 2384 591 2435 ut
612 2396 936 2450 cognoscam
957 2380 1399 2451 experimentum
1419 2385 1675 2445 vestrum,
1700 2381 1809 2433 etc.

132 2470 244 2525 His
275 2468 475 2524 verbis
510 2468 767 2523 ostendit
816 2468 973 2539 quod
1023 2467 1138 2539 ipsi
1178 2468 1307 2539 jam
1356 2471 1652 2539 cmperant
1683 2483 1812 2523 esse

133 2558 490 2613 obedientes
524 2574 535 2611 :
595 2555 849 2611 maxime
896 2556 970 2610 ob
1008 2554 1139 2623 hoc,
1173 2553 1315 2627 quia
1344 2571 1411 2611 ea
1440 2560 1811 2611 correxerant

130 2665 267 2720 quae
294 2646 373 2702 ad
408 2644 637 2701 cultum
670 2644 805 2699 fidei
839 2648 897 2699 et
926 2644 1192 2699 ordinem
1224 2643 1689 2698 ecclesiasticum
1721 2646 1808 2698 at-

129 2737 431 2793 tinebant.
465 2735 536 2790 Et
584 2734 715 2789 ideo
764 2728 1061 2804 as‘cripsit,
1112 2736 1178 2787 ut
1225 2732 1409 2787 istum
1460 2733 1806 2804 reciperent,

130 2831 441 2899 quatenus
460 2822 737 2894 probaret
758 2823 805 2878 si
840 2821 898 2876 in
923 2822 1201 2876 omnibus
1222 2821 1562 2876 obedientes
1584 2826 1803 2889 essent,

130 2915 279 2988 quia
308 2912 414 2968 illa
440 2928 576 2967 vera
605 2915 693 2966 est
722 2909 1073 2976 obedientia,
1106 2926 1231 2980 quae
1281 2909 1339 2964 in
1389 2909 1551 2965 nullo
1598 2911 1801 2981 praeci-

131 3003 363 3077 pientis
396 2999 687 3056 voluntati
720 2999 958 3054 resistit.

210 3091 537 3164 Sequitur:
591 3088 651 3143 Si
698 3090 789 3143 cui
836 3088 1054 3159 aliquid
1105 3086 1341 3148 donatis,
1374 3091 1433 3142 et
1483 3090 1583 3142 rel.
1616 3088 1686 3142 Et
1714 3092 1804 3144 est

129 3197 357 3238 sensus
382 3197 394 3234 :
419 3178 600 3233 Vobis
626 3177 973 3249 rogantibus
993 3193 1098 3247 ego
1121 3175 1355 3242 donavi,
1379 3176 1602 3230 debetis
1623 3180 1680 3231 et
1699 3194 1800 3233 vos

130 3288 234 3327 me
269 3272 518 3341 rogante
548 3268 784 3322 donare.
811 3266 1126 3321 Sciendum
1160 3281 1300 3320 sane
1322 3265 1461 3335 quia
1493 3282 1605 3319 non
1640 3269 1801 3322 tanta

1930 693 2247 764 lomonem,
2279 712 2466 768 neque
2498 697 2569 752 ad
2600 697 2917 768 dexteram,
2952 714 3140 773 neque
3172 698 3244 753 ad
3276 698 3580 755 sinistram

1929 783 2294 841 declinemus
2324 788 2508 857 (Prov.
2544 804 2618 854 1v,
2650 788 2757 854 27;
2793 787 2922 842 lsai.
2954 804 3083 854 xxx,
3116 788 3228 854 21).

2001 873 2281 944 Sequitur
2311 891 2324 929 :
2377 876 2491 930 Non
2533 876 2682 930 enim
2721 878 3040 946 ignoramus
3069 876 3416 946 cogitationes
3442 878 3575 949 ejus.

1930 961 2095 1017 Hunc
2120 960 2315 1018 locum
2338 964 2549 1019 beatus
2580 981 2730 1036 papa
2752 964 3063 1037 Gregorius
3089 964 3170 1019 ita
3195 964 3449 1037 exponit.
3483 964 3579 1021 Di-

1928 1049 2007 1104 cit
2037 1050 2192 1105 enim
2229 1070 2242 1107 :
2295 1053 2387 1107 “EB
2418 1057 2559 1108 sunt
2587 1052 2774 1108 hostis
2805 1052 3029 1125 antiqui
3061 1054 3353 1121 versutiaa,
3385 1058 3451 1109 ut
3476 1071 3581 1127 per

1927 1137 2316 1197 immoderata
2339 1142 2493 1197 bona
2516 1141 2681 1197 fallat
2699 1142 2987 1197 incautos.
3012 1141 3159 1197 Nam
3184 1142 3316 1197 inde
3345 1142 3491 1198 solet
3517 1143 3579 1199 in

1927 1230 2098 1285 corde
2128 1229 2367 1285 alterius
2399 1230 2622 1286 malum
2654 1247 2930 1302 generare
2962 1230 3116 1297 rixae,
3142 1231 3297 1287 unde
3328 1229 3579 1287 alterum

1925 1317 2079 1371 videt
2112 1317 2441 1390 neglectum
2478 1318 2708 1390 pietatis
2739 1318 2967 1375 fecisse.
3001 1319 3287 1384 Quoniam
3329 1320 3581 1391 perfecte

1925 1405 2145 1460 bonum
2181 1422 2308 1461 esse
2339 1424 2454 1462 non
2488 1411 2698 1478 potest,
2725 1408 2877 1477 quod
2912 1407 2995 1461 ita
3026 1409 3239 1476 agitur,
3264 1407 3313 1462 si
3344 1426 3459 1463 non
3492 1412 3579 1463 at-

1925 1496 2128 1549 tendat
2148 1496 2302 1567 quod
2333 1494 2471 1550 mali
2502 1513 2569 1550 ex
2602 1494 2784 1551 altera
2815 1498 2976 1566 parte
3000 1495 3254 1549 oriatur:
3290 1494 3401 1549 nisi
3435 1496 3580 1552 forte

1924 1582 2039 1639 tale
2066 1584 2140 1638 sit
2166 1583 2310 1639 illud
2336 1585 2577 1653 bonum,
2602 1583 2757 1655 quod
2786 1584 3009 1654 absque
3032 1582 3273 1638 alterius
3299 1583 3576 1639 seandalo

1924 1672 2047 1726 ﬁeri
2083 1690 2196 1728 non
2232 1675 2438 1744 possit,
2464 1678 2521 1728 et
2551 1690 2665 1728 non
2691 1672 2897 1727 fecisse
2918 1676 3221 1743 peccatum
3254 1671 3350 1727 sit.
3373 1672 3575 1727 Addu-

1923 1758 2001 1815 cit
2021 1761 2228 1816 beatus
2250 1779 2400 1834 papa
2420 1761 2736 1833 Gregorius
2762 1760 2930 1815 illum
2958 1760 3056 1831 qui
3080 1759 3300 1815 crimen
3326 1760 3573 1816 commi-

1922 1849 2000 1904 sit
2021 1849 2091 1903 ad
2114 1849 2539 1920 testimonium,
2554 1855 2613 1905 et
2631 1848 2906 1921 intelligit
2925 1865 3059 1903 eum
3076 1848 3330 1919 jussisse
3347 1849 3576 1904 tradere

1922 1938 2175 2007 diabolo,
2211 1939 2352 1994 dum
2394 1938 2669 2011 praecepit
2697 1938 2924 1993 Satanae
2955 1936 3204 1993 tradere.
3237 1936 3388 1993 Dicit
3416 1937 3575 1994 enim

1923 2027 2064 2099 quia
2094 2044 2309 2097 magna
2339 2027 2666 2100 magisterii
2697 2031 2820 2082 arte
2852 2030 3046 2081 actum
3078 2029 3186 2094 est,
3221 2030 3287 2080 ut
3333 2024 3430 2081 ille
3475 2043 3577 2081 co-

1923 2120 2089 2171 actus
2109 2116 2585 2171 substerneretur
2604 2116 2660 2170 in
2686 2131 2877 2186 poena,
2892 2114 2991 2185 qui
3016 2117 3223 2185 sponte
3240 2114 3577 2170 substratus

1922 2208 2011 2259 est
2040 2204 2098 2257 in
2131 2202 2326 2274 culpa,
2361 2208 2417 2257 et
2446 2203 2546 2274 qui
2577 2206 2782 2257 auctor
2824 2201 2934 2256 fuit
2982 2200 3218 2256 malitia
3272 2201 3331 2256 in
3381 2200 3576 2274 culpa,

1923 2295 2076 2347 esset
2106 2290 2405 2361 ﬂagellum
2437 2290 2761 2361 disciplinae
2791 2289 2849 2344 in
2894 2306 3082 2361 pmna.
3117 2289 3366 2361 Exponit
3395 2289 3575 2345 etiam

1923 2381 2048 2451 ipse
2080 2396 2207 2452 qum
2238 2378 2378 2433 dicit
2403 2378 2721 2450 Apostolus
2756 2395 2768 2432 :
2822 2379 2885 2433 Si
2932 2380 3027 2433 cui
3073 2378 3339 2443 donastis,
3358 2381 3419 2432 et
3458 2394 3572 2448 ego,

1922 2468 2091 2538 quasi
2117 2467 2363 2523 dixisset
2394 2484 2406 2521 :
2438 2467 2663 2523 Vestris
2686 2468 2856 2522 bonis
2880 2466 3108 2521 actibus
3130 2481 3328 2520 meum
3354 2466 3573 2521 bonum

1921 2556 2221 2628 conjunxi,
2253 2556 2390 2627 quia
2421 2572 2619 2611 meum
2651 2572 2777 2612 esse
2809 2554 2958 2625 volo,
2991 2556 3041 2610 si
3091 2552 3231 2625 quid
3276 2552 3414 2608 boni
3444 2569 3569 2608 ero-

1919 2643 2069 2717 gatis
2102 2644 2271 2714 (694).

1988 2733 2301 2804 Sequitur:
2337 2735 2412 2787 Et
2441 2749 2556 2803 ego,
2580 2734 2630 2787 si
2658 2734 2749 2788 cui
2778 2732 2998 2796 donavi,
3022 2736 3158 2799 etc.,
3188 2729 3355 2801 quasi
3387 2728 3567 2785 dixis-

1916 2825 2040 2877 set:
2076 2820 2301 2877 Vestris
2322 2821 2494 2877 bonis
2527 2838 2722 2877 meum
2746 2822 2968 2877 bonum
3001 2818 3240 2887 sociavi,
3272 2818 3410 2890 quia
3432 2835 3563 2891 pro-

1912 2914 2041 2982 pter
2063 2926 2166 2964 vos
2195 2910 2608 2965 misericordiae
2640 2926 2787 2981 opus
2809 2908 3091 2980 impendi.
3116 2908 3182 2963 Et
3202 2911 3269 2962 ut
3293 2908 3562 2981 ostende-

1913 3003 1999 3053 ret
2028 2999 2129 3054 ubi
2161 2998 2283 3053 haec
2315 2999 2747 3070 compaginatio
2779 2998 2962 3065 fieret,
2986 2996 3313 3067 subjungit,
3338 2997 3402 3051 in
3425 3012 3558 3067 per-

1910 3104 2045 3142 sona
2076 3088 2302 3143 Christi.
2337 3088 2443 3142 Sed
2477 3087 2617 3157 quia
2648 3091 2874 3157 poterat
2903 3084 3117 3156 aliquis
3147 3084 3197 3138 ei
3229 3083 3421 3138 dicere
3456 3101 3469 3138 :
3513 3084 3557 3139 Ο

1910 3174 2202 3247 Apostole,
2230 3192 2410 3247 quare
2432 3178 2487 3229 te
2516 3174 2597 3229 ita
2618 3172 2918 3241 humilias,
2945 3188 3126 3244 quare
3148 3176 3202 3228 te
3226 3173 3304 3227 ita
3331 3172 3561 3240 subdis,

1912 3269 1977 3319 ut
1993 3264 2425 3320 Corinthiorum
2449 3263 2604 3318 bona
2619 3263 2736 3317 tuis
2758 3262 3074 3328 assimiles,
3089 3265 3145 3316 et
3160 3266 3261 3316 tua
3286 3259 3565 3318 illorum?

126 3336 511 3433 providentia
540 3361 665 3412 erat
696 3356 754 3410 in
789 3354 941 3421 istis,
977 3358 1199 3426 quanta
1229 3354 1287 3408 in
1320 3352 1618 3424 Apostolo.
1652 3353 1799 3410 Nam
1832 3336 1875 3403 C
1913 3352 2044 3408 ideo
2077 3352 2421 3423 subjunxit:
2455 3353 2532 3406 Ne
2560 3352 3059 3406 circumveniamur
3085 3367 3119 3405 α
3147 3349 3375 3405 Satana.
3400 3349 3469 3404 Et
3498 3353 3567 3405 ut

128 3451 287 3521 ipse,
316 3446 607 3518 quidquid
639 3445 869 3517 agebat,
895 3441 1237 3514 spiritaliter
1257 3442 1487 3514 agebat,
1511 3443 1649 3514 quia
1671 3443 1803 3514 Spi-

124 3539 251 3593 ritu
278 3540 488 3591 sancto
514 3533 722 3606 plenus
743 3536 902 3589 erat:
938 3532 1035 3586 isti
1064 3548 1198 3586 vero
1230 3530 1638 3603 intelligebant
1668 3548 1802 3586 mox

123 3624 483 3683 donandum
506 3640 635 3679 esse
657 3623 813 3695 quod
838 3623 1152 3693 Apostolus
1178 3622 1442 3691 petebat;
1470 3637 1605 3674 nam
1630 3619 1678 3675 si
1706 3619 1801 3676 ille

123 3714 487 3789 rogantibus
520 3712 634 3767 illis
667 3709 925 3778 donavit,
953 3708 1139 3765 multo
1169 3708 1379 3781 magis,
1407 3707 1505 3764 illo
1538 3713 1797 3780 rogante,

123 3805 248 3879 ipsi
276 3803 610 3859 debuerant
639 3801 877 3857 donare.
914 3799 979 3853 Et
1007 3799 1117 3854 hoc
1150 3798 1478 3863 sciendum,
1504 3800 1644 3869 quia
1677 3798 1800 3869 ipse

124 3893 487 3950 incitaverat
517 3908 618 3947 eos
649 3894 716 3945 ut
745 3890 1024 3960 ejicerent
1052 3886 1219 3941 illum
1253 3886 1354 3957 qui
1386 3886 1608 3941 crimen
1641 3903 1799 3941 com-

129 3984 384 4039 miserat
414 3977 840 4050 fornicationis,
872 3982 930 4033 et
969 3981 1033 4031 ut
1060 3974 1192 4030 duri
1224 3976 1508 4030 adversus
1542 3990 1677 4029 eum
1709 3992 1801 4030 es-

130 4076 291 4140 sent,
326 4074 383 4126 et
413 4070 541 4125 ideo
572 4073 694 4124 tam
729 4066 994 4123 studiose
1034 4064 1277 4136 rogabat
1321 4068 1385 4117 ut
1435 4064 1804 4134 susciperent

130 4178 295 4217 eum.
332 4164 400 4215 Et
446 4158 589 4231 quia
633 4156 753 4212 illis
804 4154 1151 4229 rogantibus
1199 4152 1459 4219 donavit,
1492 4152 1620 4206 ideo
1662 4151 1804 4206 dicit

128 4258 359 4323 propter
403 4264 514 4304 vos.
548 4247 621 4302 Et
662 4250 728 4301 ut
770 4248 1003 4319 gratum
1051 4259 1228 4298 suum
1268 4258 1416 4314 opus
1447 4241 1802 4305 ostenderet,

131 4339 302 4408 dicit,
327 4340 387 4393 in
417 4352 652 4409 persona
673 4334 912 4401 Christi;
937 4332 1035 4387 ubi
1064 4346 1240 4386 suum
1264 4347 1412 4400 opus
1437 4328 1649 4384 Christi
1674 4344 1803 4384 esse

132 4426 512 4494 monstravit,
547 4425 720 4495 cujus
750 4423 1107 4495 fungebatur
1140 4419 1449 4491 legatione.
1485 4418 1648 4473 Unde
1678 4417 1805 4489 ipse

134 4518 281 4574 dicit
323 4534 337 4572 :
392 4516 744 4586 Quazcunque
789 4512 1064 4567 solveritis
1113 4525 1278 4580 super
1333 4512 1542 4563 terram
1591 4505 1802 4573 (Matth.

133 4624 301 4673 xviii,
337 4606 447 4676 18),
501 4608 611 4660 etc.
671 4604 860 4668 Quare
914 4615 1045 4655 vero
1098 4596 1400 4653 donaverit
1444 4594 1805 4661 manifestat,

1913 3446 2270 3497 monstraret
2300 3457 2478 3512 quam
2513 3443 2682 3495 acuto
2715 3440 2932 3495 mentis
2963 3455 3139 3494 sensu
3171 3454 3410 3510 sagaces
3442 3437 3567 3493 dia-

1912 3528 2031 3584 boli
2063 3528 2307 3585 insidias
2340 3532 2692 3599 penetraret,
2718 3526 3024 3596 subjunxit
3049 3543 3062 3581 :
3096 3527 3213 3581 Non
3234 3527 3385 3581 enim
3414 3527 3569 3596 igno-

1914 3635 2130 3688 ramus,
2155 3622 2265 3671 etc.
2297 3618 2363 3671 Et
2392 3623 2480 3672 est
2511 3633 2759 3672 sensus:
2793 3615 2910 3670 Deo
2944 3619 3179 3670 auctore
3200 3613 3355 3670 acuti
3387 3614 3566 3670 sudes

1912 3723 2141 3776 sumus,
2177 3705 2315 3777 quia
2363 3709 2533 3761 acuto
2566 3704 2778 3760 mentis
2811 3704 3045 3776 ingenio
3077 3720 3315 3775 sagaces
3348 3701 3566 3758 diaboli

1910 3796 2158 3851 insidias
2190 3800 2587 3867 penetramus,
2620 3811 2692 3849 ne
2724 3795 2868 3849 forte
2901 3793 3055 3865 quod
3089 3794 3235 3849 bene
3273 3809 3442 3848 mens
3473 3792 3563 3847 in-

1911 3883 2106 3951 choat,
2140 3884 2267 3955 ipse
2317 3884 2374 3937 in
2423 3882 2657 3937 malitiae
2691 3883 2863 3937 tinem
2897 3886 3210 3937 convertat.
3244 3885 3375 3936 Haac
3406 3880 3562 3937 enim

1911 3974 1971 4028 in
2004 3972 2170 4027 libris
2203 3971 2525 4026 moralibus
2557 3971 2698 4025 dicit
2726 3970 2933 4025 beatus
2963 3987 3115 4041 papa
3144 3969 3476 4041 Gregorius,
3500 3968 3562 4024 in

1911 4061 2011 4117 lllo
2042 4060 2312 4115 videlicet
2345 4060 2489 4127 loco,
2526 4060 2626 4113 ubi
2659 4059 2871 4131 legitur
2905 4075 2917 4113 :
2968 4058 3277 4113 Absorbebit
3304 4059 3561 4127 ﬂuvium,

1910 4154 1962 4205 et
1990 4167 2101 4205 non
2133 4148 2433 4203 mirabitur
2462 4148 2607 4217 (Job.
2642 4163 2732 4214 χι,
2766 4145 2894 4218 18);
2943 4151 2999 4201 et
3046 4144 3219 4218 paulo
3271 4150 3401 4218 post
3432 4164 3444 4201 :
3498 4147 3565 4201 In

1911 4240 2084 4294 oculis
2132 4239 2247 4292 suis
2292 4237 2471 4308 capiet
2514 4253 2659 4305 eum,
2690 4239 2741 4290 et
2772 4235 2832 4289 in
2862 4235 3084 4290 sudibus
3114 4236 3228 4289 suis
3253 4233 3566 4307 per/orabit

1912 4345 2074 4383 nares
2121 4330 2236 4395 eius
2259 4325 2575 4398 (Ibid.,19);
2602 4325 2699 4379 ubi
2724 4340 2826 4395 per
2846 4324 3021 4379 sudes
3038 4322 3425 4378 subtilissima
3445 4321 3569 4376 vult

1915 4416 2162 4488 intelligi
2196 4420 2536 4494 sanctorum
2569 4412 2834 4477 consilia,
2867 4416 2923 4466 et
2964 4428 3066 4483 per
3107 4426 3277 4465 nares
3308 4408 3568 4466 occultas

1915 4504 2132 4561 diaboli
2164 4504 2433 4558 insidias.

1986 4593 2135 4664 (695)
2169 4591 2448 4661 Sequitur
2472 4574 2492 4644 ἐ
2550 4589 2685 4642 Cum
2734 4589 3001 4642 venissem
3049 4593 3239 4643 autem
3281 4586 3566 4661 Troadem,

134 4658 643 4766 dum,sublj,unxit:
666 4658 740 4747 lie
757 4658 1803 4756 circumveniantur,inquit,aSatana.
1839 4702 1885 4768 Ι)
1918 4658 2026 4737 etc.
2062 4658 2230 4752 (696).
2262 4658 2493 4768 ‘Narrat
2540 4677 2698 4731 enim
2745 4658 3422 4768 ApostolusCorinthiis
3458 4675 3569 4729 iter

135 4784 460 4841 Sciendum
485 4798 618 4838 vero
641 4781 783 4854 quia
805 4776 1265 4835 circumvenitur
1296 4792 1328 4830 a
1358 4775 1571 4829 Satana
1599 4772 1687 4827 vel
1719 4772 1806 4828 ni-

139 4876 335 4931 mium
360 4871 669 4939 remissus,
695 4869 782 4926 vel
816 4869 1064 4924 nimium
1093 4881 1349 4922 severus.
1373 4863 1546 4918 Verbi
1580 4861 1804 4932 gratia:

139 4969 284 5021 sunt
297 4959 564 5018 nonnulli
581 4959 682 5033 qui
697 4960 821 5014 suis
835 4955 1206 5012 auditoribus
1220 4952 1610 5008 voluntvideri
1625 4950 1809 5018 lenes,

138 5051 347 5109 blandi
362 5055 421 5107 et
437 5049 698 5105 effabiles
712 5053 769 5104 et
786 5047 914 5102 ideo
928 5061 1131 5101 eorum
1147 5048 1337 5099 errata
1355 5058 1470 5096 non
1488 5040 1808 5111 corrigunt;

140 5142 197 5197 hi
225 5141 379 5197 tales
402 5157 436 5195 a
453 5140 672 5194 Satana
689 5136 1252 5192 circumveniuntur.
1270 5132 1421 5186 Sunt
1445 5130 1581 5185 item
1607 5128 1704 5200 qui
1729 5127 1813 5183 ni-

143 5233 262 5287 mio
285 5230 438 5303 legis
462 5227 587 5283 zelo
609 5226 839 5282 accensi
858 5226 1000 5279 adeo
1024 5226 1461 5295 persequuntur
1478 5236 1638 5284 suos,
1657 5222 1720 5272 ut
1740 5217 1812 5271 ad

144 5318 620 5394 desperationem
650 5315 1027 5388 pertrahunt:
1059 5317 1115 5367 et
1146 5310 1240 5365 isti
1264 5327 1306 5365 a
1330 5310 1548 5364 Satana
1568 5307 1817 5363 circum-

142 5410 490 5475 veniuntur,
517 5406 574 5461 id
604 5408 712 5473 est,
739 5402 1136 5476 decipiuntur,
1159 5399 1243 5453 illi
1272 5398 1507 5471 quidem
1534 5396 1680 5451 falsa
1703 5395 1818 5469 pie-

1920 4786 2115 4835 suum,
2139 4784 2272 4823 cum
2302 4765 2461 4833 dicit,
2491 4782 2615 4821 cum
2636 4767 2902 4820 venissem
2925 4764 3197 4820 Troadem.
3217 4764 3363 4820 Nam
3387 4779 3568 4836 quare

1919 4858 2159 4913 venerit.
2196 4855 2551 4910 manifestat.
2586 4854 2713 4908 Non
2744 4853 3015 4909 videlicet
3052 4870 3231 4908 causa
3270 4851 3565 4917 vanitatis,

1921 4948 2021 5002 sed
2049 4954 2276 5018 propter
2295 4945 2655 5015 Evangelium
2674 4944 2898 4999 Christi.
2927 4943 2989 4996 In
3012 4958 3126 5013 quo
3150 4941 3298 4995 facto
3324 4956 3567 4996 monen-

1920 5042 2018 5091 tur
2040 5035 2468 5107 praedicatores,
2492 5038 2693 5088 utnon
2716 5031 3047 5087 discurrant
3070 5046 3247 5085 causa
3272 5029 3569 5096 vanitatis,

1924 5127 2022 5181 sed
2058 5141 2299 5180 suorum
2332 5124 2664 5179 auditorum
2696 5119 2923 5174 salutis.

1995 5214 2268 5285 Sequitur
2296 5229 2307 5265 :
2344 5213 2459 5267 Non
2490 5211 2660 5264 habui
2688 5209 2931 5278 requiem
2958 5208 3186 5279 spiritui
3212 5223 3350 5263 meo.
3386 5208 3574 5272 Quare

1929 5321 2042 5359 non
2072 5304 2344 5357 habuerit
2368 5299 2629 5371 requiem
2656 5297 3027 5351 manifestat:
3054 5313 3116 5351 eo
3139 5296 3279 5368 quod
3298 5312 3406 5351 non
3429 5297 3578 5352 inve-

1927 5394 2108 5447 nerim
2139 5393 2333 5454 Titum,
2356 5393 2465 5443 etc.
2498 5387 2657 5441 Sicut
2685 5385 3041 5457 quibusdam
3074 5385 3279 5457 placet,
3312 5385 3577 5457 requiem

144 5503 286 5567 tate,
315 5496 416 5553 isti
441 5494 629 5553 nimia
649 5474 1017 5549 crudelitate.
1040 5491 1111 5546 Et
1136 5487 1277 5561 quia
1296 5486 1355 5541 in
1378 5489 1625 5557 utraque
1652 5488 1820 5557 parte
1929 5498 2045 5537 non
2078 5479 2308 5545 habuit,
2331 5476 2470 5548 quia
2496 5491 2631 5531 cum
2657 5474 2965 5531 direxisset
2986 5475 3184 5531 Titum
3207 5474 3577 5545 Corinthum,

217 5657 372 5728 (693)
403 5654 643 5728 Scilicet
673 5654 747 5728 ob
790 5646 1540 5728 contrariumpcenitentiaa
1573 5644 1816 5728 anitum.

150 5717 282 5784 Sive
311 5717 501 5784 Achar.
529 5726 869 5798 legendum,
904 5724 1076 5798 cujus
1105 5717 1283 5798 etiam
1331 5717 1686 5798 desperatio,
1718 5733 1820 5791 po-

148 5801 461 5875 tiusquam
493 5789 862 5871 pauitantia,
893 5789 1142 5869 dignum
1174 5790 1385 5850 habuit
1414 5789 1613 5849 tinem.

438 5927 709 5992 Panos.
754 5921 1066 5989 CXXXIV.

2004 5640 2153 5709 (69/1)
2183 5642 2389 5708 Autog.
2424 5638 2653 5706 rogatis.

2025 5712 2152 5782 695)
2183 5711 2285 5765 Hic
2316 5707 2377 5764 in
2409 5714 2606 5784 a_utog_.
2644 5725 2831 5783 marg.
2863 5707 3079 5782 legitur
3108 5725 3236 5784 cap.
3266 5709 3364 5766 VI.

2025 5718 2152 5782 695)
2183 5718 2285 5765 Hic
2316 5726 2377 5764 in
2409 5718 2606 5780 autog.
2644 5725 2671 5763 n

2001 5718 2151 5858 (696)
2183 5784 2394 5856 Autog.
2430 5780 2671 5839 Troades.

3226 5907 3300 5973 H
