3902 6396
357 421 471 477 427

1374 413 1711 473 ATTONIS
1760 401 2345 472 VEIlCELIENSIS
2394 408 2746 470 EPISCUPI

3656 404 3777 465 428

355 547 677 619 plurimum
694 546 982 604 sollicitus
1004 552 1124 601 erat
1148 563 1251 618 pro
1272 561 1369 600 eo:
1396 546 1672 615 quoniam
1694 544 2003 615 ignorabat
2032 547 2086 609 Α
2116 542 2288 613 digiis
2312 548 2399 598 est
2421 544 2853 609 conﬁrmatum,
2870 539 3007 610 quia
3024 543 3171 593 Deus
3190 536 3502 593 invisibilis
3529 542 3779 609 proiiter

359 642 556 691 utrum
590 653 873 709 prospera
906 637 976 690 de
1008 634 1347 701 Corinthiis,
1380 651 1453 688 an
1502 636 1744 687 adversa
1777 632 2009 686 nuntia-

361 730 466 781 ret.
502 726 662 791 Quod
695 730 891 780 autem
924 725 1064 779 dicit
1096 740 1110 779 :
1145 726 1207 778 Et
1237 725 1431 777 ostium
1462 721 1601 775 mihi
1630 726 1881 787 apertum
1910 724 2008 784 est,

362 813 499 869 talis
520 818 609 870 est
635 830 865 883 sensus,
890 812 1058 883 quasi
1084 812 1325 866 dixisset
1348 809 1667 864 multorum
1702 810 2010 864 hominum

367 903 542 958 corda
566 908 769 974 parata
786 906 951 957 erant
975 902 1044 955 ad
1074 900 1428 955 credendum
1454 916 1467 953 :
1503 916 1640 953 nam
1668 916 1768 970 per
1794 899 2010 952 ostium

367 992 513 1047 fides
535 992 909 1063 designatur:
941 990 1094 1045 unde
1118 989 1373 1043 Joannes
1394 988 1452 1042 in
1476 988 1820 1059 Apocalypsi
1853 1004 1864 1042 :
1895 986 2013 1040 Vidi

368 1083 569 1136 ostium
616 1087 867 1147 apertum
915 1080 973 1133 in
1024 1079 1155 1133 calo
1208 1078 1388 1148 (Apoc.
1422 1094 1496 1142 ιν,
1533 1078 1602 1148 1).
1655 1081 1763 1131 Per
1800 1075 2009 1130 ccelum

368 1165 641 1233 Ecclesia,
664 1181 767 1236 per
787 1163 1004 1219 ostium
1037 1164 1181 1219 ﬁdes
1203 1165 1564 1235 designatur.
1588 1164 1824 1218 Troada:
1853 1163 2010 1218 enim

366 1253 535 1309 multi
565 1257 731 1309 erant
758 1253 944 1324 parati
981 1253 1051 1307 ad
1078 1253 1458 1319 credendum,
1486 1253 1585 1308 sed
1618 1252 1815 1324 plures
1846 1257 2012 1307 erant

363 1342 462 1413 qui
484 1342 847 1397 credentium
864 1340 1233 1397 aemulatione
1251 1341 1526 1413 Apostolo
1555 1341 1930 1405 resistebant;
1956 1345 2012 1394 et

360 1430 489 1486 ideo
521 1430 783 1502 requiem
814 1447 929 1485 non
961 1429 1187 1496 habuit,
1211 1430 1350 1501 quia
1373 1435 1689 1501 utrumque
1712 1430 2007 1501 negotium

358 1518 509 1575 ferre
537 1535 655 1574 non
685 1517 885 1587 valuit,
919 1518 1029 1573 hoc
1059 1522 1166 1583 est,
1198 1523 1254 1572 et
1302 1535 1415 1573 non
1464 1519 1833 1573 credentibus
1867 1517 2007 1573 resi-

359 1610 531 1672 stere,
563 1610 621 1662 et
669 1606 970 1662 credentes
1007 1606 1064 1660 in
1098 1606 1212 1661 ﬁde
1245 1606 1613 1662 conﬁrmare.
1647 1607 2009 1678 Quapropter

358 1694 708 1750 valefaciens
738 1695 1141 1760 credentibus,
1174 1694 1393 1751 relictis
1423 1694 2009 1764 Troadensibus,sive

362 1782 653 1854 Trojanis,
685 1782 979 1854 protectus
1008 1787 1098 1837 est
1130 1782 1189 1837 in
1231 1783 1654 1847 Macedoniam,
1688 1782 1825 1853 quia
1872 1783 2007 1837 inde

360 1876 644 1928 venturus
670 1875 794 1927 erat
813 1871 1001 1941 Titus,
1025 1876 1083 1926 et
1109 1870 1237 1941 ipsa
1263 1871 1645 1942 propinquior
1671 1876 1794 1926 erat
1815 1871 2010 1925 Corin-

360 1960 485 2015 tho.
517 1964 662 2015 Nam
696 1960 849 2032 quod
881 1959 997 2015 tale
1030 1959 1204 2014 fuerit
1232 1961 1360 2030 ejus
1392 1960 1520 2026 iter,
1554 1958 1701 2013 liber
1728 1961 2006 2015 Actorum

363 2048 761 2120 apostolorum
807 2049 1159 2103 manifestat.
1181 2048 1330 2102 Dicit
1368 2049 1523 2103 enim
1547 2048 1705 2119 quia,
1729 2065 1862 2103 cum
1887 2066 2011 2120 per-

362 2141 668 2209 agrassent
688 2136 956 2208 Mysiam,
973 2142 1255 2191 venerunt
1276 2137 1581 2201 Troadem,
1602 2142 1707 2191 etc.
1730 2138 1865 2207 (.tct.
1890 2155 2005 2204 xvr,

361 2226 434 2297 8).
471 2225 813 2280 Macedonia
841 2240 1093 2295 namque
1125 2224 1281 2295 regio
1328 2224 1436 2279 fuit
1466 2224 1772 2280 Alexandri
1809 2226 2006 2297 magni

363 2312 613 2385 Philippi
645 2311 769 2382 ﬁlii,
803 2329 929 2385 quae
961 2312 1133 2385 plena
1164 2313 1346 2367 fertur
1390 2330 1518 2368 esse
1567 2314 1727 2368 venis
1774 2316 1902 2369 auri
1950 2321 2009 2369 et

361 2400 587 2473 argenti
612 2418 626 2468 ;
657 2401 839 2456 fertur
868 2406 925 2456 et
954 2402 1013 2455 in
1042 2417 1110 2456 ea
1137 2417 1265 2457 esse
1298 2419 1465 2456 mons
1496 2402 1799 2474 Olympus,
1836 2406 2005 2474 cujus

360 2489 763 2545 summitatem
793 2506 899 2544 nec
938 2489 1090 2545 venti
1121 2506 1226 2544 nec
1259 2490 1467 2561 pluviae
1499 2492 1754 2561 pulsant.

428 2577 745 2649 Sequitur:
797 2578 900 2633 Deo
942 2586 1128 2633 autem
1164 2580 1401 2649 gratias.
1439 2579 1668 2634 Dixerat
1710 2596 1772 2634 se
1822 2580 2009 2635 multa

361 2665 599 2738 quidem
620 2682 986 2739 perpessum,
1007 2671 1062 2721 et
1083 2684 1239 2721 nunc
1260 2666 1481 2738 gratias
1507 2669 1618 2721 Deo
1641 2669 1778 2739 agit.
1806 2669 1866 2722 In
1894 2686 2008 2739 quo

360 2756 510 2811 facto
542 2772 650 2810 nos
682 2772 1009 2822 monemur,
1042 2760 1108 2809 ut
1154 2756 1225 2809 de
1276 2756 1551 2810 omnibus
1592 2761 1712 2811 tam
1748 2757 2008 2812 adversis

361 2859 539 2915 quam
562 2843 856 2914 prosperis
882 2843 1099 2914 gratias
1121 2842 1236 2898 Deo
1264 2859 1527 2914 agamus.
1550 2844 1678 2915 Egit
1704 2844 1857 2899 enim
1881 2862 2010 2916 gra-

363 2932 478 2987 tias
500 2935 632 2998 Deo,
659 2936 723 2986 ut
743 2930 876 2986 illos
904 2931 973 2986 ad
1009 2930 1392 2986 imitationem
1424 2933 1515 2986 sui
1538 2939 1895 3003 provocarat,
1921 2934 2009 2989 vel

368 3024 435 3074 ut
480 3036 579 3075 eos
624 3019 695 3074 ad
736 3018 937 3090 praelia
966 3023 1239 3074 armaret.
1273 3019 1595 3091 Sequitur:
1651 3022 1755 3088 Qui
1800 3039 2011 3094 semper

363 3107 683 3178 triumphat
706 3123 803 3163 nos
823 3110 883 3162 in
905 3108 1117 3164 Christo
1139 3112 1292 3164 Jcsu.
1319 3113 1429 3163 Deo
1462 3110 1679 3181 quippe
1704 3111 2008 3182 Apostolos

372 3199 434 3253 in
464 3195 696 3252 Christo
726 3195 1090 3268 triumphare
1120 3202 1227 3265 est,
1258 3196 1523 3253 videlicet
1551 3198 1608 3252 in
1655 3200 1766 3253 ﬁde
1798 3199 2012 3256 Christi

2124 630 2291 702 signa
2323 636 2379 685 et
2409 631 2691 703 prodigia,
2727 630 2793 683 ad
2833 627 3302 703 praedicationem
3339 643 3539 681 eorum
3574 626 3778 682 invisi-

2123 719 2319 773 biliter
2339 720 2702 774 credebatur.
2729 721 2794 771 Et
2819 716 2926 770 hoc
2949 716 3277 783 sciendum,
3303 714 3440 787 quia
3466 720 3779 771 consuetu-

2122 808 2320 862 dinem
2352 808 2496 880 legis
2521 804 3067 877 servatApostolus:
3092 820 3225 860 nam
3252 804 3539 876 quidquid
3566 804 3624 857 in
3648 804 3778 875 lege

2123 897 2328 951 devota
2358 902 2549 951 mente
2580 896 2946 959 offerebatur,
2980 894 3040 947 in
3076 894 3313 948 odorem
3347 892 3773 948 suavissimum

2125 986 2367 1040 Domino
2391 985 2750 1039 adolebatur.
2775 982 3057 1037 Similiter
3087 987 3143 1037 et
3174 983 3330 1037 fama
3360 982 3619 1037 nominis
3650 981 3770 1049 Dei,

2123 1092 2248 1146 quae
2282 1092 2315 1129 a
2337 1074 2565 1128 Christo
2588 1080 2675 1128 est
2707 1072 3097 1135 manifestata,
3121 1070 3289 1141 quasi
3321 1071 3464 1126 odor
3488 1069 3775 1125 suavissi-

2123 1180 2255 1218 mus
2280 1181 2380 1234 per
2403 1163 2711 1234 Apostolos
2733 1160 2902 1231 longe
2925 1160 3155 1231 lateque
3178 1160 3235 1214 in
3260 1159 3481 1215 mundo
3501 1174 3774 1231 asperge-

2123 1252 2293 1306 batur
2338 1256 2394 1305 et
2441 1250 2786 1322 respirabat.
2820 1248 3094 1319 Sequitur
3125 1264 3138 1301 :
3192 1248 3333 1315 Quia
3366 1247 3574 1302 Christi
3601 1248 3774 1303 bonus

2120 1341 2253 1395 odor
2280 1357 2469 1395 sumus
2504 1341 2626 1409 Deo,
2660 1343 2768 1394 etc.
2804 1337 2925 1407 Ille,
2960 1336 3059 1407 qui
3103 1336 3251 1391 bene
3292 1337 3363 1391 de
3413 1335 3643 1392 Christo
3678 1354 3774 1392 as-

2120 1429 2261 1483 serit
2297 1432 2353 1482 et
2382 1427 2579 1494 sentit,
2610 1425 2822 1482 Christi
2857 1426 3044 1480 bonus
3076 1425 3219 1479 odor
3248 1428 3355 1491 est,
3390 1434 3503 1479 tam
3541 1426 3628 1480 his
3677 1428 3778 1497 qui

2117 1518 2260 1571 salvi
2288 1520 2452 1587 ﬁunt,
2486 1532 2652 1588 quam
2684 1520 2733 1570 et
2769 1516 2856 1569 his
2886 1516 2981 1585 qui
3005 1518 3284 1584 pereunt;
3316 1514 3417 1584 qui
3447 1529 3581 1568 vero
3612 1513 3778 1569 mala

2118 1606 2190 1659 de
2213 1606 2339 1675 ipso
2367 1604 2517 1660 male
2545 1605 2738 1673 sentit,
2766 1602 2854 1659 vel
2878 1604 3106 1670 asserit,
3134 1603 3326 1658 malus
3348 1604 3490 1658 odor
3513 1607 3625 1670 est,
3647 1607 3775 1659 tam

2119 1694 2493 1749 credentibus
2515 1711 2692 1765 quam
2716 1697 2771 1748 et
2799 1710 2913 1747 non
2938 1692 3345 1747 credentibus:
3372 1691 3776 1761 credentibus,

2119 1784 2259 1853 quia
2285 1782 2433 1837 male
2459 1784 2734 1850 credunt;
2771 1800 2884 1836 non
2920 1781 3310 1845 credentibus,
3335 1782 3469 1852 quia
3502 1798 3618 1837 non
3644 1798 3773 1837 cre—

2119 1872 2375 1927 dendum
2423 1888 2550 1927 esse
2598 1871 2950 1942 intelligunt.
2985 1870 3196 1925 Beatus
3234 1886 3368 1924 vero
3400 1871 3774 1942 Augustinus

2116 1960 2257 2014 dicit
2287 1961 2426 2031 quia
2447 1965 2697 2032 coeperat
2718 1958 3032 2030 Apostolus
3055 1959 3431 2013 manifestare
3460 1959 3571 2014 iter
3592 1977 3772 2015 suum

2115 2048 2459 2114 Corinthiis;
2483 2049 2691 2103 deinde
2713 2048 2966 2103 ostendit
2988 2047 3071 2102 eis
3094 2064 3155 2102 se
3180 2046 3364 2101 multa
3386 2064 3771 2119 perpessum;

2117 2137 2326 2191 deinde
2357 2138 2581 2208 gratias
2616 2138 2734 2208 agit
2755 2137 2890 2203 Deo,
2918 2136 3169 2191 maxime
3199 2136 3271 2191 ob
3305 2136 3432 2203 hoc,
3462 2137 3605 2207 quia
3633 2138 3772 2193 talis

2115 2226 2387 2280 inventus
2411 2231 2519 2292 est,
2541 2231 2605 2281 ut
2628 2227 2749 2297 ipse
2770 2225 3160 2296 triumpharet
3181 2241 3313 2281 eum
3338 2226 3397 2279 in
3420 2225 3654 2281 Christo
3675 2270 3689 2293 ,
3714 2232 3773 2281 et

2117 2320 2248 2386 post
2269 2315 2375 2370 hoc
2403 2314 2543 2369 dicit
2566 2316 2801 2369 odorem
2827 2315 3043 2369 notitiae
3068 2314 3167 2369 Dei
3192 2330 3293 2385 per
3315 2330 3376 2368 se
3399 2314 3771 2370 manifestari

2116 2402 2173 2456 in
2207 2403 2365 2457 omni
2396 2402 2542 2457 loco.
2578 2402 2683 2457 Ubi
2718 2403 3097 2473 quaerendum
3129 2402 3263 2473 quis
3295 2402 3371 2457 sit
3414 2402 3525 2457 iste
3557 2403 3773 2459 trium-

2118 2492 2292 2561 phus,
2318 2491 2403 2546 vel
2427 2493 2560 2563 quis
2585 2493 2659 2545 sit
2682 2492 2793 2546 iste
2819 2492 2979 2546 odor.
3009 2496 3121 2545 Iste
3144 2490 3381 2561 quidem
3405 2491 3773 2564 triumphus,

2118 2580 2237 2634 sive
2268 2581 2428 2644 odor,
2452 2580 2694 2634 victoria
2717 2585 3041 2651 martyrum
3066 2584 3173 2647 est,
3200 2584 3256 2633 et
3287 2580 3511 2635 cruoris
3535 2581 3777 2652 etl‘usio,

2118 2673 2173 2722 et
2189 2667 2451 2738 ipsorum
2472 2668 3005 2738 constantia,quam
3027 2668 3166 2722 dum
3184 2666 3452 2723 inﬁdeles
3469 2669 3775 2738 videbant,

2117 2756 2482 2810 occasionem
2516 2756 2743 2810 dicendi
2777 2755 3176 2827 accipiebant;
3232 2757 3346 2811 nisi
3377 2773 3581 2812 verum
3614 2765 3778 2815 esset

2118 2843 2491 2914 Evangelium
2515 2844 2750 2910 Christi,
2774 2860 3149 2915 nequaquam
3171 2850 3293 2899 tam
3316 2851 3655 2902 constantes
3679 2864 3777 2902 es-

2119 2932 2327 2987 sentin
2354 2932 2857 3004 martyrio,neque
2876 2938 3172 2987 tantorum
3193 2934 3499 2989 hominum
3525 2936 3773 3008 sanguis

2118 3021 2534 3087 effunderetur,
2560 3037 2749 3091 neque
2780 3026 2897 3075 tam
2931 3021 3194 3077 hilariter
3216 3024 3444 3078 diversa
3472 3028 3774 3081 tormenta

2119 3114 2475 3181 paterentur.
2510 3115 2590 3165 Ac
2636 3126 2739 3180 per
2778 3109 2888 3164 hoc
2919 3112 3280 3167 occasionem
3314 3114 3586 3167 credendi
3617 3115 3772 3169 acci-

2120 3198 2380 3269 piebant,
2405 3199 2656 3252 maxime
2688 3199 2759 3253 ob
2793 3199 2923 3269 hoc,
2946 3200 3086 3271 quia
3106 3218 3306 3256 eorum
3336 3202 3622 3258 confessio
3652 3220 3773 3260 non

370 3286 619 3341 victores
651 3285 909 3340 reddere.
937 3285 1083 3339 Nam
1114 3285 1226 3357 ipsi
1256 3286 1492 3356 quidem
1526 3303 1642 3341 non
1675 3288 1866 3343 solum
1897 3294 2015 3345 tro-
2047 3279 2091 3342 C
2130 3291 2255 3341 erat
2283 3286 2551 3354 delicata,
2586 3305 2700 3341 non
2733 3287 2953 3343 deliciis
2985 3289 3253 3354 affluens,
3286 3291 3387 3344 sed
3422 3291 3480 3345 in
3514 3292 3688 3363 fame,
3720 3298 3781 3349 et

372 3389 584 3445 pasam,
603 3373 703 3428 sed
729 3378 785 3427 et
804 3372 1170 3444 triumphum
1193 3373 1252 3427 in
1276 3374 1387 3429 ﬁde
1409 3374 1621 3430 Christi
1646 3386 2013 3449 acceperunt.

371 3463 521 3517 Sane
543 3462 847 3516 sciendum
872 3462 1012 3532 quia
1032 3462 1185 3532 apud
1209 3462 1481 3533 antiquos
1505 3480 1718 3535 magna
1738 3466 2017 3522 distantia

365 3556 493 3606 erat
520 3549 672 3605 inter
705 3555 984 3621 tropaeum
1025 3554 1082 3605 et
1128 3551 1521 3622 triumphum.
1553 3553 1697 3608 Nam
1732 3559 2013 3626 tropaeum

366 3637 562 3693 Graeco
578 3638 751 3693 verbo
771 3637 982 3692 dicitur
995 3639 1065 3692 ab
1081 3638 1484 3702 insectatione,
1500 3639 1838 3711 triumphus
1857 3660 2013 3710 vero,

366 3724 439 3780 ab
461 3726 880 3791 exsultatione;
914 3726 1067 3779 unde
1089 3732 1145 3780 et
1169 3726 1509 3797 triumphus
1533 3728 1749 3782 dicitur
1769 3731 2016 3786 exsulta-

364 3813 469 3882 tio,
521 3818 579 3869 et
625 3812 1057 3885 triumphantes
1086 3816 1235 3886 (097)
1284 3814 1663 3870 exsultantes.
1710 3817 1769 3871 Si
1817 3823 2012 3875 autem

363 3917 556 3957 sermo
580 3901 824 3957 Latinus
844 3907 932 3957 est
954 3902 1308 3973 triumphus,
1335 3908 1400 3958 ut
1424 3905 1775 3974 quibusdam
1803 3907 2010 3979 placet,

362 4006 498 4062 ergo
546 4007 579 4046 a
617 3990 809 4046 tribus
838 3991 1153 4063 generibus
1184 3991 1426 4047 laudum
1460 3993 1697 4060 dicitur,
1730 3997 2009 4065 quoniam

362 4077 422 4132 hi
455 4079 557 4150 qui
588 4078 859 4133 inimicos
892 4095 1007 4134 non
1040 4080 1231 4134 solum
1257 4080 1557 4151 fugabant,
1584 4084 1682 4136 sed
1718 4085 1892 4139 etiam
1926 4086 2013 4140 in-

362 4164 733 4234 terimebant,
748 4165 1143 4221 laudabantur
1159 4172 1278 4221 tam
1304 4185 1337 4223 a
1359 4169 1611 4224 ducibus
1632 4188 1807 4241 quam
1824 4189 1857 4225 [ι
1879 4189 2011 4227 con-

359 4252 612 4321 sulibus,
636 4270 861 4310 necnon
884 4259 941 4310 et
971 4274 1003 4310 a
1035 4255 1203 4327 plebe
1230 4272 1242 4309 :
1278 4257 1583 4328 quietiam
1612 4258 1866 4329 palmam
1903 4278 2006 4316 au-

356 4358 513 4398 ream
538 4343 921 4415 accipiebant,
939 4344 1076 4415 quia
1096 4346 1329 4415 plenam
1351 4346 1652 4402 victoriam
1680 4348 2003 4418 habebant;

354 4427 439 4482 illi
472 4434 666 4485 autem
690 4430 791 4501 qui
815 4435 1116 4502 tropaeum,
1148 4432 1253 4487 hoc
1284 4438 1393 4504 est,
1418 4434 1802 4506 semiplenam
1826 4437 2003 4493 victo-

352 4517 502 4573 riam
529 4518 841 4589 habebant,
877 4536 1149 4575 coronam
1184 4539 1422 4577 aurcam
1457 4524 1840 4595 accipiebant.

2130 3375 2246 3439 siti,
2279 3380 2335 3429 et
2374 3376 2636 3447 reliquis.
2671 3376 2881 3447 Sicque
2909 3377 3084 3432 etiam
3118 3379 3260 3433 odor
3290 3378 3508 3434 notitiae
3539 3381 3640 3436 Dei
3677 3398 3782 3454 per

2129 3466 2417 3519 mundum
2462 3464 2808 3536 respirabat.

2195 3552 2409 3608 Verum
2430 3554 2564 3623 quia
2586 3559 2810 3624 poterat
2828 3555 2960 3625 quis
2978 3555 3257 3626 apostolis
3275 3556 3777 3629 objicere,dicens:

2126 3642 2332 3708 Quare,
2369 3642 2417 3696 si
2449 3659 2548 3697 vos
2584 3645 2769 3697 bonus
2801 3645 2944 3698 odor
2986 3645 3129 3699 estis
3179 3645 3237 3699 in
3286 3647 3447 3700 omni
3479 3646 3628 3716 loco,
3663 3666 3779 3705 non

2125 3745 2328 3784 omnes
2360 3729 2657 3785 credunt?
2708 3730 2807 3786 Ille
2866 3749 2997 3787 vero
3054 3733 3245 3788 sciens
3289 3734 3397 3789 hoc
3446 3736 3559 3791 sibi
3604 3739 3779 3808 objici

2124 3833 2316 3887 posse,
2352 3819 2474 3888 ipse
2508 3818 2619 3873 sibi
2652 3820 2884 3890 objecit,
2920 3827 2976 3876 et
3014 3823 3302 3892 exposuit,
3335 3822 3534 3879 dicens
3568 3841 3583 3873 τ
3639 3829 3780 3883 Aliis

2123 3906 2339 3975 quidem
2367 3907 2497 3961 odor
2525 3911 2715 3963 mortis
2747 3911 2805 3962 in
2833 3917 3086 3979 mortem,
3111 3918 3220 3965 etc.
3251 3930 3263 3979 ;
3298 3912 3467 3983 quasi
3498 3914 3771 3972 dixisset:

2123 3994 2165 4047 Ο
2198 3994 2504 4062 Corinthii,
2541 4014 2665 4063 nos,
2702 3998 2799 4068 qui
2835 4015 3065 4070 semper
3105 4000 3299 4056 bonus
3338 4002 3493 4057 .odor
3539 4020 3774 4072 sumus,

2121 4084 2249 4136 aliis
2276 4088 2459 4138 tamen
2480 4088 2611 4139 odor
2636 4089 2833 4143 mortis
2860 4089 2919 4141 in
2949 4092 3198 4159 mortem,
3220 4090 3350 4144 aliis
3378 4094 3564 4146 autem
3584 4109 3774 4149 sumus

2117 4172 2251 4226 odor
2276 4175 2404 4228 vita:
2434 4175 2491 4227 in
2520 4177 2709 4230 vitam.
2735 4175 3019 4238 Quoniam
3048 4178 3285 4248 quidem
3309 4178 3558 4235 liberum
3582 4180 3775 4237 homi-

2120 4262 2294 4315 nibus
2341 4262 2546 4317 datum
2595 4269 2684 4319 est
2732 4266 3063 4335 arbitrium,
3105 4273 3168 4321 ut
3218 4267 3435 4323 bonum
3469 4286 3585 4325 non
3617 4276 3773 4327 esset

2117 4356 2405 4416 coactum,
2440 4353 2541 4405 sed
2574 4354 3008 4422 voluntarium;
3046 4358 3201 4427 quod
3250 4356 3363 4411 nisi
3410 4365 3584 4427 esset,
3629 4377 3767 4429 non,

2114 4439 2378 4510 inquam,
2414 4441 2559 4495 foret
2590 4443 2736 4513 (098)
2786 4443 2871 4498 vel
2926 4445 3081 4499 unde
3112 4446 3247 4500 boni
3282 4448 3538 4517 prmmiis
3572 4465 3770 4505 remu-

2114 4535 2459 4583 nerarentur
2476 4532 2973 4602 sempiternis,vel
3000 4534 3137 4588 mali
3164 4535 3351 4606 poenis
3372 4535 3771 4607 plecterentur

422 4605 737 4675 Sequitur:
788 4609 851 4661 Et
899 4609 1114 4664 odorem
1159 4612 1371 4665 notitiae
1412 4628 1525 4667 suae
1570 4615 1891 4683 manifesta!
1942 4619 2001 4670 in
2035 4640 2078 4704 Ι)
2111 4617 2362 4672 aeternis.
2400 4618 2463 4671 Et
2515 4620 2728 4674 iterum
2765 4638 2777 4674 :
2834 4620 2970 4690 Nos,
3006 4622 3106 4692 qui
3140 4605 3593 4695 semper—bonus
3625 4629 3773 4684 odor

346 4696 503 4749 omni
532 4695 663 4749 loco.
694 4695 941 4751 Odorem
974 4698 1210 4768 quidem
1243 4699 1462 4754 famam
1498 4704 1754 4757 nominis
1781 4704 1999 4760 Christi

344 4782 621 4854 appellat,
650 4801 775 4855 quae
800 4784 1039 4856 pulchre
1064 4803 1167 4856 per
1187 4788 1423 4842 odorem
1452 4792 1828 4862 designatur;
1861 4812 1993 4851 nam

342 4888 434 4926 res
466 4873 655 4929 invisa
684 4875 859 4929 odore
891 4875 1259 4945 dignoscitur
1291 4894 1303 4930 :
1349 4877 1432 4931 sic
1464 4884 1519 4931 et
1550 4882 1705 4934 fama
1739 4883 1995 4938 nominis

340 4961 553 5016 Christi
583 4961 954 5018 invisibiliter
994 4964 1065 5017 ad
1112 4980 1283 5019 aures
1319 4967 1578 5034 pervenit
1609 4971 1993 5039 credentium,

290 5068 299 5081 σ
341 5052 397 5102 et
428 5053 598 5115 Deus,
622 5051 721 5120 qui
746 5058 871 5106 erat
893 5052 1229 5123 invisibilis,
1250 5071 1352 5124 per
1379 5055 1732 5111 iuvisibilem
1762 5061 1993 5130 agnitus

339 5140 429 5190 est
456 5138 949 5206 praedicationem.
988 5143 1101 5196 Iste
1132 5158 1339 5212 nempe
1372 5144 1514 5197 odor
1560 5162 1661 5215 per
1692 5146 1990 5205 Christum

340 5226 430 5277 est
455 5225 958 5297 manifestatus,et
980 5246 1079 5299 per
1100 5230 1403 5300 epistolam
1430 5234 1808 5303 praedicatus:
1831 5235 1992 5293 Unde

338 5310 466 5381 ipse
494 5310 648 5367 Deus
677 5318 807 5382 Deo,
833 5315 1117 5372 Dominus
1146 5320 1410 5390 Domino,
1435 5326 1488 5376 et
1511 5322 1688 5376 Filius
1714 5324 1856 5378 dicit
1883 5330 1988 5379 Pa-

338 5399 412 5453 tri
441 5415 453 5452 :
485 5400 639 5453 Sicut
667 5403 874 5457 misisti
900 5422 985 5459 me
1016 5408 1071 5459 in
1104 5408 1387 5463 mundum.
1428 5414 1479 5464 et
1520 5428 1615 5478 ego
1646 5414 1778 5465 misi
1809 5430 1897 5468 eos
1928 5417 1989 5470 in

337 5487 611 5542 mundum
658 5490 835 5560 (Joan.
866 5508 998 5560 xvu,
1038 5495 1144 5563 18).
1191 5495 1306 5551 Hoc
1336 5497 1510 5553 etiam
1544 5499 1729 5571 signis
1761 5508 1816 5557 et
1847 5521 1986 5574 pro-

429 5610 557 5685 (39:7)
585 5616 792 5685 Autog.
835 5614 1225 5685 tripudiantes.

2110 4722 2338 4772 sumus,
2368 4724 2469 4777 pro
2493 4708 2629 4763 vitio
2658 4726 2770 4763 non
2795 4711 3269 4781 suscipientium,
3295 4714 3441 4767 odor
3467 4716 3675 4771 mortis
3707 4717 3769 4773 in

2109 4802 2377 4864 mortem,
2411 4812 2518 4865 pro
2564 4797 2777 4852 virtute
2808 4816 3015 4870 nempe
3049 4802 3519 4871 suscipientium,
3554 4821 3768 4861 sumus

2107 4884 2249 4937 odor
2279 4886 2405 4938 vitae
2438 4885 2496 4939 in
2529 4886 2745 4953 vitam;
2780 4893 3026 4942 mortem
3079 4907 3234 4958 vero,
3288 4897 3345 4945 et
3393 4892 3597 4963 vitam,
3645 4911 3765 4950 non

2108 4971 2288 5035 illam,
2323 4990 2440 5045 qua
2471 4977 2860 5030 communiter
2892 4978 3179 5032 morimur
3226 4984 3284 5033 et
3330 4980 3583 5035 vivimus
3624 4999 3763 5039 cum

2094 5061 2404 5133 jumcntis,
2440 5069 2494 5116 et
2527 5064 2853 5135 pecoribus,
2892 5068 2991 5120 sed
3027 5067 3186 5122 illam
3222 5074 3492 5136 mortem,
3525 5070 3596 5125 de
3647 5089 3768 5144 qua

2105 5152 2387 5221 scriptum
2420 5157 2508 5205 est
2540 5169 2551 5205 :
2608 5154 2824 5220 Anima,
2860 5170 2985 5225 quia?
3029 5158 3334 5225 peccaverit
3370 5159 3562 5228 (Levit.
3594 5176 3648 5226 v,
3694 5162 3768 5234 ι),

2102 5244 2239 5303 etc.;
2275 5245 2329 5293 et
2362 5240 2537 5294 vitam
2574 5241 2758 5309 illam,
2791 5244 2859 5297 de
2892 5260 3007 5313 qua
3038 5244 3192 5299 idem
3224 5246 3542 5316 Apostolus
3580 5264 3593 5302 :
3630 5249 3769 5306 Cum

2102 5328 2374 5397 Christus,
2393 5330 2601 5400 inquit,
2627 5336 2985 5402 apparuerint
3010 5335 3126 5418 vita
3138 5339 3324 5389 nostra
3338 5335 3557 5406 (Coloss.
3578 5355 3668 5404 III,
3689 5341 3765 5411 4),

2099 5416 2421 5488 intelligere
2454 5419 2753 5474 debemus.
2788 5421 2936 5486 Quid
2971 5416 3126 5477 enim
3159 5424 3397 5494 mirum,
3431 5425 3479 5480 si
3514 5426 3586 5481 de
3619 5443 3763 5499 apo-

2100 5506 2263 5562 stolis
2295 5506 2531 5575 dicitur,
2563 5508 2716 5580 quod
2749 5507 2879 5565 aliis
2912 5510 3030 5567 sint
3059 5513 3203 5568 odor
3231 5512 3437 5570 mortis
3480 5514 3542 5571 in
3595 5532 3763 5575 mor-

429 5613 557 5682 697)
585 5616 792 5685 Autog.
835 5614 1225 5685 tripudiantes.

401 5613 550 5773 €698)
581 5686 791 5761 Autog.
821 5686 998 5759 ﬂoret.
1029 5686 1174 5743 Vide
1204 5705 1345 5747 num
1371 5693 1531 5763 ﬂoret
1577 5695 1844 5767 fortasse,
1875 5698 1963 5757 vel
1991 5702 2231 5777 ﬂoreret.
