3902 6406
152 445 261 502 429

703 442 1121 505 EXPOSITIO
1166 447 1244 505 IN
1290 447 1718 513 EPISTOLAS
1764 414 2121 516 PAULI.—¥
2152 458 2230 517 ΙΝ
2278 457 2524 519 EPIST.
2572 461 2623 520 ll
2668 461 2772 521 AD
2816 464 2994 523 COR.

3437 472 3556 529 430

152 581 281 639 tem,
309 576 443 640 etc.,
470 590 605 629 cum
640 581 695 629 et
724 575 797 630 de
825 576 1055 632 Christo
1097 580 1381 651 scriptum
1417 583 1495 636 sit
1530 599 1541 638 :
1578 586 1796 640 Positus
1827 588 1880 652 A
1912 589 2064 658 quod
2096 588 2441 660 loquuntur,
2467 596 2869 650 verumtamen
2892 595 3185 653 humanos
3219 598 3439 655 favores
3468 602 3555 655 di-

152 670 231 720 est
259 664 344 718 hic
372 665 432 717 in
479 665 752 718 ruinam?
780 669 889 721 etc.
926 667 1076 736 (Luc.
1110 684 1173 733 II,
1205 670 1314 735 34;
1347 673 1476 725 1εαί.
1526 690 1646 738 vm,
1684 676 1796 739 14.)

153 753 288 817 Quid
319 751 495 809 etiam
530 752 745 806 mirum
777 752 826 808 si
864 754 935 808 de
966 756 1249 826 apostolis
1279 758 1529 829 dicatur,
1553 766 1609 816 et
1638 761 1796 817 Chri-

153 849 252 908 sto,
283 857 413 896 cum
474 840 586 896 hoc
635 842 705 897 de
757 841 881 897 solo
930 843 1259 916 intelligere
1309 849 1651 918 possimus?
1697 851 1793 907 Sol

152 930 353 1004 quippe
385 930 581 986 radios
614 947 755 986 suos
787 932 1068 987 diffundit
1092 950 1195 1005 per
1226 937 1461 1006 omnia;
1497 938 1796 996 illuminat

150 1020 358 1077 scilicet
387 1023 507 1073 tam
542 1020 764 1075 munda
795 1037 972 1092 quam
1022 1027 1078 1077 et
1107 1023 1456 1095 immunda;
1490 1026 1644 1083 lucet
1672 1034 1793 1085 tam

149 1107 442 1166 odoriferis
474 1108 720 1165 ﬂoribus
751 1126 929 1181 quam
971 1115 1028 1165 et
1057 1113 1414 1170 stercoribus
1447 1132 1459 1170 :
1497 1123 1792 1173 verumta-

151 1215 272 1255 men
293 1198 438 1253 radii
458 1197 646 1268 ipsius
664 1215 780 1253 non
802 1200 1281 1270 coinquinentur.
1308 1204 1402 1258 Sic
1422 1211 1479 1259 et
1504 1206 1791 1279 Christus,

148 1288 239 1360 qui
274 1288 489 1342 mutari
522 1304 637 1342 non
669 1293 880 1359 potest,
914 1294 1024 1344 etc.
1060 1308 1074 1345 :
1110 1291 1160 1345 is
1182 1297 1395 1347 natura
1426 1297 1644 1350 mutari
1677 1314 1791 1351 non

144 1376 287 1432 valet
314 1394 327 1443 ;
360 1393 478 1432 non
502 1377 878 1433 credentibus
909 1381 994 1433 est
1028 1379 1086 1434 in
1118 1380 1349 1436 ruinam
1376 1399 1389 1448 ;
1425 1385 1793 1441 credentibus

146 1482 288 1533 vero,
320 1465 380 1520 in
412 1465 922 1521 resurrectionem.
949 1468 1043 1522 Sic
1065 1467 1237 1523 etiam
1262 1470 1639 1543 apostoli,qui
1664 1474 1794 1543 ejus

145 1554 260 1610 vice
291 1555 619 1626 funguntur
645 1574 657 1623 ;
692 1554 1014 1625 aliis,sicut
1044 1556 1187 1612 dicit
1213 1559 1528 1629 Apostolus
1556 1578 1568 1615 :
1593 1562 1793 1618 Sumus

143 1645 264 1699 odor
310 1646 501 1699 mortis
550 1646 611 1699 in
656 1649 907 1709 mor/cm,
954 1647 1086 1700 aliis
1132 1647 1263 1702 odor
1312 1650 1439 1704 vitae
1484 1651 1546 1703 in
1597 1653 1787 1706 vitam.

143 1733 306 1799 Quasi
342 1734 557 1789 iterum
591 1733 838 1789 dixisset
859 1734 1021 1805 ipse:
1057 1736 1100 1790 Ο
1132 1736 1434 1804 Corinthii,
1461 1755 1576 1793 non
1601 1742 1789 1811 parvi-

142 1822 399 1893 pendatis
416 1842 432 1888 ;
451 1823 501 1877 si
521 1822 651 1877 aliis
671 1839 881 1877 sumus
898 1824 1042 1879 odor
1060 1824 1353 1895 mortis,in
1369 1832 1787 1897 mortem,etc.;

139 1912 562 1980 quoniam,nisi
594 1928 701 1967 nos
734 1913 1210 1982 praedicaremus,
1232 1931 1337 1968 nec
1368 1915 1486 1970 vita
1510 1917 1786 1972 obedien-

138 2000 222 2053 tiae
249 2000 654 2072 bonos,neque
676 2017 836 2055 mors
862 2001 1268 2057 inobedientiae
1290 2010 1638 2074 sequeretur
1658 2022 1786 2061 ma-

136 2089 235 2144 los.
262 2089 411 2145 Illud
435 2106 575 2145 sane
598 2091 1077 2161 sciendum,quia
1100 2092 1223 2162 ipse
1246 2109 1428 2148 sonus
1447 2094 1791 2166 evangelicae

135 2178 561 2249 praedicationis
608 2178 1071 2249 suscipientibus
1102 2181 1245 2234 odor
1296 2181 1425 2235 vitm
1471 2186 1597 2249 est;
1630 2184 1788 2253 quia,

134 2267 266 2321 dum
290 2283 427 2322 eum
450 2268 804 2338 suscipiunt,
823 2266 1136 2338 peripsum
1155 2269 1226 2322 ad
1252 2268 1427 2323 vitam
1452 2274 1788 2325 transeunt:

133 2373 241 2411 non
292 2357 760 2428 suscipientibus
814 2362 1008 2410 autem
1040 2357 1185 2411 odor
1230 2362 1320 2411 est
1369 2358 1587 2429 pestis;
1627 2359 1787 2431 quia,

130 2462 227 2502 ceu
258 2446 537 2501 homines
569 2462 672 2516 per
703 2449 930 2516 pestem
961 2448 1273 2501 transeunt
1301 2447 1372 2501 ad
1407 2452 1677 2516 mortem,
1704 2449 1788 2504 sic

127 2541 176 2589 et
204 2534 316 2603 illi,
353 2534 457 2605 qui
490 2535 763 2589 auditum
794 2533 954 2588 verbi
986 2534 1088 2587 Dei
1119 2550 1235 2588 non
1266 2535 1619 2607 suscipiunt,
1639 2554 1787 2593 moro

126 2629 232 2680 tem
269 2624 387 2678 sibi
421 2626 724 2694 generant,
759 2627 816 2676 et
846 2622 918 2676 ad
950 2639 1078 2676 eam
1109 2626 1438 2678 transeunt.
1472 2624 1636 2681 Unde
1666 2625 1783 2680 Do-

126 2713 314 2768 minus
369 2729 473 2782 per
523 2709 880 2765 Ezechielem
916 2728 928 2764 :
964 2710 1026 2764 Si
1071 2714 1519 2778 annuntiaveris,
1568 2712 1778 2783 inquit,

124 2803 284 2873 impio
313 2809 536 2873 peccata
568 2802 760 2870 ipsius,
794 2805 903 2853 etc.
937 2800 1150 2869 (Ex-ccli.
1185 2817 1271 2863 ιιι,
1312 2802 1419 2871 19.)

186 2891 466 2962 Sequitur
500 2907 513 2944 :
547 2891 612 2943 Et
641 2890 720 2943 ad
750 2888 869 2945 hinc
915 2893 1033 2958 quis
1066 2896 1179 2943 tam
1208 2891 1438 2945 idoneus
1463 2894 1488 2944 Ρ
1518 2890 1636 2947 Hoc
1667 2896 1776 2958 est,

123 2980 248 3051 quis
273 2981 358 3034 ita
410 2979 685 3042 idoneus,
718 2982 783 3031 ut
824 2978 1062 3032 odorem
1111 2978 1329 3032 notitiae
1361 2978 1463 3033 Dei
1498 2980 1774 3036 manifes-

122 3072 217 3137 tet,
269 3066 776 3139 quemadmodum
825 3065 980 3120 nos?
1025 3066 1161 3130 Nos,
1219 3067 1485 3138 inquam,
1522 3069 1773 3138 pseudo-

124 3156 389 3229 apostoli,
424 3156 641 3226 quibus
674 3156 850 3209 ﬁdem
883 3155 1334 3210 accomodastis.
1365 3154 1548 3210 Aliter
1585 3173 1597 3211 :
1634 3157 1773 3221 Quis

125 3254 238 3303 tam
267 3248 518 3303 idoneus
537 3246 609 3300 ad
641 3244 765 3299 hzec
790 3247 812 3298 Ρ
841 3244 903 3298 Id
931 3243 1189 3314 est,quis
1216 3248 1389 3298 tantas
1418 3248 1506 3299 est
1523 3246 1771 3316 pruden-

1820 1960 1868 2023 B

1906 676 2051 731 vinaa
2085 679 2401 749 praesentire
2434 682 2786 751 praeferunt;
2818 683 2948 739 ideo
2980 701 3095 739 non
3127 685 3319 742 solum
3352 688 3499 743 dixit
3539 705 3552 744 :

1907 770 1993 821 Ea:
2022 768 2144 833 Deo,
2180 768 2281 823 sed
2310 769 2488 823 etiam
2522 771 2749 826 addidit
2781 790 2793 827 :
2828 772 3021 828 Coram
3052 775 3177 829 Deo.
3200 774 3347 830 Illud
3378 777 3555 832 etiam

1905 856 2252 922 notandum,
2286 856 2427 927 quia
2456 857 2517 912 in
2549 858 2664 913 ﬁne
2709 859 2891 931 hujus
2921 861 3163 933 capituli
3214 862 3395 920 totius
3428 864 3555 920 Tri-

1905 943 2105 997 nitatis
2140 944 2204 998 fit
2234 945 2455 1000 mentio
2490 963 2503 1000 :
2535 963 2606 1001 ex
2651 948 2775 1014 Deo,
2808 950 2996 1005 sancti
3043 950 3335 1022 Spiritus;
3367 968 3555 1009 coram

1904 1032 2031 1097 Deo,
2065 1032 2255 1088 Patris
2281 1051 2295 1101 ;
2325 1036 2386 1087 in
2419 1034 2651 1104 Christo,
2683 1035 2832 1091 Filii.

1977 1123 2126 1193 (700)
2167 1126 2324 1190 (CAP.
2381 1123 2499 1193 ΙΙΙ).
2550 1126 2855 1193 Incipimus
2897 1127 3115 1193 iterum,
3166 1132 3275 1183 etc.
3326 1130 3557 1186 Dixerat

1905 1210 2209 1281 superius:
2240 1213 2345 1266 Deo
2376 1216 2561 1267 autem
2592 1216 2933 1287 gratias,qui
2949 1232 3160 1287 semper
3188 1219 3558 1290 triumphavit

1902 1314 2018 1369 nos,
2053 1304 2110 1354 et
2134 1322 2135 1325 η
2157 1305 2385 1368 caetera,
2420 1317 2547 1371 quae
2600 1307 2947 1373 sequuntur,
2980 1321 3167 1375 usque
3216 1306 3317 1360 ubi
3365 1307 3507 1363 dicit
3537 1324 3550 1362 :

1901 1392 2025 1444 Non
2052 1404 2243 1443 swmus
2272 1390 2647 1445 adulterantes
2676 1392 2899 1446 verbum
2928 1393 3043 1447 Dei.
3070 1393 3281 1448 Statim
3312 1396 3556 1466 subjun-

1902 1477 1985 1531 xit
2020 1494 2032 1530 :
2066 1479 2367 1547 Incipimus
2400 1480 2747 1549 iterum,etc.
2780 1479 2988 1549 Magna
3017 1481 3240 1536 dixerat
3259 1483 3550 1553 superius,

1902 1568 1959 1619 et
1988 1565 2104 1619 tale
2131 1564 2376 1636 aliquid,
2410 1571 2477 1621 ut
2507 1567 2699 1622 extolli
2740 1568 3038 1623 videretur
3071 1586 3083 1623 :
3117 1572 3173 1624 et
3203 1569 3332 1626 ideo
3362 1571 3505 1626 dicit
3537 1589 3551 1627 :

1902 1654 2201 1723 Incipimus
2250 1656 2471 1720 iterum,
2504 1672 2578 1710 ne
2608 1655 2804 1710 extolli
2852 1656 3169 1723 videretur,
3201 1657 3371 1729 quasi
3397 1659 3554 1715 dice-

1901 1745 1988 1796 ret
2012 1759 2024 1796 :
2048 1742 2174 1797 Non
2201 1743 2329 1798 ideo
2352 1745 2745 1815 nosmetipsos
2768 1744 2931 1799 vobis
2955 1745 3290 1814 laudamus,
3313 1750 3378 1801 ut
3399 1763 3559 1802 com-

1902 1829 2168 1892 mendari
2198 1847 2233 1884 a
2262 1830 2428 1886 vobis
2458 1831 2729 1902 velimus,
2748 1835 2849 1887 sed
2874 1836 2940 1887 ut
2966 1850 3001 1887 a
3030 1832 3316 1890 falsorum
3348 1835 3561 1890 doctri-

1902 1934 1977 1973 na
2006 1918 2462 1974 subtrahamini.
2498 1920 2608 1976 Sed
2642 1937 2822 1992 quare
2851 1919 3013 1991 dicit,
3041 1923 3286 1976 iterum?
3316 1923 3462 1987 Quia
3489 1939 3570 1978 ea'

1902 2007 2225 2062 intentione
2256 2008 2446 2063 multa
2476 2009 2701 2063 dixerat
2747 2010 2806 2064 in
2839 2010 3029 2079 prima
3070 2009 3348 2081 Epistola,
3379 2010 3437 2065 id
3468 2016 3558 2067 est

1900 2112 2014 2151 non
2044 2113 2169 2151 sum
2214 2098 2391 2158 liber;
2428 2102 2547 2164 aut,
2577 2098 2726 2153 solus
2764 2114 2881 2165 ego,
2912 2102 2962 2152 et
3006 2099 3311 2165 Barnabas,
3343 2104 3451 2154 etc.
3486 2101 3556 2155 Et

1900 2184 2031 2238 ideo
2057 2184 2217 2250 dicit,
2243 2187 2465 2254 iterum,
2495 2184 2664 2255 quasi
2695 2186 2950 2240 diceret:
2974 2186 3099 2241 Non
3131 2202 3310 2242 causa
3339 2192 3553 2242 nostras

1899 2271 2095 2327 laudis
2112 2276 2377 2326 nostram
2399 2273 2805 2328 auctoritatem
2827 2274 3325 2341 ostendimus,sed
3347 2280 3550 2331 vestrae

1900 2359 2131 2426 salutis,
2160 2365 2225 2415 ut
2254 2359 2753 2432 pseudoapostoli,
2779 2361 2994 2433 quibus
3017 2363 3192 2418 ﬁdem
3223 2380 3552 2419 accommo-

1899 2449 2106 2513 dastis,
2127 2448 2349 2505 nullius
2372 2449 2734 2505 auctoritatis
2757 2466 2886 2505 esse
2907 2452 3314 2519 ostendantur,
3339 2456 3397 2507 et
3423 2451 3553 2509 illos

1897 2536 2262 2608 relinquatis,
2294 2541 2350 2592 et
2385 2554 2477 2592 me
2525 2538 2877 2608 sequamini.
2911 2538 3191 2594 Nonnulli
3228 2539 3550 2612 interroga-

1895 2624 2006 2679 tive
2038 2625 2241 2680 volunt
2266 2626 2421 2681 hunc
2452 2625 2647 2681 locum
2671 2643 2798 2682 esse
2829 2628 3359 2698 pronuntiandum,
3392 2629 3548 2699 quod

1892 2714 2056 2779 dicit,
2109 2716 2408 2785 incipimus
2462 2716 2631 2786 (701),
2666 2720 2774 2770 etc.
2826 2716 3078 2771 Maxime
3125 2718 3198 2771 ob
3246 2716 3378 2786 hoc,
3411 2716 3551 2788 quia

1890 2803 2199 2872 subjunxit
2246 2803 2610 2874 Apostolus:
2664 2805 2770 2858 Aut
2815 2805 3071 2875 nunquid
3115 2821 3354 2875 egemus,
3404 2807 3550 2860 sicut

1887 2891 2134 2961 quidam,
2167 2896 2299 2956 etc.,
2334 2909 2399 2947 ac
2431 2893 2479 2946 si
2507 2892 2760 2947 diceret:
2785 2892 2911 2948 Non
2943 2909 3204 2965 egemus.
3230 2893 3317 2948 Illi
3349 2892 3540 2963 enim,

1886 2995 2034 3049 quos
2066 2980 2274 3049 gratia,
2305 2980 2481 3043 fama,
2502 2996 2602 3034 seu
2632 2980 3002 3035 familiaritas
3027 2981 3542 3050 commendat,non

1883 3074 2055 3137 egent
2085 3067 2332 3122 aliorum
2386 3068 2649 3138 epistolis
2700 3068 3138 3136 commendari;
3189 3070 3536 3136 econtrario,

1882 3172 2031 3225 quos
2054 3154 2135 3209 nil
2166 3155 2280 3209 tale
2301 3156 2689 3223 commendat,
2714 3161 2903 3227 egent.
2928 3156 3187 3227 Apostoli
3210 3156 3537 3227 enim,quia

1881 3243 2090 3314 gratia,
2125 3242 2447 3313 patratione
2486 3242 2926 3310 miraculorum,
2957 3243 3173 3298 virtute
3203 3260 3527 3316 signorum,

124 3340 234 3405 tiae,
264 3343 366 3394 aut
394 3333 823 3406 intelligentiae,
857 3338 923 3387 ut
960 3332 1146 3404 possit
1187 3334 1564 3388 manifestare
1593 3351 1773 3405 quare
1805 3321 1846 3386 C
1886 3332 2218 3387 sinceritate
2238 3331 2662 3402 praedicationis
2680 3332 3529 3404 commendabantur,noncge—

126 3429 191 3483 ad
223 3434 484 3484 nostram
537 3424 1008 3497 praedicationem
1040 3421 1137 3477 alii
1189 3423 1449 3489 credant,
1485 3422 1581 3478 alii
1613 3441 1729 3479 non
1758 3442 1772 3492 ;

126 3516 219 3572 alii
265 3515 470 3583 velint,
521 3520 581 3570 et
624 3513 889 3585 possint;
942 3511 1039 3567 alii
1092 3527 1196 3565 nec
1241 3510 1437 3578 velint,
1486 3528 1590 3565 nec
1641 3528 1773 3583 pos-

120 3606 316 3661 sint?
383 3602 427 3659 0
496 3604 692 3670 homo,
762 3606 825 3656 tu
894 3601 1028 3673 quis
1094 3617 1177 3666 es,
1248 3601 1349 3671 qui
1418 3601 1775 3672 respondeas

121 3694 275 3750 Deo?

191 3783 469 3855 Sequitur
501 3797 516 3837 :
548 3782 665 3836 Non
710 3795 898 3834 sumus
945 3779 1087 3833 sicut
1124 3778 1362 3848 plurimi
1406 3778 1775 3833 adulterantes

122 3873 337 3928 verbum
364 3874 484 3929 Dei.
508 3871 571 3925 In
602 3869 711 3924 hoc
744 3868 868 3923 loco
900 3867 1092 3939 tangit
1113 3865 1775 3939 pseudoapostolos,qui

124 3963 353 4016 verbum
386 3960 491 4017 Dei
544 3957 956 4015 adulterabant
989 3973 1001 4011 ;
1036 3955 1150 4027 ipsi
1194 3972 1466 4026 namque,
1501 3953 1775 4009 derelicto

126 4050 274 4105 verbi
304 4050 407 4106 Dei
434 4064 638 4114 sensu,
656 4046 985 4102 secundum
1008 4045 1337 4100 humanum
1370 4059 1611 4099 sensum
1631 4060 1774 4113 prae-

130 4138 396 4195 dicabant
429 4157 441 4193 :
477 4137 568 4192 vel
600 4141 753 4192 certe
782 4136 841 4189 in
874 4135 1002 4206 ipso
1040 4134 1214 4189 verbo
1248 4133 1347 4188 Dei
1380 4132 1566 4199 aliter,
1598 4148 1774 4203 quam

130 4231 261 4294 erat,
291 4229 648 4284 sentiebant.
682 4225 842 4280 Adeo
874 4225 1091 4296 quippe
1141 4227 1433 4277 amatores
1482 4226 1645 4276 erant
1674 4221 1776 4275 Ju~

132 4314 297 4371 daica:
324 4322 521 4382 sectae,
557 4318 622 4370 ut
650 4313 802 4369 male
832 4314 903 4368 de
945 4311 1175 4367 Christo
1209 4311 1533 4377 sentirent;
1565 4314 1623 4364 et
1650 4309 1780 4363 ideo

134 4404 321 4461 minus
372 4410 546 4462 notos
577 4404 725 4474 (699)
756 4402 1032 4457 ostendit.
1070 4401 1212 4455 Item
1262 4399 1363 4470 qui
1415 4398 1644 4454 adulter
1669 4403 1779 4463 est,

134 4491 185 4546 in
216 4494 368 4551 coitu
402 4510 522 4550 non
556 4492 776 4565 prolem
823 4490 1095 4561 requirit,
1130 4488 1227 4543 sed
1258 4487 1616 4558 voluptatem
1650 4486 1780 4540 dili-

133 4582 213 4655 git
242 4601 255 4638 :
287 4600 425 4656 ergo
456 4582 545 4637 illi
602 4582 934 4637 adulterant
976 4578 1217 4633 verbum
1258 4576 1379 4640 Dei,
1413 4575 1515 4647 qui
1564 4575 1622 4629 in
1657 4575 1782 4646 ipso

1884 3420 2027 3475 bant
2057 3420 2566 3474 commendatione
2593 3438 2606 3477 :
2638 3425 2873 3475 econtra
2903 3420 3398 3492 pseudoapostoli,
3428 3420 3530 3491 qui

1884 3508 1976 3562 his
2006 3508 2283 3563 omnibus
2307 3508 2601 3577 carebant,
2629 3508 3135 3563 commendatione
3164 3507 3430 3578 egebant.
3451 3508 3534 3564 De

1887 3596 2101 3651 talibus
2124 3596 2265 3651 dicit
2295 3595 2573 3651 Dominus
2598 3612 2611 3650 :
2642 3601 2738 3651 Vae
2758 3597 2924 3666 vobis,
2949 3596 3156 3653 Scriba:
3174 3595 3531 3665 etPharisaei,

1884 3687 1980 3755 qui
2007 3685 2278 3740 devoratis
2309 3686 2499 3740 domos
2520 3685 2813 3739 viduarum
2839 3685 3052 3755 (Matth.
3086 3702 3244 3755 χχιιι,
3279 3686 3388 3753 14),
3422 3688 3534 3741 etc.

1883 3774 2033 3828 Sunt
2062 3773 2235 3829 etiam
2260 3772 2525 3828 nonnulli
2554 3772 3166 3845 presbyteri,episc0pi
3199 3774 3257 3828 in
3280 3773 3540 3829 Ecclesia

1885 3863 2293 3927 consistentes,
2314 3879 2462 3933 quos
2493 3879 2682 3933 neque
2704 3863 3083 3934 fama,neque
3103 3862 3361 3918 doctrina
3386 3878 3539 3917 com-

1887 3952 2126 4006 mendat
2159 3968 2171 4005 :
2209 3956 2265 4006 et
2311 3951 2438 4005 ideo
2491 3950 2732 4006 alterius
2779 3950 2952 4006 laude
3000 3954 3189 4021 egent,
3246 3954 3538 4021 quatenus

1889 4039 2398 4095 commendentur.
2431 4039 2511 4093 Ad
2550 4055 2660 4105 vos,
2692 4045 2789 4093 aut
2817 4055 2889 4093 ex
2936 4039 3111 4093 vobis.
3144 4039 3225 4093 Ad
3255 4054 3344 4093 vos
3374 4037 3537 4107 dicit,

1888 4129 2025 4201 quia
2075 4128 2324 4183 aliorum
2376 4126 2640 4199 epistolis
2678 4126 2994 4181 Corinthiis
3046 4126 3539 4183 commendaban-

1888 4226 1986 4273 tur
2019 4236 2030 4273 :
2065 4234 2133 4271 ex
2166 4217 2331 4287 vobis,
2369 4216 2508 4288 quia
2538 4217 2609 4271 ab
2637 4215 2779 4286 ipsis
2810 4214 2963 4271 aliis.
3000 4217 3067 4270 Et
3096 4215 3189 4271 his
3220 4214 3412 4271 verbis
3443 4230 3539 4270 os-

1888 4307 2150 4362 tenditur
2180 4306 2320 4377 quia
2360 4304 2445 4359 illi
2476 4305 2591 4360 huc
2624 4304 2764 4359 illuc
2793 4304 3218 4371 discurrebant,
3252 4307 3543 4375 quatenus

1891 4414 2005 4452 non
2040 4395 2230 4451 solum
2285 4394 2669 4463 substantias,
2705 4394 2804 4447 sed
2837 4393 3013 4448 etiam
3046 4390 3295 4447 salutem
3345 4391 3544 4446 aufer-

1892 4488 2057 4550 rent;
2092 4483 2339 4555 apostoli
2367 4499 2498 4537 vero
2531 4498 2645 4536 non
2678 4482 2869 4536 solum
2892 4480 3255 4535 substantias
3288 4495 3404 4534 non
3432 4477 3543 4534 tol-

1892 4573 2108 4643 lebant,
2143 4574 2242 4627 sed
2274 4571 2449 4627 etiam
2482 4569 2732 4627 salutem
2760 4570 3099 4624 efferebant.

135 4686 241 4726 non
270 4672 409 4728 boni
444 4670 643 4744 operis
669 4671 894 4725 fructus
924 4668 1022 4724 sed
1058 4666 1332 4721 humanas
1360 4664 1554 4719 laudis
1585 4662 1780 4734 requi-
1816 4686 1861 4749 Β
1969 4663 2207 4734 Epistota
2252 4669 2446 4749 nastra
2493 4676 2587 4714 vos
2632 4660 2785 4749 estis,
2818 4664 2928 4713 etc.
2963 4657 3222 4749 Epistola
3267 4657 3424 4749 enim
3459 4657 3542 4712 si-

137 4765 266 4814 ruut
312 4761 488 4818 fetus.
526 4762 668 4816 Item
719 4757 1047 4814 adulterare
1093 4755 1336 4809 verbum
1386 4753 1489 4823 Dei
1527 4758 1634 4820 est,
1670 4769 1785 4808 non

140 4846 233 4903 Dei
263 4848 494 4917 laudes,
529 4850 629 4905 sed
664 4864 782 4903 suae
817 4845 1115 4918 sapientiae
1145 4842 1596 4899 ostentationem
1630 4859 1783 4913 quaa-

139 4952 271 4993 rere.

202 5027 487 5100 Sequitur
516 5046 528 5084 :
561 5028 663 5084 Sed
692 5043 763 5082 ex
790 5026 1138 5085 sinceritate;
1168 5022 1275 5077 hoc
1303 5025 1392 5077 est
1418 5038 1487 5076 ex
1507 5018 1791 5091 simplici-

146 5117 256 5171 tate
285 5122 341 5173 et
369 5117 567 5173 cordis
618 5116 890 5188 puritate.
922 5114 1001 5167 Ex
1033 5112 1370 5168 sinceritate
1422 5115 1479 5165 et
1509 5108 1792 5179 simplici-

144 5209 253 5261 tate
271 5207 520 5262 verbum
547 5207 640 5261 Dei
662 5205 821 5276 loqui
845 5202 1099 5268 est,hoc,
1128 5202 1282 5272 quod
1316 5199 1596 5270 loquitur,
1623 5214 1655 5251 a
1681 5195 1794 5250 Deo

149 5308 205 5347 se
246 5294 465 5351 habere
514 5294 859 5365 intelligere.
915 5293 1105 5347 Coram
1154 5294 1264 5344 Deo
1292 5288 1452 5358 loqui
1504 5291 1611 5351 est,
1655 5285 1796 5339 dum

152 5379 423 5454 loquitur,
460 5384 720 5439 divinam
744 5379 1115 5453 praesentiam
1139 5394 1259 5438 suae
1293 5376 1474 5430 menti
1506 5375 1795 5446 praeferre.

147 5470 250 5528 Sed
283 5474 425 5546 quia
456 5478 596 5529 sunt
643 5472 765 5545 qui,
797 5470 932 5526 licet
980 5486 1013 5523 a
1042 5468 1158 5524 Deo
1207 5464 1540 5536 intelligant
1588 5462 1801 5518 habere

112 5628 160 5709 '_
190 5635 361 5709 Δ(699)
412 5636 607 5709 Minus
650 5640 829 5702 notos,
889 5634 1140 5709 fortasse
1192 5629 1383 5709 minus
1438 5626 1817 5709 idoneos,.ex.

148 5694 414 5837 quua
473 5707 649 5782 paulo
707 5694 1027 5782 superius:
1065 5701 1140 5760 ad
1188 5700 1302 5757 hac
1348 5700 1472 5774 quis
1521 5700 1636 5756 tam
1664 5694 1802 5755 ido-

1896 4769 2077 4824 gnum
2113 4754 2202 4806 est
2234 4748 2461 4805 salutis.
2496 4748 2773 4803 Corinthii
2811 4763 3065 4818 namque
3094 4745 3354 4817 Epistola
3384 4749 3551 4800 erant

1901 4843 1958 4896 in
1991 4840 2263 4895 cordibus
2296 4837 2713 4910 apostolorum,
2748 4836 2887 4908 quia
2919 4834 3083 4907 jugis
3114 4838 3238 4889 erat
3268 4833 3552 4889 memoria

1901 4946 2101 4985 eorum
2130 4929 2187 4983 in
2213 4929 2376 5000 ipsis,
2397 4932 2453 4982 et
2473 4926 2870 4981 indesinenter
2890 4941 3092 4980 eorum
3114 4922 3365 4978 salutem
3388 4927 3551 4994 opta-

1905 5021 2086 5085 bant;
2120 5018 2275 5072 unde
2307 5016 2365 5070 in
2402 5017 2590 5086 prima
2619 5012 3280 5086 Epistola:Signaculum
3300 5013 3409 5065 mei
3428 5026 3557 5081 apo-

1906 5108 2133 5162 stolatus
2164 5123 2255 5160 vos
2284 5107 2417 5161 estis
2466 5106 2514 5176 (Ι
2550 5103 2669 5159 Cor.
2706 5120 2781 5172 ιιι,
2812 5106 2888 5169 2).
2942 5107 3005 5155 Et
3037 5101 3182 5155 bene
3228 5099 3313 5154 illi
3347 5099 3553 5154 dicun-

1906 5201 2000 5249 tur
2021 5210 2149 5249 esse
2172 5192 2449 5265 Epistola,
2475 5189 2904 5263 quorumjugis
2926 5195 3014 5245 est
3045 5189 3327 5243 memoria
3344 5188 3403 5242 in
3426 5203 3556 5243 coro

1907 5285 2081 5339 dibus
2104 5282 2375 5347 aliorum,
2392 5281 2491 5351 qui
2515 5281 2689 5334 etiam
2712 5279 3113 5333 indesinenter
3130 5293 3332 5332 eorum
3354 5277 3559 5345 optant

1909 5372 2183 5428 salutem.
2210 5375 2357 5442 Quae
2376 5371 2571 5438 scitur,
2597 5373 2647 5423 et
2670 5370 3000 5439 tegitur,etc.
3014 5367 3088 5421 Ab
3111 5366 3362 5421 omnibus
3382 5364 3558 5419 homi-

1908 5462 2069 5516 nibus
2091 5461 2236 5515 bene
2264 5457 2569 5528 dicit,quia
2590 5457 2865 5512 omnibus
2888 5460 3091 5511 notum
3115 5453 3421 5524 erat,quo:l
3442 5450 3561 5507 illis

1984 5618 2129 5689 (700)
2165 5618 2226 5672 In
2259 5622 2456 5688 autog.
2492 5630 2678 5741 marg].
2715 5615 2807 5670 hic
2838 5612 3055 5685 legitur
3082 5626 3211 5682 cap.
3242 5608 3366 5667 VII.

1987 5690 2135 5741 (701i
2169 5689 2253 5741 lta
2282 5686 2503 5741 scilicet
2533 5686 2591 5741 in
2674 5684 2792 5741 ultr.
2826 5683 3058 5741 legitur.

1987 5683 2135 5763 (701)
2169 5689 2253 5745 Ita
2282 5683 2503 5744 scilicet
2533 5686 2591 5763 in
2622 5683 2792 5761 Vulg.
2826 5683 3058 5759 legitur.
