3902 6400
328 453 440 511 431

1326 442 1661 504 ATTONIS
1706 437 2290 501 VERCELLENSIS
2335 437 2689 498 EPISCOPI

3616 440 3745 501 432

329 579 780 653 praedicantibus
799 578 1202 635 credidissent.
1218 576 1366 644 Sive,
1389 575 1631 646 Epistola
1653 572 1865 627 Christi
1878 586 1970 624 vos
1998 572 2055 635 Α
2083 568 2242 623 niam
2274 568 2541 623 nonnulli
2566 585 2767 623 eorum
2798 568 2940 623 adeo
2957 573 3124 623 erant
3153 572 3451 625 amatnres
3472 569 3745 625 Judaicas

329 672 457 725 estis
485 670 811 724 ministrata
839 685 874 723 a
895 666 1083 737 Inobis,
1118 665 1255 737 quia
1302 664 1471 719 nobis
1520 660 1972 733 praedicantibus

331 757 678 824 credidistis,
712 761 770 811 et
807 755 1089 827 Spiritum
1141 756 1405 809 sanctum
1440 749 1782 822 percepistis
1817 766 1829 805 :
1864 764 1973 802 non

329 853 666 911 atramento,
695 845 788 900 sed
817 845 1029 916 Spiritu
1062 845 1157 898 Dei
1206 842 1337 896 vivi.
1373 839 1476 895 Illa
1507 839 1662 894 enim
1698 856 1809 904 res,
1844 854 1971 908 quas

333 934 672 1001 destruitur,
705 940 762 990 et
804 933 1162 998 cbliteratur,
1197 934 1524 985 atramento
1571 928 1785 982 dicitur
1814 942 1970 981 com-

334 1023 598 1080 mendari
631 1040 645 1078 :
678 1022 781 1077 illa
826 1038 959 1077 vero
1008 1038 1136 1092 quas
1188 1024 1403 1087 manet,
1436 1018 1657 1089 Spiritu
1708 1016 1804 1071 Dei
1834 1014 1969 1068 vivi.

334 1112 501 1168 Fides
531 1112 709 1176 enim,
739 1110 879 1182 quia
910 1115 1188 1182 perpetua
1216 1114 1326 1174 est,
1358 1112 1415 1163 et
1455 1123 1542 1174 ea,
1576 1123 1703 1178 quae
1731 1106 1802 1160 ab
1835 1120 1972 1175 apo-

332 1199 498 1257 stolis
527 1199 1038 1272 promittebantur,
1072 1196 1291 1269 Spiritu
1325 1195 1420 1251 Dei
1454 1194 1968 1260 commendantur;

332 1288 595 1345 doctrina
620 1303 755 1344 vero
777 1285 1425 1360 pseudoapostolorum,
1450 1286 1592 1356 quia
1612 1281 1971 1348 transitoria,

330 1380 674 1433 atramento.
708 1376 810 1431 His
842 1375 997 1431 enim
1026 1375 1218 1431 verbis
1263 1372 1602 1429 distantiam
1636 1371 1773 1425 facit
1819 1385 1975 1425 vero-

331 1484 463 1523 rum
494 1471 550 1523 et
604 1465 886 1522 falsorum
937 1464 1382 1536 praadicatorum
1434 1461 1602 1533 legis,
1651 1465 1708 1516 et
1754 1459 1971 1531 gratias.

330 1558 449 1612 Non
476 1556 534 1611 in
567 1556 772 1611 tabulis
802 1553 1051 1625 lapideis.
1082 1553 1185 1608 His
1216 1551 1372 1607 enim
1414 1550 1605 1605 verbis
1636 1553 1796 1604 notat
1824 1550 1975 1619 Apo-

334 1643 520 1701 stolus
547 1643 755 1717 legem.
786 1643 966 1699 Vetus
997 1657 1251 1713 namque
1271 1640 1362 1695 lex
1391 1639 1450 1694 in
1481 1637 1699 1694 tabulis
1729 1636 1976 1708 lapideis

334 1733 551 1805 scripta
574 1732 961 1804 fuit,quarum
983 1730 1186 1787 tractio
1209 1728 1584 1785 abolitionem
1604 1726 1809 1780 litteras
1834 1724 1978 1795 legis

2082 664 2272 723 sectae,
2315 662 2379 712 ut
2406 657 2593 729 legem
2626 656 2938 711 carnaliter
2966 658 3312 713 servandam
3343 659 3638 715 docerent.
3669 661 3745 715 Et

2083 752 2173 800 est
2202 764 2413 801 sensus
2462 747 2603 800 Novi
2634 746 2991 801 Testamenti
3044 763 3253 801 sumus
3302 747 3582 815 ministri,
3620 766 3742 805 non

2081 834 2328 902 Veteris,
2360 835 2515 890 sicut
2544 836 2790 907 Moyses,
2815 840 2916 890 aut
2945 835 3056 906 ipsi
3089 842 3249 901 sunt,
3275 837 3372 908 qui
3398 836 3585 908 legem
3609 855 3741 893 car-

2084 924 2518 980 naliterdocent
2534 941 2779 979 servare.
2808 925 3056 996 Ideoque
3078 925 3303 981 addidit
3326 944 3339 981 :
3362 927 3481 982 Non
3509 929 3736 994 litterae,

2081 1013 2173 1068 sed
2198 1016 2449 1084 spiritus,
2480 1013 2537 1068 id
2587 1019 2695 1078 est,
2729 1030 2845 1067 non
2894 1013 3041 1084 legis
3071 1013 3298 1081 litteras,
3332 1017 3431 1071 sed
3485 1017 3739 1088 spiritus

2082 1102 2281 1173 gratiae
2313 1103 2650 1157 servientes.
2688 1108 2875 1168 Quare
2908 1120 3023 1158 non
3046 1103 3074 1157 ?
3102 1104 3249 1168 Quia
3278 1105 3484 1173 littera,
3520 1107 3741 1179 inquit,

2082 1190 2292 1245 occidit.
2319 1191 2427 1246 Sed
2456 1191 2635 1262 quaeri
2658 1195 2851 1262 potest
2875 1207 3056 1263 quare
3077 1192 3289 1247 dixerit
3308 1180 3563 1250 litteram
3585 1196 3745 1251 occi-

2083 1279 2239 1347 dere,
2275 1296 2409 1334 cum
2442 1279 2774 1350 adjunxerit
2803 1279 3191 1336 vivificantem
3223 1280 3500 1353 spiritum
3519 1284 3548 1338 ‘I
3575 1285 3749 1341 Forte

2084 1367 2865 1440 dicitaliquis,propterillud
2886 1386 3069 1424 unum
3087 1370 3747 1447 Decalogifmandatum,

2086 1457 2239 1528 quod
2275 1458 2413 1511 dicit
2449 1474 2461 1512 :
2500 1457 2758 1513 Memento
2807 1463 2868 1512 ut
2909 1459 3156 1515 observes
3184 1460 3332 1515 diem
3374 1462 3602 1519 Sabbati
3622 1481 3646 1526 ,ο
3675 1480 3748 1522 eo

2086 1547 2261 1616 quod,
2286 1547 2385 1617 qui
2420 1546 2733 1601 carnaliter
2753 1547 3074 1604 Sabbatum
3094 1549 3382 1619 observat,
3406 1553 3696 1609 moriatur
3716 1554 3750 1609 ?

2086 1634 2193 1687 Sed
2230 1634 2362 1704 quis
2396 1637 2568 1689 tanta:
2600 1638 2703 1689 est
2718 1635 3045 1708 imperitiae,
3081 1642 3145 1693 ut
3174 1638 3332 1695 dicat
3358 1645 3599 1713 propter
3627 1642 3745 1700 hoc

2086 1738 2270 1777 unum
2303 1723 2648 1778 mandatum
2679 1723 2934 1780 litteram
2985 1727 3245 1783 occidere
3265 1728 3293 1783 ?
3321 1730 3471 1802 Ergo
3501 1736 3747 1803 propter

336 1821 722 1894 signiﬁcabat.
754 1822 823 1876 Et
860 1821 1006 1876 bene
1038 1820 1097 1874 in
1144 1819 1246 1874 tali
1278 1818 1584 1885 elemento,
1618 1815 1757 1886 quia
1801 1814 1885 1868 illi
1916 1815 1985 1871 in.
2085 1813 2267 1865 totam
2302 1810 2487 1882 legem
2520 1812 2628 1867 hoc
2679 1812 2836 1868 dicit.
2870 1814 3015 1869 Nam
3049 1816 3221 1887 quale
3266 1822 3375 1885 est,
3410 1821 3567 1890 quod
3597 1820 3743 1878 alibi

336 1910 558 1966 duritia
581 1910 773 1965 cordis
805 1912 970 1965 erant
996 1906 1280 1963 mansuri.
1304 1906 1415 1961 Sed
1451 1904 1717 1975 nunquid
1747 1902 1838 1958 lex
1867 1903 1977 1957 hoc

329 1998 514 2054 voluit
538 1998 566 2053 ?
594 1998 739 2053 Non.
771 1998 882 2055 Sed
928 1996 1067 2068 quia
1119 1996 1380 2050 futurum
1412 1997 1553 2063 erat,
1580 1992 1973 2063 Eportendeba-

328 2091 443 2143 tur.
473 2087 575 2143 Sed
604 2089 665 2141 in
685 2086 888 2142 tabulis
915 2085 1094 2142 cordis
1120 2084 1455 2138 carnalibus.
1489 2081 1743 2137 Tabulas
1775 2097 1976 2135 carna-

329 2176 413 2232 les
463 2175 718 2248 appellat
766 2174 997 2230 tabulas
1058 2173 1270 2228 cordis.
1306 2173 1373 2226 Et
1424 2172 1607 2238 bene;
1650 2170 1789 2241 quia
1839 2186 1971 2223 caro

330 2265 527 2336 sentit,
561 2281 660 2321 cor
687 2263 984 2320 discernit.
1016 2263 1124 2317 Per
1158 2262 1266 2317 has
1298 2277 1431 2331 erge
1462 2259 1695 2315 tabulas
1742 2257 1969 2330 signiﬁ-

332 2355 574 2409 cabatur
600 2354 898 2419 meritum,
930 2356 989 2407 et
1018 2350 1271 2423 dignitas
1300 2349 1560 2414 illorum,
1589 2348 1687 2419 qui
1722 2347 1781 2401 in
1812 2344 1971 2401 Chri-

331 2448 490 2499 stum
522 2446 688 2498 erant
716 2438 1012 2496 credituri.
1041 2438 1186 2494 Nam
1219 2436 1499 2493 distantia
1526 2441 1650 2491 erat
1673 2435 1828 2490 inter
1865 2435 1969 2489 hoc

329 2536 388 2588 et
416 2531 584 2587 illud.
617 2529 737 2586 Illis
766 2544 1021 2600 namque
1065 2522 1427 2583 extrinsecus
1475 2526 1613 2580 data
1643 2529 1732 2579 est
1760 2522 1872 2590 lex,
1906 2527 1972 2577 ut

328 2620 710 2688 terriﬁcaret;
743 2618 874 2674 istis
906 2616 1282 2686 intrinsecus,
1315 2618 1381 2670 ut
1404 2613 1774 2685 justiﬁcaret.
1807 2612 1878 2666 Et
1901 2610 1969 2664 il-

329 2708 391 2781 li,
419 2708 681 2780 volendo,
728 2707 994 2776 volendo,
1029 2705 1299 2775 nolendo,
1330 2704 1440 2759 sub
1490 2702 1614 2773 lege
1666 2707 1851 2768 erant,
1898 2715 1969 2755 ne

328 2797 712 2869 punirentur;
744 2795 844 2851 isti
883 2799 1089 2867 sponte
1119 2795 1228 2849 sub
1276 2792 1421 2865 lege,
1455 2796 1518 2846 ut
1542 2790 1967 2863 justiﬁcentur.

326 2889 416 2953 Et,
449 2886 601 2941 sicut
629 2884 847 2940 duritia
875 2883 1067 2939 cordis
1098 2881 1331 2938 illorum
1383 2879 1619 2936 nomine
1650 2879 1859 2951 lapidis
1894 2879 1968 2934 si-

324 2973 641 3045 gnificatur
664 2973 781 3040 hic,
809 2972 889 3028 ita
918 2972 977 3027 in
1019 2970 1419 3042 sequentibus,
1454 2968 1690 3024 nomine
1733 2967 1966 3022 velami-

324 3061 438 3131 nis,
469 3062 694 3118 caecitas
725 3062 917 3118 cordis
947 3061 1230 3133 ipsorum.
1254 3060 1323 3114 Et
1352 3063 1579 3114 tantum
1603 3057 1783 3112 distat
1815 3058 1966 3111 inter

321 3149 494 3206 istius
522 3150 669 3223 legis
718 3150 1145 3221 praedicatores,
1176 3152 1233 3204 et
1276 3147 1458 3216 illius,
1492 3150 1779 3219 quantum
1810 3146 1964 3200 inter

2087 1899 2229 1953 dicit
2260 1916 2274 1954 :
2311 1900 2813 1971 Concupiseentiam
2846 1904 3150 1960 nesciebam
3175 1906 3347 1977 (Rom.
3380 1925 3479 1977 vn,
3511 1910 3593 1982 7),
3625 1918 3736 1968 etc.

2087 1988 2378 2044 Occasione
2408 1998 2588 2045 autem
2633 1995 2875 2063 accepta,
2904 1998 3206 2063 peccatum,
3239 2000 3375 2061 etc.,
3410 1997 3526 2053 tale
3557 2000 3739 2057 etiam

2081 2082 2191 2144 est,
2218 2079 2369 2149 quod
2395 2078 2923 2147 hicdicit,1itteram
2945 2083 3226 2140 occidere.
3250 2085 3473 2141 Occidit
3493 2088 3736 2163 quippe,

2082 2167 2221 2237 quia
2253 2167 2451 2238 jubere
2499 2174 2709 2239 potest,
2745 2188 2859 2226 non
2890 2175 3085 2227 tamen
3128 2174 3354 2244 juvare.
3387 2175 3557 2244 Nam,
3590 2180 3737 2235 dum

2081 2255 2341 2326 praecipit
2371 2255 2592 2311 malum
2616 2275 2729 2311 non
2761 2274 2891 2315 esse
2921 2262 3236 2332 agendum.
3258 2265 3413 2334 quod
3444 2265 3662 2338 agitur,
3681 2274 3740 2324 et

2079 2344 2302 2399 bonum
2357 2346 2669 2416 agendum,
2704 2348 2859 2417 quod
2912 2366 3027 2404 non
3060 2350 3273 2422 agitur,
3307 2354 3539 2411 occidit.
3575 2356 3738 2414 Talis

2081 2450 2334 2503 namque
2354 2434 2444 2489 lex
2464 2435 2666 2489 debuit
2687 2436 2809 2490 dari
2835 2439 3107 2509 superbis
3127 2439 3187 2494 in
3209 2440 3333 2497 suis
3349 2443 3576 2501 viribus
3597 2463 3738 2503 con-

2080 2522 2418 2587 lidentibus,
2453 2540 2677 2595 suoque
2725 2525 2901 2580 etiam
2955 2533 3167 2583 conatu
3197 2529 3410 2586 salvari
3442 2534 3736 2592 credenti-

2079 2610 2211 2677 bus,
2245 2617 2534 2681 quatenus
2582 2612 2691 2667 hac
2741 2613 2867 2685 lege
2914 2617 3195 2682 conclusi,
3228 2622 3407 2691 atque
3456 2627 3734 2682 coarctati

2078 2704 2340 2768 quaerent
2369 2701 2618 2771 gratiam
2672 2718 2789 2773 qua
2819 2702 3202 2761 salvarentur.
3236 2708 3441 2765 Littera
3484 2715 3734 2779 occidit;

2078 2786 2238 2857 quia,
2270 2788 2409 2841 dum
2463 2788 2833 2847 solummodo
2857 2792 3051 2862 jubet,
3085 2796 3399 2853 mortificat
3430 2817 3445 2855 :
3481 2801 3730 2871 spiritus

2077 2879 2273 2930 autem
2303 2876 2592 2948 vivificat;
2630 2879 2919 2949 quia,non
2951 2885 3179 2938 tantum
3205 2885 3514 2955 jubet,sed
3546 2892 3727 2949 etiam

2067 2963 2450 3036 juvat,fipsos
2479 2966 2695 3038 quippe
2746 2974 3078 3038 peccatores
3120 2973 3430 3043 justilicat.
3464 2978 3571 3035 llla
3598 2985 3728 3037 tan-

2073 3057 2200 3107 tum
2233 3055 2582 3120 auditorem,
2619 3058 2738 3112 haec
2770 3058 2960 3129 magis
2988 3060 3249 3132 ,requirit
3280 3064 3579 3123 factorem.

2144 3143 2291 3215 (702)
2311 3144 2618 3214 Sequitur:
2645 3147 2803 3218 Quod
2820 3149 2871 3201 si
2893 3150 3228 3206 ministratio
3250 3156 3462 3223 mortis,
3484 3159 3596 3212 etc.
3624 3159 3727 3215 Hic

321 3238 452 3311 ipsa
481 3239 596 3294 duo
643 3239 1038 3294 Testamenta.
1088 3236 1251 3292 Unde
1281 3236 1340 3290 in
1391 3236 1770 3307 sequentibus
1821 3233 1964 3289 dicit
2000 3302 2035 3315 η
2072 3229 2319 3286 Faustus
2351 3233 2706 3289 Manichacus
2729 3236 2901 3306 erigit
2929 3240 3267 3311 aurem,qui
3290 3241 3479 3315 legem
3505 3245 3724 3302 malam

318 3302 632 3399 ipostolus
663 3326 851 3399 magis
890 3326 1233 3399 mysterium
1275 3302 1643 3397 praedicasse,
1678 3324 1960 3395 majorem
1993 3302 2037 3371 C
2075 3319 2239 3387 dixit,
2273 3322 2416 3376 adeo
2449 3326 2510 3376 ut
2557 3322 2752 3394 ipsum
2803 3302 3059 3397 Moysem
3092 3302 3315 3384 malum
3347 3302 3600 3390 diceret.
3632 3336 3727 3392 Ait

321 3416 499 3472 etiam
531 3416 727 3488 Moyse
755 3415 1003 3488 gloriam
1032 3415 1266 3470 habere.

370 3557 712 3629 Sequitur:
763 3557 1050 3613 Fiduciam
1093 3559 1279 3612 autem
1326 3558 1492 3612 talem
1538 3558 1816 3625 habemus,
1850 3561 1960 3612 etc.

321 3645 559 3710 Qualem
603 3645 876 3701 ﬁduciam
910 3645 1151 3701 haberet
1198 3645 1269 3699 ad
1302 3644 1485 3699 Deum
1534 3659 1637 3714 per
1666 3645 1964 3701 Christum

326 3734 740 3803 ostendit,cum
764 3733 1106 3804 subjunxit:
1134 3733 1251 3787 Non
1272 3731 1412 3803 quod
1439 3733 1768 3802 sufﬁcientes
1794 3737 1968 3790 simus

324 3825 570 3893 cogitare
596 3822 945 3894 aliquid,etc.
971 3822 1122 3876 Sane
1142 3820 1615 3891 sciendum,quia
1640 3824 1964 3880 secundum

325 3913 476 3969 hanc
504 3911 810 3984 praesentis
840 3909 1119 3982 temporis
1150 3908 1615 3979 dispositionem,
1640 3903 1753 3965 nisi
1783 3928 1818 3966 a
1846 3912 1963 3969 Deo

322 3999 943 4074 regamur,subsistere
963 4015 1077 4054 non
1093 3998 1621 4070 possumus,multo
1636 4000 1832 4057 minus
1853 4001 1965 4056 sal-

321 4090 442 4145 vari
477 4106 491 4145 :
524 4093 582 4145 et
608 4089 658 4145 si
685 4088 822 4144 boni
853 4087 1072 4159 aliquid
1103 4086 1419 4157 nequimus
1467 4087 1742 4159 cogitare,
1776 4090 1962 4146 multo

322 4177 522 4234 minus
550 4176 797 4249 operari,
827 4175 1147 4247 praesertim
1170 4189 1302 4229 cum
1331 4175 1458 4245 ipse
1487 4175 1643 4231 dicat
1674 4193 1686 4231 :
1720 4178 1851 4234 Sine
1879 4196 1965 4236 me

322 4267 469 4323 nihil
483 4268 712 4339 potestis
728 4266 912 4337 facere
933 4267 1116 4336 (Joan.
1139 4279 1229 4331 xv,
1252 4263 1329 4333 5).
1356 4263 1415 4318 Si
1446 4280 1578 4318 vero
1604 4264 1767 4320 nulla
1795 4269 1963 4323 nobis

321 4356 515 4413 inesse
545 4359 737 4428 potest
783 4353 1029 4410 facultas
1079 4352 1328 4423 alicujus
1358 4352 1525 4406 bonae
1571 4354 1959 4425 cogitationis,

322 4445 508 4501 multo
538 4445 735 4499 minus
784 4442 1035 4513 alicujus
1066 4441 1147 4496 rei
1200 4440 1589 4512 perfectionis.
1623 4443 1785 4507 Quod
1829 4460 1961 4501 vero

321 4532 509 4588 dicit:
542 4536 664 4589 Non
708 4531 849 4604 quod
891 4532 1223 4602 sufﬁcientes
1264 4546 1456 4598 simus,
1508 4535 1643 4601 etc.,
1689 4532 1825 4590 talis
1875 4541 1962 4590 est

319 4638 549 4688 sensus,
570 4621 739 4692 quasi
761 4619 1003 4675 dixisset
1024 4632 1037 4674 ε
1062 4623 1177 4673 Nos
1199 4619 1388 4690 pauci,
1405 4620 1664 4676 etidiote
1687 4623 1759 4677 ad
1784 4624 1956 4678 ﬁdem

318 4710 609 4765 mundum
633 4713 983 4773 convertere,
1006 4722 1072 4761 ac
1088 4705 1319 4760 trahere
1340 4723 1453 4761 non
1481 4710 1959 4779 poteramus,nisi

317 4798 416 4855 illo
457 4799 718 4868 juvante.
754 4796 901 4851 Illud
950 4794 1123 4849 etiam
1175 4793 1783 4865 animadvertendum,
1818 4800 1959 4870 quia

315 4888 492 4943 verba
520 4884 804 4957 praemisit
849 4880 1220 4949 humilitatis,
1253 4897 1319 4935 eo
1352 4884 1505 4952 quod
1558 4891 1713 4939 esset
1742 4903 1956 4959 magna

313 4974 597 5030 dicturus.
630 4975 798 5040 Nam,
833 4972 971 5043 quia
1000 4986 1214 5042 magna
1243 4969 1407 5035 dixit,
1432 4973 1487 5024 et
1515 4971 1779 5028 dicturus
1809 4982 1952 5043 erat,

312 5080 385 5120 ne
419 5065 710 5125 videretur
738 5060 952 5128 extolli,
985 5064 1042 5115 et
1071 5059 1365 5131 propriam
1398 5074 1652 5129 quaerere
1682 5060 1950 5136 gloriam,

313 5157 379 5206 ut
403 5150 671 5228 elationis
705 5150 923 5205 crimen
970 5152 1237 5219 tergeret,
1270 5146 1554 5218 praemisit
1599 5148 1901 5206 humiliter
1933 5172 1947 5209 :

306 5239 588 5310 ﬁduciam,
615 5237 826 5307 inquit,
857 5238 1021 5291 talem
1067 5236 1344 5305 habemus,
1399 5239 1507 5291 etc.
1560 5236 1719 5300 Quod
1754 5244 1948 5295 autem

312 5326 455 5382 dicit
486 5342 499 5381 :
534 5325 884 5395 Sufﬁcientia
925 5332 1112 5380 nostra
1141 5342 1175 5378 a
1205 5330 1313 5380 Deo
1345 5329 1441 5393 est,
1474 5324 1582 5380 hoc
1613 5330 1723 5392 est,
1756 5328 1948 5384 omnis

309 5421 510 5473 nostra
541 5413 786 5470 facultas
815 5414 888 5469 ab
934 5412 1033 5468 illo
1063 5418 1171 5479 est,
1200 5416 1297 5485 qui
1333 5421 1384 5468 et
1431 5415 1649 5471 idoneos
1695 5433 1791 5472 nos
1818 5420 1946 5488 fecit

306 5505 590 5560 ministros
618 5502 755 5555 Novi
797 5502 1121 5556 Testamenti
1149 5519 1165 5555 :
1198 5502 1338 5555 dum
1388 5501 1544 5557 enim
1576 5520 1638 5559 se
1688 5521 1945 5577 suosque

306 5592 531 5650 similes
560 5589 703 5645 dicit
728 5588 989 5655 idoneos,
1020 5592 1184 5643 notat
1212 5590 1729 5663 pseudoapostolos
1753 5612 1766 5664 ;
1800 5612 1942 5667 quo-

369 5736 521 5816 (702)
550 5738 618 5790 In
647 5734 842 5806 autog.
873 5743 1063 5802 marg.
1093 5728 1187 5786 hic
1216 5727 1429 5801 legitur
1457 5747 1584 5806 cap.
1614 5734 1762 5794 VIII.

2072 3409 2228 3463 enim
2261 3410 2565 3481 quia,,nisi
2597 3411 2688 3467 lex
2714 3413 2871 3469 mala
2899 3421 3073 3484 esset,
3106 3434 3221 3473 non
3253 3436 3380 3476 eam
3406 3424 3726 3494 Apostolus

2073 3497 2404 3553 ministram
2456 3501 2660 3556 mortis
2694 3508 2942 3559 vocaret.
2987 3506 3115 3575 Ipse
3147 3524 3280 3562 vero
3325 3526 3441 3565 non
3472 3515 3728 3570 attendit

2072 3586 2476 3657 intentionem,
2506 3606 2694 3661 neque
2713 3608 2955 3648 sensum
2975 3595 3235 3665 Apostoli
3258 3596 3562 3657 intellexit.
3577 3603 3723 3660 Nam

2076 3676 2174 3745 qui
2204 3674 2391 3746 legem
2424 3677 2753 3733 ministram
2784 3680 2925 3737 dicit
2956 3683 3182 3751 mortis,
3202 3685 3355 3741 idem
3374 3687 3514 3743 alibi
3545 3691 3721 3748 dicit:

2074 3764 2186 3817 Lex
2215 3766 2440 3834 quidem
2468 3775 2657 3822 sancta
2687 3767 2861 3838 (Rom.
2894 3787 2993 3839 vn,
3029 3772 3138 3843 12),
3164 3778 3272 3829 etc.
3308 3792 3322 3831 :
3357 3778 3576 3849 quique
3606 3798 3721 3837 non

2074 3857 2163 3906 est
2192 3852 2305 3908 sibi
2357 3856 2702 3924 contrarius,
2737 3856 2871 3913 licet
2916 3860 3092 3916 verba
3123 3861 3275 3918 inter
3323 3880 3387 3920 se
3418 3866 3721 3927 dimicent.

2074 3941 2189 3995 Lex
2205 3942 2359 3997 enim
2381 3942 2510 3999 ideo
2533 3944 2888 4003 ministratio
2909 3948 3115 4006 mortis
3138 3951 3371 4025 dicitur,
3389 3956 3722 4026 quod,dum

2073 4035 2374 4100 peccatum
2406 4034 2764 4103 manifestat,
2785 4038 3259 4110 concupiscentia
3281 4050 3721 4115 augmentatur.

2071 4119 2212 4175 Tres
2243 4137 2499 4192 namque
2519 4126 2657 4177 sunt
2676 4124 2893 4195 gradus
2913 4142 2926 4179 :
2948 4132 3252 4198 peccatum
3283 4134 3561 4204 ostendit,
3590 4152 3728 4193 con-

2073 4209 2491 4297 cupiscentiam
2525 4216 2718 4283 auget,
2753 4230 3011 4286 suosque
3032 4217 3208 4272 etiam
3242 4219 3573 4290 cognitores
3592 4240 3722 4297 gra-

2071 4297 2200 4351 vius
2228 4296 2567 4369 delinquere
2590 4300 2725 4355 facit
2750 4319 2762 4368 ;
2784 4304 3061 4373 quoniam
3082 4305 3142 4360 in
3164 4306 3409 4364 scientia
3429 4296 3623 4381 major
3640 4318 3733 4371 est

2070 4386 2479 4457 transgressio.
2505 4387 2666 4442 Unde
2696 4389 2819 4461 ipse
2850 4390 2996 4447 alias
3025 4393 3167 4449 dicit
3200 4410 3213 4450 :
3254 4396 3353 4452 Ubi
3374 4414 3482 4454 non
3503 4405 3586 4456 est
3610 4403 3726 4471 lex,

2069 4492 2169 4529 nec
2190 4479 2572 4546 prawaricatio
2602 4478 2776 4549 (Rom.
2811 4497 2888 4549 Iv,
2923 4482 3048 4549 15);
3085 4487 3143 4537 et
3189 4483 3318 4540 ideo
3348 4485 3493 4542 dicit
3525 4505 3538 4541 ε
3575 4490 3729 4558 Quod

2069 4566 2119 4618 si
2146 4567 2338 4620 mortis
2368 4568 2702 4623 ministratio
2723 4570 2835 4639 fuit
2864 4571 2925 4623 in
2952 4570 3155 4640 gloria.
3177 4572 3245 4627 Et
3271 4574 3439 4644 quasi
3470 4575 3726 4636 interro-

1988 4664 2036 4730 D
2066 4660 2259 4725 gatus,
2293 4671 2420 4724 qua
2469 4655 2641 4710 fuerit
2689 4657 2820 4727 ipsa
2868 4657 3075 4729 gloria,
3108 4662 3385 4729 ostendit,
3419 4666 3499 4719 ita
3520 4669 3583 4720 ut
3612 4684 3729 4724 non

2065 4751 2283 4811 possent
2307 4744 2417 4813 ﬁlii
2444 4746 2616 4799 Israel
2664 4746 2968 4815 intendere,
2999 4754 3109 4803 etc.
3145 4751 3307 4815 Quod
3341 4753 3489 4808 satis
3518 4761 3724 4827 aperte

2067 4830 2217 4886 liber
2243 4832 2419 4886 Exodi
2452 4832 2730 4900 declarat,
2758 4835 2957 4891 dicens
2991 4852 3003 4891 :
3042 4838 3185 4903 Quia
3215 4855 3285 4893 ea:
3315 4845 3588 4899 consortio
3606 4861 3726 4901 ser-

2067 4922 2242 4974 monis
2270 4921 2369 4975 Dei
2415 4921 2720 4991 clariﬁeata
2748 4927 2823 4978 est
2871 4927 3040 4992 facies
3086 4927 3259 4997 Moysi
3288 4929 3479 4999 (Exod.
3524 4949 3723 5005 xxxxv,

2063 5008 2176 5079 29),
2208 5015 2315 5064 etc.
2352 5011 2409 5064 Si
2441 5027 2577 5081 ergo
2610 5012 2731 5067 haec
2767 5015 2973 5069 mortis
3008 5015 3363 5074 ministratio
3395 5020 3525 5089 fuit,
3562 5024 3723 5079 mul-

2063 5100 2120 5150 to
2153 5097 2342 5168 magis
2372 5100 2710 5155 ministratio
2739 5103 2969 5172 spiritus
2997 5106 3094 5158 est.
3128 5105 3237 5159 Sed
3272 5108 3413 5178 quia
3443 5110 3720 5170 novimus

2062 5202 2188 5254 qua:
2220 5184 2321 5240 illa
2373 5186 2547 5241 fuerit
2596 5187 2800 5259 gloria,
2837 5207 2963 5261 qua:
3013 5192 3090 5246 sit
3121 5192 3235 5248 ista
3274 5196 3583 5255 videamus
3615 5217 3719 5257 ne-

2060 5291 2220 5329 cesse
2251 5279 2358 5329 est.
2410 5273 2499 5329 Illi
2545 5276 2703 5331 enim
2749 5277 2996 5349 gloriam
3048 5280 3245 5338 vultus
3288 5284 3469 5358 Moysi
3518 5288 3722 5346 videre

2058 5379 2170 5417 non
2206 5368 2493 5434 poterant,
2528 5365 2666 5442 quia
2696 5373 3025 5437 peccatores
3056 5376 3241 5442 erant,
3272 5378 3331 5427 et
3362 5373 3422 5428 in
3456 5375 3721 5433 inﬁdeli-

2056 5456 2174 5505 tate
2202 5456 2367 5506 erant
2397 5455 2787 5522 permansuri.
2812 5460 2944 5512 Haec
2965 5458 3122 5514 enim
3153 5459 3257 5515 illa
3285 5467 3395 5531 est,
3418 5479 3599 5534 quam
3627 5468 3724 5522 vi-

2056 5539 2267 5593 derunt
2318 5541 2563 5611 apostoli
2611 5542 2669 5597 in
2715 5550 2913 5600 monte
2945 5547 3156 5618 (Matth.
3211 5566 3351 5617 xvn,
3404 5552 3501 5625 li);
3541 5554 3718 5613 Marc.

2056 5644 2133 5695 1x,
2166 5628 2233 5697 1;
2266 5629 2395 5685 Luc.
2448 5647 2520 5702 Ix,
2564 5632 2693 5704 28);
2728 5636 2934 5691 Petrus
2980 5635 3271 5709 videlicet,
3318 5621 3601 5719 Jaccbus,
3654 5649 3716 5705 et
3768 5621 3777 5627 ’
