3902 6408
194 451 318 514 437

766 451 1181 517 EXPOSlTlO
1226 453 1306 516 IN
1350 452 1781 517 EPISTOLAS
1827 447 2089 513 PAULI.
2116 452 2292 515 —lN
2336 455 2589 518 EPIST.
2637 456 2687 518 ll
2732 456 2836 520 AD
2879 457 3055 521 COR.

3502 466 3621 527 438

196 585 454 656 Patrem,
488 583 641 643 sicut
669 586 796 661 ipse
830 604 842 643 :
870 589 977 659 Qui
1006 589 1152 646 videt
1179 605 1286 658 me,
1328 589 1470 646 videt
1527 592 1580 645 et
1630 590 1855 645 Patrem
1881 587 1936 653 Α
1967 588 2303 657 Anxiamur,
2325 592 2417 646 sed
2446 608 2558 647 non
2614 592 3017 657 destituimur,"
3032 594 3090 650 id
3142 597 3232 652 est
3280 600 3395 654 Deo
3444 596 3620 656 relin-

200 678 382 750 (Joan.
415 693 530 747 xw,
563 676 639 748 9).

270 786 389 840 Non
419 786 571 841 enim
598 787 957 858 nosmetipsos
1002 786 1390 857 prmdicamus,
1423 791 1532 843 etc.
1563 812 1577 856 ;
1635 786 1695 842 id
1744 792 1854 858 est,

199 878 438 946 propter
467 890 596 939 nos,
630 877 731 931 sed
764 880 1002 947 propter
1028 877 1213 932 Jesum
1245 878 1564 941 Christum:
1628 877 1687 932 id
1747 881 1855 945 est,

199 968 442 1034 propter
471 979 732 1018 amorem
758 964 983 1036 ipsius;
1027 966 1166 1037 quia
1197 984 1313 1022 non
1346 985 1526 1023 causa
1570 971 1855 1039 quaestus,

198 1052 288 1109 vel
322 1052 470 1108 lucri
492 1053 898 1125 pradicamus.
923 1054 1149 1111 Pseudo
1177 1074 1431 1129 namque
1447 1057 1719 1128 apostoli,
1747 1055 1857 1111 etsi

197 1142 408 1198 Jesum
443 1143 861 1214 praedicabant,
897 1162 1010 1199 non
1043 1148 1237 1201 tamen
1261 1151 1495 1217 propter
1514 1163 1648 1202 eum
1675 1165 1688 1215 ;
1719 1147 1859 1217 quia

198 1247 382 1287 causa
412 1230 583 1299 lucri,
615 1232 704 1287 vel
755 1250 872 1287 suae
922 1232 1114 1289 laudis
1164 1236 1472 1291 docebant.
1522 1239 1626 1292 Nos
1676 1249 1855 1292 autem

194 1324 349 1378 servi
376 1330 603 1392 propter
634 1322 934 1392 Christum,
970 1328 1079 1380 etc.
1108 1326 1305 1379 Tantae
1335 1326 1689 1382 humilitatis
1711 1330 1855 1391 erat,

195 1417 264 1468 ut
285 1427 518 1467 servum
538 1427 599 1466 se
616 1411 961 1466 nominaret.
979 1412 1087 1467 Sed
1115 1418 1382 1469 etservos
1406 1414 1603 1485 posuit
1625 1419 1860 1485 prOpter

193 1486 534 1565 ministros;
558 1500 1054 1567 sed,uthumilius
1077 1500 1435 1574 loqueretur,
1464 1502 1611 1557 dixit
1634 1519 1853 1573 servos,

196 1592 442 1662 propter
463 1589 667 1645 Jesum
701 1590 883 1657 dicit;
917 1591 975 1645 id
1010 1596 1115 1656 est,
1150 1596 1391 1663 pr0pter
1411 1608 1672 1646 amorem
1693 1591 1855 1657 Jesu,

192 1683 262 1734 ut
275 1679 550 1735 ostendat
564 1694 625 1733 se
640 1695 755 1733 non
769 1695 949 1735 causa
963 1679 1385 1752 dignitatis,vel
1404 1697 1607 1736 eorum
1628 1680 1855 1735 meritis

205 1784 271 1823 se
302 1784 537 1823 servum
568 1767 921 1823 nominasse.
955 1769 1066 1824 Sed
1100 1770 1427 1835 sciendum,
1478 1768 1618 1840 quia
1670 1771 1858 1824 sancti

213 1855 535 1927 aliquando
566 1855 817 1912 honores
850 1858 1168 1928 refugiunt,
1202 1875 1273 1912 ne
1305 1856 1697 1923 extollantur;
1759 1856 1861 1912 ali-

1971 679 2301 751 quimur.ln
2324 681 2681 752 quibusdam
2695 682 3127 755 exemplaribus
3143 684 3466 744 invenitur:
3490 687 3617 745 ino-

1968 770 2125 842 piam
2158 772 2436 843 patimur,
2462 773 2563 828 sed
2587 789 2701 829 non
2724 773 3120 841 destituimur,
3144 776 3423 848 quoniam
3446 794 3480 832 a
3500 777 3617 834 Deo

1967 864 2199 930 pastore
2224 861 2545 932 pascimur.

2037 969 2479 1024 Persecutionem
2501 971 2772 1041 patimur,
2799 988 2833 1026 a
2855 969 3049 1037 malis,
3073 975 3131 1027 et
3152 972 3345 1044 pravis
3366 973 3618 1030 homini-

1968 1057 2079 1112 bus
2154 1058 2248 1113 sed
2302 1074 2413 1113 non
2461 1059 2920 1131 derelinquimur,
2956 1076 2988 1114 a
3017 1060 3172 1116 Deo:
3231 1061 3546 1133 deﬁci-mur,
3580 1081 3616 1119 a

1968 1148 2326 1219 potentibus,
2362 1154 2419 1204 et
2445 1148 2911 1216 sublimioribus,
2948 1150 3411 1222 praecipitamur;
3435 1151 3614 1209 veluti

1968 1235 2101 1306 quis
2131 1236 2203 1291 de
2236 1241 2451 1303 monte,
2486 1238 2573 1292 vel
2605 1239 2676 1292 de
2703 1241 2872 1307 tecto,
2927 1244 2994 1294 ut
3041 1239 3475 1311 exstinguatur;
3526 1240 3619 1297 sed

1966 1339 2075 1378 non
2104 1326 2368 1395 perimus,
2403 1326 2543 1396 quia
2572 1344 2689 1381 non
2740 1328 3139 1397 extinguimur
3187 1344 3367 1384 causa
3412 1334 3615 1385 vestras

1968 1411 2199 1467 salutis.
2227 1413 2371 1468 Nam
2388 1415 2541 1484 quod
2556 1414 2651 1468 isti
2677 1416 2955 1486 praedicta
2976 1415 3174 1470 omnia
3192 1417 3618 1474 sustinuissent

1968 1505 2025 1556 et
2054 1502 2274 1557 alacres
2305 1503 2509 1558 crediti
2546 1503 2817 1574 fuissent,
2851 1503 3000 1559 liber
3019 1508 3297 1561 Actorum
3319 1505 3615 1578 apostolo-

1968 1608 2099 1645 rum
2132 1593 2491 1659 manifestat,
2521 1592 2622 1647 ubi
2652 1592 2902 1664 legitur:
2938 1595 3093 1649 Ibant
3134 1594 3435 1662 gaudentes
3473 1594 3614 1665 (Act.

1966 1696 2019 1745 ν,
2054 1681 2283 1751 41),θῐο.
2312 1698 2323 1735 :
2354 1686 2411 1737 et
2440 1682 2538 1737 ubi
2570 1681 2809 1748 Paulus,
2840 1685 2898 1737 et
2923 1681 3130 1753 Sileas,
3154 1698 3288 1737 cum
3338 1681 3616 1755 ﬂagellati

1969 1768 2238 1838 fuissent,
2263 1769 2397 1823 etin
2422 1786 2713 1825 carcerem
2743 1769 2933 1837 missi,
2961 1773 3017 1824 et
3032 1771 3209 1840 pedes
3229 1786 3432 1825 eorum
3459 1769 3616 1842 ligno

1969 1857 2055 1913 vel
2088 1874 2263 1913 nervo
2295 1859 2548 1913 fuissent
2569 1859 2816 1924 astricti,
2836 1857 3167 1925 alacriores,
3190 1861 3244 1913 et
3266 1857 3518 1913 laetiores
3543 1859 3613 1914 ad

194 1943 1853 2017 quandorequiruntutimitentur,utApostolusbic.Nam
1887 1962 1934 2026 B
1968 1946 2154 2001 Deum
2178 1946 2539 2002 laudandum
2564 1945 2748 2001 relicti
2770 1945 3116 2001 existebant.
3140 1946 3362 2019 Semper
3382 1948 3616 2017 mortifi-

198 2049 341 2087 cum
371 2048 434 2087 se
466 2049 720 2101 servum,
748 2037 805 2088 et
834 2033 893 2088 in
919 2035 1304 2105 sequentibus
1336 2034 1646 2105 parvulum
1667 2034 1856 2088 nomi-

202 2126 328 2190 net,
354 2120 493 2176 alibi
524 2122 695 2178 dicit:
728 2124 789 2179 ln
820 2139 924 2195 quo
945 2126 1068 2196 quis
1085 2125 1282 2191 audet,
1307 2125 1368 2178 in
1393 2125 1718 2195 insipientia
1738 2124 1856 2179 dico

199 2211 279 2282 (II
310 2211 428 2266 Cor.
464 2228 540 2276 xu,
570 2212 661 2282 21)
694 2228 707 2265 :
742 2210 842 2267 ubi
873 2212 1049 2267 etiam
1067 2212 1207 2267 dicit
1227 2229 1288 2269 se
1306 2229 1496 2285 usque
1525 2213 1598 2267 ad
1617 2213 1856 2268 tertium

198 2299 420 2356 caelum
451 2306 707 2372 raptum.
742 2303 931 2366 Quare
959 2302 1090 2369 hoc,
1124 2302 1237 2358 nisi
1272 2308 1336 2358 ut
1365 2302 1739 2359 imitaretur?
1789 2304 1858 2359 Et

196 2389 562 2457 notandum,
593 2389 734 2460 quia
762 2389 891 2443 ideo
923 2406 985 2444 se
1007 2390 1229 2460 laudat,
1255 2396 1322 2445 ut
1346 2390 1525 2447 falsos
1547 2391 1817 2446 excludat
1840 2407 1852 2445 :

192 2495 364 2545 nam,
400 2478 452 2533 si
478 2494 539 2533 se
566 2477 869 2541 tacuisset,
899 2478 1034 2534 illos
1080 2478 1568 2536 commendasset.

271 2586 556 2653 Quoniam
585 2584 746 2650 Deus,
779 2586 877 2656 qui
906 2584 1049 2639 dixit
1078 2585 1144 2640 de
1199 2587 1456 2652 tenebris,
1514 2591 1623 2642 etc.
1670 2589 1855 2643 Tene-

195 2676 342 2730 bras
359 2674 540 2728 corda
560 2672 928 2729 infidelitatis
950 2673 1224 2746 appellat,
1251 2691 1377 2746 quae
1398 2674 1512 2747 ipsi
1553 2676 1854 2747 quoniam,

196 2764 261 2818 in
294 2760 644 2817 infidelitate
696 2763 1007 2831 manendo,
1053 2762 1423 2833 habuerunt;
1464 2763 1662 2820 lumen
1721 2782 1856 2821 vero

198 2850 493 2924 spiritalis
511 2850 909 2923 intelligentiae
933 2852 1258 2907 doctrinam
1274 2853 1509 2909 dicit.Et
1523 2859 1611 2909 est
1624 2871 1852 2909 sensus:

199 2945 287 2996 De
318 2939 412 2995 his
439 2939 697 2994 tenebris
719 2939 963 3006 dixit,id
982 2945 1091 3006 est,
1123 2941 1306 3011 jussit
1340 2941 1539 2997 lumen
1575 2942 1857 3014 spiritalis

199 3029 486 3084 doctrinae
508 3044 783 3084 emanare
804 3048 816 3098 ;
837 3029 958 3085 sive
981 3030 1050 3085 de
1072 3030 1327 3086 tenebris
1344 3030 1551 3087 litterae
1573 3031 1861 3103 legis,spi-

199 3115 443 3173 ritalem
475 3116 917 3188 intelligentiam
938 3118 1124 3188 jussit
1153 3120 1484 3189 procedere.
1509 3122 1716 3185 Quare,
1742 3136 1862 3175 ma-

201 3205 469 3272 nifestat,
494 3205 725 3260 dicens:
759 3206 839 3260 Ad
859 3207 1326 3263 ittuminationem
1353 3208 1628 3275 scientim;
1660 3208 1717 3262 id
1750 3212 1858 3274 est,

1966 2036 2234 2090 cationem
2260 2037 2390 2091 Jesu
2419 2036 2555 2107 (Act.
2588 2052 2704 2102 xvx,
2735 2036 2850 2106 25),
2882 2039 2991 2090 etc.
3017 2033 3166 2103 Quid
3186 2038 3276 2090 est
3295 2034 3404 2091 hoc
3426 2038 3615 2090 totum

1966 2124 2177 2191 dicere,
2212 2124 2326 2179 nisi
2359 2124 2528 2195 quasi
2559 2123 2691 2180 aliis
2718 2123 2911 2180 verbis
2943 2123 3121 2191 dicat,
3167 2123 3353 2195 parati
3406 2139 3617 2179 sumus

1968 2212 2113 2267 mori
2150 2217 2383 2284 propter
2411 2212 2615 2267 Jesum
2639 2230 2653 2279 ;
2681 2221 2742 2267 ut
2772 2215 2887 2267 vita
2912 2215 3042 2268 Jesu
3074 2214 3135 2267 in
3153 2212 3466 2283 corporibus
3485 2228 3617 2267 nos-

1964 2302 2066 2356 tris
2097 2303 2497 2372 manifestetur,
2521 2300 2580 2355 id
2601 2306 2710 2365 est,
2738 2301 2810 2356 ad
2833 2299 3333 2356 immortalitatem
3352 2305 3616 2357 transea-

1967 2406 2100 2444 mus
2114 2391 2213 2445 ?Et
2233 2390 2537 2445 sciendum
2556 2390 2695 2461 quia
2717 2389 2979 2462 quotidie
2998 2389 3171 2446 Jesus
3192 2388 3461 2457 moritur,
3485 2405 3614 2445 cru-

1966 2478 2241 2551 ciﬁgitur,
2277 2478 2528 2550 resurgit
2583 2479 2643 2533 in
2705 2478 2988 2535 membris
3043 2479 3193 2549 suis,
3252 2482 3310 2534 et
3348 2478 3617 2535 membra

1965 2568 2153 2640 ipsius
2184 2567 2376 2638 inipso
2406 2568 2790 2623 vivificantur.

2036 2676 2184 2745 (712)
2207 2674 2559 2746 Exsequitur
2577 2675 2851 2731 eumdem
2876 2664 3116 2732 sensum
3139 2674 3316 2731 latius
3339 2674 3469 2731 aliis
3487 2689 3614 2731 ver-

1966 2764 2057 2820 bis
2089 2764 2333 2820 dicendo
2367 2782 2380 2819 :
2413 2765 2637 2835 Semper
2665 2766 2815 2821 enim
2832 2781 2930 2822 nos
2950 2767 3048 2837 qui
3066 2766 3318 2831 vivimus,
3343 2769 3452 2820 etc.
3478 2769 3615 2821 Pro-

1961 2863 2086 2925 pter
2112 2855 2293 2908 Jesum
2322 2852 2481 2919 dicit,
2506 2858 2743 2924 propter
2771 2870 2984 2926 corpus
3004 2855 3166 2923 Jesu,
3189 2854 3330 2926 quia
3362 2852 3620 2909 Ecclesia

1966 2958 2179 3014 corpus
2206 2946 2295 2997 est
2322 2942 2460 2997 Jesu
2490 2958 2503 2997 ε
2536 2950 2596 2996 ut
2622 2947 2674 2998 et
2693 2945 2807 2998 vita
2835 2947 2987 3016 Jesu,
3020 2951 3129 3000 etc.
3157 2961 3169 3011 ;
3195 2943 3255 2999 id
3276 2947 3387 3013 est,
3407 2943 3478 2999 ad
3508 2943 3617 2999 im-

1968 3032 2381 3087 mortalitatem
2410 3036 2803 3087 transeamus.
2836 3035 2976 3105 Ergo
2996 3052 3143 3091 mors
3181 3038 3239 3091 in
3277 3036 3454 3103 nobis,
3505 3039 3615 3091 etc.

1969 3120 2145 3185 Quasi
2178 3121 2431 3176 diceret:
2467 3121 2618 3176 Dum
2650 3138 2758 3178 nos
2786 3122 2950 3178 vobis
2980 3122 3159 3180 etiam
3196 3124 3617 3197 praedicamus;

1972 3210 2071 3282 qui
2095 3210 2684 3278 vivitis,saevitiam,et
2705 3213 3171 3283 persecutionem
3187 3218 3307 3270 tam
3330 3215 3617 3287 gentium,

204 3299 276 3351 ut
300 3294 449 3351 alios
470 3294 672 3350 eadem
699 3295 965 3351 doctrina
987 3295 1620 3368 illuminaremus(710)
1638 3300 1696 3353 in
1716 3299 1863 3370 facie
1894 3331 1937 3399 α
1977 3315 2154 3370 quam
2184 3298 2522 3354 Judmorum
2555 3300 2865 3356 adverSum
2896 3318 3003 3357 nos
3024 3303 3366 3373 excitamus,
3396 3305 3538 3361 adeo
3561 3306 3627 3360 ut

204 3385 461 3450 Christi;
493 3382 551 3439 id
582 3390 671 3439 est
698 3383 759 3439 in
789 3385 930 3451 vice,
966 3384 1161 3439 sivein
1180 3402 1429 3457 persona
1447 3386 1697 3451 Christi;
1726 3403 1864 3442 nam

204 3472 390 3529 facies
422 3489 526 3545 pro
566 3490 818 3546 persona
863 3474 1146 3545 ponitur:
1200 3476 1355 3530 unde
1401 3475 1459 3529 in
1509 3476 1866 3548 quibusdam

202 3561 646 3635 exemplaribus
681 3563 834 3634 (711)
866 3580 1117 3635 persona
1142 3564 1457 3635 invenitur,
1492 3582 1607 3620 non
1667 3565 1863 3620 facies.

283 3669 559 3725 Habemus
588 3673 773 3725 autem
791 3670 1113 3726 thesaurum
1146 3673 1334 3743 istum,
1369 3676 1478 3727 etc.
1511 3672 1868 3744 Aggreditur

204 3758 530 3830 Apostolus
541 3760 846 3814 ostendere
864 3776 1044 3831 quare
1060 3776 1121 3815 se
1143 3778 1210 3816 su
1220 3778 1323 3832 pra
1343 3762 1620 3817 idoneum
1642 3761 1870 3817 dixerat

208 3848 589 3920 magistrum,
622 3852 681 3903 et
709 3865 890 3920 quare
943 3849 1379 3921 persecutiones
1429 3854 1764 3922 pateretur:
1814 3854 1872 3905 et

204 3937 326 3993 hoc
347 3936 631 3993 adversus
656 3938 1197 4009 pseudoapostolos,
1225 3938 1325 4009 qui
1350 3939 1622 3993 dicebant
1648 3936 1869 3993 nullius

210 4026 412 4083 meriti
442 4030 500 4082 et
532 4026 668 4081 fidei
699 4042 833 4081 eum
866 4043 1032 4094 esse;
1065 4031 1121 4081 et
1159 4028 1231 4082 ob
1278 4027 1387 4081 hoc
1436 4027 1870 4098 persecutiones

207 4119 536 4190 pateretur.
562 4115 927 4171 Thesaurum
948 4115 1165 4187 itaque,
1191 4114 1515 4186 spiritalem
1536 4114 1869 4186 intelligen-

208 4205 359 4261 tiam
391 4204 662 4259 nominat
687 4221 701 4271 ;
722 4220 866 4259 vasa
886 4208 1081 4259 autem
1106 4204 1328 4272 ﬁctilia,
1352 4203 1581 4277 fragilia
1604 4219 1865 4275 corpora.

207 4295 281 4350 Et
321 4296 415 4349 est
443 4309 695 4349 sensus:
748 4293 1019 4348 Habemus
1075 4292 1420 4364 thesaurum,
1472 4298 1623 4361 etc.;
1677 4293 1734 4347 id
1784 4297 1873 4348 est

210 4381 544 4457 spiritalem
580 4380 1035 4454 intelligentiam
1067 4381 1126 4435 in
1158 4380 1468 4453 fragilibus
1526 4380 1872 4452 corporibus

208 4476 541 4547 gestamus.
576 4470 738 4525 Unde
769 4486 923 4541 saepe
952 4469 1165 4536 evenit,
1208 4474 1274 4523 ut
1320 4469 1454 4523 inde
1505 4468 1873 4524 infirmemur

208 4560 375 4617 unde
406 4560 553 4615 alios
583 4558 901 4615 salvamus.
935 4561 1123 4624 Quare
1144 4557 1172 4613 ?
1204 4558 1276 4613 Ut
1301 4574 1416 4629 quo
1450 4558 1507 4611 in
1562 4557 1871 4628 fragilibus

210 4650 570 4723 corporibus
602 4649 879 4721 mysteria
908 4647 1106 4703 divina
1126 4652 1449 4719 gestamus,
1473 4665 1537 4702 eo
1562 4647 1873 4701 sublimitas

1978 3388 2050 3443 ad
2082 3393 2329 3442 mortem
2354 3388 2681 3444 trahamur.
2705 3388 2890 3445 Potest
2918 3390 3095 3446 etiam
3118 3391 3473 3465 increpative
3498 3409 3627 3465 pro-

1978 3476 2137 3543 ferri,
2173 3482 2239 3532 ut
2271 3477 2346 3531 sit
2377 3494 2588 3534 sensus
2615 3494 2628 3532 :
2663 3479 2802 3548 Ergo
2830 3495 2976 3535 mors
3004 3481 3066 3535 in
3086 3481 3264 3548 nobis,
3284 3486 3393 3537 etc.
3416 3482 3445 3537 ?
3473 3481 3621 3539 Non.

1978 3566 2039 3620 Id
2072 3569 2179 3632 est,
2206 3582 2319 3621 non
2342 3582 2574 3637 semper
2598 3584 2707 3622 nos
2738 3568 3078 3637 moriemur,
3107 3573 3163 3625 et
3181 3586 3285 3626 vos
3305 3569 3507 3626 vivetis
3530 3587 3543 3626 :
3570 3575 3628 3626 et

1978 3657 2258 3713 adversus
2280 3654 2431 3726 illos,
2458 3654 2558 3726 qui
2577 3656 3083 3727 pseudoapostolis
3105 3658 3283 3714 ﬁdem
3306 3674 3631 3715 accommo-

1978 3743 2385 3815 daverant,qui
2409 3744 2681 3799 dicebant
2702 3745 3045 3817 Apostolum
3067 3746 3291 3803 nullius
3314 3747 3628 3804 auctorita-

1978 3835 2056 3889 tis
2087 3848 2237 3897 esse,
2270 3838 2327 3887 et
2359 3832 2431 3887 ob
2465 3832 2572 3887 hoc
2602 3834 3068 3903 persecutionem
3090 3834 3209 3908 pati
3240 3853 3254 3903 ;
3280 3836 3449 3908 quasi
3473 3834 3629 3891 dice-

1979 3926 2099 3977 ret:
2134 3920 2410 3990 Nunquid
2444 3936 2675 3990 semper
2703 3922 2880 3976 vestri
2902 3923 3312 3993 praadicatores
3337 3924 3550 3996 vivent,
3575 3912 3634 3981 et

1979 4027 2086 4065 nos
2116 4008 2478 4064 moriemur?
2508 4008 2653 4063 Non.
2690 4008 3014 4064 Mutabitur
3042 4011 3183 4064 ordo
3204 4027 3225 4063 :
3274 4014 3333 4065 et
3370 4010 3478 4078 illi,
3528 4010 3629 4083 qui

1980 4114 2137 4153 nunc
2164 4098 2389 4161 vivunt,
2425 4095 2769 4161 morientur,
2802 4100 2859 4151 et
2887 4113 3015 4167 nos,
3049 4096 3149 4169 qui
3174 4097 3464 4155 morimur
3480 4098 3634 4154 vive-

1979 4195 2133 4234 mus.

2053 4284 2358 4356 Sequitur:
2395 4284 2668 4339 Habentes
2699 4283 2948 4340 eumdem
2975 4285 3237 4356 spiritum
3263 4285 3394 4355 ﬁdei
3409 4302 3423 4355 ;
3444 4284 3504 4342 id
3527 4289 3635 4354 est,

1985 4375 2258 4446 spiritum
2292 4374 2551 4429 Patrum.
2586 4373 2733 4428 Nam
2764 4389 2899 4428 cum
2932 4372 3073 4427 dicit
3095 4373 3361 4443 eumdem,
3390 4373 3638 4444 patriar-

1981 4464 2144 4534 chas,
2172 4469 2226 4520 et
2272 4463 2586 4535 prophetas
2612 4461 2734 4516 vult
2762 4460 3027 4533 intelligi,
3055 4464 3111 4516 et
3132 4476 3337 4516 omnes
3367 4459 3640 4534 illos,per

1984 4569 2133 4624 quos
2150 4551 2414 4607 doctrina
2440 4566 2605 4605 sacra
2625 4554 2713 4603 est
2735 4548 3164 4604 administrata.
3190 4549 3457 4605 Ostendit
3476 4552 3635 4607 enim

1983 4640 2076 4696 bis
2106 4640 2297 4695 verbis
2320 4656 2381 4694 se
2413 4653 2646 4708 quoque
2676 4653 2745 4693 ea
2774 4637 2885 4692 fide
2908 4637 3138 4705 salvari,
3165 4654 3281 4710 qua
3301 4643 3356 4694 et
3385 4639 3585 4694 Patres
3621 4660 3635 4698 :

1582 4736 1728 4790 bene
1773 4752 1876 4806 per
1902 4700 1951 4769 Β
1988 4731 2127 4804 quia
2144 4728 2298 4801 quod
2316 4726 2396 4782 illi
2416 4700 2800 4797 futurum,isti
2822 4742 3055 4799 quoque
3072 4700 3286 4783 factum
3302 4727 3636 4799 credebant.

208 4829 573 4885 thesaurum
606 4824 894 4898 spiritalis
918 4823 1302 4897 intelligentia
1324 4824 1689 4880 ostenditur:
1715 4824 1875 4895 quia,

211 4919 377 4975 sicut
406 4916 720 4971 thesaurus
753 4930 871 4969 non
898 4913 1243 4970 hominibus
1275 4912 1688 4968 manifestatur
1709 4930 1740 4968 a
1761 4929 1877 4984 quo

209 5006 481 5063 habetur
501 5020 513 5059 :
531 5004 615 5059 ita
638 5008 696 5058 et
720 5001 1006 5075 spiritalis
1025 5001 1412 5073 intelligentia
1430 5000 1488 5055 in
1513 5001 1788 5056 cordibus
1821 5001 1882 5054 fi-

212 5095 449 5153 delium
481 5093 834 5157 inculcetur,
858 5091 917 5144 in
944 5089 1281 5146 infidelibus
1304 5106 1437 5145 vero
1451 5089 1793 5145 occultatur.
1819 5090 1883 5143 In

211 5186 481 5244 omnibus
507 5182 629 5239 sive
662 5179 828 5246 locis,
850 5180 937 5235 vel
956 5179 1344 5251 temporibus,
1369 5179 1508 5251 quia
1532 5178 1720 5235 multa
1741 5178 1880 5234 sub-

213 5274 419 5334 audiri
452 5274 725 5346 possunt,
754 5270 1173 5325 tribulationem
1196 5270 1466 5339 patimur,
1501 5268 1558 5323 id
1589 5275 1697 5333 est,
1723 5284 1882 5340 pres-

215 5382 430 5431 suras;
463 5361 558 5417 sed
589 5377 701 5416 non
730 5361 1145 5430 angustiamur,
1178 5356 1318 5428 quia
1347 5374 1451 5429 spe
1498 5359 1705 5412 futurae
1753 5356 1883 5412 vitae

216 5456 569 5513 dilatamur.
604 5450 961 5521 Aporiamur,
1022 5446 1320 5501 derivatur
1367 5461 1399 5500 a
1446 5445 1619 5500 verbo
1668 5444 1882 5514 Graeco,

217 5545 382 5620 quod
416 5547 509 5599 est
535 5539 734 5612 uporia
762 5556 776 5607 ;
805 5538 861 5593 id
897 5541 1005 5603 est,
1040 5533 1469 5592 anxiamuert
1503 5538 1593 5589 est
1632 5550 1880 5589 sensus:

296 5706 458 5799 (710).
485 5726 553 5777 In
586 5721 785 5799 autog.
819 5716 1170 5799 illuminaret
1198 5712 1359 5783 mihi,
1390 5714 1544 5787 quod
1601 5716 1884 5786 tanquam

221 5788 510 5858 mendam
541 5788 951 5864 corrigendam
980 5788 1277 5845 duximus.

1988 4818 2181 4875 Voluit
2203 4833 2459 4888 namque
2481 4833 2648 4872 suam
2666 4815 3058 4871 narrationem
3073 4816 3422 4871 confirmare
3441 4833 3635 4872 exem-

1991 4909 2110 4982 plo,
2139 4913 2197 4963 et
2222 4908 2352 4962 ideo
2386 4906 2724 4976 subjunxit:
2777 4905 2928 4961 Sicut
2956 4905 3225 4975 scriptum
3263 4908 3368 4971 est;
3399 4904 3638 4973 Credidi,

1985 5003 2208 5071 propter
2236 4996 2375 5067 quod
2408 4997 2622 5051 locutus
2650 5012 2773 5049 sum
2790 4995 2960 5065 (Psat.
2994 5009 3118 5063 cxv,
3140 4994 3253 5060 10).
3276 4992 3459 5049 David
3482 4993 3639 5050 enim

1991 5088 2360 5159 loquebatur,
2392 5087 2795 5139 verumtamen
2828 5081 2981 5153 quod
3015 5080 3322 5137 credebat:
3362 5081 3643 5153 quoniam

1992 5178 2231 5252 quidem
2266 5192 2437 5231 nemo
2470 5190 2625 5228 sanae
2647 5172 2863 5228 mentis
2881 5169 2990 5227 hoc
3014 5169 3147 5226 aliis
3166 5169 3293 5226 vult
3325 5172 3642 5243 affirmare,

1994 5269 2147 5341 quod
2180 5266 2306 5339 ipsc
2339 5281 2453 5319 non
2485 5259 2748 5317 credidit.
2782 5260 3093 5332 Sequitur:
3126 5261 3190 5316 Et
3215 5276 3313 5316 nos
3341 5262 3644 5325 credimus,

1994 5364 2102 5414 etc.
2142 5357 2210 5411 Et
2240 5360 2330 5410 est
2362 5368 2571 5408 sensus
2595 5366 2607 5405 :
2629 5351 2775 5417 Quia
2795 5349 3113 5420 credimus,
3138 5354 3467 5422 propterea,
3487 5350 3644 5423 quod

1994 5446 2309 5511 credimus,
2342 5439 2660 5511 loquimur.

2066 5535 2133 5590 Et
2162 5530 2331 5606 quasi
2354 5530 2776 5602 interrogasset
2798 5526 3047 5601 aliquis:
3085 5528 3226 5601 quid
3249 5528 3463 5596 credis,
3485 5525 3642 5599 quod

2068 5714 2216 5787 (711)
2244 5710 2477 5787 §cilicet
2516 5709 2574 5764 in
2607 5708 2839 5787 Graecis=

2072 5779 2219 5858 (712)
2250 5783 2313 5840 In
2346 5787 2543 5854 autog.
2578 5796 2763 5853 marg.
2784 5779 2880 5838 hic
2905 5779 3124 5855 legitur
3143 5796 3271 5853 cap.
3302 5779 3395 5838 XI.
