3902 6436
309 427 430 488 ι39

1335 416 1676 480 ATTONIS
1718 410 2305 477 VERCELLENSIS
2350 410 2706 475 EPISCOPI

3612 410 3742 474 440

309 560 489 618 etiam
519 561 573 614 te
603 555 760 630 loqui
794 555 941 612 dicis
962 553 989 609 ?
1018 553 1148 625 Ipse
1195 569 1329 608 vero
1379 551 1546 623 quasi
1597 548 1959 620 respondens
1989 548 2044 612 Α
2077 550 2404 612 mentaneo,
2438 562 2503 601 ac
2533 544 2664 614 levi,
2700 541 2894 617 gloriae
2926 543 3159 617 pondus
3189 546 3516 616 comparat.
3539 541 3740 613 Hujus

312 646 618 719 subjunxit
646 662 658 700 :
691 644 934 701 Scientes
957 644 1218 714 quoniam
1245 640 1529 696 suscitavit
1561 640 1761 693 Iesum.
1788 636 1963 690 Erant

311 742 506 791 autem
539 732 806 789 nonnulli
840 732 993 787 inter
1024 730 1376 798 Corinthios,
1430 727 1530 798 qui
1583 727 1654 781 de
1702 740 1959 780 resurre-

311 824 499 878 ctione
516 823 866 877 dubitabant
889 836 901 874 :
927 825 983 875 et
1004 820 1129 874 ideo
1152 819 1433 873 adversus
1448 832 1547 870 eos
1569 815 1639 869 de
1653 815 1854 869 eodem
1874 812 1959 866 lo-

312 911 530 983 quitur.
559 911 621 964 In
648 927 764 981 qua
784 909 1107 963 intentione
1133 906 1357 961 diutius
1376 903 1959 969 versatur,adversus

311 1016 458 1072 quos
489 1000 547 1053 in
586 999 776 1070 prima
805 996 1064 1069 Epistola
1087 998 1274 1051 fuerat
1295 995 1599 1065 loquutus.
1628 993 1690 1046 In
1713 1008 1778 1046 eo
1803 1007 1955 1045 vero.

312 1087 467 1159 quod
499 1086 599 1155 ait,
634 1087 730 1156 qui
758 1086 1063 1153 suscitavit,
1098 1101 1212 1137 non
1264 1083 1481 1149 obstat,
1532 1080 1653 1135 sivo
1704 1084 1956 1143 Patrem,

313 1175 430 1230 sive
460 1178 641 1229 totam
673 1173 969 1245 intelligas
999 1170 1364 1226 Trinitatem.

389 1261 457 1317 Ut
488 1262 816 1317 ostenderet
843 1260 1023 1332 igitur
1051 1258 1382 1332 Apostolus,
1416 1258 1555 1330 quia
1590 1255 1960 1321 resurrectio,

315 1367 440 1422 quas
463 1349 752 1405 celebrata
770 1349 939 1405 estin
961 1348 1181 1420 Capite,
1205 1346 1599 1402 celebrabitur
1617 1349 1674 1400 et
1695 1344 1753 1399 in
1778 1361 1961 1399 mem-

314 1439 436 1493 bris
453 1444 510 1494 et
531 1455 658 1510 quae
679 1438 960 1510 precessit
980 1438 1038 1491 in
1062 1437 1287 1508 Capite,
1322 1440 1608 1508 sequetur
1623 1439 1681 1489 et
1701 1435 1759 1489 in
1777 1451 1961 1490 mem-

312 1527 458 1598 bris,
489 1527 825 1598 subjunxit:
863 1531 930 1582 Et
986 1543 1084 1582 nos
1136 1542 1263 1581 cum
1310 1528 1440 1581 Jesu
1492 1524 1797 1581 suscitabit.
1852 1524 1957 1586 Qui

315 1614 514 1685 etiam,
547 1618 613 1669 ut
642 1619 1013 1680 monstraret,
1048 1613 1186 1686 quia
1215 1630 1463 1685 quorum
1496 1629 1615 1668 una
1660 1616 1749 1667 est
1794 1611 1959 1681 lides,

317 1701 427 1758 erit
455 1707 512 1758 et
540 1719 659 1758 una
688 1704 951 1758 omnium
982 1703 1041 1757 in
1072 1703 1246 1757 domo
1277 1701 1435 1773 pacis
1464 1700 1770 1765 habitatio,
1803 1699 1962 1753 addi-

317 1791 438 1848 dit:
471 1794 535 1847 Et
562 1794 850 1848 constituet
879 1792 1171 1846 vobiscum.
1204 1791 1515 1861 Sequitur:
1560 1788 1765 1844 Omnia
1812 1790 1960 1842 enim

312 1886 537 1952 propter
563 1895 654 1935 vos
682 1880 1078 1951 (subauditur,
1108 1879 1412 1945 sustineo).
1441 1879 1627 1941 Quare
1645 1876 1963 1933 sustineret

312 1985 417 2040 pro
438 1967 606 2039 ipsis,
641 1968 912 2034 ostendit,
945 1976 1005 2022 ut
1033 1969 1247 2036 gratia,
1294 1966 1507 2038 inquit,
1541 1966 1829 2020 abundans
1858 1982 1963 2036 per

310 2056 531 2121 multos,
559 2059 700 2122 etc.;
735 2055 904 2126 quasi
934 2055 1179 2110 dixisset
1204 2072 1216 2109 :
1255 2055 1404 2109 Deus
1426 2055 1641 2126 quippe
1665 2053 1958 2109 neminem

309 2142 436 2198 vult
465 2143 588 2199 suis
618 2143 789 2198 donis
822 2143 1051 2213 privari,
1097 2143 1390 2197 neminem
1440 2157 1673 2213 quoque
1724 2142 1912 2213 perire
1942 2158 1956 2195 :

309 2231 449 2304 quia
478 2249 595 2288 non
626 2232 855 2287 letatur
882 2232 943 2286 in
966 2232 1288 2303 perditione
1310 2230 1710 2297 morientium,
1738 2231 1837 2285 sed
1864 2246 1958 2300 po-

309 2321 428 2377 tius
449 2338 652 2377 omnes
674 2321 797 2376 vult
821 2320 1011 2376 salvos
1025 2321 1230 2376 facere.
1256 2320 1638 2391 Quapropter,
1666 2323 1729 2373 ut
1757 2318 1953 2373 multis

305 2410 417 2465 sibi
449 2409 769 2481 gratiarum
827 2410 1154 2464 referantur
1209 2408 1485 2479 actiones,
1535 2410 1663 2480 ipse
1712 2409 1951 2479 quidem

305 2497 495 2553 multa
524 2497 583 2551 in
616 2514 677 2553 se
707 2497 1080 2553 credentibus
1113 2496 1314 2551 intulit
1343 2498 1515 2561 dona,
1550 2501 1607 2551 et
1645 2496 1952 2551 credituris

305 2585 597 2658 promisit.
633 2588 1013 2657 Quapropter,
1048 2585 1200 2640 sicut
1229 2585 1394 2639 valde
1450 2585 1852 2649 inhonestum,
1886 2602 1952 2639 ac

302 2678 475 2744 turpe
503 2677 612 2738 est,
644 2673 941 2728 hominem
965 2690 1186 2727 coenam
1212 2689 1509 2742 magnam,
1535 2678 1591 2726 et
1614 2672 1950 2743 opulentam

305 2763 514 2830 facere,
547 2766 604 2817 et
634 2761 853 2816 multos
884 2761 1150 2826 invitare,
1184 2767 1241 2816 et
1272 2762 1344 2816 ad
1378 2765 1709 2822 extremum
1736 2778 1951 2832 paucos

302 2850 519 2905 habere
543 2864 556 2903 :
582 2848 666 2903 sic
688 2864 922 2920 quoque
942 2847 1111 2904 valde
1133 2853 1222 2904 est
1242 2848 1643 2918 inhonestum,
1667 2854 1841 2920 atque
1858 2850 1953 2904 in-

304 2937 572 3010 dignum.
594 2936 773 2991 Deum
791 2936 1014 2991 scilicet
1034 2952 1252 3009 paucos
1274 2937 1488 2992 habere
1509 2936 1953 2993 laudatoresAd

302 3025 413 3081 hoc
440 3025 658 3097 igitur;
691 3023 749 3080 id
784 3029 893 3091 est,
928 3028 991 3079 ut
1026 3024 1244 3079 multos
1295 3026 1644 3097 acquireret,
1696 3026 1957 3097 quotidie

303 3112 615 3186 Apostolus
647 3112 891 3169 laborat.
926 3114 1318 3177 Quamobrem
1372 3114 1954 3171 animadvertendum

304 3206 397 3257 est
426 3202 630 3274 quanti
662 3201 853 3257 meriti
884 3201 1030 3274 ipse,
1064 3208 1412 3275 quantaeque
1442 3203 1955 3275 fueritdiguitatis,

2073 634 2182 689 loci
2215 651 2425 689 sensus
2458 638 2514 688 et
2544 634 2601 688 in
2635 631 2895 705 Epistula
2925 634 2997 687 ad
3030 634 3328 688 Romanos
3372 631 3734 698 continetur,

2073 722 2175 776 ubi
2207 724 2320 778 ait:
2356 725 2625 778 Existimo
2657 723 2826 787 enim,
2860 723 3003 792 quod
3023 738 3133 778 non
3153 726 3280 776 sunt
3300 720 3594 791 condignae
3606 737 3741 793 pas-

2070 812 2249 866 siones
2280 812 2441 883 hujus
2475 812 2741 881 temporis
2771 809 2949 880 (Rom.
2981 826 3105 877 VIII,
3142 810 3251 879 18),
3286 814 3394 863 etc.
3432 810 3560 879 Ipse
3583 824 3736 879 quo-

2073 916 2206 970 que,
2237 899 2647 954 tribulationes
2679 898 2737 952 in
2791 899 3007 970 quibus
3060 898 3259 970 glorim
3309 897 3541 969 pondus
3591 913 3736 968 ope-

2073 994 2294 1054 rentur,
2329 989 2605 1049 ostendit,
2640 1005 2775 1043 cum
2807 987 3114 1057 subjunxit
3140 1004 3152 1041 :
3179 988 3297 1042 Non
3316 987 3739 1057 contemplanti-

2074 1078 2173 1131 bus
2199 1078 2357 1132 nobis
2386 1092 2513 1148 quae
2543 1076 2818 1142 videntur,
2851 1080 2959 1131 etc.
2997 1076 3060 1129 Et
3080 1082 3169 1130 est
3191 1092 3404 1131 sensus
3424 1091 3438 1131 :
3459 1075 3585 1130 Non
3609 1073 3741 1131 sol-

2071 1164 2214 1219 liciti
2247 1181 2454 1219 sumus
2476 1165 2545 1219 de
2570 1164 3014 1236 tcmporalihus,
3036 1182 3161 1236 qua:
3185 1168 3516 1231 transeunt,
3534 1165 3635 1219 sed
3661 1164 3743 1219 de

2072 1256 2325 1323 aeternis,
2359 1271 2487 1326 qua
2521 1258 2779 1309 manent.
2817 1256 2885 1308 Et
2914 1254 3023 1309 hoc
3054 1252 3310 1325 exponit,
3331 1269 3467 1308 cum
3492 1253 3735 1308 subdit:

2073 1345 2208 1412 Quae
2230 1345 2379 1399 enim
2398 1343 2672 1408 videntur,
2706 1343 3036 1411 temporalia
3060 1346 3211 1411 sunt,
3242 1346 3350 1396 etc.
3382 1341 3449 1397 Et
3478 1346 3569 1397 est
3594 1357 3739 1396 sen-

2072 1448 2208 1488 sus:
2243 1433 2360 1487 Nos
2391 1432 2761 1487 solummodo
2807 1430 3153 1487 necessariis
3208 1429 3488 1495 oontenti,
3543 1430 3736 1485 aciem

2073 1522 2286 1576 mentis
2313 1521 2372 1575 in
2406 1536 2638 1590 semper
2668 1536 2950 1575 mansura
2998 1519 3329 1590 dirigimus.

2142 1610 2255 1680 (74)
2290 1611 2446 1679 (CAP.
2480 1610 2572 1679 V.)
2596 1610 2919 1680 Sequitur:
2958 1608 3017 1663 Si
3048 1609 3325 1663 terrestris
3370 1608 3569 1664 domus
3625 1624 3738 1664 no-

2070 1701 2193 1753 stra
2221 1699 2387 1769 hujus
2426 1698 2784 1753 habitationis
2815 1698 3173 1768 dissolvatur,
3206 1701 3316 1753 etc.
3360 1698 3734 1753 Terrestrem

2072 1785 2312 1840 domum
2345 1786 2613 1841 mortalia
2644 1802 2888 1857 corpora
2910 1790 3097 1841 vocat.
3158 1787 3281 1841 Non
3325 1788 3732 1858 manufactam,

2071 1874 2272 1929 eadem
2306 1890 2569 1946 corpora,
2602 1876 2700 1929 sed
2724 1876 2850 1944 jam
2880 1872 3242 1930 immortalia
3272 1875 3523 1929 reddita.
3548 1874 3619 1929 Et
3640 1879 3736 1931 est

2070 1979 2281 2019 sensus
2318 1981 2329 2019 :
2365 1965 2498 2019 Ideo
2564 1964 2621 2017 in
2674 1963 3183 2035 persecutionibus
3241 1966 3298 2018 et
3346 1963 3735 2035 passionibus

2070 2057 2507 2123 perseverantes
2537 2069 2766 2118 sumus,
2800 2056 2857 2107 et
2885 2070 2982 2107 eas
3014 2051 3275 2113 hilariter
3332 2052 3727 2119 sustinemus,

2070 2141 2207 2212 quia
2238 2142 2377 2196 certi
2409 2143 2479 2196 de
2508 2141 2931 2197 resurrectione
2961 2158 3169 2197 sumus
3195 2160 3208 2209 ;
3234 2140 3537 2213 quoniam,
3571 2142 3623 2197 si
3652 2143 3728 2199 ab

2068 2229 2176 2285 hac
2208 2231 2324 2286 vita
2338 2232 2806 2303 migraverimus,
2824 2232 2894 2286 ad
2918 2229 3423 2286 immortalitatem
3446 2231 3728 2287 transibi-

2068 2336 2220 2374 mus.
2260 2320 2322 2373 In
2355 2336 2421 2374 eo
2450 2336 2607 2382 vero.
2640 2320 2794 2392 quod
2826 2319 3004 2374 dicit:
3038 2321 3268 2374 Domum
3293 2318 3585 2375 azternam
3604 2336 3723 2376 non

2062 2412 2456 2479 manu/actam,
2490 2408 2613 2462 vult
2644 2407 2889 2480 intelligi
2917 2414 3249 2463 terrestrem
3274 2408 3677 2463 manufactam
3702 2427 3718 2465 :

2043 2494 2190 2567 'quze
2223 2497 2462 2569 pulchre
2490 2498 2826 2552 manufacta
2851 2498 3085 2563 dicitur,
3121 2496 3399 2569 quoniam
3440 2498 3721 2553 mortalia

2064 2602 2303 2657 corpora
2322 2585 2652 2641 visibilibus
2673 2585 3047 2640 incrementis
3070 2584 3583 2641 administrantur.
3615 2585 3721 2641 Illa

2061 2690 2194 2728 vero
2217 2673 2467 2729 caelestis
2500 2691 2616 2729 non
2659 2674 2994 2729 manufacta
3045 2675 3278 2745 dicitur,
3330 2675 3471 2745 quia
3513 2674 3722 2730 eadem

2063 2778 2306 2833 corpora
2337 2762 2557 2833 Spiritu
2588 2761 2689 2818 Dei
2724 2762 3103 2823 invisibiliter,
3120 2761 3410 2835 spiritalia
3459 2763 3725 2818 efﬁcien-

2066 2854 2185 2904 tur.

2138 2938 2455 3009 Sequitur:
2487 2940 2627 2993 Nam
2655 2947 2706 2994 et
2735 2939 2833 2995 hoc
2882 2940 3066 3011 (715(;
3100 2940 3157 2995 id
3190 2944 3301 3006 est,
3333 2941 3405 2995 ad
3439 2940 3573 3007 hoc,
3634 2942 3727 2998 vel

2067 3031 2304 3098 propter
2334 3027 2442 3082 hoc
2497 3030 2929 3097 ingemiscimus,
2990 3030 3387 3085 habitationem
3449 3033 3724 3101 nostram,

2068 3133 2186 3185 quae
2216 3115 2273 3170 in
2305 3118 2439 3171 caelo
2468 3120 2568 3182 est,
2602 3117 2658 3170 id
2693 3119 2800 3182 est,
2834 3116 3358 3189 immortalitatem,
3389 3120 3727 3189 superinduti

2066 3207 2361 3275 cupientes.
2396 3205 2654 3267 Qualiter
2680 3222 2814 3261 vero
2846 3206 3214 3278 superindui,
3248 3207 3632 3264 manifestat:
3673 3212 3729 3265 si

305 3289 406 3361 qui
437 3290 612 3344 etiam
634 3289 816 3344 vitam
839 3290 1295 3367 parvipendebat
1312 3291 1693 3361 temporalem
1717 3309 1729 3359 ;
1751 3297 1952 3363 quate-
2065 3296 2249 3348 tamen
2278 3296 2467 3349 vestiti
2493 3294 2711 3351 Christo
2740 3295 2909 3366 (716).
2947 3295 3108 3351 Unde
3140 3295 3301 3366 ipse:
3336 3297 3614 3368 Quotquot
3661 3300 3725 3353 iis

304 3394 418 3433 nus
450 3377 668 3433 multos
698 3378 1043 3450 acquireret,
1068 3378 1167 3450 qui
1200 3379 1315 3434 Deo
1342 3379 1661 3451 gratiarum
1693 3380 1952 3437 actiones

303 3468 602 3522 referrent.

374 3554 678 3626 Sequitur:
714 3556 941 3627 Propter
968 3556 1129 3627 quod,
1164 3556 1273 3611 hoc
1304 3562 1394 3611 est
1427 3558 1539 3612 ﬁde
1589 3558 1954 3615 resurrectio-

304 3642 417 3713 nis,
450 3642 537 3698 vel
568 3647 745 3712 certe,
781 3649 842 3699 ut
875 3644 1092 3700 multos
1124 3646 1523 3716 acquiramus,
1550 3646 1608 3700 in
1635 3648 1950 3716 pressuris,

302 3734 362 3784 et
391 3730 767 3800 passionibus
796 3747 907 3787 non
936 3732 1251 3802 defecimus.
1284 3736 1500 3787 Verum
1534 3733 1673 3804 quia
1730 3739 1954 3805 poterat

306 3815 523 3887 aliquis
553 3817 744 3873 dicere
778 3834 789 3872 :
827 3820 1119 3889 quomodo
1151 3837 1265 3877 non
1309 3821 1577 3891 deﬁcitis,
1612 3839 1743 3877 cum
1777 3822 1952 3879 multi

305 3904 756 3976 exstinguuntur
783 3924 851 3961 ex
874 3907 1036 3963 vobis
1059 3908 1086 3963 ?
1110 3909 1241 3964 Ideo
1259 3910 1388 3980 subj
1399 3911 1590 3966 unxit:
1614 3912 1714 3966 sed
1736 3913 1859 3967 licet
1885 3914 1948 3979 is,

305 3995 403 4064 qui
430 3996 569 4064 [oris
597 3998 879 4061 est,noster
905 3998 1062 4053 homo
1091 4003 1495 4070 corrumpatur,
1530 4005 1585 4054 et
1611 4000 1744 4055 rel.:
1780 4018 1845 4056 ac
1876 4000 1951 4057 si-

303 4082 547 4138 dixisset
574 4101 586 4139 :
620 4100 737 4155 quo
770 4085 958 4157 magis
990 4086 1089 4157 qui
1123 4086 1263 4142 foris
1294 4092 1383 4142 est
1412 4088 1702 4160 atteritur,
1726 4105 1791 4145 eo
1825 4107 1948 4146 ma-

302 4168 392 4241 gis
420 4169 663 4225 interior
694 4170 869 4227 homo
898 4173 1185 4229 relevatur
1215 4175 1396 4245 (713):
1436 4180 1511 4242 et,
1546 4193 1661 4247 quo
1702 4180 1950 4234 exterior

302 4258 526 4327 majora
556 4258 776 4330 patitur
803 4260 1081 4331 pericula,
1106 4278 1172 4317 eo
1195 4261 1437 4317 interior
1465 4265 1691 4335 majora
1728 4266 1822 4321 his
1851 4283 1945 4321 ac-

301 4344 484 4416 quirit
511 4344 693 4412 lucra,
729 4352 904 4418 atque
930 4349 1264 4404 accumulat
1317 4351 1574 4422 praemia.
1629 4353 1945 4424 Sequitur:

298 4433 365 4489 Id
392 4435 558 4500 enim,
606 4436 751 4508 quod
781 4438 839 4491 in
893 4440 1164 4509 praesenti
1216 4445 1299 4494 est
1352 4451 1817 4513 momentaneum,
1879 4461 1950 4499 ac

300 4522 434 4590 leve,
465 4528 572 4578 etc.
597 4525 744 4588 Quid
775 4530 863 4580 est
892 4526 1048 4581 enim
1081 4527 1138 4583 in
1171 4529 1441 4599 praesenti
1464 4529 1491 4585 ?
1513 4530 1946 4589 Tribulationes

300 4610 515 4682 quippe
545 4613 895 4683 corporales,
930 4617 1383 4685 persecutiones,
1417 4624 1473 4674 et
1501 4619 1739 4676 similia.
1796 4627 1945 4677 Bene
1976 4646 2022 4709 D

300 4710 436 4768 ergo
481 4704 904 4755 momentaneze
964 4719 1029 4757 ac
1085 4703 1239 4760 leves
1288 4706 1587 4778 dicuntur,
1638 4710 1780 4780 quia
1831 4710 1944 4767 cito

301 4788 627 4855 transeunt,
644 4789 883 4860 etquasi
907 4791 978 4844 ad
997 4796 1359 4848 momentum
1384 4800 1736 4866 praetereunt
1759 4817 1771 4854 :
1799 4804 1947 4856 atta-

300 4888 433 4928 men
462 4892 631 4947 supra
655 4879 883 4933 modum
912 4887 1185 4936 mternum
1215 4883 1415 4952 gloriae
1430 4886 1642 4954 pondus
1666 4894 1943 4958 aperatur.

297 4966 482 5034 Supra
511 4966 732 5022 modum
788 4967 948 5036 dicit,
1010 4969 1150 5040 quia
1204 4969 1364 5025 nulla
1423 4976 1510 5026 est
1566 4979 1944 5047 comparatio.

298 5049 490 5119 Nullo,
523 5052 790 5126 inquam,
825 5062 992 5128 pacto
1025 5063 1255 5114 terrena
1274 5057 1627 5130 ccelestibus,
1661 5067 1949 5137 tempora-

300 5138 378 5193 lia
428 5143 682 5207 aeternis,
711 5144 931 5200 caduca
973 5153 1197 5217 queunt
1244 5149 1568 5219 comparari
1626 5157 1943 5213 mansuris.

300 5226 613 5282 Sciendum
646 5246 809 5298 sane,
834 5232 973 5301 quia
995 5235 1401 5307 metaphoram
1423 5242 1637 5309 servat,
1659 5241 1802 5297 dum
1821 5260 1945 5300 mo-

370 5421 1154 5511 :Ip‘autogfevetatur,
1187 5432 1244 5483 et
1273 5431 1518 5511 fortasse
1563 5434 1730 5504 bene,
1762 5438 1943 5511 quia,

302 5494 357 5545 ut
384 5494 464 5611 liii
490 5494 978 5611 rtiixerim,cortice
999 5500 1218 5570 attrito,
1238 5503 1391 5572 quod
1414 5504 1572 5562 intus
1593 5512 1701 5576 est,
1716 5494 1943 5568 ’διείτὶύέ

298 5577 427 5617 reve
457 5581 488 5613 ιι
519 5578 605 5614 ur.

549 5631 612 5718 in
643 5636 839 5718 autog.
867 5649 1050 5718 marg.
1072 5637 1396 5718 hiclegitur
1417 5660 1540 5718 cap.
1566 5648 1684 5705 XII.

367 5702 522 5774 (725)
551 5701 722 5776 Vulg.
754 5701 889 5763 nam
915 5710 968 5761 et
996 5701 1055 5762 ἷη
1084 5709 1202 5767 hoc.

2064 3380 2271 3435 Christo
2302 3382 2567 3451 baptitati
2594 3382 2726 3437 estis
2756 3382 2928 3453 (717),
2959 3386 3069 3437 etc.
3103 3382 3310 3438 Vestiti
3341 3384 3518 3439 etiam
3581 3384 3720 3453 fide,

2062 3486 2129 3523 ac
2161 3470 2272 3540 piis
2301 3470 2596 3541 operibus,
2631 3474 2682 3526 et
2712 3487 2826 3525 non
2857 3472 2927 3525 ab
2962 3470 3055 3526 his
3084 3473 3231 3526 nudi
3267 3473 3646 3528 inveniamur.

2132 3559 2404 3629 Sequitur
2429 3576 2441 3613 :
2475 3563 2623 3614 Num
2650 3567 2700 3615 et
2729 3560 2826 3631 qui
2854 3576 3045 3614 sumus
3076 3561 3137 3614 in
3167 3562 3266 3615 hoc
3322 3561 3719 3630 tabernaculo,-

2062 3646 2169 3701 hoc
2201 3651 2312 3712 est,
2346 3647 2575 3703 mortali
2607 3664 2869 3720 corpore,
2902 3650 3313 3719 inge-miscimus
3329 3653 3578 3720 gravati;
3602 3653 3720 3708 sci-

2060 3734 2216 3805 licet,
2254 3735 2783 3806 persecutionibus,
2802 3742 2862 3792 et
2886 3737 3131 3793 diversis
3151 3737 3627 3797 calamitatibus:
3657 3757 3720 3798 eo

2061 3823 2200 3893 quod
2227 3825 2484 3900 nolumus
2515 3826 2821 3896 exspoliari
2854 3844 2868 3894 ;
2902 3825 2958 3880 id
2990 3830 3098 3893 est,
3134 3827 3308 3882 ﬁdem
3362 3844 3598 3900 negare,
3653 3834 3721 3885 ut

2060 3898 2297 3967 Christo
2317 3913 2641 3968 nudemur:
2675 3914 2768 3967 scd
2785 3916 3174 3986 supervestiri;
3206 3914 3265 3970 id
3297 3920 3404 3983 est,
3441 3898 3561 3973 non
3586 3898 3591 3899 ί
3617 3935 3718 3975 so-

2061 4000 2182 4055 lum
2217 4001 2678 4072 immortalitate,
2714 4004 2813 4058 sed
2845 4004 3018 4059 etiam
3052 4002 3464 4060 immutatione
3484 4006 3721 4065 donari.

2059 4089 2221 4145 Unde
2242 4090 2396 4146 idem
2430 4091 2605 4147 alibi:
2637 4108 2847 4158 omnes,
2875 4091 3087 4163 inquit,
3122 4109 3479 4162 resurgemus
3512 4099 3561 4164 (Ι
3589 4098 3721 4155 Cor.

2056 4195 2147 4244 xv,
2180 4180 2292 4249 5|),
2327 4185 2435 4233 etc.
2467 4180 2770 4251 Sequitur:
2810 4182 2875 4238 Ut
2904 4181 3264 4237 absorbeatur
3292 4183 3434 4254 quod
3480 4188 3725 4245 mortale

2057 4274 2159 4338 est,
2192 4269 2395 4335 avita;
2430 4268 2539 4322 hoc
2571 4274 2680 4333 est,
2738 4269 2858 4324 vita
2913 4270 3225 4325 absorbent
3273 4276 3546 4327 mortem.
3601 4274 3721 4332 Sed

2058 4356 2292 4427 quando
2320 4356 2441 4411 haec
2465 4357 2869 4428 implebuntur
2889 4358 2917 4412 ?
2940 4358 3075 4413 Cum
3094 4360 3327 4415 mortale
3343 4360 3447 4416 hoc
3468 4362 3724 4419 induerit

2056 4444 2529 4501 immortalitatem
2560 4446 2705 4518 (Ibid
2733 4447 2847 4517 53),
2880 4451 2988 4502 ctc.
3022 4447 3154 4518 Ipse
3181 4447 3378 4515 etiam,
3405 4454 3472 4504 ut
3510 4454 3722 4507 osten-

2055 4535 2216 4588 deret
2245 4551 2404 4603 eum,
2431 4534 2531 4606 qui
2563 4539 2789 4590 tantum
2836 4534 2953 4591 illis
2996 4537 3436 4607 perseverantiae
3486 4539 3719 4597 donum

2054 4622 2368 4686 tribuebat,
2407 4623 2715 4693 subjunxit
2745 4639 2758 4678 :
2793 4624 2899 4690 Qui
2928 4633 3113 4679 autem
3139 4626 3308 4695 efﬁcit
3344 4642 3445 4682 nos
3502 4629 3562 4683 in
3612 4629 3721 4686 hoc

2060 4711 2260 4780 ipsum,
2294 4711 2435 4766 Deus
2465 4711 2861 4781 (subauditur,
2894 4713 3022 4783 est).
3055 4714 3367 4785 Sequitur:
3410 4716 3519 4784 Qui
3563 4716 3723 4776 dedit

2058 4799 2212 4853 nobis
2229 4801 2431 4870 pignus
2460 4800 2688 4871 spiritus
2708 4803 2833 4868 sui,-
2862 4801 3151 4868 videlicet,
3187 4807 3251 4858 ut
3282 4805 3561 4863 certiores
3600 4824 3717 4866 nos

2060 4888 2129 4943 de
2161 4888 2469 4959 promissis
2500 4889 2785 4944 redderet.

2131 4976 2279 5045 (718)
2339 4976 2644 5047 Sequitur:
2703 4978 3000 5034 Audientes
3053 4980 3200 5051 (719)
3260 4983 3454 5052 igitur.
3509 4983 3578 5039 Et
3620 4992 3720 5043 est

2058 5080 2305 5120 sensus:
2342 5066 2497 5120 Inter
2527 5064 2685 5121 varia
2712 5066 2989 5137 pericula,
3025 5071 3082 5122 et
3137 5066 3396 5138 plurima
3440 5071 3713 5143 adversa,

2058 5170 2291 5225 semper
2310 5170 2518 5209 sumus
2540 5155 2868 5220 audientes,
2885 5156 3559 5229 quiescentes.Quoniam
3578 5162 3717 5220 dum

2055 5258 2243 5297 sumus
2273 5245 2333 5297 in
2363 5259 2608 5315 corpore.
2634 5249 2743 5299 etc.
2775 5245 2891 5300 Sed
2913 5245 3098 5300 oritur
3119 5248 3387 5318 quaestio,
3412 5253 3715 5322 quomodo

2124 5440 2272 5511 (716)
2305 5438 2479 5511 Vulg.
2511 5440 2754 5496 verbum
2789 5440 3004 5497 Christo
3035 5458 3151 5497 non
3182 5442 3376 5499 habet.

2123 5510 2271 5584 (717)
2305 5508 2537 5584 Galfin.
2561 5512 2675 5584 727s
2696 5512 2863 5584 Vulg.
2877 5514 3197 5584 quicunque
3214 5516 3367 5571 enim
3391 5514 3451 5572 in
3472 5515 3711 5576 Christo

2051 5581 2323 5649 baptizati
2355 5581 2517 5651 estis,
2545 5581 2842 5637 Christum
2873 5581 3169 5640 induistis.
3202 5591 3313 5641 etc.

2296 5652 2487 5731 {licia
2521 5658 2715 5731 autog.
2750 5670 2937 5729 marg.
2972 5654 3185 5729 legitur
3214 5673 3338 5731 cap.
3400 5656 3551 5716 XIII.

2122 5723 2269 5797 (719)
2302 5723 2471 5796 Vulg.
2506 5723 2784 5783 audentes.
