3902 6418
379 459 495 526 443
1394 455 1733 517 ATTONIS
1782 449 2367 516 VERCELLENSIS
2414 452 2768 518 EPISCOPI
3687 458 3824 518 444

383 599 441 650 et
464 593 593 651 ideo
624 610 779 649 unus
827 609 931 666 pro
990 593 1266 650 omnibus
1314 597 1582 650 mortuus
1640 598 1748 659 est,
1804 597 1869 649 ut
1898 592 2030 648 illos
2058 587 2115 653 A
2144 604 2356 643 novum
2390 590 2632 659 scimus,
2657 594 2713 647 et
2732 591 2804 647 ob
2828 590 2935 646 hoc
2958 589 3134 646 etiam
3149 590 3441 647 neminem
3466 592 3821 648 secundum

384 684 457 740 ad
489 682 993 739 immortalitatem
1053 688 1345 739 revocaret
1372 702 1385 739 :
1429 683 1548 738 sive
1579 698 1783 737 omnes
1815 682 2035 737 mortui
2143 695 2377 735 carnem
2413 680 2986 752 novimus,quoniam
3015 681 3397 751 novitas,quae
3420 680 3478 734 in
3502 679 3603 735 illo
3630 686 3730 736 est
3755 684 3817 736 in

386 777 551 829 erant
580 772 782 827 anima
810 790 823 840 ;
852 777 910 828 et
966 773 1094 828 ideo
1150 790 1304 827 unus
1360 772 1546 841 vivus,
1585 771 1641 826 id
1677 776 1784 833 est,
1815 772 2036 842 peccati
2144 785 2224 830 re,
2252 773 2341 823 est
2362 773 2417 822 et
2439 768 2495 823 in
2528 769 2810 824 membris
2833 769 3451 840 ipsius,verumtamen
3476 769 3535 823 in
3568 786 3700 840 spe.
3730 770 3821 826 De

389 879 561 919 carne
592 867 861 917 mortuus
892 867 1071 930 est,ut
1100 861 1230 917 illos
1248 862 1580 916 vivificaret.
1610 864 1672 917 Ut
1699 863 1795 932 qui
1822 864 2032 927 vivunt,
2144 857 2253 911 hac
2286 857 2541 912 novitate
2598 858 2737 912 dicit
2768 876 2902 912 cum
2961 858 3303 929 subjungit:
3340 858 3400 912 Si
3442 875 3551 929 qua.
3580 875 3716 929 ergo
3756 862 3822 914 in

379 953 502 1023 jam
529 968 637 1007 non
667 952 775 1006 sibi
802 953 1029 1019 viva-nt;
1062 951 1117 1004 id
1142 955 1248 1015 est,
1283 950 1381 1021 qui
1413 950 1616 1004 vivunt
1647 950 1951 1021 redempti,
1982 954 2038 1004 et
2148 945 2357 1001 Christo
2389 963 2529 1001 nova
2548 951 2820 1001 creatura.
2845 948 3061 1002 Novam
3089 952 3417 1002 creaturam
3441 947 3819 1003 ecclesiasti-

2147 1052 2279 1090 cum
2314 1036 2592 1107 populum
2617 1041 2800 1104 vocat,
2837 1038 2934 1109 qui
2970 1054 3155 1092 novus
3186 1041 3293 1105 est,
3324 1036 3411 1092 vel
3441 1053 3545 1109 per
3575 1038 3818 1108 baptis-

2147 1124 2323 1179 matis
2354 1128 2806 1195 renovationem,
2841 1144 3017 1197 quam
3039 1127 3216 1182 habet
3246 1126 3305 1181 in
3339 1143 3417 1195 re,
3451 1124 3537 1180 vel
3572 1144 3683 1198 per
3720 1127 3819 1181 fu-

2146 1218 2292 1268 turae
2324 1215 2768 1270 resurrectionis
2822 1215 3273 1282 renovationem,
3319 1232 3497 1286 quam
3531 1215 3721 1271 habet
3755 1215 3821 1270 in

2148 1318 2271 1373 spe,
2306 1303 2475 1373 cujus
2505 1304 2679 1359 etiam
2706 1304 3014 1375 reparatio,
3044 1303 3416 1375 baptismatis
3437 1308 3527 1358 est
3560 1319 3820 1359 renova-

2149 1390 2266 1445 tio:
2303 1406 2429 1462 quae
2461 1396 2602 1447 tunc
2634 1409 2867 1463 quoque
2911 1391 3021 1447 erit
3054 1392 3325 1462 perfecta,
3358 1392 3591 1463 quando
3620 1391 3822 1448 victo-

2150 1496 2242 1542 res
2275 1479 2563 1535 dixerint:
2600 1482 2697 1537 Ubi
2721 1486 2823 1549 est,
2856 1497 3027 1550 mors,
3051 1483 3283 1535 victoria
3308 1483 3405 1536 tua
3428 1481 3455 1534 ?
3476 1483 3521 1552 (I
3548 1481 3672 1535 Cor.
3711 1499 3821 1543 xv.

2148 1568 2260 1638 55),
2295 1573 2405 1624 etc.

2224 1656 2535 1729 Sequitur:
2572 1659 2759 1714 Vetera
2798 1661 3164 1725 transierunt,
3195 1659 3252 1714 id
3284 1664 3373 1715 est
3402 1676 3535 1731 spes
3567 1648 3815 1731 tempo-

2152 1743 2367 1799 ralium
2401 1763 2592 1801 rerum
2626 1752 2683 1802 et
2713 1752 3078 1803 terrenarum
3110 1748 3569 1820 promissionum
3604 1753 3813 1805 trans-

2153 1832 2257 1900 iit;
2293 1830 2431 1905 quia
2460 1839 2626 1890 vetus
2658 1835 2748 1891 lex
2779 1836 3124 1909 temporalia
3157 1837 3328 1907 bona,
3360 1841 3419 1891 et
3449 1853 3632 1907 regna
3665 1854 3811 1909 pro-

389 1040 787 1104 renovati,non
822 1040 934 1093 sibi
960 1040 1176 1107 vivant,
1209 1040 1264 1094 id
1299 1044 1540 1108 est,non
1574 1040 1698 1094 suis
1728 1039 2036 1094 desideriis

390 1128 770 1184 satisfaciant.
806 1128 1023 1183 Aliter:
1068 1130 1129 1185 Ut
1183 1131 1279 1200 qui
1320 1131 1530 1194 vivunt,
1582 1145 1683 1200 spe
1714 1128 2036 1182 caelestium

390 1217 877 1290 promissionum,
909 1234 1020 1273 non
1076 1219 1183 1272 sibi
1226 1221 1434 1285 vivant,
1494 1234 1596 1289 spe
1625 1216 2036 1289 temporalium

391 1322 606 1362 rerum.

464 1396 609 1471 (724)
639 1396 955 1465 Sequitur:
989 1400 1180 1466 Itaque
1210 1413 1305 1451 nos
1335 1414 1403 1452 ex
1454 1397 1549 1452 hoc
1576 1398 1852 1452 neminem
1882 1397 2038 1451 novi-

390 1500 512 1539 mus
540 1484 838 1539 secundum
898 1503 1142 1541 carnem.
1203 1491 1288 1541 Ex
1345 1487 1441 1541 hoc
1483 1486 1664 1551 dicit;
1721 1486 1825 1540 hoc
1858 1490 1946 1540 est
1975 1502 2039 1540 ex

393 1589 509 1643 quo
539 1576 800 1644 tempore
829 1572 929 1629 ille
959 1575 1294 1640 resurrexit,
1341 1580 1397 1629 et
1424 1576 1669 1629 formam
1716 1574 1941 1639 tribuit,
1976 1579 2043 1629 ut

396 1661 496 1732 qui
526 1663 746 1732 vivunt,
779 1680 895 1717 non
928 1664 1038 1719 sibi
1086 1664 1285 1719 vivant
1312 1668 1589 1719 neminem
1620 1681 1717 1719 nos
1747 1663 2044 1719 secundum

394 1767 616 1807 carnem
642 1755 915 1807 novimus.
976 1753 1044 1808 Et
1100 1770 1280 1824 quare
1334 1754 1543 1809 dixerit
1597 1754 1893 1808 secundum
1920 1770 2042 1808 car-

394 1856 525 1894 nem
556 1841 952 1896 manifestavit
976 1858 1107 1896 cum
1143 1842 1448 1913 subjunxit
1474 1860 1487 1898 :
1520 1845 1585 1897 Et
1614 1846 1662 1897 si
1692 1845 2042 1913 cognovimus

399 1928 679 1984 Christum
707 1931 1002 1985 secundum
1059 1948 1308 1997 carnem,
1355 1932 1447 1986 ,ςεά
1475 1949 1622 1986 mmo
1663 1932 1785 2002 jam
1816 1950 1921 1987 ηοη
1953 1949 2043 1988 ηο.
2072 1950 2122 2015 Β
2155 1922 2423 1979 mittebat
2451 1928 2718 1983 terrena:
2750 1930 2807 1981 et
2836 1926 2965 1981 ideo
2996 1930 3148 1981 recte
3183 1926 3460 1981 dicuntur
3488 1926 3811 1982 transisse.

404 2019 603 2073 vimus.
632 2018 734 2073 Hic
764 2019 935 2091 erigit
951 2020 1304 2075 Manichacus
1328 2021 1661 2092 aurem,qui
1687 2026 1861 2092 negat
1885 2020 2044 2075 Chri-

403 2110 559 2161 stum
592 2123 785 2162 veram
821 2124 1053 2163 carnem
1079 2110 1422 2180 sumpsisse.
1450 2109 1601 2164 Dicit
1626 2110 1779 2163 enim
1814 2108 1971 2181 quia,
1993 2108 2041 2163 si

393 2211 589 2249 veram
611 2212 844 2251 carnem
863 2196 1564 2270 babuisset,nequaquam
1584 2199 2045 2269 diceretAposto-

395 2284 510 2355 lus,
542 2288 591 2339 et
620 2286 671 2339 si
686 2287 1076 2341 novimu.s.Sed
1105 2287 1311 2342 beatus
1340 2287 1704 2358 Augustinus
1727 2287 1903 2342 dicit:
1928 2286 2040 2341 No-

395 2373 643 2429 tandum
673 2375 811 2445 quia
836 2390 951 2429 non
974 2375 1116 2429 dicit
1136 2375 1467 2447 Apostolus,
1488 2377 1594 2431 etsi
1629 2374 1911 2446 suspicati
1946 2392 2043 2429 su-

399 2477 555 2527 mus,
586 2462 686 2516 sed
717 2463 1135 2518 novimus.Rem
1160 2465 1337 2529 enim,
1367 2482 1543 2536 quam
1575 2465 1815 2519 dubiam
1846 2463 2042 2531 habet,

400 2548 753 2620 suspicatur,
785 2568 900 2606 non
933 2566 1059 2607 eam
1094 2569 1270 2623 quam
1300 2552 1478 2608 habet
1513 2553 1827 2625 cognitam.

473 2639 584 2693 Sed
617 2638 709 2693 hic
741 2640 926 2694 oritur
956 2642 1201 2711 quaestio
1233 2659 1338 2697 cur
1367 2642 1523 2697 dicat
1552 2642 1866 2713 Apostolus
1898 2660 1911 2697 :
1945 2642 2047 2697 Sed

399 2744 550 2782 nunc
578 2729 689 2787 iam
719 2745 830 2785 non.
849 2732 1260 2801 novimus,cum
1288 2731 1414 2802 ipse
1436 2733 1713 2788 Dominus
1737 2749 2048 2803 resurgens

401 2834 436 2873 a
466 2817 735 2884 mortuis,
762 2818 885 2873 suis
906 2819 1114 2874 dixerit
1134 2820 1440 2891 discipulis
1467 2838 1480 2875 :
1515 2822 1765 2892 Palpate,
1796 2827 1848 2875 et
1876 2821 2049 2876 videte

400 2907 557 2975 (Luc.
587 2923 739 2973 xxw,
771 2908 881 2977 39),
925 2912 1033 2963 etc.
1067 2909 1178 2964 Sed
1224 2926 1339 2964 non
1370 2914 1457 2965 est
1488 2910 1863 2965 contrarium.
1900 2910 2046 2964 Nam

403 2995 708 3051 sciendum
743 2997 882 3068 quia
939 3014 1071 3054 caro
1111 2998 1168 3053 in
1228 2999 1545 3070 Scripturis
1578 2998 1788 3054 divinis
1818 2999 2049 3068 ponitur

398 3088 518 3139 tam
552 3100 653 3155 pro
711 3085 1084 3153 mortalitate,
1144 3104 1322 3158 quam
1381 3105 1481 3159 pro
1533 3092 1756 3143 naturai
1785 3087 2044 3143 veritate.

400 3172 548 3243 Ergo
579 3172 754 3228 habet
782 3173 935 3229 Deus
980 3174 1245 3231 Christus
1276 3192 1510 3231 carnem
1543 3177 1867 3232 secundum
1899 3176 2045 3230 veri-

400 3264 580 3316 tatem
612 3266 855 3331 naturaa,
889 3264 991 3318 sed
1024 3281 1137 3319 non
1161 3264 1333 3319 habet
1355 3266 1680 3320 secundum
1713 3265 2045 3337 fragilitatis

2153 2010 2317 2067 Nunc
2348 2029 2500 2084 vero,
2563 2015 2702 2085 quia
2757 2015 3054 2086 Evangelii
3107 2015 3296 2087 gratia
3352 2032 3469 2071 non
3511 2017 3815 2087 promittit

2152 2110 2401 2171 terrena,
2436 2104 2538 2157 sed
2568 2103 2845 2170 coelestia,
2872 2121 2988 2159 non
3034 2103 3396 2176 temporalia,
3429 2104 3529 2159 sed
3562 2109 3809 2173 aeterna,

2154 2210 2268 2248 non
2298 2192 2655 2257 transitoria,
2690 2194 2789 2247 sed
2824 2209 3125 2263 mansura,
3165 2194 3292 2249 ideo
3323 2194 3627 2266 sequitur:
3665 2197 3814 2250 Ecce

2150 2287 2297 2355 facta
2325 2287 2452 2337 sunt
2480 2283 2665 2337 omnia
2693 2298 2850 2337 nova.

2224 2372 2535 2444 Sequitur:
2569 2372 2767 2427 Omnia
2798 2378 2984 2427 autem
3029 2389 3098 2428 ea:
3127 2372 3529 2429 Deo.'Pnlchre
3560 2374 3813 2446 quidem

2156 2462 2331 2518 dicit:
2364 2462 2562 2517 Omnia
2610 2478 2680 2515 ex
2709 2462 2834 2530 Deo,
2893 2462 3032 2533 quia
3086 2461 3221 2517 licet
3275 2462 3473 2533 passio
3504 2463 3707 2519 crucis
3742 2464 3814 2519 ad

2156 2567 2465 2624 personam
2497 2549 2624 2604 Filii
2656 2551 2886 2621 proprie
2916 2552 3180 2621 attineat,
3241 2557 3456 2608 nostra:
3484 2557 3688 2607 tamen
3728 2570 3817 2608 re-

2156 2640 2514 2712 demptionis
2543 2643 2601 2695 et
2628 2640 3021 2696 renovationis
3075 2658 3242 2713 Opus,
3277 2642 3459 2696 totius
3489 2645 3581 2696 est
3611 2642 3816 2697 Trini-

2157 2729 2314 2784 tatis.
2351 2730 2530 2783 Item:
2593 2729 2791 2784 Omnia
2841 2746 2911 2785 επ
2972 2731 3118 2792 Deo;
3177 2730 3285 2785 hoc
3339 2736 3448 2797 est,
3498 2736 3620 2785 tam
3656 2748 3819 2787 nova

2157 2835 2335 2891 quam
2367 2823 2425 2873 et
2452 2822 2646 2873 vetera
2678 2836 2690 2885 ;
2721 2819 2859 2890 quia
2882 2835 2983 2890 pro
3004 2824 3336 2891 temporum
3368 2820 3664 2889 varietate,
3709 2839 3815 2878 seu

2157 2907 2461 2978 qualitate,
2490 2911 2740 2978 utraque
2795 2908 3170 2963 Testamenta
3228 2908 3299 2963 ab
3348 2907 3446 2964 illo
3478 2914 3621 2964 sunt
3645 2909 3815 2965 data.

2155 2997 2304 3069 Ergo
2330 2997 2637 3068 utriusque
2670 2997 3025 3052 Testamenti
3073 3014 3229 3053 unus
3261 2999 3431 3053 Deus.
3464 2998 3533 3053 Et
3560 2997 3671 3052 hoc
3712 3000 3815 3055 ad-

2155 3103 2359 3141 versus
2391 3085 2545 3153 illos,
2581 3086 2681 3157 qui
2711 3086 2960 3142 alterum
2992 3088 3179 3143 Deum
3200 3087 3364 3152 Novi,
3393 3086 3656 3142 Alterum
3702 3093 3814 3144 Ve-

2156 3176 2297 3229 teris
2326 3175 2683 3229 Testamenti
2713 3174 3001 3230 dixerunt.

2228 3264 2503 3333 Sequitur
2528 3281 2540 3318 :
2578 3264 2685 3332 Qui
2705 3265 3078 3320 reconciliavit
3108 3281 3210 3320 nos
3240 3265 3350 3320 sibi
3374 3281 3472 3336 per
3501 3264 3812 3322 Christum.

412 3314 443 3315 ,7
890 3314 991 3318 ne
1025 3314 1137 3319 _____
1162 3314 1332 3319 --ηπ
1356 3314 1680 3320 ---η-τ-..
1713 3314 2043 3337 --_O__-____-
2230 3314 2490 3333 “qm---
2528 3314 2539 3318 -
2581 3314 2677 3332 κ---
3110 3314 3206 3320 --η
3241 3314 3344 3320 --η
3374 3314 3453 3336 Γ-.
3506 3314 3590 3320 _.-.
3615 3314 3812 3322 mm.-.

402 3348 854 3407 mortalitatem:
911 3352 1052 3420 Quia
1108 3370 1397 3424 resurgens
1452 3371 1491 3410 α
1518 3356 1750 3409 mortuis
1782 3356 1904 3426 jam
1934 3370 2044 3408 non
2075 3314 2119 3386 α
2159 3353 2394 3407 Primus
2450 3351 2623 3407 homo
2685 3357 2913 3408 creatus
2970 3353 3190 3409 astutia
3217 3353 3432 3409 diaboli
3485 3354 3677 3410 fuerat
3717 3357 3814 3411 de-

396 3440 637 3494 moritur
665 3440 837 3511 (Rom.
869 3457 944 3505 v1,
976 3441 1053 3508 9),
1087 3447 1193 3497 etc.
1227 3443 1283 3497 Si
1326 3459 1461 3514 ergo
1491 3445 1572 3499 ita
1597 3444 1667 3499 de
1699 3443 1926 3499 Christo
1955 3443 2044 3497 in-

396 3528 577 3601 telligi
609 3533 817 3600 potest,
847 3547 1027 3601 quare
1058 3532 1330 3604 superius
1351 3533 1593 3589 dixerit:
1628 3535 1915 3589 Neminem
1943 3548 2044 3587 no-

398 3618 579 3672 vimus
606 3620 907 3675 secundum
931 3637 1153 3677 carnem
1172 3623 1200 3676 ἲ
1225 3622 1523 3693 Numquid
1552 3623 1676 3692 ipse
1698 3639 1812 3677 non
1835 3627 1958 3677 erat
1986 3622 2045 3676 in

400 3720 593 3774 carne,
627 3710 729 3761 aut
755 3706 863 3771 illi,
914 3709 1131 3778 quibus
1177 3708 1573 3781 loquebatur?
1617 3710 1813 3778 Erant,
1844 3714 1901 3766 et
1931 3727 2043 3764 non

402 3797 569 3848 erant
597 3793 656 3846 in
689 3811 882 3849 carne.
906 3796 1030 3852 Non
1054 3803 1239 3864 erant,
1259 3798 1396 3869 quia
1426 3816 1538 3853 non
1584 3798 1643 3853 in
1676 3816 1777 3871 spe
1807 3798 2050 3855 saecula-

404 3880 559 3936 rium
590 3899 787 3938 rerum
820 3887 921 3939 aut
941 3886 1356 3958 temporalium
1376 3887 1665 3942 honorum
1697 3888 2046 3955 manebant;

404 3987 471 4027 eo
504 3972 657 4043 quod
689 3989 751 4028 se
772 3973 873 4029 diu
898 3991 1012 4029 non
1048 3991 1464 4047 permansuros
1485 3976 1886 4046 intelligebant
1909 3995 1922 4045 ;
1947 3977 2048 4033 sed

402 4062 464 4116 in
496 4078 600 4133 spe
629 4060 934 4130 habentes,
970 4065 1321 4136 quandoque
1353 4082 1414 4121 se
1444 4066 1515 4121 ad
1550 4065 2048 4122 immortalitatem

405 4148 780 4217 transituros,
808 4152 1157 4207 credebant:
1193 4170 1351 4213 nam.
1376 4155 1529 4225 quod
1554 4155 1664 4210 sub
1695 4172 1798 4226 spe
1827 4160 2049 4210 certum

407 4242 552 4307 erat,
584 4238 752 4310 quasi
776 4239 902 4309 jam
936 4240 1155 4295 factum
1214 4240 1526 4296 habebant.
1579 4244 1737 4307 Quod
1772 4259 1903 4298 vero
1936 4260 2049 4314 res,

407 4344 536 4400 quae
558 4326 668 4382 sub
691 4343 793 4399 spe
813 4331 969 4383 certa
992 4329 1427 4400 habetur,quasi
1444 4330 1569 4400 jam
1593 4330 1743 4386 facta
1766 4335 2050 4400 teneatur,

406 4416 565 4473 idem
596 4417 720 4488 ipse
752 4416 1107 4487 manifestat,
1141 4434 1275 4473 cum
1334 4418 1511 4474 dicit:
1546 4419 1606 4473 Si
1630 4422 2055 4476 consurrexistis

410 4522 533 4562 cum
566 4505 778 4561 Christo
809 4506 1032 4577 (Cotoss.
1067 4524 1148 4577 ιιι,
1186 4509 1255 4577 1),
1289 4512 1398 4563 etc.
1433 4508 1557 4565 Non
1590 4508 1709 4574 illa,
1743 4526 1861 4581 qua
1890 4509 2053 4566 Chri-

410 4600 507 4649 tus
526 4595 881 4660 resurrexit,i
891 4612 992 4666 pse
1014 4597 1332 4652 resurrexit
1355 4616 1368 4665 ;
1395 4599 1495 4653 sed
1514 4601 1652 4653 tunc
1676 4599 1784 4654 sub
1809 4616 1911 4671 spe
1931 4615 2054 4654 cer-

2154 3446 2401 3513 ceptus:
2439 3441 2561 3507 sed,
2597 3457 2667 3495 ne
2722 3441 2783 3496 in
2828 3447 3109 3497 aeternum
3172 3442 3403 3513 periret,
3456 3443 3623 3499 misit
3652 3443 3811 3499 Deus

2156 3530 2366 3586 Filium
2400 3547 2596 3597 suum,
2632 3535 2697 3585 ut
2727 3546 2858 3586 eum
2888 3531 3000 3586 sibi
3037 3531 3439 3588 reconciliaret
3468 3549 3482 3599 ;
3514 3538 3810 3604 quatenus

2156 3637 2259 3693 per
2289 3636 2423 3675 eum
2454 3620 2767 3673 redimeret
2793 3619 3225 3691 hominem,per
3255 3637 3427 3691 quem
3456 3621 3639 3677 etiam
3666 3623 3809 3677 fece-

2157 3712 2248 3764 rat
2278 3706 2596 3762 hominem.
2633 3707 2945 3779 Sequitur:
2976 3709 3043 3763 Et
3069 3707 3219 3763 dedit
3246 3710 3403 3764 nobis
3431 3708 3811 3766 ministerium

2158 3797 2639 3855 reconciliationis.
2699 3797 2935 3852 Dixerat
3002 3814 3064 3852 se
3122 3798 3604 3866 reconciliatum;
3672 3799 3811 3855 dicit

2159 3887 2333 3944 etiam
2392 3901 2455 3941 se
2512 3885 2804 3956 accepisse
2870 3885 3357 3943 reconciliationis
3416 3890 3806 3961 mysterium;

2160 3975 2438 4049 quoniam
2472 3974 2605 4029 talis
2626 3979 2750 4029 erat
2779 3975 3015 4041 ordo,ut
3043 3976 3209 4047 prius
3228 3976 3438 4032 Filium
3469 3993 3648 4033 suum
3685 3978 3810 4033 mit-

2158 4070 2324 4129 teret,
2359 4064 2457 4137 qui
2491 4063 2790 4118 hominem
2821 4064 3216 4131 redimeret,et
3245 4064 3353 4120 sibi
3384 4065 3805 4131 reconciliaret,

2162 4152 2617 4227 quem,peractis
2645 4152 3020 4219 omnibus,ad
3045 4170 3175 4225 qua:
3198 4154 3806 4226 venerat,assumpsit,

2163 4248 2220 4299 et
2248 4243 2370 4297 vice
2401 4243 2549 4312 ejus,
2609 4241 3101 4297 reconciliationis
3132 4241 3553 4310 ministerium,
3585 4241 3697 4298 hoc
3728 4244 3811 4297 est

2162 4330 2594 4404 prmdicationis
2626 4329 2885 4385 officium
2907 4329 3187 4402 apostolis
3218 4331 3653 4396 tradidit.Quod
3678 4335 3810 4386 tunc

2164 4422 2384 4476 factum
2433 4423 2542 4487 est,
2599 4420 2834 4490 quando
2890 4418 3071 4474 dixit:
3132 4420 3335 4474 Euntes
3394 4418 3574 4474 docete
3605 4417 3807 4491 (Matth.

2162 4526 2357 4576 xxvm,
2394 4509 2501 4580 19),
2536 4513 2643 4564 etc.

2237 4597 2517 4669 Sequitur
2542 4614 2554 4652 :
2590 4598 2864 4665 Quoniam
2918 4596 3138 4667 quidem
3167 4597 3307 4652 Deus
3335 4604 3454 4653 erat
3483 4598 3542 4651 in
3574 4595 3810 4661 Christo,

412 4688 510 4739 tus
541 4684 833 4750 manebat,
866 4684 1006 4755 quia
1036 4701 1160 4755 quae
1193 4686 1487 4756 praecessit
1518 4687 1575 4741 in
1609 4689 1824 4760 Capite,
1858 4701 2059 4759 seque-
2086 4683 2136 4752 D
2166 4686 2277 4743 hoc
2305 4692 2395 4744 est
2425 4687 2592 4741 Pater
2620 4686 2678 4740 in
2712 4686 2875 4740 Filio.
2923 4686 3033 4740 Sed
3065 4686 3336 4758 nunquid
3366 4686 3448 4741 ita
3476 4689 3602 4740 erat
3630 4685 3693 4739 in
3727 4683 3808 4738 Fi-

412 4777 573 4830 retur
602 4771 661 4828 in
694 4772 977 4828 membris
1005 4789 1020 4840 ;
1053 4778 1109 4827 et
1166 4773 1379 4828 iterum
1405 4791 1418 4828 :
1464 4776 1571 4842 Qui
1596 4777 1773 4832 salvos
1800 4793 1899 4832 nos
1927 4779 2059 4847 fecit

404 4880 506 4935 per
535 4863 819 4918 lavacrum
849 4864 1279 4932 regenerationis
1335 4865 1387 4916 et
1416 4867 1784 4921 renovationis
1815 4868 1935 4937 (Tit.
1969 4884 2055 4932 III,

407 4955 484 5024 5),
517 4956 628 5008 etc.
661 4951 940 5023 Nunquid
965 4950 1067 5006 illa
1095 4950 1336 5007 salvatio
1357 4954 1818 5023 resurrectionis,
1843 4972 1972 5026 quae
1996 4956 2057 5011 in

409 5041 763 5113 baptismate
784 5041 1281 5113 praeﬁguratarjn
1307 5041 1511 5096 eodem
1536 5042 1887 5113 baptismate
1910 5044 2056 5100 cele-

410 5129 661 5185 bratur?
689 5130 834 5185 Non.
869 5130 979 5187 Sed
1034 5147 1157 5199 spe,
1190 5146 1325 5184 cum
1374 5130 1452 5185 sit
1492 5130 1707 5202 futura,
1741 5132 1909 5202 quasi
1931 5134 2058 5204 jam

414 5217 563 5272 facta
594 5222 845 5273 tenetur.
879 5219 1112 5274 Dixerat
1144 5220 1316 5288 paulo
1365 5219 1674 5289 superius:
1712 5225 1793 5275 Ex
1821 5221 1918 5277 hoc
1937 5224 2059 5292 jam

408 5307 687 5360 neminem
709 5308 961 5361 novimus
981 5307 1275 5363 secundum
1292 5325 1536 5363 carnem.
1563 5308 1749 5371 Quare
1770 5309 1878 5364 hoc
1901 5310 2057 5366 dixe-

411 5393 507 5462 rit,
531 5393 821 5448 ostendit:
846 5397 973 5465 quia
999 5398 1101 5450 etsi
1117 5399 1474 5465 cognovimus
1490 5398 1792 5452 secundum
1814 5415 2057 5468 carnem,

410 5499 519 5539 non
550 5483 805 5537 novimus
833 5482 1128 5551 Christum,
1161 5491 1268 5541 etc.
1297 5504 1309 5554 ;
1343 5504 1408 5541 ac
1440 5486 1487 5540 si
1521 5486 1649 5541 aliis
1680 5488 1874 5543 verbis
1905 5487 2058 5543 dice-

412 5576 534 5627 ret:
571 5569 696 5625 Non
728 5568 895 5626 illum
931 5573 1253 5628 secundum
1310 5591 1541 5631 carnem
1592 5575 1884 5645 novimus,
1919 5576 2059 5648 quia

416 5729 729 5844 "17253;
746 5730 954 5839 suae”.
982 5734 1183 5837 ang:
1198 5734 1305 5825 hic
1328 5742 1555 5841 nam
1581 5738 1943 5841 gazam?
1961 5734 1994 5756 ’ί

2168 4777 2266 4845 lio,
2298 4776 2477 4831 veluti
2527 4776 2586 4830 in
2628 4774 2998 4847 patriarchis,
3056 4780 3114 4830 et
3144 4773 3493 4847 prephetis?
3519 4774 3669 4828 Non.
3703 4773 3810 4828 Nec

2169 4866 2346 4921 etiam
2379 4865 2531 4920 sicut
2556 4864 2614 4918 in
2645 4863 2891 4936 angelis.
2922 4863 3068 4929 Quia
3097 4864 3156 4918 in
3187 4864 3305 4919 illis
3337 4880 3440 4934 per
3468 4860 3807 4936 gratiam,in

2169 4954 2281 5010 isto
2312 4970 2414 5025 per
2445 4952 2909 5008 naturam.Unde
2938 4953 3064 5024 ipse
3094 4952 3236 5008 dicit
3261 4968 3273 5008 :
3304 4952 3476 5007 Pater
3498 4953 3557 5006 in
3588 4968 3679 5006 me
3706 4964 3811 5004 ma-

2168 5060 2328 5109 nens,
2360 5045 2477 5115 ipse
2506 5042 2650 5114 facit
2701 5058 2869 5112 opera
2917 5042 3091 5111 (Joan.
3151 5058 3262 5111 xxv,
3297 5041 3422 5112 10):
3454 5044 3513 5096 et
3541 5040 3682 5095 item
3713 5040 3811 5108 Ego

2169 5136 2221 5187 et
2250 5134 2426 5186 Pater
2454 5147 2626 5185 unum
2654 5146 2846 5185 sumus
2876 5130 3049 5201 (Joan.
3088 5147 3224 5196 xvu,
3258 5130 3346 5197 11)
3371 5145 3383 5196 ;
3416 5134 3474 5184 et
3502 5130 3643 5184 item
3668 5145 3681 5183 :
3717 5128 3815 5195 Qui

2169 5238 2280 5287 me,
2313 5222 2463 5274 misit
2493 5235 2705 5274 mecum
2738 5223 2815 5273 est
2844 5220 3024 5290 (Joan.
3056 5236 3178 5286 VIII,
3211 5219 3324 5290 29),
3357 5223 3469 5273 etc.
3503 5216 3813 5290 Sequitur:

2172 5311 2550 5367 Reconcilians
2573 5309 2685 5364 sibi
2703 5309 2991 5363 mundum.
3027 5307 3313 5363 Mundam
3345 5324 3580 5380 quoque
3608 5306 3815 5362 electos

2171 5398 2446 5472 appellat,
2479 5399 2549 5453 de
2581 5398 2799 5468 quibus
2829 5397 3154 5453 Dominus:
3196 5398 3313 5453 Non
3340 5399 3466 5453 veni
3493 5401 3553 5451 ut
3572 5397 3815 5467 judicem

2168 5488 2433 5542 mundum
2488 5490 2670 5556 (Joan.
2728 5504 2831 5553 xu,
2889 5488 2978 5553 47,
3028 5490 3137 5542 etc.
3192 5486 3298 5542 Per
3342 5491 3533 5541 totum
3567 5495 3815 5555 namque

2170 5579 2462 5634 mundum
2480 5581 2569 5634 est
2588 5577 2932 5646 mundus;et
2953 5576 3241 5632 mundum
3259 5574 3636 5647 persequitur
3656 5587 3816 5631 mun-
