3902 6412
115 453 218 516 445

659 455 1078 521 EXPOSITIO
1123 457 1201 520 IN
1247 459 1683 521 EPISTOL.\S
1729 456 1988 521 PAULI.
2016 490 2094 502 -
2134 456 2213 520 IN
2255 456 2508 521 EPIST.
2554 458 2608 521 ΙΙ
2655 459 2763 520 AD
2805 458 2986 522 COR.

3393 460 3513 521 446

114 590 235 659 dus,
263 586 680 659 coinquinatus
711 592 1022 659 mundum,
1056 593 1321 665 perditus
1350 595 1743 665 redemptum,
1775 592 1832 659 Α
1862 591 2049 663 fungi,
2077 598 2317 665 propter
2350 593 2507 665 quod
2536 592 2715 650 etiam
2746 594 3086 649 obsecrasse
3119 610 3181 649 se
3211 593 3510 650 ostendit:

115 679 412 734 damnatus
443 678 756 735 salvatum.
783 682 861 736 Ex
881 681 989 736 hoc
1019 700 1252 755 quoque
1276 684 1497 739 mundo
1524 682 1747 755 perdito

115 773 195 823 est
222 767 473 822 mundus
504 767 759 836 electus;
796 772 952 826 unde
1002 773 1322 829 Dominus:
1374 777 1481 843 Ego
1536 788 1626 827 vos
1652 772 1749 825 in-

1859 685 1914 736 et
1947 681 2076 737 ideo
2107 682 2448 753 aggreditur
2481 699 2634 737 nunc
2663 682 2978 751 exhortari,
3013 687 3076 737 ut
3106 698 3280 737 suum
3322 683 3513 738 adim-

1858 769 2014 840 pleat
2042 772 2301 826 officium
2329 788 2340 825 :
2374 771 2456 826 ait
2485 772 2642 827 enim
2669 789 2681 825 :
2715 772 3018 843 Ajuvantes
3062 775 3250 826 autem
3281 789 3511 842 sumus,

118 857 249 929 quit,
279 857 416 925 elegi
443 857 509 911 de
538 859 951 929 mundanan.
980 878 1071 927 xv,
1107 863 1215 932 19),
1248 867 1358 918 etc.
1417 864 1534 917 Non
1583 879 1749 932 νερειδ-
1857 858 2129 914 videlicet
2159 860 2399 923 orando,
2431 864 2489 915 et
2517 860 2893 916 exhortamur
2923 861 3312 917 admonendo.

116 947 362 1002 tonsillis
390 946 611 1013 delicta,
646 955 703 1003 et
728 950 931 1020 gratis,
966 954 1024 1005 et
1054 951 1311 1007 indebita
1344 970 1445 1023 per
1502 953 1748 1022 gratiam

118 1035 473 1108 baptismatis
506 1042 741 1107 peccata
769 1038 886 1094 illis
912 1040 1158 1109 dimisit,
1184 1041 1364 1097 nullis
1394 1042 1751 1114 precedenti—

116 1126 217 1180 bus
246 1124 483 1180 meritis.

181 1215 486 1286 Sequitur:
520 1218 585 1272 Et
610 1220 795 1288 posuit
827 1222 886 1274 in
943 1221 1099 1275 nobis
1155 1223 1384 1277 verbum
1428 1222 1753 1278 reconcilia-

115 1308 285 1361 tionis.
313 1309 433 1360 Hoc
464 1311 572 1373 est,
607 1309 761 1378 quod
797 1310 1068 1381 superius
1087 1310 1333 1377 dixerat,
1357 1311 1753 1366 ministerium

118 1392 618 1451 reconciliationis.
652 1400 898 1469 Propter
946 1403 1108 1470 quod
1168 1404 1225 1455 et
1273 1401 1755 1471 subjungit:Pro

116 1482 313 1539 Christo
341 1500 469 1555 ergo
492 1485 762 1555 legatione
779 1490 1090 1557 fungimur,
1116 1489 1226 1544 hoc
1257 1495 1348 1545 est
1375 1490 1496 1544 vice
1517 1489 1753 1545 Christi.

117 1571 406 1643 Sequitur:
470 1576 933 1632 Reconciliamini
987 1580 1114 1633 Deo.
1175 1579 1285 1633 Sed
1343 1579 1497 1633 unde
1544 1566 1609 1632 fit
1637 1578 1757 1632 haec

114 1661 496 1718 reconciliatio
517 1663 546 1717 ?
574 1664 857 1720 Videlicet
888 1683 956 1720 ex
975 1665 1758 1722 inimicitiis.Verumtamen

116 1750 215 1806 has
244 1750 584 1808 inimicitias
606 1759 844 1825 peccata
874 1760 1227 1827 genuerunt,
1263 1773 1377 1812 non
1402 1756 1640 1828 quidem
1664 1772 1762 1811 na-

118 1845 258 1895 tura.

1933 948 2244 1018 Sequitur:
2277 950 2353 1003 Ne
2383 951 2442 1003 in
2474 967 2706 1005 vacuum
2769 953 3019 1023 gratiam
3070 952 3171 1006 Dei
3194 952 3511 1021 recipiatis.

1862 1036 2033 1092 Multi
2055 1039 2314 1108 gratiam
2349 1038 2448 1093 Dei
2476 1039 2534 1093 in
2567 1056 2816 1095 vacuum
2850 1040 3161 1112 recipiunt.
3212 1039 3301 1095 Illi
3332 1039 3511 1107 enim,

1864 1127 1964 1198 qui
1998 1125 2202 1181 divinm
2227 1126 2594 1196 inspirationi
2618 1146 2735 1184 sua:
2758 1128 3076 1185 voluntatis
3097 1129 3367 1185 effectum
3383 1130 3519 1201 jun-

1864 1220 2029 1285 gunt,
2063 1215 2315 1285 gratiam
2346 1215 2406 1271 in
2437 1233 2691 1272 vacuum
2723 1235 2839 1273 non
2873 1217 3199 1289 recipiunt;
3247 1217 3520 1273 similiter

1866 1309 1925 1359 et
1952 1304 2049 1373 qui
2079 1304 2431 1374 sapientiam
2464 1323 2496 1360 a
2527 1306 2642 1360 Deo
2674 1307 2940 1378 percipit,
2974 1307 3022 1362 si
3073 1308 3130 1361 in
3185 1322 3274 1375 ea,
3308 1311 3373 1361 ut
3402 1306 3515 1363 Deo

1866 1392 2111 1465 placeat,
2145 1393 2411 1461 desudat,
2438 1395 2685 1464 gratiam
2716 1396 2813 1449 Dei
2836 1396 2895 1451 in
2918 1413 3169 1452 vacuum
3192 1414 3306 1451 non
3331 1396 3519 1452 susci-

1867 1481 1952 1555 pit
1977 1499 1990 1549 ;
2025 1480 2300 1537 similiter
2320 1488 2511 1554 potest
2536 1483 2787 1557 intelligi
2813 1485 2883 1540 de
2907 1486 3041 1553 ﬁde,
3066 1490 3123 1541 et
3138 1486 3517 1556 czeteris,qu:e

1867 1571 2044 1625 homo
2068 1570 2297 1625 cmlitus
2322 1573 2583 1644 percipit.
2607 1573 2755 1628 Nam
2780 1573 3081 1629 sciendum
3108 1573 3323 1646 quia,si
3345 1574 3521 1629 homo

1868 1659 2228 1715 voluntatem
2296 1662 2594 1733 propriam
2640 1663 2958 1729 amisisset,
3015 1663 3341 1720 exhortatio
3407 1680 3522 1718 non

1868 1748 2262 1819 prodesset,et
2284 1749 2333 1804 si
2366 1750 2489 1806 sola
2519 1751 2792 1808 voluntas
2813 1753 3129 1820 sufficeret,
3153 1767 3523 1823 nequaquam

1871 1837 2025 1892 idem
2057 1838 2369 1909 Apostolus
2400 1839 2540 1893 alibi
2572 1839 2826 1897 diceret:
2860 1843 2923 1897 Et
2952 1844 3145 1911 gratia
3174 1842 3289 1913 ejus
3336 1842 3397 1895 in
3439 1856 3528 1895 me

183 1930 493 2001 Sequitur:
532 1937 691 1999 Eum,
752 1936 848 2005 qui
876 1951 985 1991 non
1044 1940 1274 1991 noverat
1323 1945 1627 2008 peccatum,
1658 1950 1762 2007 pro

1945 1942 2047 1980 cua
2078 1943 2187 1981 non
2217 1929 2328 1998 fuit
2356 1929 2401 1997 (I
2434 1928 2554 1983 Cor.
2584 1946 2675 1995 xv,
2711 1931 2821 2001 10).

116 2019 260 2073 nobis
283 2024 571 2090 peccatum
604 2025 756 2093 fecit.
789 2026 897 2079 Sed
932 2026 1316 2096 quaerendum
1346 2029 1436 2081 est
1466 2042 1646 2097 quare
1678 2025 1765 2079 di-

123 2111 248 2161 cat:
283 2114 573 2166 Peccatum
591 2113 740 2181 fecit,
775 2130 906 2167 cum
942 2114 1013 2169 de
1045 2114 1144 2169 illo
1174 2116 1460 2185 scriptum
1520 2116 1631 2170 sit:
1667 2116 1774 2181 Qui

123 2200 400 2266 peccatum
428 2216 543 2254 non
571 2203 701 2269 fecit
730 2204 857 2272 (Isa.
893 2219 1011 2272 LIII,
1035 2203 1110 2263 9;
1145 2205 1168 2258 1
1194 2205 1339 2258 Petr.
1378 2220 1440 2269 ιι,
1468 2204 1581 2269 22),
1615 2207 1723 2256 etc.
1757 2218 1769 2255 :

125 2284 216 2338 sed
246 2284 388 2341 talis
419 2292 509 2342 est
529 2304 740 2343 sensus
765 2306 777 2343 :
814 2289 1121 2344 Peccatum
1146 2307 1249 2360 pro
1274 2290 1444 2345 nobis
1472 2290 1775 2361 fecit,quia

125 2372 373 2429 hostiam
407 2375 575 2431 illum
621 2393 724 2448 pro
772 2379 1025 2448 peccatis
1083 2379 1302 2433 nostris
1362 2378 1592 2434 obtulit.
1625 2378 1771 2432 Nam

116 2462 325 2531 hostia,
362 2481 494 2535 quae
528 2482 630 2536 pro
665 2471 901 2537 peccato
932 2467 991 2521 in
1015 2466 1200 2523 Veteri
1231 2468 1604 2523 Testamento
1633 2466 1770 2522 011⁸6-

118 2553 369 2616 rebatur,
411 2557 718 2623 peccatum
753 2554 1076 2610 dicebatur.
1111 2556 1278 2625 Item,
1330 2562 1634 2629 peccatum
1668 2572 1771 2627 pro

115 2641 271 2697 nobis
306 2641 470 2708 fecit,
508 2642 646 2714 quia
678 2660 781 2714 per
811 2660 1068 2713 carnem,
1101 2644 1155 2699 id
1181 2650 1290 2710 est,
1317 2662 1420 2716 per
1440 2642 1773 2699 similitudi-

115 2744 236 2784 nem
269 2730 473 2784 carnis
506 2732 723 2800 peccati
777 2732 1091 2787 habentem
1144 2734 1201 2788 in
1266 2734 1430 2789 nobis
1463 2738 1768 2805 peccatum

114 2816 431 2875 damnavit.
465 2818 629 2874 Unde
657 2821 811 2875 idem
839 2821 1153 2891 Apostolus
1185 2822 1323 2876 alibi
1350 2839 1362 2877 :
1412 2823 1644 2891 Mittens,
1678 2822 1767 2874 in-

116 2908 257 2977 quit,
292 2910 434 2963 Deus
459 2910 664 2964 Filium
683 2927 843 2965 suum
876 2912 937 2965 in
965 2912 1389 2967 similitudinem
1427 2913 1615 2967 carnis
1640 2925 1767 2981 pec-

112 3000 215 3052 cati
243 2998 424 3069 (Rom.
461 3014 587 3066 vm,
619 3000 697 3070 3),
730 3004 838 3054 etc.

184 3088 245 3143 Ut
273 3104 380 3143 nos
409 3090 759 3158 efﬁceremur
780 3091 1004 3160 justitia
1041 3093 1142 3145 Dei
1170 3092 1231 3145 in
1260 3093 1397 3162 ipso,
1432 3092 1542 3148 hoc
1592 3097 1681 3147 est
1709 3092 1768 3147 in

114 3174 384 3243 Ecclesia,
420 3194 556 3248 qum
586 3182 677 3233 est
705 3194 919 3249 corpus
949 3179 1100 3248 ejus,
1135 3181 1306 3250 cujus
1365 3181 1542 3236 etiam
1595 3187 1771 3252 caput

111 3262 227 3334 ipse
256 3270 368 3320 est.
402 3267 577 3333 Nota,
610 3267 749 3338 quia
770 3266 1063 3338 justitiam
1092 3269 1186 3323 Dei
1209 3270 1369 3324 dicit.
1396 3269 1582 3324 Judaei
1605 3287 1767 3324 nam-

1952 2014 2151 2069 Voluit
2179 2033 2433 2088 namque
2453 2017 2767 2090 Apostolus
2792 2035 2959 2074 suam
2980 2018 3374 2075 narrationem
3398 2034 3531 2074 con-

1881 2103 2117 2158 ﬁrmare
2141 2104 2430 2176 exemplo,
2453 2105 2701 2178 ideoque
2723 2108 3024 2177 subjuxit:
3058 2110 3140 2163 ait
3166 2108 3529 2175 (subaudias,

1882 2192 2086 2263 Isaias)
2115 2210 2126 2246 :
2168 2194 2421 2263 Tempore
2449 2205 2672 2263 accepto
2702 2197 2970 2251 exaudiui
2998 2204 3049 2251 te
3087 2198 3214 2267 (Isa.
3264 2213 3416 2263 xLix,
3450 2197 3530 2267 8),

1882 2284 1990 2334 etc.
2026 2280 2284 2351 Tempus
2316 2282 2528 2354 quippe
2563 2289 2888 2355 acceptum,
2920 2288 2977 2339 et
2997 2285 3151 2340 diem
3173 2284 3533 2351 salutis,sta-

1883 2373 2008 2423 tum
2043 2369 2297 2440 appellat
2327 2371 2458 2425 vita:
2491 2373 2815 2441 praesentis,
2846 2374 2904 2428 in
2939 2390 3055 2445 qua
3080 2374 3331 2445 quisque
3360 2390 3530 2429 suam

1881 2462 2075 2528 potest
2105 2460 2331 2530 operari
2364 2459 2639 2516 salutem.
2676 2463 2802 2534 Ipse
2853 2480 3129 2534 namque,
3189 2464 3343 2535 quod
3376 2467 3534 2518 esset

1882 2546 1991 2601 hoc
2022 2551 2277 2619 tempus,
2312 2549 2599 2619 exposuit,
2655 2567 2789 2606 cum
2851 2551 3191 2623 subjunxit:
3225 2553 3357 2607 Ecce
3382 2567 3534 2606 nunc

1881 2642 2091 2706 tempus
2121 2639 2474 2707 acceptabile,
2507 2643 2615 2693 etc.
2650 2641 2820 2710 (726).
2846 2642 2977 2695 Ecce
3003 2655 3155 2696 nunc
3201 2640 3362 2707 dicit,
3397 2657 3530 2712 pro-

1880 2728 2010 2795 pter
2024 2730 2260 2796 tempus
2282 2726 2599 2782 Dominicm
2625 2729 3068 2796 lncarnationis,
3084 2729 3225 2801 quia
3245 2728 3533 2801 propheta

1879 2812 1950 2867 de
1972 2811 2069 2868 illo
2094 2814 2440 2884 pradixerat
2462 2815 2516 2870 in
2539 2833 2789 2888 persona
2810 2817 2910 2873 Dei
2944 2818 3326 2890 Patris,quasi
3350 2816 3530 2873 dixis-

1879 2906 2003 2956 set:
2035 2904 2286 2973 Tempore
2306 2908 2549 2973 accepto,
2572 2906 2630 2961 id
2661 2912 2746 2963 est
2777 2908 2905 2963 Filii
2936 2908 3049 2965 mei
3081 2909 3528 2965 Incarnationis.

1880 2989 2399 3047 Praedestinaverat
2430 3011 2685 3066 namque
2716 2996 2871 3053 Deus
2899 2997 3070 3052 Pater
3101 2997 3354 3053 maxime
3381 3002 3529 3053 tem-

1878 3096 2015 3151 pore
2048 3081 2470 3137 Incarnationis
2502 3085 2786 3155 unigeniti
2826 3084 2948 3139 Filii
2998 3085 3114 3150 sui,
3164 3089 3436 3156 gratiam,
3470 3090 3528 3141 et

1877 3168 2125 3223 salutem
2160 3174 2435 3240 praestare
2458 3173 2852 3228 credentibus.
2884 3174 3034 3229 Huic
3054 3173 3357 3230 salutifero
3378 3179 3528 3230 tem-

1878 3257 2003 3328 pori
2030 3262 2088 3313 et
2116 3257 2229 3311 diei
2260 3260 2518 3313 succedit
2540 3277 2674 3326 nox,
2706 3260 2764 3316 in
2796 3279 2913 3333 qua
2944 3280 3115 3318 nemo
3147 3264 3359 3335 poterit
3388 3280 3524 3335 ope-

111 3367 235 3423 que,
261 3354 394 3426 ipsa
425 3372 601 3410 suam
631 3337 1058 3427 Sexquisierunt
1095 3358 1416 3427 justitiam,
1478 3377 1593 3415 non
1626 3364 1764 3414 sunt
1795 3337 1838 3405 (ἶ
1878 3345 2013 3410 Pari:
2063 3346 2135 3400 de
2182 3363 2299 3418 qua
2347 3347 2632 3404 Dominus
2680 3351 2738 3404 in
2792 3350 3140 3425 ΕνᾶηΒθῙίοῖ
3197 3354 3380 3409 Veni“
3415 3367 3530 3407 ποατ

110 3442 285 3497 effecti
310 3444 559 3515 justitia
590 3444 715 3510 Dei,
748 3444 885 3515 quia
917 3462 1032 3500 non
1086 3452 1225 3501 sunt
1271 3448 1446 3502 etiam
1494 3449 1762 3518 subjecti.

107 3530 198 3585 Dei
231 3534 374 3587 dicit
397 3534 728 3604 justitiam,
764 3550 878 3588 non
911 3540 1194 3604 nostram,
1225 3537 1361 3591 etin
1384 3537 1532 3608 ipsa,
1566 3555 1681 3593 non
1707 3539 1764 3594 in

107 3620 301 3688 nobis;
337 3623 482 3694 quia
519 3626 671 3678 sicut
720 3623 844 3695 ipse
894 3629 1197 3694 peccatum
1259 3642 1373 3679 non
1433 3643 1631 3693 suum,
1663 3628 1761 3683 sed

105 3715 386 3784 nostrum,
425 3717 485 3768 et
526 3729 638 3766 non
675 3712 731 3767 in
765 3730 847 3778 se,
881 3715 983 3769 sed
1016 3714 1073 3769 in
1108 3714 1277 3770 nobis
1310 3716 1499 3771 factus
1542 3723 1649 3784 est,
1682 3718 1766 3774 sic

105 3804 155 3853 et
185 3817 287 3857 nos
318 3803 451 3873 ejus
473 3801 747 3874 justitia,
780 3819 892 3857 non
928 3807 1148 3873 nostra,
1182 3808 1238 3859 et
1269 3804 1328 3859 in
1362 3805 1512 3876 ipsa,
1560 3824 1675 3862 non
1707 3807 1765 3862 in

107 3888 264 3946 nobis
297 3890 435 3945 facti
468 3906 709 3967 sumus.
753 3891 964 3945 Beatus
1009 3909 1142 3947 vero
1190 3894 1556 3965 Augustinus
1604 3896 1764 3967 dicit,

108 3979 237 4049 quia
262 3981 321 4035 in
355 3966 672 4036 mendosis
703 3980 1137 4052 exemplaribus
1170 3982 1464 4038 invenitur
1494 3985 1578 4040 sic
1623 3985 1767 4041 scri-

110 4074 265 4138 ptum
293 4089 305 4123 :
339 4074 506 4139 Eum,
535 4071 637 4141 qui
654 4086 765 4125 non
793 4080 1017 4126 noverat
1056 4080 1356 4142 peccatum,
1392 4078 1501 4128 etc.
1531 4091 1544 4141 ;
1578 4073 1637 4128 in
1669 4091 1767 4130 ve-

110 4159 425 4216 racioribus
457 4178 637 4217 vero:
675 4161 780 4229 Qui
809 4177 919 4216 non
969 4170 1193 4216 noverat
1234 4171 1543 4232 peccatum,
1591 4166 1768 4233 factus

111 4255 179 4300 est
202 4260 492 4319 peccatum
523 4270 537 4319 ;
571 4251 669 4306 sed
706 4268 819 4306 non
844 4250 1307 4306 estcontrarium
1333 4253 1488 4323 quod
1513 4251 1763 4325 legitur:

106 4333 235 4389 Eum
264 4341 365 4409 qui
393 4356 511 4395 non
540 4347 795 4405 noverat,
846 4338 895 4393 si
946 4340 1252 4410 superiora
1298 4341 1763 4397 consideremus.

110 4420 381 4495 Superius
414 4428 582 4483 enim
615 4428 687 4483 de
716 4432 885 4482 Patre
916 4426 1148 4482 locutus
1179 4434 1287 4495 est,
1345 4429 1544 4484 dicens
1572 4447 1583 4484 :
1619 4434 1768 4486 Deus

111 4520 217 4567 erat
246 4518 304 4571 in
334 4519 593 4585 Christo,
627 4522 685 4573 et
716 4517 953 4585 similia,
988 4520 1046 4571 et
1097 4517 1169 4572 de
1209 4517 1336 4588 ipso
1368 4518 1544 4573 dicit:
1576 4522 1764 4589 Fecit;

110 4600 154 4653 si
181 4618 309 4661 vero
335 4606 579 4679 legatur
610 4606 1015 4663 solummodo:
1040 4608 1145 4675 Qui
1165 4625 1279 4661 non
1299 4608 1766 4673 noverat,melius

109 4698 286 4762 sonat,
308 4696 612 4764 factusest,
640 4713 817 4768 quam
840 4696 988 4768 fecit.
1013 4694 1161 4750 Illu'd
1188 4701 1383 4751 tamen
1416 4701 1765 4769 notandum,
1800 4710 1845 4775 D

110 4794 280 4850 quare
312 4785 513 4842 dicat:
547 4787 666 4857 Qui
683 4803 799 4840 non
828 4795 1075 4841 noverat.
1107 4784 1165 4840 Si
1200 4802 1313 4841 non
1346 4792 1603 4854 noverat,
1633 4806 1774 4859 quo-

111 4873 273 4930 modo
305 4876 671 4932 ﬁducialiter
700 4876 1032 4949 arguebat?
1053 4876 1165 4931 Sed
1188 4876 1428 4932 omnino
1454 4895 1772 4949 possumus

111 4957 289 5018 dicere
312 4970 589 5031 noverat,
625 4969 681 5020 et
701 4981 815 5020 non
848 4969 1106 5020 noverat.
1140 4965 1638 5035 Noveratquidem
1672 4984 1774 5039 per

108 5050 481 5121 sapientiam,
509 5052 617 5110 sed
642 5070 757 5109 non
791 5059 1029 5110 noverat
1059 5072 1163 5126 per
1192 5053 1630 5127 experientiam.
1664 5057 1770 5111 Cui

106 5140 328 5198 credere
362 5144 581 5199 debuit
611 5144 839 5216 primus
862 5144 1036 5199 homo
1058 5144 1085 5199 ‘?
1104 5144 1251 5199 Huic
1275 5145 1528 5213 credere,
1559 5151 1624 5200 ut
1654 5161 1770 5203 non

108 5239 444 5299 agnosceret
469 5238 785 5305 peccatum
820 5250 923 5305 per
955 5233 1373 5305 experientiam
1400 5250 1411 5287 :
1446 5234 1542 5304 qui
1572 5233 1621 5289 si
1652 5251 1769 5290 non

104 5314 344 5391 fecisset,
382 5321 558 5377 nullo
595 5322 767 5377 modo
799 5322 1157 5395 agnovisset.

166 5405 315 5477 (CAP.
348 5409 474 5483 VI.)
508 5411 664 5483 (725)
690 5411 971 5482 Sequitur
995 5428 1007 5467 :
1032 5409 1374 5482 Adjuvantes
1403 5414 1612 5481 autem,
1655 5416 1765 5467 etc.

102 5490 319 5552 Dixerat
348 5500 643 5572 superius
674 5516 737 5556 se
771 5498 1189 5566 ministerium,
1216 5503 1272 5554 et
1294 5499 1537 5555 verbum
1563 5516 1766 5555 recon-

105 5581 405 5646 ciliationis
440 5588 769 5661 accepisse,
801 5594 857 5646 et
888 5590 1018 5646 ideo
1064 5605 1164 5660 pro
1213 5580 1442 5645 Christo
1474 5588 1767 5661 legatione

168 5804 405 5881 (725-26)
440 5807 509 5865 In
543 5808 746 5879 autog.
775 5822 962 5880 marg.
998 5804 1095 5866 hic
1132 5804 1349 5879 legitur
1395 5817 1524 5875 cap.
1556 5800 1762 5863 XVIII.

1874 3438 2063 3501 (Joan.
2097 3452 2212 3499 xix,
2246 3435 2320 3506 4),
2354 3441 2463 3491 etc.
2490 3436 2634 3493 Hinc
2656 3444 2714 3494 et
2747 3438 3063 3496 Salomon:
3114 3442 3282 3510 Piger
3308 3450 3529 3512 propter

1873 3524 2057 3593 frigus
2085 3540 2254 3579 arare
2280 3524 2464 3581 noluit
2493 3531 2675 3593 (Prov.
2701 3545 2793 3597 xx,
2820 3530 2896 3600 4),
2926 3534 3034 3585 etc.
3062 3546 3075 3596 ;
3101 3534 3157 3584 et
3180 3530 3318 3585 item
3344 3545 3356 3584 :
3388 3529 3528 3585 Vade

1874 3610 1942 3665 ad
1972 3614 2286 3683 formicam,
2321 3630 2350 3669 ο
2377 3616 2535 3685 piger
2562 3617 2747 3683 (Prov.
2781 3635 2856 3689 vi,
2888 3620 2967 3689 6),
3000 3622 3111 3673 etc.

1947 3701 2256 3773 Sequitur:
2290 3704 2511 3759 Nemini
2537 3705 2744 3778 dantes,
2798 3705 2856 3761 id
2905 3712 3013 3773 est,
3063 3712 3184 3763 tam
3236 3706 3524 3774 ﬁdelium,

1876 3807 2054 3861 quam
2089 3790 2437 3858 infidelium,
2468 3795 2805 3852 Judeorum
2830 3796 3116 3866 videlicet,
3141 3801 3198 3853 et
3226 3795 3524 3853 Gentium.

1879 3881 2058 3937 Uitam
2082 3881 2434 3951 o/fensionem
2463 3882 2607 3940 dicit
2635 3890 2755 3941 tam
2787 3886 2846 3941 in
2880 3887 3074 3958 parvis
3106 3886 3298 3953 malis,
3348 3903 3526 3960 quam

1877 3966 1935 4022 in
1972 3969 2221 4040 magnis.
2253 3970 2564 4041 Sequitur:
2601 3973 2665 4028 Ut
2720 3990 2831 4029 non
2884 3977 3231 4046 vituperetur
3274 3976 3527 4030 ministe-

1876 4058 2023 4110 rium
2055 4058 2322 4113 nostrum.
2368 4060 2529 4115 Tunc
2577 4062 2734 4117 enim
2783 4063 3230 4135 vituperaretur,
3282 4062 3332 4119 si
3363 4062 3531 4118 aliter

1878 4161 2055 4217 quam
2083 4146 2474 4217 praedicabant
2493 4148 3152 4225 viverent.Vituperatur
3172 4153 3347 4209 etiam
3371 4169 3527 4208 nunc

1877 4234 2190 4290 Christiani
2241 4236 2655 4305 ministerium,
2708 4242 2756 4297 si
2818 4241 3004 4309 aliter,
3071 4260 3249 4315 quam
3301 4243 3524 4309 deceat,

1875 4324 2048 4379 vivat.

1856 4422 1859 4425 '
1947 4413 2389 4485 Sequitur:Sed
2446 4418 2506 4471 in
2558 4418 2811 4475 omnibus
2864 4419 3222 4475 exhibeamus
3267 4423 3527 4475 nosmeti-

1872 4518 2017 4574 psos,
2050 4506 2161 4556 etc.
2194 4501 2339 4557 Nota
2371 4504 2509 4575 quia
2542 4522 2651 4560 non
2687 4507 2849 4577 dicit,
2883 4508 2942 4563 in
3003 4507 3382 4579 quibusdam,
3424 4508 3525 4563 sed

1876 4593 1934 4646 in
1966 4592 2238 4646 omnibus.
2263 4591 2412 4646 Sunt
2444 4595 2733 4662 nonnulli,
2758 4597 2857 4669 qui
2884 4598 3285 4654 suntstudiosi
3310 4597 3369 4652 in
3394 4613 3525 4669 par-

1876 4682 1963 4736 vis
1985 4680 2355 4736 solummodo
2387 4682 2576 4750 bonis,
2610 4685 2707 4739 alii
2742 4703 2876 4742 vero
2907 4691 3138 4742 tantum
3165 4686 3222 4741 in
3260 4687 3523 4758 magnis:

1885 4777 2013 4832 idco
2039 4776 2215 4831 dicit:
2238 4776 2297 4830 In
2327 4775 2597 4830 omnibus.
2622 4776 2722 4831 Dei
2746 4776 2961 4848 quippe
2992 4776 3262 4830 minister
3306 4774 3367 4829 in
3401 4790 3527 4829 om-

1882 4869 2057 4923 nibus
2089 4883 2150 4922 se
2174 4867 2253 4922 ita
2272 4863 2523 4931 exhibet,
2551 4870 2616 4921 ut
2640 4871 2749 4922 Deo
2772 4866 2998 4939 placere
3019 4864 3226 4937 possit.
3261 4869 3406 4937 Ergo
3428 4864 3531 4935 qui

1882 4950 2254 5030 sapientiam,
2287 4962 2388 5013 aut
2418 4957 2675 5024 divitias,
2710 4961 2812 5011 aut
2865 4959 3087 5021 cmtera,
3149 4969 3275 5025 quae
3331 4970 3365 5008 a
3412 4952 3529 5008 Deo

1882 5050 2117 5116 dantur,
2152 5050 2344 5117 habet,
2368 5048 2448 5103 ita
2474 5047 2776 5103 studiosus
2804 5045 2862 5099 in
2895 5042 3013 5098 illis
3054 5042 3285 5113 existat,
3306 5047 3371 5098 ut
3413 5042 3529 5097 Deo

1880 5138 2108 5212 placere
2138 5143 2330 5211 quoat.
2365 5136 2642 5208 Sequitur
2669 5150 2680 5189 :
2714 5136 2776 5189 In
2806 5130 2982 5187 multa
3031 5132 3330 5203 patientia.
3359 5130 3527 5198 Nota,

1880 5230 2019 5299 quia
2050 5245 2164 5283 non
2199 5226 2339 5282 dicit
2368 5226 2427 5280 in
2460 5222 2759 5296 patientia,
2793 5222 2892 5277 sed
2924 5222 2984 5276 in
3012 5220 3216 5277 multa.
3248 5219 3396 5275 Nam
3429 5219 3530 5275 ubi

1880 5317 2067 5372 multa
2097 5322 2237 5373 sunt
2266 5316 2529 5381 adversa,
2555 5311 2740 5367 multa
2761 5310 3091 5366 necessaria
3110 5314 3199 5365 est
3224 5309 3528 5381 patientia,

1878 5407 2023 5470 Quia
2047 5423 2262 5478 magna
2284 5405 2521 5477 quidem
2544 5403 2729 5457 virtus
2750 5406 2839 5456 est
2858 5399 3159 5473 patientia,
3184 5416 3301 5471 qua
3324 5398 3531 5454 salvati

1877 5502 2017 5551 sunt
2048 5493 2333 5551 Corinthii
2359 5512 2373 5562 ;
2408 5492 2547 5564 quia
2578 5478 2689 5547 nisi
2724 5491 3009 5563 patienter
3025 5506 3124 5545 eos
3143 5487 3527 5544 sustinuisset

1873 5584 2210 5656 Apostolus,
2240 5598 2387 5655 quos
2409 5582 2469 5638 in
2496 5580 2675 5638 tantis
2700 5579 2936 5651 ﬂagitiis
2961 5577 3522 5653 receperat,omnino
