3902 6396
408 430 528 496 447

1432 442 1775 510 ATTONIS
1818 442 2401 511 VERCELLENSIS
2445 446 2796 513 EPISCOPI

3708 443 3836 508 448

409 572 709 645 perirent;
734 575 1013 647 patientia
1028 583 1224 637 autem
1254 580 1353 639 Dei
1386 583 1643 641 mundus
1661 584 1916 642 salvatus
1937 590 2045 642 est.
2079 583 2133 649 Α
2162 583 2407 638 beamus
2437 598 2545 638 nos
2575 582 2635 637 in
2666 580 2943 637 omnibus
2972 581 3032 637 in
3061 580 3276 637 virtute
3308 579 3429 647 Dei,
3453 577 3565 637 hoc
3586 583 3698 647 est,
3722 596 3832 654 per

410 664 687 734 Sequitur
709 681 722 719 :
747 665 809 720 In
835 669 1557 728 tribulationibusMultum
1574 675 1791 746 quippe
1811 676 2057 732 tribula-

410 751 646 819 bantur,
679 756 779 811 sed
809 774 844 813 a
874 758 989 814 Deo
1020 760 1089 814 de
1113 760 1590 819 tribulationibus
1612 766 2057 823 eruebanturJn

407 844 840 903 necessitatibus.
867 853 1110 905 Necesse
1132 852 1348 923 quippe
1378 858 1521 919 erat,
1557 859 1621 909 ut
1653 858 1825 912 etiam
1859 856 1917 911 in
1949 858 2054 912 tri-

409 932 813 991 bulationibus
834 939 1207 1009 Evangelium
1233 944 1618 1013 praedicarent
1633 964 1645 1013 ;
1662 946 1781 1001 sive
1794 949 1854 1001 in
1874 963 2055 1003 neces-

406 1021 659 1077 sitatibus
688 1024 848 1093 dicit,
882 1026 1128 1083 aliarum
1164 1046 1381 1087 rerum.
1418 1036 1480 1088 In
1514 1037 1806 1103 angustiis.
1857 1038 2054 1107 Angu-

406 1109 739 1165 stiabantur
757 1113 973 1185 quippe
995 1116 1239 1173 diversis
1254 1124 1890 1191 persecutionibus,sed
1907 1124 2054 1181 dila-

405 1197 684 1253 tabantur
707 1215 809 1270 spe
840 1204 1001 1275 regni
1034 1206 1303 1266 caelestis.
1367 1211 1677 1283 Sequitur:
1739 1217 1800 1271 In
1851 1216 2052 1287 plagis.

404 1292 595 1365 Plaga;
618 1294 916 1361 dicuntur,
940 1303 1105 1371 quasi
1137 1304 1320 1375 flagae,
1346 1325 1412 1363 eo
1440 1311 1592 1381 quod
1620 1310 1755 1367 flatu
1781 1312 2052 1383 ingeran-

402 1386 520 1437 tur.
551 1383 698 1438 Nam
732 1388 886 1456 quod
917 1389 1164 1447 diversis
1195 1394 1381 1469 plagis
1406 1398 1580 1454 fuerit
1604 1401 1864 1467 attritus,
1897 1405 2051 1460 idem

398 1470 528 1541 ipse
557 1473 912 1544 manifestat,
946 1494 1076 1536 cum
1110 1482 1287 1540 dicit:
1328 1488 1424 1542 Ter
1486 1490 1657 1560 virgis
1710 1506 1883 1549 caesus
1925 1511 2052 1549 sum

403 1561 474 1630 (II
496 1561 617 1617 Cor.
644 1581 723 1631 x1,
751 1568 842 1634 25)
857 1586 878 1630 ,·
909 1573 965 1625 et
986 1570 1123 1628 item
1153 1591 1166 1629 :
1200 1575 1501 1648 Quinquies
1530 1580 1917 1651 quadragenas
1937 1600 2051 1639 una

400 1651 590 1745 tninus
607 1658 790 1745 accepi
808 1658 946 1726 (Ibid
955 1701 990 1726 .,
1005 1663 1115 1729 24).
1140 1664 1202 1719 In
1222 1668 1549 1724 carceribus.
1576 1670 1720 1726 Nam
1751 1674 1905 1744 quod
1925 1675 2050 1745 ipse

400 1738 461 1833 in
487 1744 820 1801 carceribus
843 1746 1016 1805 fuerit
1038 1752 1325 1821 reclusus,
1350 1757 1499 1813 liber
1518 1738 1794 1816 Actorum
1816 1738 2047 1833 aposto-

403 1826 595 1887 lorum
627 1835 904 1892 ostendit.
933 1839 1249 1911 Sequitur:
1285 1846 1346 1901 In
1391 1847 1774 1907 seditionibus.
1828 1826 2047 1907 Seditio

401 1920 611 1977 attinet
641 1924 711 1979 ad
745 1925 924 1992 cives,
956 1928 1174 1987 bellum
1207 1934 1275 1988 ad
1308 1933 1527 1991 hostes.
1561 1940 1778 1996 Seditio
1808 1941 2046 2008 dicitur,
2078 1960 2126 2026 Β
2155 1926 2420 1988 sinistris,
2483 1923 2821 1978 manifesmt
2875 1921 3194 2020 δυδάθηάο.
3228 1938 3241 1977 τ

400 2025 467 2064 eo
485 2012 647 2100 quod
671 2014 823 2069 cives
845 2016 997 2073 inter
1024 2036 1086 2075 se
1116 2021 1459 2081 dissidendo
1490 2027 1787 2084 dimicent.
1809 2030 2044 2100 thuod

400 2098 609 2187 seditio
634 2101 808 2157 fuerit
837 2110 964 2161 orta
981 2108 1257 2167 adversus
1279 2128 1434 2182 eum,
1461 2117 1733 2187 praefatus
1755 2098 2043 2174 liberima-

401 2185 658 2244 nifestat.
684 2191 997 2263 Sequitur:
1030 2200 1099 2253 In
1132 2199 1433 2259 laboribus.
1462 2185 1530 2260 in
1560 2206 1859 2263 laboribus
1890 2213 2046 2274 se,ut

399 2275 501 2335 Dei
532 2278 866 2339 ministrum
899 2286 1184 2357 exhibuit,
1218 2294 1356 2363 quia
1386 2295 1497 2350 sibi
1554 2296 1749 2352 cibum
1792 2297 2043 2370 propriis

399 2385 683 2459 manuum
716 2371 1016 2433 laboribus
1047 2381 1402 2453 acquirebat,
1454 2383 1573 2440 sive
1618 2385 1679 2441 in
1710 2387 2044 2459 evangelica

397 2458 807 2528 praedicatione
864 2463 1187 2533 plurimum
1245 2469 1566 2536 laborabat,
1624 2458 1938 2545 Sequitur:
1980 2479 2039 2532 In

396 2547 627 2615 vigiliis.
659 2548 951 2621 Vigilabat
981 2572 1235 2629 namque
1282 2576 1385 2631 per
1431 2567 1633 2616 noctes
1673 2564 1849 2618 etiam
1879 2564 2043 2620 labo-

397 2636 604 2725 rando.
637 2642 700 2692 ut
721 2638 831 2695 sibi
857 2642 1053 2699 cibum
1078 2649 1401 2719 acquireret
1426 2667 1439 2715 ;
1462 2649 1549 2704 vel
1568 2656 1720 2706 certe
1741 2651 2041 2725 vigilabat,

397 2723 537 2796 quia
558 2743 671 2782 non
696 2730 839 2784 satis
860 2738 985 2788 erat
1003 2733 1087 2789 illi
1112 2753 1213 2807 per
1232 2738 1355 2794 dies
1374 2740 1703 2810 praedicare,
1730 2723 1843 2797 nisi
1864 2743 2040 2798 etiam

396 2814 768 2902 praedicando
792 2823 992 2876 noctes
1014 2824 1322 2896 pervigiles
1352 2827 1607 2883 duceret.
1632 2827 1797 2884 Unde
1824 2830 2042 2902 legitur

392 2900 454 2956 in
475 2904 717 2961 Actibus
747 2908 1179 2978 apostolorum:
1213 2912 1376 2982 Quia,
1409 2932 1543 2972 cum
1591 2929 1763 2974 nocte
1803 2900 2039 2991 proten-

395 2991 556 3046 deret
588 3010 942 3066 sermonem,
967 3000 1205 3071 quidam
1237 3021 1381 3076 puer
1400 3007 1607 3063 cecidit
1627 3009 1697 3064 de
1720 3010 2040 3075 ccenaculo,

397 3084 457 3135 et
486 3086 754 3140 mortuus
810 3092 899 3143 est
925 3089 1059 3156 (Act.
1096 3108 1187 3162 xx,
1220 3093 1297 3165 9).
1333 3095 1650 3168 Sequitur:
1686 3100 1744 3153 In
1781 3099 2038 3171 jejuniis.

394 3176 678 3266 Videlicet
697 3185 814 3238 tam
848 3184 909 3240 in
942 3192 1299 3259 spontaneis,
1325 3209 1500 3266 quam
1527 3198 1583 3250 et
1605 3197 2042 3264 necessariis,in

400 3265 617 3337 quibus
635 3272 899 3345 utrisque
919 3275 1036 3331 Deo
1056 3279 1276 3349 gratias
1308 3265 1608 3340 referebat.
1644 3285 1924 3357 Sequitur
1946 3303 1958 3342 :
1979 3288 2043 3342 In

395 3358 650 3446 castitate
682 3377 795 3417 non
828 3363 1019 3420 solum
1040 3370 1319 3441 corporis,
1343 3372 1444 3426 sed
1475 3374 1820 3446 evangelicae
1844 3374 2047 3446 praedi-

396 3445 645 3503 cationis
672 3465 686 3503 :
719 3455 775 3506 et
808 3453 945 3523 quia
975 3456 1249 3529 utrinque
1280 3462 1571 3528 servabat,
1624 3445 1857 3521 multos,
1886 3465 1947 3519 in
1983 3480 2045 3518 se

396 3535 780 3606 adversarios,
814 3543 1066 3600 maxime
1099 3549 1613 3620 pseudoapostolos
1643 3553 1950 3610 excitabat.
1983 3554 2045 3609 In

394 3626 646 3683 scientia.
678 3632 825 3687 Nota
850 3633 993 3703 quia
1019 3635 1325 3691 scientiam
1358 3637 1510 3692 inter
1538 3644 1744 3695 caetera
1774 3641 2043 3698 dinume-

394 3724 486 3773 rat
510 3734 522 3772 :
541 3724 946 3776 verumtamen
962 3738 1077 3777 non
1094 3722 1491 3780 humanarum
1506 3726 2045 3801 litterarum,quam

394 3806 455 3860 in
480 3807 672 3878 prima
691 3808 952 3879 Epistola
975 3810 1239 3877 denotat,
1273 3814 1374 3868 sed
1406 3814 1708 3870 scientiam
1741 3816 1883 3872 dicit
1912 3834 2044 3873 sen-

398 3911 531 3950 sum
565 3896 732 3967 Legis
763 3901 820 3952 et
850 3898 1167 3972 Evangelii.
1219 3905 1287 3957 In
1347 3904 1788 3975 longanimitate.
1824 3906 2047 3979 Longa-

400 3984 596 4041 nimus
626 3985 841 4041 dicitur
869 4004 902 4042 a
930 3986 1394 4060 longanimitate?
1429 3992 1495 4046 Et
1525 3993 1739 4049 dicitur
1776 3993 2045 4067 longani-

397 4088 552 4139 mus,
586 4088 652 4128 eo
682 4075 838 4145 quod
868 4075 1111 4149 longum
1169 4078 1383 4135 habeat
1438 4082 1705 4137 animum
1754 4084 1826 4138 ad
1858 4083 2047 4139 multa

398 4169 554 4225 mala
574 4173 936 4243 perferenda.
958 4176 1017 4229 In
1038 4178 1329 4244 suavitate,
1354 4194 1416 4234 se
1439 4179 1677 4250 quidem
1704 4179 2044 4236 ministrum

396 4259 681 4331 exhibuit,
714 4261 873 4332 quia,
906 4262 1015 4317 etsi
1048 4269 1381 4334 peccatores
1412 4265 1771 4337 increpabat,
1810 4284 2043 4323 verum-

395 4356 593 4406 tamen
626 4354 757 4421 post
775 4352 1243 4408 emendationem
1267 4356 1443 4410 verba
1463 4355 1881 4413 exhortationis
1903 4359 2044 4413 sub-

388 4440 772 4511 jungebat,ut
793 4439 926 4496 illos
950 4442 1022 4497 de
1045 4442 1436 4499 amaritudine
1464 4445 1533 4499 ad
1556 4444 1930 4503 dilectionem
1953 4447 2045 4503 sui

396 4528 673 4583 traheret.
709 4528 855 4582 Nam
889 4527 985 4583 ille
1016 4530 1320 4587 verissime
1352 4532 1549 4587 suavis
1580 4538 1690 4599 est,
1725 4534 1826 4605 qui
1857 4552 2047 4606 neque

396 4616 703 4671 verborum
741 4615 988 4682 levitate,
1018 4634 1206 4690 neque
1231 4620 1444 4675 mentis
1476 4621 1869 4678 commotione
1899 4622 2045 4679 alios

2166 670 2443 726 virtutem
2472 690 2484 730 :
2519 672 2657 743 quia
2688 672 2905 727 nostris
2935 671 3158 726 viribus
3190 688 3304 727 non
3335 687 3680 744 possumus,
3704 670 3827 727 sive

2166 760 2239 815 ad
2272 761 2567 829 inferiora,
2593 763 2649 815 in
2682 763 2882 816 virtute
2911 763 3009 817 Dei
3035 778 3133 833 per
3162 778 3321 817 arma
3341 762 3576 833 justitia:
3619 777 3655 816 a
3684 762 3827 816 dea:-

2166 852 2344 916 tris,et
2373 869 2406 907 a
2434 853 2678 907 sinistris
2709 850 2897 907 simus
2930 851 3280 923 praeliantes.
3312 854 3491 907 Arma
3520 851 3823 920 dicuntur,

2165 955 2232 995 eo
2260 942 2412 1010 quod
2449 941 2718 996 minuant
2742 956 2959 1007 armos,
2992 956 3243 1012 quorum
3263 941 3379 996 duo
3406 945 3549 996 sunt
3568 956 3825 1012 genera:

2171 1043 2354 1083 unum
2379 1045 2494 1100 quo
2518 1029 2736 1096 tegitur
2755 1045 2957 1083 armus
2983 1047 2995 1097 ;
3022 1028 3291 1097 alterum,
3317 1045 3434 1100 quo
3451 1030 3695 1085 caeditur
3714 1029 3826 1084 ini-

2167 1119 2375 1172 micus.
2405 1122 2473 1171 Et
2493 1118 2632 1189 quia
2650 1123 2770 1173 tam
2798 1118 2855 1172 in
2874 1118 3025 1173 bono
3050 1135 3228 1189 quam
3246 1122 3303 1173 et
3329 1118 3388 1173 in
3412 1118 3565 1174 malo
3587 1134 3824 1191 ponun-

2164 1213 2282 1276 tur,
2317 1208 2446 1263 ideo
2479 1208 2744 1263 addidit:
2778 1209 3042 1263 Iustitia).
3067 1208 3217 1279 Ergo
3250 1224 3353 1279 per
3382 1224 3547 1263 arma
3568 1209 3821 1279 justitia:

2164 1296 2325 1362 dicit,
2351 1298 2407 1353 id
2432 1302 2542 1362 est,
2577 1313 2679 1368 per
2709 1297 2935 1368 copiam
2967 1296 3275 1351 virtutum.
3310 1296 3531 1352 Dextrze
3556 1298 3819 1365 nomine,

2163 1404 2442 1460 prospera
2467 1404 2480 1454 ;
2505 1386 2759 1442 sinistrae
2789 1402 2923 1441 vero
2956 1385 3270 1458 signiﬁcari
3302 1387 3566 1454 adversa,
3599 1403 3821 1441 secun-

2160 1478 2302 1532 dum
2329 1493 2548 1546 morem
2570 1492 2747 1531 sacrae
2768 1476 3080 1546 Scriptura:
3096 1474 3304 1530 solent.
3327 1474 3441 1529 Iste
3461 1490 3616 1546 ergo,
3636 1473 3821 1539 veluti

2162 1544 2521 1621 fortissimus
2554 1564 2724 1621 miles
2756 1563 2937 1619 armis
2972 1563 3259 1631 munitus,
3293 1562 3446 1618 inter
3466 1580 3685 1618 cuneos
3718 1563 3821 1619 ho-

2161 1654 2341 1711 stium
2368 1654 2813 1720 incedens,hinc
2834 1653 3063 1724 indelad
3074 1652 3361 1707 versarios
3380 1653 3817 1724 prosternebat;

2158 1746 2298 1817 quia
2330 1762 2519 1817 neque
2551 1746 2886 1816 erigebatur
2916 1743 3236 1815 prosperis,
3269 1758 3459 1813 neque
3485 1742 3818 1812 ldejicieba-

2155 1838 2253 1890 tur
2282 1834 2563 1889 adversis.
2598 1834 2746 1900 Quid
2768 1837 2922 1889 esset
2947 1833 3103 1903 quod
3134 1832 3299 1900 dixit,
3335 1848 3377 1887 α
3424 1831 3666 1895 dextris,
3699 1834 3754 1885 et
3783 1847 3817 1885 a

3300 1936 3399 1991 per
3452 1920 3711 1989 gloriam,
3766 1927 3820 1973 et

2154 2015 2578 2086 ignobilitatem.
2616 2012 2737 2078 His,
2768 2012 3037 2082 inquam,
3096 2010 3198 2081 qui
3228 2009 3496 2081 gloriam,
3550 2014 3608 2063 et
3636 2009 3819 2063 decus

2154 2103 2215 2158 in
2246 2098 3014 2173 Evangeliointelligebant,
3076 2115 3139 2154 se
3195 2114 3434 2170 quoque
3496 2096 3820 2169 Apostolus

2155 2189 2756 2262 irreprehensibilem,
2788 2194 2965 2259 atque
2997 2204 3259 2243 veracem
3294 2188 3416 2243 fore
3437 2187 3816 2243 declarabat:

2154 2284 2410 2347 econtra,
2446 2278 2661 2350 quibus
2691 2278 3152 2348 dedecus,atque
3183 2276 3529 2331 inhonestae
3550 2276 3813 2346 Evange-

2154 2371 2298 2426 lium
2358 2374 2482 2425 erat
2541 2366 2721 2423 simili
2780 2367 2953 2422 modo
3015 2382 3077 2421 se
3134 2365 3712 2437 irreprehensibilem
3748 2381 3812 2419 ac

2152 2476 2415 2515 veracem
2448 2473 2578 2513 esse
2601 2456 2989 2512 monstrabat.
3019 2453 3329 2525 Sequitur:
3351 2454 3460 2508 Per
3480 2455 3811 2523 in/amiam,

2151 2558 2204 2605 et
2237 2550 2435 2604 bonam
2492 2550 2721 2618 famam.
2778 2545 2956 2600 Fama
3010 2544 3243 2610 dicitur,
3301 2559 3370 2598 eo
3429 2544 3585 2615 quod
3632 2543 3815 2598 fando

2153 2639 2445 2694 discurrat
2468 2653 2571 2707 per
2600 2651 2792 2691 aures.
2826 2635 3006 2690 Fama
3062 2638 3172 2698 est,
3233 2632 3495 2703 quandiu
3556 2648 3672 2686 non
3722 2636 3821 2687 est

2152 2726 2507 2782 manifesta:
2541 2740 2677 2780 cum
2727 2728 2923 2778 autem
2984 2722 3299 2777 manifesta
3355 2725 3467 2791 est,
3519 2721 3648 2792 jam
3691 2736 3818 2776 non

2150 2816 2328 2883 fama,
2362 2814 2463 2868 sed
2493 2830 2587 2869 res
2618 2817 2727 2869 est.
2761 2811 2831 2867 Et
2862 2816 2953 2867 est
2981 2811 3139 2866 fama
3170 2815 3293 2865 tam
3321 2810 3609 2865 bonarum
3630 2825 3820 2881 quam

2151 2908 2210 2960 et
2241 2903 2531 2959 malarum
2561 2917 2781 2960 rerum.
2842 2899 3228 2957 Credentibus
3284 2914 3419 2955 vero
3478 2900 3643 2954 bona:
3689 2901 3829 2953 erat

2150 2993 2341 3057 famae,
2367 2991 2508 3064 quia
2536 2989 2736 3062 magni
2768 2989 2960 3045 meriti
2993 3005 3129 3045 eum
3174 3004 3302 3044 esse
3332 2987 3641 3055 dicebant;
3697 3003 3824 3043 non

2155 3081 2534 3138 credentibus
2559 3079 2726 3135 malae
2752 3079 2918 3133 famae
2941 3083 3089 3144 erat,
3116 3077 3256 3148 quia
3286 3077 3653 3133 seductorem
3676 3092 3823 3133 eum

2152 3186 2284 3227 esse
2307 3170 2603 3225 dicebant.
2622 3172 2755 3239 Ipse
2780 3183 2911 3223 vero
2936 3165 3160 3222 illaesus
3181 3165 3334 3221 inter
3356 3169 3669 3236 utramque
3685 3180 3823 3237 par-

2158 3264 2277 3316 tem
2310 3258 2607 3327 incedens,
2637 3273 2825 3328 neque
2852 3257 3101 3311 istorum
3130 3254 3409 3311 laudibus
3456 3253 3821 3319 elevabatur,

2078 3326 2121 3393 (ἶ
2162 3364 2350 3419 neque
2376 3326 2610 3403 illorum
2634 3326 3160 3402 obtrectationibus
3182 3343 3678 3416 praecipitabatur.
3710 3344 3820 3399 Se-

2155 3439 2395 3510 quitur:
2430 3438 2493 3494 Ut
2521 3437 2844 3492 seductares
2871 3444 2924 3490 et
2958 3450 3196 3490 veraces.

2224 3563 2380 3619 Adeo
2403 3561 2781 3617 credentibus
2808 3575 3064 3627 veraces,
3098 3562 3156 3613 et
3197 3556 3395 3629 magni
3457 3556 3650 3612 meriti
3682 3572 3822 3614 esse

2154 3651 2523 3715 videbantur,
2560 3654 2625 3704 ut
2654 3649 2733 3703 dii
2766 3649 3183 3715 crederentur;
3242 3645 3580 3702 infidelibus
3612 3651 3815 3702 autem

2152 3740 2505 3796 videbantur
2531 3738 2889 3803 seductores,
2926 3737 2981 3792 id
3016 3740 3123 3804 est,
3156 3735 3517 3805 deceptores.
3570 3734 3639 3788 Et
3669 3735 3814 3806 quid

2155 3828 2395 3895 mirum,
2430 3841 2560 3881 cum
2590 3826 2661 3880 de
2694 3824 2936 3879 Domino
2987 3823 3209 3878 dictum
3242 3822 3357 3878 sit:
3391 3823 3693 3879 Recordati
3718 3841 3814 3879 su-

2153 3918 2433 3987 mus,quia
2451 3915 2703 3970 seductor
2723 3914 2819 3968 ille
2839 3913 3023 3969 adhuc
3046 3913 3231 3967 vivens
3248 3912 3458 3980 (Matth.
3492 3929 3670 3984 xxvn,
3698 3914 3814 3985 63),

2156 4012 2265 4061 etc.
2288 4004 2641 4076 ?Sequitur:
2670 4002 2823 4057 Sicut
2854 4003 2952 4072 qui
2982 4002 3173 4072 ignoti,
3206 4004 3255 4055 et
3287 4001 3518 4072 cogniti.
3579 4001 3814 4075 Cogniti

2156 4095 2373 4167 quippe
2395 4096 2560 4148 erant
2584 4090 2880 4161 fidelibus,
2904 4089 3003 4160 qui
3020 4089 3168 4144 tanti
3184 4104 3284 4145 eos
3306 4088 3587 4156 meriti,et
3614 4090 3812 4162 digni-

2154 4182 2294 4238 tatis
2324 4180 2721 4252 agnoscebant
2748 4197 2760 4245 ;
2796 4177 2977 4251 ignoti
3010 4181 3210 4232 autem
3250 4180 3416 4231 erant
3446 4175 3814 4243 inﬁdelibus,

2156 4270 2255 4341 qui
2288 4269 2492 4341 quales
2520 4271 2735 4330 essent.
2771 4284 2886 4322 non
2919 4266 3333 4338 agnoscebant.
3354 4264 3546 4334 tQuasi
3571 4269 3814 4322 morien-

2157 4367 2251 4424 tes,
2284 4363 2394 4413 etc.
2433 4358 2578 4412 Dicit
2608 4357 2765 4413 enim
2797 4355 3161 4429 Augustinus
3188 4372 3200 4410 :
3234 4355 3295 4409 In
3355 4353 3474 4409 illis
3518 4356 3698 4412 rebus
3728 4360 3815 4412 est

2155 4450 2330 4520 quasi,
2356 4446 2415 4501 in
2440 4446 2655 4519 quibus
2677 4462 2791 4500 non
2817 4449 2907 4501 est
2934 4444 3169 4512 veritas,
3194 4445 3284 4498 vel
3310 4459 3438 4515 quae
3459 4444 3811 4501 transitoria

2155 4541 2332 4604 sunt;
2358 4535 2859 4609 quemadmodum
2882 4533 2928 4589 si
2946 4532 3079 4605 quis
3094 4532 3396 4588 somnians
3419 4533 3578 4587 dicat
3605 4534 3815 4590 :Puta-

2155 4626 2290 4680 bam
2325 4642 2418 4680 me
2448 4640 2576 4679 esse
2603 4623 2771 4695 quasi
2803 4622 2862 4676 in
2894 4621 3149 4694 quodam
3184 4621 3331 4676 loco.
3368 4619 3468 4675 Isti
3490 4620 3661 4692 quasi
3684 4636 3813 4676 mo-

399 4703 470 4758 ad
501 4702 869 4759 iracundiam
901 4711 1192 4776 provocat.
1226 4709 1287 4764 In
1321 4707 1532 4779 Spiritu
1586 4718 1769 4765 sancto
1801 4711 2043 4783 (subau-
2078 4702 2124 4765 D
2155 4713 2368 4769 rientes
2400 4717 2588 4779 erant,
2622 4711 2763 4783 quia
2792 4711 2875 4765 ita
2907 4710 3432 4782 persequebantur,
3493 4714 3560 4763 ut
3604 4709 3677 4764 de
3708 4726 3812 4783 spe

400 4793 577 4860 ditur,
612 4792 993 4849 exhibeamus
1027 4811 1154 4859 nos,
1185 4796 1314 4865 ejus
1342 4797 1593 4868 gratiam
1627 4804 1959 4870 sequentes,
1995 4805 2053 4856 et

398 4879 757 4939 voluntatem
776 4882 1005 4937 illiusin
1022 4884 1299 4939 omnibus
1313 4885 2047 4959 adimplentes).Sequitur:

396 4981 461 5035 In
492 4979 761 5037 charitale
787 4998 897 5037 non
921 4978 1073 5051 ﬁcta.
1108 4978 1209 5036 Ille
1239 4980 1434 5037 ﬁctam
1460 4980 1807 5038 charitatem
1854 4984 2050 5050 habet,

399 5066 497 5138 qui
526 5085 682 5136 eum,
717 5085 890 5140 quem
927 5085 988 5123 se
1045 5068 1286 5142 diligere
1342 5068 1504 5139 dicit,
1561 5068 1621 5123 in
1673 5070 2052 5130 tribulatione

399 5156 658 5229 positum
692 5156 1063 5228 derelinquit.
1091 5156 1251 5212 Hanc
1282 5156 1626 5212 charitatem
1649 5174 1764 5214 non
1797 5160 2053 5218 habebat

399 5244 738 5316 Apostolus,
771 5243 910 5315 quia
939 5247 1137 5302 omnia
1164 5245 1414 5301 aliorum
1448 5247 1683 5315 damna,
1709 5252 1766 5302 et
1787 5265 2053 5320 persecu-

407 5334 619 5397 tiones,
652 5330 823 5402 quasi
856 5335 1121 5404 prOprias
1182 5335 1543 5407 deputabat;
1602 5336 1688 5391 sic
1738 5336 1893 5391 enim
1925 5339 2051 5411 ipse

400 5420 580 5476 dicit:
610 5422 743 5489 Quis
766 5421 1111 5494 inﬁrmatur,
1144 5427 1192 5480 et
1221 5441 1322 5493 ego
1354 5442 1462 5481 non
1495 5426 1798 5496 inﬁrmor?
1827 5427 1901 5493 (II
1926 5429 2047 5483 Cor.

400 5528 481 5574 x1,
512 5510 624 5581 29),
659 5515 768 5566 etc.
806 5508 1120 5581 Sequitur:
1180 5514 1240 5568 In
1298 5516 1459 5567 verbo
1514 5515 1782 5570 veritatis.
1823 5515 2050 5572 Veritas

404 5597 673 5654 Christus
704 5603 829 5653 est:
863 5614 997 5671 ergo
1025 5600 1083 5654 in
1117 5596 1290 5655 verbo
1323 5601 1579 5656 veritatis
1612 5603 1773 5671 dicit,
1807 5620 2048 5676 evange-

403 5689 528 5743 licae
554 5686 775 5741 scilicet
798 5688 1244 5756 praedicationis.
1282 5689 1584 5759 Sequitur:
1609 5693 1669 5746 In
1702 5694 1905 5747 virtute
1929 5694 2045 5748 Dei.

399 5778 604 5834 Potest
633 5775 742 5833 hoc
766 5774 963 5833 referri
986 5777 1055 5835 ad
1080 5776 1467 5849 superiora,ut
1497 5778 1575 5836 sit
1605 5794 1848 5838 sensus:
1874 5780 2047 5837 Exhi-

2159 4802 2331 4857 istlus
2353 4802 2480 4856 vitae
2514 4801 2816 4874 praesentis
2849 4800 3245 4871 desperarent.
3279 4800 3347 4853 Et
3401 4812 3520 4854 ecce
3549 4800 3810 4854 vivimus.

2159 4889 2444 4947 Vivebant
2475 4891 2594 4958 isti,
2626 4890 2765 4962 quia
2822 4905 2937 4943 non
2997 4886 3507 4959 extinguebantur,
3569 4890 3636 4940 ut
3667 4886 3814 4943 liber

2159 4985 2437 5037 Actorum
2470 4979 2872 5052 apostolorum
2933 4975 3290 5031 manifestat.
3347 4974 3587 5048 Legitur
3614 4976 3810 5031 enim:

2160 5070 2307 5136 Quia
2327 5085 2459 5125 cum
2480 5068 2736 5125 venisset
2753 5065 2971 5121 Paulus
2997 5064 3299 5137 Lystris,et
3318 5062 3616 5135 lapidatus
3637 5070 3813 5136 esset,

2160 5164 2226 5213 ut
2245 5163 2511 5214 mortuus
2529 5157 2940 5220 aestimaretur,
2985 5152 3085 5208 ille
3116 5152 3392 5218 surrexit,
3415 5152 3586 5224 caapit
3604 5154 3816 5225 praedi-

2160 5264 2289 5303 care
2314 5248 2447 5317 (Act.
2481 5247 2710 5316 1v,18);
2744 5245 2865 5300 sive
2896 5243 3235 5310 morientes,
3269 5242 3409 5315 quia
3439 5241 3584 5297 adeo
3618 5258 3818 5313 perse-
3878 5236 3881 5241 ’

2160 5338 2512 5409 quebantur,
2546 5339 2611 5391 ut
2641 5335 2844 5391 cedere
2875 5348 2937 5388 se
2995 5335 3313 5405 putarent;
3375 5331 3477 5388 sed
3516 5330 3816 5405 vivebant,

2159 5428 2300 5501 quia
2332 5444 2445 5482 non
2468 5426 2791 5481 cedebant:
2825 5423 2873 5480 si
2903 5423 3059 5480 enim
3093 5422 3431 5485 cessissent,
3461 5419 3665 5475 anima
3696 5438 3819 5478 mo-

2159 5520 2444 5572 rerentur.
2476 5516 2537 5570 Ut
2558 5514 2845 5582 castigati,
2865 5515 2972 5567 etc.
2997 5511 3067 5567 Ut
3094 5510 3386 5583 superius.
3404 5510 3581 5579 Quasi
3596 5511 3814 5578 tristes,

2157 5609 2265 5660 etc.
2296 5604 2385 5661 :id
2419 5606 2527 5668 est,
2560 5599 2866 5656 severitate
2897 5598 3094 5654 vultus
3151 5613 3213 5653 se
3270 5596 3670 5664 ostendentes,
3712 5611 3817 5668 spe

2159 5708 2289 5747 vero
2310 5691 2439 5746 vitae
2454 5691 2659 5745 futurae
2681 5689 3022 5761 gaudentes.
3046 5688 3203 5744 Sicut
3223 5690 3457 5757 egentes,
3486 5690 3599 5741 etc.
3623 5685 3818 5758 Egen-

2139 5785 2247 5837 ~tes
2291 5783 2481 5849 erant,
2514 5779 2658 5851 quia
2684 5778 3235 5852 paup‘ereswlllaltos
3271 5772 3597 5848 locupletes
3634 5772 3817 5833 iacie-
