3902 6410
64 455 178 516 449

626 448 1043 513 EXPOSITIO
1088 452 1167 513 ΙΝ
1212 452 1642 514 EPISTOLAS
1688 452 2049 516 PAULL—
2080 455 2158 516 IN
2201 454 2455 520 EPIST.
2499 458 2554 520 II
2596 462 2703 522 AD
2747 464 2925 526 COR.

3355 475 3477 536 450

68 588 217 651 bant,
239 582 377 656 quia
396 581 568 639 donis
590 582 955 671 spiritalibus
970 584 1523 640 abundabant.Nam
1547 585 1706 641 locu—
1738 592 1793 656 Α
1824 585 2334 655 similitudinibus,
2368 594 2542 663 atque
2590 594 2854 666 exemplo
2893 598 3229 671 prophetico
3260 606 3472 660 conﬁr-

66 675 182 748 ples
210 673 500 729 derivatur
555 688 590 727 a
620 670 830 727 loculo.
885 672 1137 729 Loeulus
1185 674 1400 729 dicitur
1435 675 1707 730 sacculus

67 779 286 837 parvus.
322 761 668 832 Locupletes
687 762 841 815 enim
865 766 1031 816 erant
1054 763 1170 828 isti,
1195 763 1335 834 quia
1365 763 1584 818 multos
1605 763 1705 818 ba-

71 852 272 907 bebant
314 848 561 914 loculos,
596 849 651 904 id
685 854 793 921 est,
826 851 979 905 dona
1028 849 1338 922 spiritalia,
1373 852 1528 907 unde
1559 851 1706 907 alios

73 941 340 997 ditabant.
398 940 684 1010 Tanquam
729 938 881 994 nihil
928 939 1204 1009 habentes,
1254 946 1365 995 etc.
1419 941 1534 995 Hoc
1582 945 1708 997 erat

73 1030 373 1101 gloriosum
406 1028 650 1099 sanctis,
686 1034 751 1082 ut
797 1029 1021 1100 absque
1052 1028 1466 1095 sollicitudine,
1498 1034 1553 1084 et
1607 1047 1707 1085 no-

75 1121 217 1174 mine
246 1118 637 1191 possessionis
658 1116 857 1172 omnia
880 1118 1265 1190 possiderent,
1290 1119 1432 1175 adeo
1465 1135 1581 1174 non
1614 1136 1705 1174 so-

70 1208 183 1263 lum
213 1207 472 1280 ipsarum
490 1222 709 1272 rerum,
725 1207 825 1261 sed
843 1207 1217 1263 dominorum
1236 1208 1705 1273 dominarentur,

70 1300 129 1352 ut
156 1296 210 1351 in
237 1296 484 1352 Actibus
514 1294 913 1367 apostolorum
942 1294 1176 1369 legitur,
1210 1297 1350 1367 quia
1378 1297 1709 1353 vendebant

68 1385 269 1455 omnia,
300 1388 357 1441 et
389 1384 709 1441 offerebant
735 1384 944 1456 pretia,
979 1389 1085 1441 etc.
1117 1386 1251 1453 (Act.
1285 1403 1361 1453 v1,
1394 1387 1506 1457 34).

131 1474 270 1546 (727)
301 1474 368 1531 Os
416 1482 669 1530 nostrum
713 1482 879 1546 patet.
917 1478 1231 1545 Postquam
1281 1476 1506 1531 dixerat
1533 1492 1707 1548 supe-

68 1565 178 1620 rius
231 1564 529 1620 neminem
584 1580 757 1620 nosse
806 1564 1132 1621 secundum
1177 1580 1432 1629 carnem,
1466 1570 1523 1621 et
1571 1566 1707 1621 sub-

60 1655 319 1725 junxerat
367 1668 571 1725 quare,
603 1652 661 1708 id
710 1656 818 1719 est,
861 1652 1003 1724 quia
1050 1653 1097 1707 si
1148 1653 1551 1724 cognoﬁmus,
1585 1654 1705 1724 iam

66 1759 170 1798 non
199 1741 472 1799 novimus
502 1740 797 1796 Christum
818 1742 1143 1797 secundum
1176 1759 1435 1809 carnem,
1462 1744 1706 1815 subjun-

66 1836 215 1888 xerat
243 1831 421 1888 etiam
453 1847 515 1887 se
547 1830 841 1902 accepisse
873 1831 1271 1888 ministerium
1303 1833 1702 1889 reconciliato-

69 1921 170 1988 nis,
199 1922 352 1977 unde
401 1924 458 1977 et
487 1937 591 1993 pro
640 1920 871 1975 Christo
903 1920 1045 1976 dicit
1076 1936 1137 1976 se
1186 1921 1474 1993 legatione
1516 1922 1702 1996 fungi,

1819 692 2000 741 mare,
2055 678 2365 750 subjunxit
2398 697 2412 734 :
2444 682 2574 749 Qum
2616 685 2763 739 enim
2806 689 3170 760 participatio
3209 694 3472 765 justitic'e,

1818 770 1926 819 etc.
1965 770 2073 821 Lex
2118 767 2279 823 enim
2324 769 2623 840 justitiam
2673 774 2967 845 praedicat,
3002 793 3130 849 quae
3180 783 3474 839 contraria

1817 858 1907 908 est
1935 853 2256 926 iniquitati.
2291 857 2358 912 Et
2387 863 2476 914 est
2525 876 2734 917 sensus
2766 881 2779 918 :
2813 865 2948 932 Quae
2973 869 3336 940 participatio
3369 873 3471 944 ju—

1816 943 1984 1000 stitiée
2040 961 2165 999 cum
2215 948 2561 1017 iniquitate?
2606 950 2797 1006 Nulla.
2848 953 2933 1009 Ita
2988 960 3045 1011 et
3090 958 3255 1014 nulla
3301 943 3475 1017 debet

1816 1048 1944 1087 esse
1974 1034 2221 1089 societas
2265 1036 2546 1108 ﬁdelium,
2578 1042 2688 1095 etc.
2723 1042 2856 1106 Quae
2906 1052 3237 1115 sequuntur
3265 1049 3336 1104 ad
3370 1067 3478 1106 su-

1817 1120 2047 1191 periora
2095 1124 2449 1180 referuntur.
2485 1127 2590 1183 Aut
2634 1145 2752 1199 quae
2800 1133 3033 1189 societas
3064 1135 3177 1190 luci
3221 1139 3291 1194 ad
3319 1148 3473 1197 tene-

1819 1209 1988 1265 bras?
2030 1210 2151 1266 Lux
2199 1213 2358 1268 enim
2424 1215 2729 1272 veritatem
2779 1221 3075 1290 praedicat,
3107 1230 3165 1279 et
3205 1228 3332 1298 ipsa
3382 1248 3473 1286 ve-

1818 1298 1961 1353 ritas
1989 1298 2091 1354 lux
2138 1307 2246 1366 est,
2279 1318 2405 1373 qua:
2453 1303 2551 1359 lux
2603 1306 2765 1378 fugat
2794 1311 3067 1367 tenebras
3114 1318 3374 1386 erroris;
3412 1322 3473 1375 et

1816 1386 1946 1442 ideo
1998 1388 2162 1444 nulla
2213 1392 2461 1447 societas
2511 1409 2640 1449 esse
2686 1401 2896 1465 potest.
2942 1400 3072 1466 Quae
3113 1408 3298 1460 autem
3343 1423 3470 1464 con-

1815 1478 1995 1532 ventio
2043 1477 2252 1535 Christi
2299 1480 2371 1535 atl
2417 1482 2646 1537 Belial?
2675 1485 2850 1540 Belial
2892 1504 3149 1560 namque
3195 1493 3474 1565 interpre-

1814 1568 1974 1621 tatur
2018 1568 2141 1622 sine
2189 1569 2336 1639 iugo,
2386 1570 2681 1642 signiﬁcat
2728 1574 3052 1644 diabolum,
3103 1581 3205 1650 qui
3253 1583 3470 1642 similis

1815 1670 1945 1709 esse
1976 1659 2090 1710 Deo
2130 1655 2336 1723 voluit,
2368 1659 2619 1716 nolendo
2674 1663 2823 1718 ferre
2847 1666 3061 1737 jugum
3110 1668 3320 1741 ipsius.
3356 1673 3472 1729 Lex

1816 1759 2073 1833 namque
2102 1745 2163 1799 in
2210 1746 2418 1818 ﬁguris
2465 1752 2524 1804 et
2553 1750 3013 1810 obscuritatibus
3044 1756 3285 1814 littera
3320 1778 3473 1833 pre-

1818 1832 1978 1886 dicat
2050 1832 2375 1905 Christum,
2410 1836 2509 1907 qui
2545 1838 2709 1909 fugat
2756 1840 3056 1898 diabolum
3090 1847 3160 1901 de
3192 1832 3470 1907 cordibus

1814 1920 2099 1992 fidelium,
2133 1922 2232 1994 qui
2263 1929 2379 1978 Deo
2423 1924 2636 1981 similis
2664 1944 2794 1983 csse
2840 1930 3023 1987 voluit
3053 1938 3111 1989 et
3140 1935 3270 1992 ideo
3301 1940 3471 1996 nulla

69 2015 118 2065 et
161 2010 547 2081 subjunxerat
595 2009 1079 2077 admonitionem,
1112 2015 1170 2065 et
1215 2011 1702 2082 exhortationem,
1738 1985 1782 2049 B
1814 2011 2137 2066 conventio.

68 2115 169 2172 qua
198 2099 458 2155 mundus
480 2098 597 2154 Deo
628 2097 1064 2155 reconciliatur:
1081 2099 1348 2171 prorupit
1376 2099 1437 2155 in
1468 2100 1705 2157 laudem

68 2187 513 2259 Corinthiorum,
544 2188 747 2243 dicens
782 2205 795 2242 :
830 2186 899 2243 0s
930 2191 1222 2252 nostrum;
1250 2194 1308 2245 et
1336 2194 1428 2245 est
1454 2205 1703 2246 sensus:

66 2276 255 2332 Vestra
302 2274 657 2342 emendatio,
700 2276 1005 2341 correctio,
1039 2280 1214 2347 atque
1264 2276 1507 2333 salvatio
1561 2279 1706 2335 adeo

68 2382 145 2421 me
197 2365 394 2422 laetam
453 2365 729 2432 reddidit,
781 2368 846 2419 ut
901 2368 1093 2420 tacere
1136 2381 1253 2421 non
1302 2366 1546 2437 possim.
1605 2368 1708 2425 Cor

64 2462 294 2510 nostrum
325 2455 626 2510 dilatatam
653 2456 751 2508 est.
783 2452 1026 2508 Duobus
1049 2453 1241 2509 modis
1270 2454 1555 2511 dilatatur
1585 2473 1701 2523 cor,

66 2548 151 2599 aut
176 2543 396 2599 ﬁducia
443 2543 607 2597 bonae
662 2541 1142 2607 conversationis,
1169 2547 1270 2598 aut
1318 2560 1421 2615 spe
1451 2561 1707 2601 resurre-

66 2632 291 2701 ctionis;
325 2630 500 2704 quasi
532 2631 750 2687 diceret
780 2648 794 2685 :
829 2631 988 2686 Adeo
1016 2636 1208 2687 vestra
1239 2633 1591 2702 emendatio,
1624 2642 1706 2689 at-

66 2738 162 2793 que
189 2720 471 2778 correctio
496 2736 602 2775 nos
634 2718 795 2774 laetos
827 2719 1102 2787 reddidit,
1125 2725 1191 2775 ut
1220 2725 1276 2776 et
1303 2738 1404 2777 cor
1432 2728 1703 2779 nostrum

68 2811 360 2869 dilatatum
391 2808 511 2881 isit,
545 2811 602 2864 et
645 2824 710 2863 os
762 2808 1140 2879 patefactum,
1174 2814 1466 2880 quatenus
1512 2816 1704 2869 tacere

66 2916 167 2955 non
206 2899 528 2973 possimus.
561 2895 671 2952 Ubi
719 2896 1050 2953 ostenditur
1079 2896 1217 2969 quia
1262 2899 1611 2969 obedientia,
1647 2907 1705 2957 et

68 2989 327 3046 correctio
378 2987 672 3043 bonorum
724 2985 1144 3057 subjectorum,
1177 2988 1258 3042 ita
1301 2988 1462 3045 laetos
1513 2991 1703 3046 reddit

67 3078 383 3152 magistros,
419 3080 489 3132 ut
516 3075 659 3131 talia
686 3075 772 3130 eis
813 3075 1129 3146 proferant,
1159 3076 1355 3147 qualia
1387 3095 1448 3135 se
1478 3080 1550 3136 ab
1583 3081 1701 3137 eis-

66 3165 181 3221 dem
213 3182 327 3222 non
359 3165 649 3237 putabant
679 3162 901 3218 audire.

125 3255 234 3310 Non
261 3254 687 3324 angustiamini,
720 3257 830 3307 etc.
864 3248 967 3307 His
995 3253 1189 3309 verbis
1212 3255 1544 3311 ostenditur
1563 3257 1728 3329 quia.

1889 2100 1992 2166 Qui
2018 2109 2206 2156 autem
2234 2118 2527 2158 consensus
2574 2107 2772 2176 templo
2812 2108 2913 2164 Dei
2959 2126 3084 2165 cum
3113 2114 3276 2169 idolis
3296 2115 3324 2171 ‘l
3354 2116 3468 2172 No-

1816 2188 2065 2242 tandum
2099 2189 2237 2260 quia
2267 2190 2349 2245 nil
2383 2193 2570 2263 magis
2603 2197 2965 2252 contrarium
2999 2205 3088 2255 est
3112 2201 3470 2272 Christiano,

1817 2291 1997 2346 quam
2048 2276 2402 2343 idololatria,
2442 2284 2499 2334 et
2527 2280 2722 2337 idola:
2775 2300 2909 2339 nam
2961 2286 3075 2343 ista
3121 2290 3391 2349 homines
3435 2311 3470 2350 a

1816 2363 1932 2418 Deo
1984 2380 2256 2437 separare
2304 2367 2519 2437 solent,
2568 2375 2625 2424 et
2671 2372 2744 2427 ad
2794 2375 3162 2446 negationem
3215 2380 3464 2439 trahere.

1815 2452 1885 2507 Et
1914 2452 2065 2519 ideo,
2098 2471 2437 2527 quanquam
2487 2458 2687 2516 omnia
2735 2462 2873 2517 vitia
2923 2457 3270 2524 detestanda
3323 2469 3465 2537 sint,

1814 2542 1973 2597 istud
2018 2545 2325 2616 praecipue,
2364 2548 2520 2617 quod
2570 2548 2838 2606 homines
2869 2568 2903 2607 a
2953 2552 3069 2610 Deo
3112 2562 3364 2628 separat.
3398 2561 3469 2616 Et

1814 2630 1943 2686 ideo
1997 2633 2198 2688 eodem
2253 2636 2563 2704 conclusit,
2615 2640 2922 2696 subdendo
2959 2659 2973 2696 :
3016 2645 3108 2700 Vos
3146 2648 3295 2702 enim
3338 2651 3469 2704 estis

1812 2721 2080 2788 templum
2110 2725 2231 2789 Dei,
2261 2729 2370 2780 etc.
2399 2742 2411 2792 ;
2446 2726 2616 2795 quasi
2662 2728 2919 2786 diceret:
2947 2732 3007 2786 Si
3055 2750 3156 2790 vos
3178 2737 3468 2793 credendo

1812 2809 2098 2880 templum
2122 2810 2220 2865 Dei
2252 2814 2416 2879 estis,
2444 2812 2529 2869 illi
2561 2831 2676 2870 non
2695 2818 2983 2874 credendo
3016 2822 3302 2894 templum
3325 2831 3467 2893 sunt

1813 2897 2028 2952 diaboli
2066 2923 2079 2965 ;
2113 2905 2171 2954 et
2197 2898 2327 2955 ideo
2359 2906 2576 2970 cavete,
2611 2920 2702 2971 ne,
2724 2921 2825 2976 per
2856 2907 3283 2981 inﬁdelitatem,
3304 2914 3466 2971 illius

1813 2987 2169 3044 efﬁciamini.
2228 2990 2498 3061 Templum
2547 2992 2644 3048 Dei
2676 2996 2787 3049 vivi
2815 2995 2977 3063 dicit,
3011 2999 3083 3053 ad
3135 3000 3468 3059 distinctio-

1813 3092 1945 3131 nem
1997 3082 2385 3132 mortuorum.
2437 3079 2761 3151 Sequitur:
2797 3084 3069 3151 Quoniam
3117 3088 3461 3161 inhabitabo,

1811 3168 1920 3219 etc.
1946 3165 2029 3218 Ad
2056 3166 2557 3221 conﬁrmationem
2585 3169 2676 3223 sui
2700 3168 2808 3226 iste
2828 3173 3099 3245 egregius
3120 3178 3467 3248 praedicator

1810 3251 2000 3340 ﬁdelis
2032 3253 2090 3307 in
2144 3255 2339 3323 verbo,
2372 3259 2430 3309 et
2476 3257 2736 3325 veritate,
2771 3261 3178 3320 testimonium
3222 3269 3468 3340 prophe«

64 3343 213 3399 bonis
226 3341 871 3417 predicatoribusbona
887 3341 1339 3411 praedicantibus
1356 3359 1469 3399 non
1494 3345 1700 3403 obesse
1730 3351 1773 3417 Ο
1812 3339 1994 3396 ticum
2026 3342 2227 3397 sumit.
2247 3341 2351 3397 Ubi
2385 3348 2704 3400 monentur
2723 3349 3152 3420 praedicatores,
3172 3371 3282 3412 sua
3311 3339 3467 3413 dicta

67 3437 293 3497 possunt
321 3431 465 3487 mali
513 3430 848 3497 auditores;
881 3433 941 3484 et
970 3430 1101 3485 ideo
1153 3430 1295 3486 dicit
1335 3433 1653 3504 Apostolus
1687 3452 1703 3492 :

64 3521 167 3578 Non
210 3521 612 3593 angustiamini
656 3521 717 3574 in
763 3518 945 3585 nobis,
980 3520 1149 3590 quasi
1197 3520 1461 3578 diceret:
1494 3523 1554 3578 Si
1602 3540 1707 3581 vos

67 3626 167 3666 non
194 3609 551 3675 correxistis,
573 3625 686 3665 non
720 3608 890 3664 nobis
912 3608 1103 3676 obest,
1123 3608 1223 3681 qui
1257 3610 1411 3665 bona
1432 3613 1708 3682 praedica-

68 3715 205 3767 mus,
254 3700 351 3756 sed
403 3697 599 3764 vobis,
645 3697 743 3768 qui
797 3698 983 3753 facere
1032 3698 1428 3755 contemnitis.
1480 3706 1550 3757 Et
1596 3703 1707 3759 hoc

68 3793 161 3858 est,
176 3790 323 3860 quod
353 3788 562 3845 subdit
593 3803 608 3842 :
636 3787 1057 3858 Angustiamini
1085 3789 1145 3841 in
1167 3789 1464 3846 visceribus
1484 3794 1706 3855 vestris;

69 3878 291 3934 eamdem
317 3881 518 3935 autem
570 3876 829 3932 habentes
864 3879 1371 3933 remunerationem
1399 3880 1706 3950 (subaudi-

70 3972 173 4032 tur,
218 3967 417 4039 eritis).
450 3965 633 4031 Quasi
683 3965 902 4021 diceret
948 3983 960 4021 :
1011 3967 1067 4019 Si
1116 3966 1391 4023 eumdem
1443 3984 1706 4037 cursum,

76 4070 232 4124 quem
262 4073 386 4123 nos,
411 4053 807 4120 cocurreritis,
840 4054 1108 4109 eamdem
1167 4054 1461 4112 habebitis
1518 4073 1709 4113 remu—

79 4143 449 4201 nerationem:
507 4147 567 4199 et
628 4141 730 4214 qui
770 4142 1037 4197 eamdem
1098 4147 1157 4197 et
1204 4147 1492 4216 tanquam
1544 4150 1711 4218 pater

76 4228 211 4286 ﬁlios
260 4249 487 4300 moneo,
551 4230 888 4286 dilatamini.
948 4230 1114 4286 Sicut
1161 4232 1319 4288 enim
1379 4233 1707 4302 sacculum,

77 4320 117 4373 si
146 4337 250 4377 non
280 4321 469 4394 capiat
500 4321 661 4393 quod
713 4320 1034 4392 pretiosum
1065 4323 1175 4388 est,
1209 4323 1607 4391 extendimus,
1641 4328 1710 4379 ut

77 4423 259 4479 capere
306 4411 514 4483 possit,
568 4409 651 4464 ita
704 4401 905 4464 monet
951 4407 1268 4480 Apostolus
1319 4410 1550 4466 dilatari
1598 4412 1708 4468 Co—

77 4496 323 4566 rinthios,
372 4506 436 4556 ut
480 4498 820 4571 capaciores
868 4497 1236 4565 reddantur;
1298 4503 1589 4571 quatenus
1641 4517 1710 4556 ea

77 4586 327 4658 pretiosa,
375 4605 502 4661 qua
555 4587 820 4642 dicturus
870 4590 1014 4654 erat,
1065 4603 1271 4658 capere
1321 4593 1581 4659 possent.
1640 4589 1711 4644 Et

77 4672 189 4731 ideo
216 4677 384 4733 dicit:
416 4678 766 4743 Dilatamini,
787 4675 957 4747 quasi
979 4675 1200 4731 diceret
1223 4694 1235 4731 :
1262 4678 1518 4750 Capaces
1539 4677 1708 4748 estis,

80 4764 165 4818 sed
210 4768 538 4839 capaciores
584 4769 793 4833 estote,
826 4770 894 4821 ut
942 4781 1150 4837 capere
1202 4767 1444 4838 possitis
1493 4772 1552 4823 et
1581 4784 1705 4823 vos.

79 4848 188 4907 Non
235 4854 387 4910 enim
433 4854 599 4926 dicit,
656 4871 781 4922 vos,
835 4854 959 4924 sed,
1017 4858 1072 4909 et
1126 4870 1252 4917 vos;
1285 4855 1453 4926 quasi
1507 4855 1706 4911 dicat:

78 4936 192 4997 Jam
220 4959 321 4999 nos
350 4943 579 5000 dilatati
612 4960 822 5000 sumus
853 4944 926 4999 ab
959 4942 1113 4999 bona
1144 4945 1584 5015 proferendum,
1609 4961 1711 5001 vos

83 5026 382 5087 dilatamini
414 5034 485 5089 ad
518 5032 894 5105 capiendum.

141 5120 209 5173 Et
255 5124 419 5177 nolite
459 5122 661 5194 jugum
706 5122 925 5193 ducere,
976 5126 1087 5177 etc.
1135 5122 1354 5195 Jugum
1400 5124 1557 5178 enim
1606 5140 1711 5195 pro

84 5205 329 5263 societate
357 5211 751 5282 ponitur,ideo
782 5211 922 5283 quia
946 5212 1150 5267 eodem
1176 5212 1515 5283 junguntur
1532 5212 1711 5269 boves

84 5291 143 5346 ab
192 5294 400 5369 aliquo,
449 5305 506 5355 et
554 5300 690 5372 equi
740 5301 812 5356 ad
873 5316 1135 5356 currum.
1188 5301 1255 5354 Et
1294 5305 1384 5356 est
1433 5318 1643 5357 sensus
1693 5318 1707 5357 :

82 5379 242 5440 Nolite
273 5389 473 5459 jugum
517 5389 735 5462 ducere,
769 5395 877 5446 etc.
911 5409 925 5460 ;
971 5390 1031 5445 id
1063 5393 1173 5457 est,
1208 5388 1386 5445 nolite
1433 5391 1709 5447 societate

80 5466 377 5532 inﬁdelium
426 5478 671 5551 perfrui.
722 5479 793 5536 Et
838 5478 1043 5537 volens
1091 5493 1261 5536 suam
1314 5480 1708 5538 narrationem

159 5703 255 5759 727

303 5709 366 5791 I_n
396 5716 590 5787 autog.
626 5731 813 5791 marg.
838 5716 943 5791 hic
973 5714 1189 5791 legitur
1218 5731 1345 5791 cap.
1374 5714 1514 5791 XIX.

1815 3428 2065 3484 aliorum
2097 3431 2375 3486 studeant
2417 3433 2766 3490 conﬁrmare
2806 3440 3115 3511 exemplis.
3149 3443 3259 3499 Sed
3286 3446 3465 3514 quaeri

1816 3521 2009 3589 potest
2039 3534 2219 3588 quare
2250 3519 2407 3574 dicat
2440 3537 2452 3575 :
2483 3520 2833 3594 Inhabitabo,
2876 3530 2935 3582 et
2962 3530 3298 3600 ambulabo;
3330 3550 3464 3591 cum

1816 3605 1914 3662 ille
1946 3608 2164 3679 ubique
2196 3607 2291 3673 sit,
2325 3612 2382 3663 et
2429 3611 2628 3666 omnia
2658 3611 2778 3667 sint
2822 3612 2882 3668 in
2912 3614 3033 3671 illo.
3068 3618 3179 3673 Sed
3214 3618 3346 3677 talis
3378 3628 3469 3679 est

1817 3711 2028 3751 sensus
2062 3712 2075 3751 :
2112 3697 2391 3753 Ambulat
2419 3697 2536 3763 ille,
2560 3704 2617 3754 et
2649 3700 2944 3758 inhabitat
2974 3705 3032 3760 in
3056 3708 3332 3766 cordibus
3353 3710 3468 3767 ele-

1817 3788 2068 3854 ctorum,
2102 3801 2236 3840 cum
2297 3787 2369 3840 ab
2418 3785 2762 3844 inﬁdelitate
2792 3791 2865 3846 ad
2916 3792 3114 3863 ﬁdem,
3145 3800 3201 3851 et
3249 3813 3350 3869 per
3381 3800 3469 3853 in-

1820 3877 2119 3928 crementa
2147 3873 2206 3928 in
2254 3873 2570 3931 virtutibus
2601 3878 2880 3948 proﬁcere
2925 3881 3082 3938 facit.
3115 3884 3263 3941 Nam
3314 3886 3473 3944 sicut

1819 3961 1996 4017 habet
2047 3962 2158 4017 iste
2206 3963 2455 4018 exterior
2494 3964 2670 4021 homo
2727 3983 2867 4023 suos
2911 3971 3108 4041 pedes,
3140 3973 3225 4029 sic
3274 3979 3335 4030 et
3378 3974 3469 4031 in-

1818 4051 1998 4106 terior
2026 4050 2222 4116 homo,
2250 4051 2468 4121 quibus
2490 4053 2655 4124 gradi
2690 4056 2897 4125 possit.
2913 4057 3191 4131 Magnum
3216 4078 3473 4136 namque

1818 4140 1929 4194 iter
1970 4144 2082 4204 est,
2115 4139 2186 4194 de
2232 4139 2574 4195 inﬁdelitate
2627 4143 2698 4197 ad
2752 4144 2927 4200 ﬁdem
2960 4148 3231 4221 transire,
3283 4156 3341 4207 et
3370 4169 3474 4225 per

1820 4229 2183 4284 incrementa
2229 4228 2287 4282 in
2340 4229 2655 4287 virtutibus
2701 4234 3031 4304 proﬁcere;
3092 4239 3248 4311 quod
3306 4242 3472 4298 nullo

1820 4318 1992 4374 modo
2036 4318 2159 4373 ﬁeri
2193 4322 2381 4389 potest
2426 4319 2642 4388 subito,
2676 4321 2792 4377 nisi
2842 4340 2946 4395 per
2990 4326 3294 4383 intervalla
3323 4334 3474 4386 tem-

1820 4424 2049 4479 porum.
2084 4407 2192 4462 Sed
2246 4407 2576 4478 sciendum,
2609 4411 2750 4481 quia
2777 4410 2865 4465 illi
2916 4413 3289 4473 solummodo
3337 4434 3471 4491 pro-

1821 4497 2046 4566 ﬁciunt,
2070 4496 2167 4567 qui
2202 4496 2331 4567 ejus
2362 4497 2579 4568 perfrui
2602 4499 2794 4569 gratia
2822 4506 3142 4559 merentur.
3173 4505 3473 4564 Gcneralis

1819 4589 1907 4641 est
1937 4584 2047 4640 iste
2080 4600 2329 4651 sensus;
2367 4585 2469 4640 sed
2500 4585 2819 4643 videndum
2868 4594 2957 4644 est
2986 4592 3119 4663 quis
3151 4594 3229 4650 sit
3258 4595 3476 4668 specia-

1820 4672 1913 4729 lis.
1964 4672 2228 4728 Primum
2279 4672 2544 4728 omnium
2595 4674 3085 4735 considerandum
3120 4682 3171 4737 si
3217 4684 3316 4753 sit,
3350 4683 3474 4740 haec

1819 4779 1927 4818 vox
1978 4761 2193 4817 Christi
2223 4764 2357 4816 est:
2404 4779 2543 4817 nam
2591 4764 2875 4836 propheta
2924 4768 2983 4823 in
3034 4769 3164 4840 ejus
3211 4788 3349 4828 voce
3396 4773 3478 4829 lo-

1821 4851 2128 4923 quebatur,
2164 4849 2363 4906 dicens
2395 4868 2408 4906 :
2439 4850 2713 4919 Quoniam
2742 4853 3064 4912 inhabitabo
3095 4858 3284 4930 (Leuit.
3317 4877 3473 4930 xxvr,

1823 4942 1931 5012 12),
1965 4944 2073 4995 etc.
2113 4938 2222 4994 Sed
2273 4939 2524 5012 qualiter
2568 4941 2979 5011 inhabitasset,
3011 4946 3297 5005 Jeremias
3343 4954 3476 5022 post

1822 5028 2100 5086 ostendit.
2159 5030 2255 5084 Hic
2319 5031 2380 5084 in
2432 5032 2598 5087 terris
2644 5034 2794 5087 visus
2850 5042 2951 5101 est,
3001 5039 3053 5090 et
3110 5038 3255 5093 inter
3304 5038 3477 5096 homi-

1820 5136 1916 5176 nes
1964 5123 2316 5177 conversatus
2344 5120 2517 5191 (728).
2552 5121 2660 5176 Sed
2714 5123 2974 5195 apertius
3020 5126 3184 5197 ponit
3234 5143 3475 5203 evange-

1820 5210 1984 5277 lista,
2037 5210 2309 5281 qualiter,
2362 5209 2607 5266 dicendo
2642 5227 2655 5266 :
2694 5211 2922 5268 Verbum
2972 5229 3100 5270 caro
3145 5220 3355 5289 factum
3394 5222 3475 5275 est

1821 5299 2006 5372 (Joan.
2040 5316 2079 5367 ι,
2113 5300 2222 5369 14),
2254 5304 2367 5354 etc.

1892 5390 1956 5444 Et
1982 5404 2074 5444 ero
2113 5388 2337 5443 illorum
2386 5388 2546 5445 Deus.
2579 5390 2742 5454 Quod
2787 5393 2884 5451 ille
2911 5396 3075 5468 Deus,
3104 5399 3260 5456 idem
3308 5399 3474 5459 Jers-

1822 5478 2021 5534 mias:
2065 5479 2163 5533 Hic
2214 5481 2362 5532 Deus
2408 5486 2620 5549 noster,
2651 5484 2703 5537 et
2746 5499 2859 5539 non
2903 5490 3276 5547 aestimabitur
3324 5491 3476 5550 alius

159 5703 255 5759 727
303 5709 366 5765 In
396 5716 590 5787 autog.
626 5731 754 5773 mar
802 5760 813 5774 .
847 5716 943 5773 hic
973 5714 1189 5791 legitur
1218 5731 1341 5788 cap.
1374 5714 1514 5773 XIX.

140 5702 414 5856 E72831".
442 5801 595 5860 xxxx,
624 5787 681 5857 9,
713 5733 811 5849 1f.
836 5790 1056 5850 Textus
1096 5788 1214 5859 hic,
1247 5787 1349 5861 qui
1379 5788 1612 5850 videtur
1640 5788 1701 5849 in
1741 5794 1939 5865 autog.
1970 5785 2235 5849 Jeremizs
2265 5785 2545 5860 tributus,
2577 5786 2803 5851 Baruch
2833 5798 2926 5853 est
2952 5811 3038 5871 in,
3069 5794 3159 5856 38.
