3902 6396
426 412 533 471 451

1445 408 1783 470 ATTONIS
1828 410 2411 477 VERCELLENSIS
2456 419 2807 481 EPISCOPI

3695 446 3797 506 452

426 543 501 598 ad
547 558 689 597 eum.
734 542 797 595 Et
845 540 949 611 ipsi
992 547 1153 594 erunt
1198 538 1339 594 mihi
1380 541 1612 610 populus
1662 541 1847 613 (7:29);
1890 543 2068 599 eccle-
2099 549 2155 614 Α
2188 546 2439 602 ﬁliorum
2474 550 2569 605 Dei
2622 552 2959 621 excludunt,
2995 556 3121 612 ideo
3171 560 3393 617 addidit
3424 580 3436 618 :
3470 567 3532 621 Et
3561 568 3786 643 Spiritus,

428 630 732 687 siasticum
783 629 940 696 dicit,
986 628 1041 683 id
1094 632 1199 697 est,
1254 627 1588 683 Ecclesiam.
1642 630 1818 684 Isaias
1871 648 1883 684 :
1947 634 2071 688 Vivo

426 736 546 789 ego,
578 719 712 774 dicit
759 711 1041 785 Dominus,
1087 719 1219 787 quia
1269 718 1519 771 omnibus
1566 718 1650 771 his
1689 719 1863 773 veluti
1904 724 2071 775 vesti-

425 817 608 865 mento
637 810 883 863 vestieris
920 808 1069 877 (Isai.
1101 823 1248 870 xmx,
1284 806 1389 875 18).
1423 805 1482 859 Si
1514 806 1668 861 enim
1700 807 1867 863 electi
1896 810 2069 865 vesti-

427 901 628 951 menta
676 895 891 951 Christi
945 900 1101 958 sunt,
1135 899 1192 949 et
1222 894 1557 973 vestiuntur
1599 896 1672 950 ab
1721 896 1818 952 illo
1869 915 1882 953 :
1933 915 2069 970 ergo

424 984 676 1056 populus
706 986 834 1054 ejus
863 988 952 1037 est
980 981 1254 1037 Ecclesia.

492 1103 722 1171 Propter
749 1099 889 1170 quod
930 1101 1094 1166 exite,
1127 1102 1234 1153 etc.
1261 1123 1275 1165 ;
1310 1100 1479 1170 quasi
1535 1102 1749 1156 diceret
1778 1120 1791 1157 :
1824 1103 1881 1157 Si
1922 1105 2069 1159 Deus

422 1188 732 1255 inhabitat,
785 1193 843 1243 et
898 1188 1052 1242 Deus
1107 1193 1298 1242 vester
1354 1194 1463 1254 est,
1523 1195 1579 1244 et
1624 1208 1725 1245 vos
1775 1191 2065 1263 populus;

417 1279 654 1351 Propter
681 1276 779 1331 hoc
801 1278 949 1331 exite
977 1277 1042 1331 de
1070 1277 1246 1332 medio
1285 1293 1492 1345 eorum,
1526 1295 1637 1333 non
1672 1296 1930 1351 corpore,
1964 1282 2064 1335 sed

420 1350 634 1430 mente,
671 1382 786 1421 non
817 1364 1123 1435 vagatione
1151 1365 1280 1428 loci,
1314 1367 1415 1421 sed
1443 1367 1767 1422 devotione.
1800 1374 1868 1422 Et
1898 1369 2065 1439 quasi

421 1455 887 1525 interrogassent
934 1453 1185 1525 qualiter
1214 1458 1302 1509 est
1333 1457 1685 1521 exeundum,
1718 1458 2019 1529 respondit
2051 1477 2063 1513 :

420 1545 486 1598 Et
518 1542 868 1597 immundum
898 1558 967 1597 ne
997 1544 1467 1613 tetigeritis.Hinc
1500 1545 1641 1599 dicit
1663 1547 2063 1618 Augustinus:

418 1632 667 1703 Exponit
714 1630 1031 1702 Apostolus
1076 1631 1171 1686 his
1209 1632 1424 1698 verbis,
1458 1634 1611 1703 quod
1662 1635 1935 1704 superius
1985 1635 2068 1689 di-

416 1724 579 1776 xerat
629 1738 641 1773 :
688 1723 877 1775 Exite.
929 1720 1039 1775 Sed
1072 1720 1203 1790 quis
1256 1721 1446 1791 tangit
1489 1724 1912 1777 immundum?
1967 1724 2067 1779 Ille

418 1810 643 1879 utique,
676 1809 778 1879 qui
828 1812 929 1862 aut
986 1808 1361 1863 immundum
1397 1810 1546 1880 (730)
1593 1816 1802 1882 patrat,
1832 1817 1934 1867 aut
1965 1831 2064 1884 pa-

2180 633 2239 688 id
2270 641 2378 706 est,
2415 638 2644 694 mentis.

2252 752 2568 822 Sequitur:
2603 757 2947 825 Perﬁcientes
2974 764 3478 832 sanctiﬁcationem.
3513 771 3794 847 Egregium

2182 856 2415 911 quoque
2463 848 2651 897 servat
2696 846 2980 903 ordinem.
3031 854 3320 910 Praemisit
3368 846 3794 936 promissiones;

2181 929 2390 983 deinde
2445 933 2708 1002 subjuxit
2760 935 3241 1013 exhortationem,
3292 945 3533 1003 dicendo
3581 968 3593 1006 :
3646 929 3793 1011 Mun;

2178 1018 2389 1083 demus,
2418 1025 2524 1074 etc.
2555 1038 2568 1087 ;
2604 1028 2734 1092 post
2754 1027 3221 1085 emendationem
3242 1038 3466 1090 monuit
3493 1036 3793 1100 habendam

2178 1108 2699 1164 sanctiﬁcationem
2729 1130 2741 1178 ;
2767 1114 2905 1183 quia
2926 1119 3313 1176 sanctiﬁcatio
3334 1140 3445 1179 non
3465 1142 3587 1182 esse
3606 1136 3791 1200 potest,

2178 1194 2289 1249 nisi
2323 1196 2419 1249 ubi
2456 1198 2745 1254 munditia
2790 1208 2897 1256 est.
2932 1205 3043 1258 Iste
3074 1208 3214 1263 ordo
3248 1210 3305 1263 in
3359 1194 3660 1285 Scriptur-is
3688 1194 3793 1275 ser;

2175 1286 2345 1337 vatur
2374 1284 2607 1341 divinis.
2658 1288 2806 1343 Hinc
2835 1291 3090 1348 Jacobus
3140 1299 3441 1368 apostolus
3487 1284 3664 1361 dicit:
3702 1310 3792 1363 Ab-

2176 1372 2422 1439 iicientes
2452 1390 2663 1430 omnem
2697 1379 3132 1454 immunditiam,
3157 1398 3207 1441 et
3228 1390 3623 1448 abundantiam
3648 1398 3796 1452 mati-

2174 1460 2271 1517 tiae
2300 1464 2438 1528 (Jac.
2474 1481 2515 1530 ι,
2545 1466 2656 1536 21),
2690 1471 2796 1521 etc.
2830 1469 2976 1524 Hinc
3010 1472 3320 1532 Psalmista
3354 1496 3366 1533 :
3401 1481 3617 1538 Declina
3641 1502 3671 1539 a
3697 1503 3796 1540 ma-

2178 1550 2228 1603 lo
2269 1551 2435 1619 (Psal.
2484 1570 2673 1617 xxxvr;
2724 1557 2835 1627 27),
2870 1564 2977 1613 etc.
3014 1561 3157 1618 Hinc
3208 1564 3493 1624 Dominus
3539 1572 3607 1627 ad
3652 1573 3792 1629 Jerc-

2179 1638 2355 1693 miam
2391 1658 2403 1695 :
2440 1643 2570 1697 Ecce
2594 1647 2755 1712 posui
2780 1650 2851 1716 te,
2883 1652 2940 1702 ut
2967 1652 3167 1706 evellas
3196 1656 3334 1724 (Jer.
3369 1674 3407 1727 ι,
3447 1659 3549 1730 10),
3581 1665 3677 1716 etc.
3710 1664 3788 1733 Et,

2177 1727 2317 1796 quia
2347 1731 2727 1787 sanctificatio
2760 1735 2885 1791 sine
2917 1738 3121 1795 timore
3154 1743 3253 1798 Dei
3283 1761 3413 1801 esse
3462 1727 3576 1804 non
3606 1727 3790 1821 potest,

2176 1817 2479 1885 subiunxit
2512 1835 2526 1873 :
2560 1823 2621 1875 In
2653 1824 2848 1879 timore
2879 1828 2991 1881 Dei.
3017 1829 3084 1884 Et
3109 1833 3261 1901 quod
3294 1817 3665 1894 sanctificatio
3686 1817 3791 1895 sine

419 1897 713 1951 trantibus
745 1897 963 1966 praebet
1012 1914 1341 1953 assensum.
1374 1898 1443 1952 Et
1490 1898 1645 1965 hinc,
1680 1902 1832 1970 quod
1864 1902 1923 1955 in
1955 1902 2147 1970 Ve-B
2181 1904 2384 1960 timore
2432 1906 2528 1962 Dei
2580 1926 2694 1964 non
2747 1912 2842 1979 sit,
2876 1897 3231 1989 evangelista
3279 1927 3630 1997 manifestat,
3676 1944 3790 1983 cum

416 1985 524 2040 teri
574 1987 947 2041 Testamento
999 1985 1260 2058 legitur:
1317 1989 1423 2055 Qui
1474 1992 1716 2061 tetigerit
1762 1997 2061 2059 mortuum,

414 2075 733 2130 immundus
776 2076 885 2130 erit
915 2076 1107 2145 (Levii.
1158 2093 1236 2143 χι,
1268 2078 1339 2131 24
1364 2094 1376 2143 ;
1405 2083 1567 2134 Num.
1622 2097 1739 2149 xIx,
1771 2082 1829 2134 11
1860 2099 1873 2148 ;
1907 2083 2061 2137 Deut.

410 2180 528 2229 xw,
559 2164 638 2235 8),
671 2168 907 2235 propter
934 2164 1041 2219 hoc
1074 2164 1219 2219 dixit
1250 2184 1262 2220 :
1298 2166 1444 2221 Nam
1476 2184 1622 2239 opus
1654 2169 2063 2226 misericordiae

411 2256 502 2307 est
531 2256 832 2308 mortuum
863 2253 1131 2325 sepelire.

483 2361 547 2415 Et
574 2375 667 2429 ego
711 2361 975 2430 recipiam
1020 2375 1131 2428 vos,
1166 2360 1334 2432 quasi
1387 2362 1653 2418 diceret:
1688 2364 1747 2419 Si
1796 2366 2062 2422 inﬁdeles

410 2464 514 2503 vos
560 2447 910 2519 expulerint,
943 2447 1032 2502 vel
1081 2464 1184 2503 vos
1233 2450 1451 2520 egressi
1504 2452 1756 2518 fueritis,
1804 2470 1909 2523 ego
1960 2472 2060 2510 vos

414 2536 712 2609 recipiam.
749 2537 817 2590 Et
847 2535 981 2591 talis
1012 2542 1103 2592 est
1150 2554 1382 2604 sensus,
1416 2539 1609 2609 qualis
1636 2540 1755 2606 ille,
1791 2544 1889 2596 ubi
1923 2542 2060 2615 legi-

411 2628 509 2676 tur
539 2639 551 2677 :
588 2625 761 2678 Extra
813 2640 1120 2693 synagogas
1149 2641 1240 2679 vos
1287 2628 1493 2690 facient
1529 2628 1697 2698 (731),
1730 2635 1837 2684 etc.
1872 2631 1936 2683 Et
1966 2647 2061 2686 ero

408 2711 559 2765 vobis
589 2713 648 2766 in
693 2713 928 2782 patrem,
960 2713 1128 2783 quasi
1162 2713 1379 2769 diceret
1410 2731 1422 2768 :
1459 2715 1513 2768 Si
1564 2719 1815 2787 perversi
1851 2737 2057 2790 paren-

411 2803 519 2865 tes,
552 2803 612 2853 et
644 2798 906 2853 inﬁdeles
936 2816 1038 2853 vos
1070 2799 1420 2871 expulerint,
1446 2818 1537 2855 me
1569 2808 1792 2874 patrem
1826 2804 2059 2861 habebi-

409 2887 489 2940 tis
526 2888 971 2957 sempiternum.
1005 2889 1070 2942 Et
1118 2905 1205 2943 vos
1235 2893 1389 2944 eritis
1418 2893 1560 2945 mihi
1604 2894 1665 2946 in
1710 2894 1871 2963 ﬁlios,
1905 2900 1959 2948 et
1987 2896 2058 2965 ﬁ-

410 2976 537 3030 lias.
572 2975 769 3045 Filios,
798 2980 854 3030 et
904 2975 1059 3032 ﬁlias
1091 2977 1254 3045 dicit,
1290 2979 1410 3034 sive
1460 2986 1697 3052 propter
1739 2988 2057 3055 utrumque

408 3080 635 3134 sexum,
666 3064 786 3119 sive
836 3070 1071 3135 propter
1099 3065 1300 3134 fortes,
1336 3073 1392 3122 et
1439 3068 1723 3124 inﬁrmos.
1777 3072 1917 3126 Dicit
1948 3078 2056 3127 Do-

410 3154 594 3208 minus
620 3155 981 3224 omnipotens.
1007 3154 1078 3208 Ut
1108 3156 1407 3226 superiora
1432 3160 1754 3228 conﬁrmet,
1776 3161 1903 3216 ideo
1934 3161 2056 3217 haec

410 3241 734 3312 subjunxit.
771 3243 910 3298 Nam
964 3259 1091 3298 mos
1137 3250 1226 3298 est
1273 3246 1692 3317 prephetarum
1742 3249 1882 3303 talia
1914 3251 2051 3305 sub-

408 3331 567 3399 dere,
598 3336 664 3385 ut
694 3347 800 3385 nos
831 3332 1104 3386 certiores
1133 3333 1203 3388 de
1234 3335 1637 3405 superioribus
1668 3339 1932 3393 reddant.

479 3446 586 3502 Sed
619 3447 751 3518 quis
800 3451 923 3501 erat
971 3447 1100 3507 iste.
1135 3448 1235 3520 qui
1281 3450 1389 3504 hoc
1438 3451 1717 3507 dicebat?
1745 3453 2050 3511 Christus:

408 3550 544 3607 ergo
574 3534 964 3606 omnipotens.
1008 3537 1073 3591 Et
1098 3538 1251 3607 quod
1283 3540 1675 3610 omnipotens,
1709 3542 1833 3612 ipse
1865 3542 2052 3597 mani-

409 3625 580 3679 festat
612 3640 625 3680 :
662 3626 1012 3696 Quaecunque
1060 3627 1223 3680 Pater
1248 3628 1402 3696 facit,
1435 3627 1553 3683 haec
1582 3629 1769 3683 eadem
1799 3641 1848 3686 et
1876 3633 2052 3687 Filius

409 3711 584 3782 (Joan.
614 3729 671 3778 v,
707 3713 812 3777 19).
849 3712 997 3783 Ergo
1046 3729 1113 3767 ea
1144 3730 1256 3767 non
1303 3720 1493 3784 potest
1540 3716 1737 3786 Filius,
1791 3736 1915 3789 quae
1949 3738 2053 3777 nec

406 3804 597 3856 Pater.
620 3801 729 3854 Sed
760 3801 1006 3855 idoneus
1028 3806 1117 3855 est
1146 3802 1254 3856 iste
1288 3802 1490 3871 Filius,
1519 3805 1619 3875 qui
1652 3807 1793 3861 dicit
1822 3814 2054 3879 aposto-

407 3888 482 3943 lis
523 3905 536 3943 :
597 3893 707 3944 Deo
766 3891 955 3944 omnia
1004 3891 1295 3960 possibilia
1339 3896 1466 3946 sunt
1512 3894 1717 3960 (Matth.
1778 3914 1890 3964 xix,
1938 3899 2050 3969 26).

406 3977 476 4031 Et
540 3976 588 4031 si
655 3979 872 4046 omnia,
942 3993 1078 4050 ergo
1143 3983 1198 4033 et
1264 3979 1389 4052 ipse
1456 3983 1847 4055 omnipotens,
1916 3988 2056 4058 quia

404 4065 577 4121 Deus.

478 4171 628 4243 (732)
660 4171 815 4241 (CAP.
857 4171 1004 4244 VII.)
1043 4173 1353 4245 Sequitur:
1390 4181 1503 4232 Has
1533 4178 1710 4247 igitur
1733 4183 2051 4250 promissio-

402 4276 516 4315 nes.
544 4260 703 4315 Facit
733 4259 889 4315 enim
921 4263 1289 4333 superiorum
1322 4266 1776 4335 promissionum
1814 4272 2055 4326 mentio-

405 4365 560 4412 nem,
594 4349 703 4405 hoc
734 4354 842 4416 est,
877 4354 940 4404 ut
971 4352 1095 4422 ipse
1116 4353 1194 4406 sit
1223 4353 1393 4407 nobis
1420 4354 1478 4408 in
1511 4359 1765 4423 Patrem,
1788 4362 1845 4412 et
1874 4377 1979 4414 nos
2001 4362 2052 4415 ei

403 4438 463 4492 in
514 4437 688 4505 ﬁlios,
725 4442 783 4492 et
832 4437 1018 4495 ﬁlias:
1060 4445 1115 4495 et
1167 4441 1295 4497 ideo
1345 4443 1702 4500 exhortando
1735 4448 2051 4519 sequitur:

406 4526 725 4581 Mundemus
754 4545 852 4583 nos
899 4529 969 4583 ab
1000 4532 1157 4585 omni
1203 4533 1622 4602 inquinamento
1668 4539 1871 4590 carnis.
1905 4538 2055 4594 Sane

304 4634 309 4643 λ
406 4615 751 4686 notandum,
786 4616 924 4687 quia
952 4635 1067 4673 non
1100 4619 1241 4674 dicit
1270 4621 1660 4691 solummodo,
1692 4627 1760 4679 ab
1786 4625 2050 4697 inquina-
2084 4636 2128 4701 Ι)

401 4706 602 4771 mento,
637 4704 737 4759 sed
769 4707 961 4770 omni;
992 4707 1130 4777 quia
1162 4708 1347 4764 multa
1376 4716 1515 4765 sunt
1541 4728 1754 4783 genera
1783 4713 2054 4785 inquina-

401 4791 598 4857 tionis,
624 4808 751 4861 quae
784 4796 905 4847 tam
940 4810 971 4847 a
1002 4794 1254 4862 diabolo,
1288 4814 1465 4867 quam
1491 4816 1524 4853 a
1555 4801 1837 4857 membris
1868 4803 2055 4873 ipsius

399 4879 638 4935 inventa
668 4887 824 4935 sunt.
853 4881 1215 4953 Quapropter
1244 4886 1343 4956 qui
1380 4891 1556 4940 Deum
1583 4894 1805 4958 patrem
1840 4891 2053 4947 habere

400 4968 714 5034 desiderat,
749 4974 805 5023 et
850 4972 979 5040 ejus
1026 4972 1183 5027 ﬁlius
1216 4990 1344 5028 esse
1376 4975 1554 5045 cupit,
1589 4994 1703 5031 non
1755 4979 1944 5034 solum
1980 4982 2052 5036 ab

399 5056 559 5110 omni
592 5074 763 5126 opere
787 5058 1283 5130 coinquinationis
1311 5079 1371 5117 se
1402 5064 1714 5130 abstineat,
1741 5069 1839 5121 sed
1874 5070 2050 5124 etiam

401 5145 474 5199 ab
506 5144 637 5214 ipsa
665 5146 859 5200 carnis
909 5147 1311 5206 delectatione.
1340 5152 1449 5206 Sed
1503 5153 1641 5223 quia
1672 5156 1859 5210 multa
1892 5164 2050 5230 sunt,

400 5247 529 5302 quae
560 5229 683 5285 solo
716 5233 931 5289 mentis
962 5252 1252 5294 consensu
1284 5241 1452 5309 ﬁunt,
1487 5246 1543 5296 et
1574 5259 1681 5297 nos
1712 5260 1741 5298 a
1774 5246 2053 5303 societate

402 5421 872 5550 digg‘ilnllggum
903 5426 1185 5487 Jeremias
1208 5451 1310 5505 Pro
1343 5436 1705 5509 Baruch,Qui
1738 5438 1845 5495 hoc
1875 5440 2054 5523 habet

470 5563 1190 5656 (739))Inip‘iu‘qdu‘msape
1332 5584 1532 5656 autog.
1575 5581 1857 5656 scriptum
1908 5584 2051 5656 legi-

397 5634 519 5701 tur,
553 5634 655 5723 ςιρά
687 5635 902 5723 litteris
934 5642 1234 5723 superius,
1257 5653 1314 5702 et
1342 5634 1506 5723 infra)
1531 5634 1794 5723 adjectis,
1825 5634 2050 5711 necuim

394 5705 634 5793 punctis
663 5705 892 5781 aliquot
921 5705 1384 5775 obl—iterationem
1403 5705 1734 5792 aliquoi-um
1753 5705 2050 5782 aliisab“.

2174 1993 2405 2049 dicitde
2437 1996 2705 2054 Simeone
2733 2018 2745 2056 :
2787 2003 2991 2069 Justus,
3016 2015 3066 2061 et
3094 2010 3389 2067 timoratus
3415 2016 3562 2086 (Luc.
3586 1993 3643 2083 1i,
3675 2019 3753 2089 25)
3779 2033 3790 2082 ;

2174 2098 2308 2135 nam
2340 2084 2746 2155 sicutjustitia
2777 2090 2901 2145 sine
2949 2094 3157 2152 timore
3187 2115 3315 2155 esse
3354 2084 3467 2157 non
3499 2109 3695 2175 potest,
3721 2084 3791 2160 sic

2174 2186 2278 2225 nec
2309 2174 2713 2232 sanctiﬁcatio.

2242 2288 2518 2358 Sequitur
2549 2307 2562 2345 :
2599 2290 2788 2359 Capite
2817 2311 2934 2351 nos.
2965 2298 3170 2356 Melius
3202 2301 3258 2357 in
3294 2304 3508 2362 Graecis
3539 2310 3791 2382 exempla-

2172 2375 2355 2445 ribus,
2389 2379 2543 2433 unde
2573 2380 2681 2435 hoc
2710 2385 3064 2442 translatum
3123 2395 3229 2457 est,
3262 2392 3533 2452 habetur.
3564 2375 3789 2455 Verbum

2169 2464 2346 2533 enim,
2379 2468 2533 2536 quod
2588 2469 2643 2524 in
2691 2470 2799 2526 hoc
2846 2473 2971 2531 loco
3004 2478 3258 2547 positum
3295 2488 3409 2552 est,
3443 2486 3611 2542 talem
3644 2488 3791 2545 habet

2169 2568 2432 2623 sensum,
2466 2558 2632 2627 quasi
2666 2559 2909 2616 dixisset
2954 2566 3262 2636 Apostolus
3297 2587 3309 2625 :
3346 2578 3593 2645 Capaces
3630 2576 3789 2631 nostri

2167 2645 2372 2697 estote.
2399 2644 2463 2696 Et
2494 2649 2689 2714 potest
2718 2648 2949 2705 duobus
2981 2656 3171 2710 modis
3207 2644 3477 2734 intelligi,
3504 2668 3565 2718 ut
3594 2666 3789 2720 sitsen-

2168 2747 2270 2783 sus
2304 2747 2315 2784 :
2351 2730 2479 2785 Vim
2515 2733 2804 2789 dictorum
2830 2739 3163 2798 nostrorum
3197 2730 3427 2817 capite;
3462 2730 3608 2824 quod
3638 2754 3789 2809 etiam

2169 2819 2407 2890 respicit
2454 2821 2524 2874 ad
2560 2820 2689 2888 hoc,
2728 2826 2880 2894 quod
2936 2845 3113 2900 supra
3163 2835 3265 2901 ait,
3300 2819 3624 2897 dilata-mini
3651 2861 3661 2907 ;
3691 2842 3791 2897 sive

2168 2908 2280 2961 alio
2333 2909 2525 2974 modo,
2573 2913 2750 2980 capite
2780 2930 2897 2979 nos,
2930 2916 3039 2971 hoc
3088 2926 3173 2975 est
3220 2924 3397 2981 vitam
3450 2936 3694 2986 nostram
3744 2935 3791 2985 et

2167 2996 2665 3052 conversationem
2716 3000 3049 3061 imitamini.
3085 3009 3150 3062 Et
3180 3016 3346 3082 quasi
3402 3018 3790 3092 interrogasset

2166 3083 2381 3155 aliquis
2415 3102 2427 3139 :
2464 3088 2598 3151 Quae
2631 3094 2717 3142 est
2749 3097 3110 3151 conversatio
3142 3104 3261 3168 tua,
3297 3120 3477 3175 quam
3512 3083 3666 3179 sequi
3696 3109 3785 3162 de-

2168 3174 2373 3228 bemus
2396 3174 2423 3228 ?
2458 3176 2588 3230 Ideo
2637 3179 2939 3247 subiunxit
2972 3201 2983 3238 :
3019 3174 3613 3268 Neminemila’simus,
3654 3202 3784 3263 etc.;

2083 3271 2126 3337 ρ
2164 3262 2333 3331 quasi
2365 3262 2606 3319 dixisset
2637 3282 2648 3319 :
2689 3268 2801 3321 Hoc
2854 3270 2912 3324 in
2946 3275 3241 3333 mentibus
3291 3286 3503 3341 vestris
3532 3262 3783 3354 conferte,

2162 3350 2269 3405 hoc
2297 3351 2367 3405 ad
2400 3354 2742 3409 memoriam
2793 3367 3073 3427 revocate,
3107 3365 3243 3435 quia
3288 3370 3425 3426 talis
3458 3374 3567 3429 fuit
3608 3350 3786 3429 nostra

2161 3441 2521 3496 conversatio
2576 3444 2731 3515 apud
2794 3463 2913 3502 vos.
2974 3450 3330 3513 Hic‘verbis
3385 3461 3618 3517 denotat
3670 3462 3783 3516 illos

2162 3544 2412 3598 quorum
2447 3529 2611 3586 falsis
2661 3534 2941 3592 doctrinis
2975 3539 3203 3598 fuerant
3234 3546 3483 3620 decepti.
3518 3551 3606 3606 Illi
3646 3551 3783 3607 enim

2161 3616 2433 3672 lazserant
2475 3637 2591 3688 eos,
2645 3624 2782 3693 quia
2835 3626 3118 3684 dominati
3167 3640 3310 3690 sunt
3361 3616 3597 3708 eorum;
3650 3638 3783 3694 unde

2162 3704 2407 3760 inferius
2459 3708 2599 3762 dicit
2631 3725 2643 3763 :
2677 3712 2933 3768 Libenter
2976 3721 3240 3789 sit/fertis,
3273 3741 3322 3779 si
3353 3730 3477 3798 quis
3526 3704 3594 3783 in-
3612 3730 3787 3800 faciem

2166 3809 2252 3847 vos
2281 3794 2445 3849 credit
2473 3796 2549 3866 (II
2595 3798 2714 3853 Cor.
2766 3818 2842 3868 x1,
2881 3806 2964 3874 19,
2998 3809 3108 3878 20).
3160 3794 3561 3886 Corruperunt
3605 3794 3695 3873 eos
3736 3815 3786 3870 in

2170 3883 2299 3951 ﬁde,
2336 3882 2480 3939 falsa
2510 3885 2809 3956 docendo;
2843 3882 3364 3958 circumvenerunt
3386 3921 3508 3975 eos,
3541 3907 3786 3962 substan-

2165 3971 2305 4025 tiam
2338 3989 2539 4029 eorum
2570 3980 2626 4030 et
2655 3977 2905 4035 salutem
2941 3985 3155 4054 pariter
3180 3971 3596 4050 exhauriendo.
3629 3994 3708 4057 Et,
3731 4006 3790 4046 ne

2164 4064 2438 4130 putarent
2466 4063 2578 4134 ipsi
2609 4069 2787 4135 quod,
2822 4086 2999 4126 causa
3046 4077 3556 4139 condemnationis
3588 4097 3787 4145 eorum,

2165 4166 2227 4203 se
2260 4157 2643 4220 excusarent;
2676 4160 2816 4226 quia
2864 4176 3034 4231 saepe,
3069 4164 3210 4220 dum
3240 4185 3303 4224 se
3356 4171 3531 4228 homo
3560 4173 3790 4237 excusat,

2165 4236 2308 4292 alios
2338 4241 2707 4310 condemnat,
2756 4247 2883 4301 ideo
2914 4251 3220 4322 subjunxit
3253 4274 3267 4312 :
3302 4262 3429 4315 Non
3476 4262 3545 4316 ad
3569 4236 3791 4318 condem-

2162 4329 2443 4383 nationem
2490 4340 2723 4386 vestram
2771 4334 2925 4396 dico:
2957 4342 3124 4409 quasi
3174 4344 3469 4404 dixisset:
3520 4350 3637 4405 Non
3680 4347 3788 4401 ideo

2164 4433 2257 4471 me
2302 4434 2533 4486 excuso,
2565 4426 2628 4475 ut
2674 4439 2775 4477 vos
2825 4428 3253 4501 condemnem;
3290 4438 3433 4507 quia
3480 4438 3576 4510 qui
3608 4433 3787 4509 parcit,

2165 4523 2277 4560 non
2312 4509 2682 4577 condemnat,
2717 4514 2815 4567 sed
2857 4531 3035 4571 causa
3082 4526 3284 4577 vestra:
3317 4526 3546 4594 salutis,
3579 4543 3645 4580 ne
3688 4522 3789 4578 illis

2163 4594 2262 4665 qui
2294 4612 2396 4650 vos
2426 4598 2777 4669 deceperunt
2808 4603 2982 4659 ﬁdem
3015 4614 3495 4672 accommodatis.

2236 4720 2305 4774 Et
2335 4722 2476 4792 quia
2492 4722 2678 4779 voluit
2704 4742 2801 4781 eos
2824 4734 3010 4785 certos
3038 4734 3298 4803 reddere,
3327 4741 3485 4810 quod
3509 4757 3617 4795 non
3638 4750 3792 4792 causa

2166 4824 2364 4862 eorum
2398 4810 2792 4869 damnationis
2842 4833 2903 4872 se
2933 4826 3315 4896 excusaverit,
3350 4826 3479 4883 ideo
3530 4825 3795 4899 praeterita

2166 4896 2316 4950 bona
2370 4898 2485 4953 illis
2536 4901 2605 4954 ad
2658 4906 3002 4961 memoriam
3055 4915 3363 4969 revocavit.
3421 4896 3566 4971 Dicit
3610 4915 3790 4971 enim:

2167 4985 2544 5043 Praediximus
2561 4992 2711 5045 enim
2734 4994 2879 5069 quod
2904 4998 2962 5050 in
2989 4998 3238 5056 cordibus
3258 5006 3463 5060 nostris
3480 5005 3627 5075 estis,
3659 5007 3756 5057 etc.
3780 5015 3790 5064 ;

2166 5075 2330 5142 quasi
2363 5076 2608 5131 dixisset
2642 5096 2654 5133 :
2690 5085 2767 5134 Ex
2800 5086 3107 5153 praeteritis
3132 5090 3302 5147 bonis
3333 5095 3626 5165 agnoscite
3655 5086 3791 5162 quod

2164 5162 2274 5217 hoc
2306 5181 2421 5218 non
2453 5182 2632 5222 causa
2662 5176 2863 5225 vestra:
2910 5175 3307 5236 damnationis
3340 5162 3595 5237 diximus
3627 5197 3639 5235 :
3672 5190 3790 5233 nam

2164 5267 2314 5323 quos
2343 5253 2402 5307 in
2432 5255 2571 5324 vita,
2605 5262 2662 5312 et
2690 5266 2874 5315 morte
2903 5264 3092 5321 socios
3115 5266 3330 5325 habere
3360 5272 3648 5343 cupimus,
3670 5281 3790 5322 con-

2163 5466 2291 5533 rum
2324 5452 2813 5533 signiﬁcantibus,
2849 5463 3178 5520 emendatio
3231 5466 3443 5524 innuta
3473 5469 3710 5533 videtur,
3739 5463 3792 5516 ut

2160 5520 2665 5603 loconim'mundum
2695 5520 2924 5599 legatur
2955 5534 3182 5603 idolum,
3215 5520 3759 5595 velletiammalnin.

2162 5595 2382 5718 Vl£1731)
2406 5597 2576 5652 Joan.
2610 5615 2661 5653 0.
2699 5595 2844 5655 16’ν.
2878 5604 2931 5657 2.
2959 5595 3488 5682 absque'synagogis
3516 5610 3718 5683 legitur
3741 5605 3792 5661 in

2232 5736 2381 5816 (732)
2408 5737 2472 5795 In
2504 5744 2700 5815 autog.
2734 5758 2925 5819 marg.
2956 5747 3051 5811 hic
3080 5749 3294 5825 legitur
3325 5770 3453 5829 cap.
3487 5753 3601 5817 XX.
