3902 6416
107 418 230 476 453

678 418 1090 481 EXPOSITIO
1136 418 1214 479 IN
1260 418 1687 481 EPISTOLAS
1736 420 1998 484 PAULI.
2036 450 2107 464 —
2140 421 2218 480 IN
2264 420 2519 484 EPIST.
2563 422 2617 482 II
2662 423 2766 483 AD
2812 424 2989 484 COR.

3422 424 3542 485 454

105 552 398 606 demnare
432 550 800 606 nolumus.In
826 551 936 607 hoc
959 552 1110 607 facto
1143 557 1458 608 monentur
1489 542 1765 625 praedica-
1796 557 1851 621 Α
1952 554 2263 625 Sequitur:
2293 554 2398 608 Sed
2435 556 2531 625 qui
2560 556 2873 611 consolator
2898 555 3158 612 humiles.
3193 558 3263 612 Et
3293 562 3382 613 est
3412 575 3544 613 scn-

104 643 389 707 tores,ut,
424 656 561 695 cum
595 640 1061 713 suosincrepant
1117 642 1435 712 auditores,
1496 658 1568 697 ne
1624 644 1772 697 forte

107 729 229 800 ipsi
285 732 493 800 putent
550 744 613 784 se
668 745 847 785 causa
896 730 1332 797 amaritudinis,
1392 736 1450 786 et
1505 730 1775 786 vindictas

106 817 470 889 increpatos,
505 819 794 890 praeterita
826 820 979 875 bona
1008 821 1080 875 ad
1116 820 1460 875 memoriam
1511 819 1629 875 illis
1687 836 1776 875 re-

111 912 346 962 vocent.

188 1015 339 1086 (733)
368 1014 675 1087 Sequitur:
698 1016 867 1071 Multa
894 1017 1037 1071 mihi
1064 1017 1270 1087 ﬁducia
1300 1025 1376 1072 est
1405 1016 1551 1087 apud
1574 1021 1780 1083 vos,etc

113 1104 229 1159 Sed
267 1103 424 1158 unde
453 1102 602 1158 hanc
651 1103 927 1159 fiduciam
987 1105 1243 1177 sumpsit
1299 1106 1614 1176 Apostolus
1645 1105 1673 1158 ?
1705 1105 1784 1159 Ex

111 1191 315 1264 prima
346 1190 627 1262 Epistola,
661 1207 778 1261 qua
798 1191 1038 1259 directa,
1073 1192 1295 1247 audivit
1323 1210 1525 1248 eorum
1583 1209 1780 1247 cmen-

112 1280 422 1335 dationem
448 1297 460 1347 ;
494 1283 551 1335 et
574 1278 707 1334 ideo
731 1279 1083 1334 fiducialiter
1102 1280 1484 1353 gloriabatur,
1510 1281 1777 1335 dicendo:

114 1369 289 1424 Multa
320 1369 459 1423 mihi
486 1370 749 1437 gloriatio
777 1385 877 1440 pro
923 1369 1095 1425 vobis.
1157 1370 1435 1441 Sequitur
1460 1389 1479 1425 :
1536 1371 1782 1440 Repletus

114 1459 514 1529 consolatione,
546 1462 669 1513 etc:
706 1474 773 1513 ac
803 1457 853 1512 si
883 1458 1129 1514 dixisset
1162 1476 1174 1513 :
1228 1458 1337 1522 Qui
1390 1459 1643 1514 nimium
1693 1457 1778 1512 fui

116 1548 509 1603 contristatus
532 1546 603 1601 de
632 1551 826 1602 vestro
853 1563 1179 1616 casu,nunc
1207 1546 1462 1619 repletus
1488 1564 1621 1603 sum
1641 1563 1776 1601 con-

115 1634 411 1691 solatione
440 1635 511 1691 de
540 1639 733 1690 vestra
782 1636 1210 1702 emendatione,
1280 1640 1331 1692 et
1386 1635 1778 1708 superabundo

112 1724 322 1796 gaudio
354 1725 424 1779 de
456 1728 649 1779 vestra
678 1724 1053 1780 correctione.
1102 1725 1414 1781 Monentur
1467 1730 1523 1781 et
1552 1725 1610 1780 in
1668 1724 1779 1780 hoc

114 1814 279 1868 facto
305 1813 1001 1885 praedicatores,ut,sicut
1030 1813 1347 1870 tristantur
1375 1816 1445 1868 de
1467 1831 1603 1869 casu
1639 1829 1775 1869 suo-

1887 659 2027 697 sus:
2062 641 2216 698 Deus
2250 643 2562 698 humilium
2596 649 2685 699 est
2714 643 3067 710 consolator,
3115 647 3289 716 juxta
3343 645 3487 701 illud
3525 664 3539 703 :

1884 733 2061 802 Prope
2081 736 2156 786 est
2190 733 2452 787 Dominus
2484 732 2571 787 his
2593 734 2691 804 qui
2721 734 2981 789 tribulato
3020 738 3146 789 sunt
3176 734 3337 789 corde
3367 735 3540 806 (Psal.

1887 821 2181 889 xxxm,19)
2208 838 2220 887 ;
2255 825 2312 875 et
2339 820 2477 875 item
2513 838 2525 875 :
2558 823 2734 892 Prope
2762 824 2837 876 est
2864 822 3123 876 Dominus
3167 825 3424 877 omnibus
3450 825 3542 877 in-

1891 910 2213 963 vocantibus
2242 925 2297 963 se
2328 911 2386 962 in
2418 913 2642 964 verit/tte
2662 911 2835 977 (Psal.
2870 927 3051 975 cxuv,
3088 912 3200 980 18).
3259 913 3366 980 Qui
3419 929 3544 984 ergo

1887 998 2202 1052 consolatur
2232 998 2816 1064 Iiann’les,consotatus
2844 1004 2924 1054 est
2956 1018 3052 1053 nos
3077 1002 3134 1054 in
3163 1002 3403 1058 adventu
3438 1004 3546 1058 Titi

1889 1087 2045 1158 quod
2078 1089 2369 1159 particeps
2429 1090 2617 1144 factus
2680 1095 2768 1145 est
2824 1096 3037 1145 nostra:
3100 1091 3541 1149 tribulationis:

1892 1192 2106 1246 magna
2137 1193 2391 1247 namque
2422 1177 2743 1233 consolatio
2770 1183 2859 1233 est
2888 1180 3077 1234 socios
3100 1178 3312 1235 habere
3344 1181 3402 1236 in
3433 1182 3541 1236 tri-

1891 1263 2210 1319 bulatione.

1963 1369 2273 1441 Sequitur:
2308 1372 2421 1426 Non
2454 1373 2626 1426 solum
2662 1374 2721 1426 in
2751 1372 2986 1428 adventu
3015 1374 3155 1443 ejus.
3190 1375 3258 1430 Et
3290 1380 3379 1431 est
3409 1393 3541 1432 sen-

1890 1474 1991 1512 sus
2021 1474 2034 1510 :
2069 1458 2191 1513 Non
2226 1457 2418 1513 solum
2453 1458 2735 1513 consolati
2768 1475 2998 1527 sumus,
3052 1460 3192 1532 quia
3242 1464 3538 1536 particeps

1890 1546 2080 1603 factus
2109 1552 2199 1603 est
2234 1553 2447 1603 nostrae
2480 1547 2899 1615 tribulationis,
2934 1550 3034 1604 sed
3070 1549 3246 1605 etiam
3275 1551 3415 1622 quia
3468 1552 3541 1607 de

1888 1635 2054 1690 vobis
2085 1637 2238 1690 bona
2269 1636 2437 1692 nobis
2467 1636 2667 1691 retulit
2702 1654 2715 1702 ;
2776 1640 3020 1692 vestrum
3070 1637 3342 1695 videlicet
3396 1640 3539 1697 desi-

1888 1722 2125 1788 derium,
2159 1724 2216 1778 in
2251 1723 2464 1779 melius
2496 1725 2856 1796 proﬁciendo
2886 1744 2899 1793 ;
2924 1734 3159 1782 vestrum
3188 1730 3397 1801 ﬂetum,
3433 1730 3541 1786 im-

1890 1812 2137 1882 petendo
2163 1814 2309 1883 (734)
2336 1830 2349 1879 ;
2381 1823 2616 1868 vestram
2647 1813 2821 1869 etiam
2853 1816 3271 1870 aemulationem
3307 1834 3409 1887 pro
3457 1836 3546 1874 me

115 1919 280 1973 rum,
308 1902 393 1957 sic
424 1902 717 1974 gaudeant
750 1902 819 1957 de
850 1902 1116 1974 ipsorum
1151 1902 1585 1958 emendatione.
1630 1901 1771 1956 Ani-
1809 1930 1856 1994 Β
1889 1916 1954 1954 ac
1987 1901 2032 1955 si
2067 1900 2348 1969 dixisset;
2383 1902 2698 1956 Revertens
2733 1902 2990 1956 narravit
3021 1905 3177 1974 quod
3207 1921 3327 1971 vos,
3348 1908 3546 1977 agnita

117 1991 610 2047 madvertendam
644 1995 732 2046 est
761 1991 936 2046 etiam
966 1995 1188 2063 quanta
1220 1991 1476 2047 Charitas
1535 1994 1658 2046 erat
1715 1990 1775 2045 in

118 2085 323 2136 mente
354 2074 638 2152 ApostOli,
672 2080 771 2151 qui
803 2080 1003 2135 omnia
1032 2080 1277 2136 adversa
1320 2078 1779 2152 parvipendebat

114 2169 179 2225 in
212 2170 655 2241 comparatione
676 2170 1104 2224 emendationis
1135 2169 1595 2224 Corinthiorum.

192 2276 529 2348 Sequitur:
581 2276 725 2331 Nam
806 2293 932 2332 cum
1018 2278 1350 2331 venissemus
1408 2274 1780 2330 Macedoniam

114 2371 231 2422 etc.
268 2369 481 2419 Narrat
511 2364 824 2436 Apostolus
854 2364 1173 2420 Corinthiis
1204 2364 1662 2436 persecutiones,
1722 2365 1781 2416 et

115 2454 527 2523 adversitates,
562 2470 709 2524 quas
740 2469 843 2524 pro
870 2452 1119 2508 aliorum
1153 2470 1365 2524 passus
1422 2456 1513 2507 est
1569 2450 1778 2506 salute.

113 2545 230 2599 Sed
266 2558 453 2615 quare
479 2541 508 2596 ?
538 2541 836 2610 Videlicet,
870 2546 934 2597 ut
963 2541 1097 2597 illos
1127 2543 1200 2598 ad
1233 2541 1622 2597 imitationem
1685 2539 1778 2594 sui

115 2632 723 2701 traheret,quatenus,
756 2630 899 2685 dum
933 2647 1108 2686 suum
1158 2632 1454 2686 doctorem
1508 2645 1611 2701 pro
1651 2626 1783 2683 aliis

116 2720 243 2794 pati
274 2720 681 2785 viderent,non
713 2718 935 2791 pigeret
964 2735 1083 2785 eos,
1113 2724 1170 2775 et
1200 2736 1304 2790 pro
1358 2719 1485 2791 ipso
1542 2717 1786 2772 adversa

118 2807 646 2867 sustinere.Solent
675 2807 853 2862 etiam
886 2808 1147 2863 doctores
1179 2808 1442 2875 adversa,
1496 2823 1621 2877 quae
1684 2821 1782 2875 pa-

120 2897 631 2966 tiuntur,diversis
660 2913 763 2968 pro
788 2896 1003 2963 causis,
1039 2896 1163 2951 suis
1187 2895 1560 2951 auditoribus
1596 2893 1782 2948 mani-

122 2988 366 3043 festare.
398 2985 713 3041 Sciendum
738 2986 876 3057 quia
905 2984 1241 3055 caro,veluti
1271 2986 1510 3040 brutum
1543 2982 1785 3049 animal,

125 3074 465 3132 doletinter
493 3076 776 3143 adversa;
809 3075 1053 3146 spiritus
1098 3091 1230 3129 vero
1290 3072 1591 3129 rationalis
1638 3072 1791 3127 laeta-

126 3172 253 3232 tur,
286 3164 427 3236 quia
450 3180 552 3236 spe
585 3163 748 3236 regni
780 3162 1033 3219 coelestis
1065 3163 1423 3218 sublevatur.
1457 3162 1603 3217 Caro
1632 3160 1792 3217 illius

1888 1987 2171 2043 charitate
2194 1988 2694 2055 mea,a3mulantes
2717 2006 2808 2043 me
2835 2006 3068 2061 quoque
3092 1992 3419 2049 defendatis
3442 1999 3543 2051 ad-

1883 2091 2087 2131 versus
2118 2093 2215 2131 eos
2248 2077 2347 2147 qui
2380 2077 2450 2132 de
2483 2094 2573 2132 me
2605 2077 2793 2132 multa
2824 2078 2980 2134 mala
3031 2080 3195 2135 vobis
3250 2082 3541 2140 dixerunt.

1885 2164 2166 2235 Sequitur
2198 2180 2211 2220 :
2246 2166 2327 2219 Ita
2356 2172 2415 2218 ut
2434 2167 2608 2235 magis
2636 2165 2934 2235 gauderem
2968 2184 2980 2233 ;
3014 2166 3124 2221 hoc
3154 2172 3264 2233 est,
3314 2170 3414 2239 qui
3472 2173 3545 2227 de

1887 2257 2080 2307 vestro
2113 2270 2251 2307 casu
2285 2251 2537 2307 multum
2573 2254 2651 2308 fui
2684 2254 2973 2321 tristatus,
3009 2255 3196 2326 magis
3225 2259 3544 2328 gauderem

1890 2339 1961 2394 de
1981 2345 2172 2394 vestra
2202 2340 2631 2406 emendatione,
2694 2341 2813 2395 sive
2868 2342 3059 2413 magis
3105 2345 3421 2414 gauderem
3473 2348 3545 2404 de

1890 2435 2082 2483 vestra
2106 2428 2534 2499 emendatione,
2569 2445 2745 2500 quam
2780 2430 2849 2485 de
2881 2431 2993 2485 'l‘iti
3026 2432 3445 2492 consolatione.

1964 2543 2242 2615 Sequitur
2273 2561 2286 2599 :
2313 2543 2373 2598 Si
2398 2546 2720 2599 contristan
2744 2560 2853 2614 vos,
2885 2560 2993 2600 non
3016 2561 3103 2601 me
3153 2550 3406 2618 panitet.
3479 2551 3545 2608 Et

1892 2637 1982 2687 est
2007 2648 2252 2687 sensus:
2289 2631 2420 2687 Ideo
2443 2648 2557 2686 non
2592 2649 2683 2687 me
2716 2633 2976 2703 poenitet,
3020 2634 3159 2705 quia
3208 2637 3308 2708 qui
3367 2655 3546 2695 causa

1892 2722 2110 2793 peccati
2144 2721 2393 2776 aliorum
2413 2720 2609 2776 fuistis
2641 2721 2945 2792 increpati,
2968 2728 3023 2777 et
3044 2722 3176 2779 illos
3208 2727 3545 2785 correxistis

1895 2813 1953 2863 et
1973 2826 2073 2864 vos
2104 2809 2162 2863 in
2196 2808 2405 2863 melius
2438 2807 2782 2879 profecistis.
2818 2808 3130 2878 Sequitur:
3166 2811 3227 2864 Et
3251 2812 3303 2865 si
3330 2816 3547 2877 poenite-

1894 2901 1996 2964 ret,
2020 2903 2129 2953 etc.
2166 2916 2179 2963 ;
2213 2915 2277 2953 ac
2308 2898 2355 2952 si
2389 2897 2634 2953 dixisset
2667 2913 2680 2951 :
2714 2897 2772 2951 Si
2800 2898 3066 2968 exigente
3104 2899 3385 2957 charitate
3418 2904 3543 2959 fieri

1898 2992 2093 3059 posset
2114 2994 2175 3041 ut
2199 3004 2291 3042 me
2323 2987 2625 3058 pmniteret
2640 3003 2740 3040 vos
2765 2987 3141 3043 contristatos
3172 2996 3409 3061 propter
3436 2994 3547 3047 du-

1900 3076 2095 3130 ritiam
2137 3075 2339 3146 primae
2362 3074 2651 3145 Epistolas,
2686 3090 2802 3128 non
2834 3091 2925 3128 me
2957 3076 3545 3149 pmniteret,quiailla

1900 3163 1970 3218 ad
1998 3164 2191 3219 horam
2220 3179 2310 3217 vos
2339 3164 2707 3218 contristavit.
2745 3162 2810 3216 Et
2838 3178 2944 3234 ego
2973 3179 3122 3218 nunc
3144 3166 3354 3231 gaudeo
3406 3185 3546 3240 pro-

125 3252 395 3325 requiem
427 3270 544 3308 non
576 3253 801 3319 habuit,
833 3253 991 3324 quia,
1026 3269 1144 3307 una
1191 3252 1495 3308 recedente
1550 3250 1790 3306 tribula-
1818 3297 1861 3366 C
1902 3258 2031 3325 pter
2058 3257 2311 3307 vestram
2352 3250 2842 3307 emendationem.
2873 3252 2957 3306 Ad
2988 3251 3097 3307 hoc
3126 3254 3334 3310 attinet
3391 3258 3546 3328 quod

125 3345 286 3366 ΑΞΑ..-
346 3341 519 3366 -1ι-..-
566 3342 908 3366 ------.1-ιῃ.ι
1903 3343 2202 3366 --_--:L.-_.
2245 3342 2348 3366 νη..
2383 3342 2512 3366 -...'..
2550 3341 2856 3366 ,Αμιμέηιι-οἰ
2899 3342 3020 3366 η-δ.⁸-
3077 3347 3162 3366 -ι,
3228 3344 3322 3366 ΩΑΔ
3370 3349 3531 3366 .--Αμηο

122 3345 311 3408 tione,
344 3341 527 3397 altera
564 3342 931 3398 succedebat.

204 3450 487 3522 Sequitur
510 3466 522 3503 :
556 3449 667 3504 Sed
695 3465 910 3504 omnem
938 3450 1355 3505 tribulationem
1374 3450 1546 3520 passi.
1570 3448 1791 3502 Omnem

126 3540 298 3606 dicit,
332 3538 443 3594 hoc
471 3543 560 3593 est
591 3537 839 3593 multam
876 3554 888 3592 :
923 3556 1058 3593 nam
1094 3555 1220 3610 quae
1256 3537 1600 3593 fueritliber
1629 3539 1792 3591 Acto-

128 3646 268 3685 rum
301 3627 701 3700 apostolorum
729 3628 1089 3683 manifestat.
1124 3628 1274 3683 Dicit
1305 3628 1484 3694 enim,
1519 3627 1658 3698 quia
1702 3642 1789 3681 re-

129 3717 887 3789 eedentesaTroade(Act.
950 3734 1061 3784 xvn,
1126 3718 1234 3789 11),
1297 3733 1429 3772 cum
1490 3716 1792 3771 venissent

134 3806 542 3865 Macedoniam
574 3807 649 3878 (Il
676 3810 800 3863 Cor.
834 3824 874 3877 1,
912 3808 1018 3874 16).
1053 3824 1179 3879 quae
1241 3806 1623 3878 propinquior
1670 3808 1794 3860 erat

128 3897 432 3963 Corintho,
462 3901 519 3951 et
550 3896 685 3951 inde
715 3902 870 3952 esset
896 3897 1066 3951 Titus
1123 3901 1404 3951 venturus
1432 3896 1503 3967 (Il
1546 3894 1666 3949 Cor.
1727 3910 1790 3962 ιι,

134 3988 251 4058 13),
283 3984 455 4040 multi
488 3985 560 4040 ad
611 4002 803 4040 eorem
851 3985 1322 4057 praedicationem
1381 3984 1791 4050 crediderunt;

134 4076 240 4130 sed
265 4074 587 4129 maximam
611 4075 1071 4129 consolationem
1095 4073 1430 4128 habuerunt
1456 4072 1513 4126 in
1538 4071 1794 4143 quadam

134 4163 357 4221 femina
387 4164 538 4233 (Act.
572 4180 685 4229 xvx,
713 4164 957 4234 l4),quaa
986 4162 1234 4219 credidit
1263 4178 1397 4217 cum
1430 4162 1590 4216 omni
1622 4161 1795 4215 domo

138 4254 444 4309 sua.Tunc
474 4253 720 4324 contigit
746 4252 1087 4324 Apostolum
1106 4252 1379 4322 spiritum
1412 4250 1687 4322 pythonis
1708 4265 1799 4303 ex-

137 4342 422 4416 pulissea
453 4343 847 4413 quorumdam
877 4342 1186 4397 hominum
1227 4340 1437 4396 ancilla
1469 4357 1595 4411 qua:
1652 4337 1797 4392 divi-

140 4433 339 4491 nando
371 4448 653 4504 magnum
678 4436 967 4503 quaestura
1000 4429 1258 4486 dominis
1288 4429 1603 4501 praestabat
1631 4427 1794 4496 (Ibid,

135 4524 226 4592 16)
261 4538 274 4576 :
308 4528 549 4593 propter
579 4521 733 4593 quod
769 4519 1256 4591 comprehensus,
1291 4524 1349 4573 et
1391 4518 1556 4590 prius
1616 4532 1797 4587 quam

133 4612 307 4667 Titus
321 4608 819 4677 veniret,multam
838 4608 1279 4664 tribulationem
1297 4606 1794 4679 passus(lbid.19).

210 4716 497 4788 Sequitur
526 4731 538 4770 :
573 4716 727 4771 Foris
751 4715 1095 4787 pugnamhoe
1124 4719 1232 4781 est,
1270 4714 1474 4785 flagra,
1507 4712 1563 4767 et
1596 4714 1745 4767 ictus
1782 4728 1793 4767 :

140 4810 293 4862 intus
315 4804 1011 4877 timores,videlicet,quia
1041 4804 1295 4859 multum
1330 4801 1562 4857 solliciti
1606 4805 1796 4869 erant,

139 4902 199 4951 et
221 4895 613 4964 timebant,ne
633 4894 898 4966 ipsorum
918 4896 1215 4950 auditores
1238 4892 1797 4959 scandalizarentur,

137 4986 283 5041 dum
306 4984 453 5040 talia
482 4985 746 5040 viderent
787 5001 963 5040 suum
1021 4985 1139 5056 pati
1197 4985 1517 5038 doctorem.
1569 4980 1796 5035 Aliter:

132 5076 290 5131 Foris
316 5089 548 5146 pagum,
585 5074 692 5130 hoc
724 5079 832 5141 est,
866 5090 1190 5129 concursus
1224 5072 1509 5141 fidelium,
1559 5075 1615 5125 et
1668 5070 1799 5125 inﬁ-

136 5165 360 5220 delium
399 5180 411 5218 :
447 5167 601 5219 intus
632 5166 850 5219 timores
874 5180 885 5217 :
908 5163 1046 5235 quia
1076 5163 1133 5216 in
1167 5178 1395 5217 carcere
1426 5161 1598 5231 positi
1630 5159 1798 5214 time-

136 5254 281 5308 bant
310 5269 383 5309 ne
416 5252 808 5308 atrocioribus
834 5250 1023 5324 pcenis
1048 5251 1459 5323 plecterentur,
1518 5247 1798 5320 quoniam

137 5358 312 5399 nemo
335 5346 427 5401 est
458 5343 560 5414 qui
591 5359 710 5398 non
743 5343 971 5399 timeat.

199 5540 352 5611 (733)
388 5544 453 5595 In
478 5545 677 5613 autog.
714 5556 898 5613 marg.
933 5539 1028 5613 hic
1064 5539 1277 5613 legitur
1304 5554 1431 5609 cap.

197 5606 353 5683 (734)
386 5606 661 5669 Fortasse
699 5614 761 5668 in
808 5606 1059 5684 potentia,
1097 5606 1194 5684 vel
1254 5612 1315 5665 in
1342 5682 1348 5684 Α
1367 5606 1657 5681 patiendo,
1713 5606 1801 5684 vel

125 5681 305 5817 ait"?
342 5684 430 5743 uti
483 5684 691 5757 jacet;
744 5681 972 5758 passive
1023 5681 1265 5753 scilicet,
1328 5682 1593 5756 impetum
1641 5681 1804 5739 susti-

275 5773 329 5817 ο.
1086 5786 1095 5799 ι

1828 4670 1878 4737 D

1901 3343 2203 3412 sequitur:
2236 3342 2353 3397 Non
2377 3342 2515 3412 quia
2543 3341 2856 3395 contristati
2891 3342 3040 3411 estis,
3073 3347 3183 3397 etc.
3220 3344 3323 3399 Sed
3350 3349 3553 3402 contri-

1898 3433 2031 3485 stati
2059 3432 2189 3486 estis
2217 3429 2515 3485 secundum
2545 3429 2991 3490 Deum.etc.Haac
3005 3430 3181 3485 verba
3201 3433 3549 3491 exsultantis

1902 3526 2063 3575 sunt.
2097 3519 2345 3574 Multum
2374 3535 2628 3590 namque
2659 3519 2829 3572 corde
2858 3517 3170 3573 ltetabatur
3217 3521 3550 3591 Apostolus,

1903 3610 2042 3680 quia
2071 3609 2289 3676 omnia,
2324 3625 2453 3679 qua:
2486 3624 2624 3679 erga
2644 3606 2975 3661 Corinthios
2996 3612 3213 3677 egerat,
3256 3610 3327 3665 ad
3361 3612 3550 3681 profe-

1904 3702 2062 3753 ctum
2087 3715 2288 3753 eorum
2320 3704 2377 3752 et
2402 3695 2755 3752 laudabilem
2809 3695 2983 3750 ﬁnem
3044 3703 3466 3767 pervenerant;
3497 3704 3557 3756 et

1904 3787 2033 3843 ideo
2066 3787 2207 3842 dicit
2240 3804 2251 3841 :
2292 3788 2353 3843 Ut
2382 3788 2437 3841 in
2466 3786 2621 3839 nullo
2641 3784 3035 3839 detrimentum
3060 3788 3363 3856 patiamini
3392 3804 3480 3855 ;ac
3502 3789 3553 3844 si

1904 3877 2147 3933 dixisset
2178 3894 2191 3931 :
2228 3875 2552 3930 Plurimum
2577 3890 2787 3943 nempe
2816 3874 3060 3944 gaudeo,
3087 3874 3225 3946 quia
3254 3877 3454 3933 omnia
3481 3878 3555 3934 ad

1904 3967 2223 4037 profectum
2259 3961 2971 4036 pervenerunt.Moraliter
3000 3962 3177 4017 etiam
3212 3963 3321 4019 hoc
3354 3965 3552 4036 ipsum

1905 4071 2061 4109 nunc
2093 4054 2184 4125 agi
2218 4054 2389 4107 debet
2423 4070 2436 4119 ;
2467 4050 2627 4105 verbi
2658 4050 3006 4120 gratia,cum
3051 4051 3186 4121 quis
3217 4053 3423 4107 docere
3452 4052 3559 4108 ali-

1906 4142 2045 4213 quid
2073 4139 2652 4211 bonumincipit.non
2678 4138 2943 4209 agnoscit
2965 4138 3164 4207 linem;
3185 4140 3233 4195 si
3258 4157 3389 4197 vero
3414 4157 3558 4197 con-

1906 4232 2193 4302 tigerit,ut
2222 4231 2292 4286 ad
2328 4228 2680 4285 laudabilem
2715 4228 2889 4283 linem
2943 4229 3259 4299 perveniat,
3321 4247 3561 4288 necesse

1907 4324 2015 4385 est,
2052 4326 2117 4375 ut
2145 4320 2416 4392 gaudeat,
2448 4323 2505 4373 et
2534 4318 2648 4373 Deo
2689 4316 2906 4389 gratias
2937 4318 3164 4372 referat.

1977 4435 2252 4505 Sequitur
2282 4450 2295 4491 :
2322 4436 2457 4502 Qzae
2496 4435 2645 4487 enim
2674 4430 2970 4487 secundum
3004 4433 3175 4485 Deum
3202 4433 3433 4488 tristitia
3484 4441 3564 4489 est

1911 4524 2303 4580 etc.Tristitia
2322 4522 2650 4578 secundum
2683 4520 2865 4575 Deum
2898 4521 3151 4591 est,quia
3181 4520 3565 4577 confunditur
3652 4550 3663 4561 -

1912 4618 2182 4686 peccator
2207 4618 2265 4667 et
2295 4612 2586 4677 tristatur,
2619 4610 2836 4664 timens
2867 4626 2940 4663 ne
2996 4627 3028 4665 a
3090 4615 3200 4665 Deo
3260 4611 3561 4682 puniatur.

1913 4702 2301 4768 Quamobrem
2317 4704 2556 4770 accepta
2568 4697 2964 4754 consolatione
2976 4699 3352 4755 concurritad
3372 4715 3571 4755 emen-

1912 4790 2343 4846 dationemJioc
2373 4802 2585 4859 quoque
2608 4790 2993 4858 paenitentiam
3023 4795 3289 4855 operatur
3316 4788 3380 4840 in
3408 4788 3564 4842 salu-

1913 4891 2021 4937 tem
2050 4881 2327 4945 stabitcm,
2361 4877 2501 4949 quia
2533 4879 2669 4931 facit
2699 4876 2997 4949 pervenire
3030 4876 3101 4930 ad
3149 4875 3565 4931 remissionem

1912 4981 2306 5043 peccatorum.
2343 4967 2621 5038 Sequitur
2647 4983 2659 5020 :
2698 4968 2941 5022 Tristitia
2970 4965 3164 5021 saeculi
3192 4966 3417 5018 mortem
3446 4978 3570 5035 ope-

1914 5064 2091 5114 ratur.
2126 5058 2392 5113 Tristitia
2420 5056 2619 5110 saeculi
2653 5057 2910 5127 est,quia
2942 5059 3211 5127 peccator
3241 5069 3301 5107 se
3332 5066 3568 5124 quoque

1913 5150 2301 5212 denudatum,
2327 5154 2500 5217 atque
2534 5151 2757 5201 rectum
2792 5148 2938 5217 (735)
2972 5147 3221 5199 veretur.
3275 5142 3572 5197 Tristatur

1913 5238 2092 5305 enim,
2126 5238 2265 5309 quia
2287 5237 2454 5291 timet
2483 5251 2554 5289 ne
2580 5234 2884 5305 puniatur,
2917 5232 3005 5288 vel
3037 5249 3070 5287 a
3092 5232 3293 5303 judice
3314 5235 3567 5300 terreno,

1913 5326 2000 5382 vel
2036 5328 2085 5382 si
2119 5328 2282 5382 deest
2309 5324 2774 5393 terrenus,timet
2791 5322 2987 5395 puniri
3010 5338 3043 5377 a
3078 5323 3210 5377 Deo.
3241 5322 3355 5376 Iste
3385 5318 3569 5385 enim,

1985 5526 2132 5596 (755)
2166 5523 2435 5597 Fortasse
2464 5539 2638 5593 reum,
2666 5521 2758 5597 vel
2782 5530 3023 5597 reatum,
3052 5517 3139 5597 vel
3172 5518 3349 5597 etiam
3378 5520 3444 5572 ut
3472 5515 3570 5597 ja-

1912 5589 2001 5651 cet
2035 5614 2047 5661 ;
2083 5589 2323 5663 scilicet,
2357 5589 2855 5667 comparationem
2889 5590 3143 5667 recti,vel
3176 5592 3248 5647 ab
3280 5589 3380 5645 illo
3402 5589 3573 5661 puni-

1911 5667 2136 5727 tionsm
2164 5672 2415 5723 veretur.
