3902 6422
349 474 468 539 455

1367 460 1707 525 ATTONIS
1750 457 2342 525 VERCELLENSIS
2386 456 2739 519 EPISCOPI

3639 467 3765 525 456

353 611 495 665 dum
523 608 580 662 in
611 603 772 660 vitali
794 606 1064 658 versatur
1083 594 1507 668 tristitia,nulla
1537 597 1773 665 accepta
1795 608 1997 648 conso-
2025 592 2080 658 Α
2108 593 2186 645 Ac
2218 590 2268 645 si
2298 590 2429 646 aliis
2458 589 2650 645 verbis
2679 588 2922 644 dixisset
2952 607 2965 645 :
3002 587 3124 646 Non
3147 590 3340 648 solum
3362 596 3601 665 propter
3632 594 3765 652 illo;

352 692 925 768 latione.prtecipitat
948 708 1010 746 se
1031 690 1089 745 in
1111 683 1733 759 desperationem.Sive
1755 681 1995 736 tristitia

351 785 546 843 saeculi
577 788 668 840 est
697 783 755 837 in
780 780 1014 836 damnis
1045 776 1311 846 terrenis,
1343 773 1429 830 vel
1461 778 1615 829 certe
1646 771 1707 826 in
1744 770 1993 826 aliorum

351 875 527 930 rebus
558 870 968 943 conspectis,et
995 883 1108 922 non
1143 861 1465 935 acquisitis.

421 961 732 1034 Sequitur:
764 960 894 1013 Ecce
922 958 1072 1011 enim
1101 953 1198 1008 hoc
1228 954 1426 1023 ipsum,
1465 949 1765 1005 secundum
1822 948 1995 1003 Deum

348 1049 671 1109 contristari
696 1063 810 1111 vos,
840 1049 948 1100 etc.
983 1044 1045 1098 In
1078 1042 1186 1096 hac
1216 1057 1351 1096 vero
1383 1040 1989 1109 sententia,quantum

351 1140 422 1196 ad
452 1135 762 1193 latinitatis
794 1131 1057 1205 regulam
1081 1131 1307 1194 attinet,
1338 1128 1432 1183 sed
1460 1131 1757 1200 superﬂua
1786 1128 1875 1181 est
1899 1143 1911 1193 ;
1938 1129 1994 1180 et

349 1228 478 1283 ideo
510 1223 892 1295 intelligenda
913 1226 1003 1276 est
1028 1218 1217 1291 posita
1246 1235 1374 1274 esse
1399 1234 1499 1288 pro
1517 1220 1600 1282 et;
1628 1218 1797 1283 juxta
1829 1230 1996 1285 regu-

347 1315 465 1370 lam
498 1328 731 1385 quoque
763 1312 973 1381 linguas
995 1308 1200 1363 Graecae
1226 1306 1402 1361 habet
1423 1303 1995 1375 compositionem,et

348 1398 1025 1460 constructionem.8ane
1047 1398 1393 1458 notandum,
1421 1394 1560 1465 quia
1586 1392 1807 1447 dixerat
1821 1389 1992 1463 paulo

348 1491 621 1564 superius
653 1505 716 1545 se
746 1485 1190 1543 constristatum
1222 1483 1547 1538 secundum
1584 1486 1765 1536 Deum
1794 1496 1807 1536 :
1842 1483 1900 1534 et
1932 1482 1995 1533 ut

347 1581 679 1637 ostenderet
710 1591 885 1650 quem
914 1574 1168 1630 fructum
1190 1573 1432 1628 tristitia
1452 1571 1780 1626 secundum
1811 1573 1993 1623 Deum

314 1682 321 1687 ‘
348 1668 634 1741 genuerit,
651 1663 960 1737 subjunxit
989 1667 1046 1718 et
1075 1666 1280 1717 catera
1300 1678 1317 1713 :
1349 1662 1481 1717 Ecce
1510 1660 1659 1713 enim
1688 1656 1786 1713 hoc
1814 1659 1994 1727 ipsum

346 1763 455 1814 etc.
477 1773 581 1818 ;ac
611 1755 658 1811 si
691 1754 970 1809 dixisset:
1003 1751 1209 1806 Videte
1227 1750 1367 1822 quia
1388 1748 1628 1804 tristitia
1666 1745 1992 1801 secundum

350 1845 533 1901 Deum
564 1859 840 1916 magnam
862 1843 921 1895 in
942 1840 1108 1896 vobis
1131 1843 1447 1910 opperatur
1469 1833 1993 1892 sollicitudinemEt

347 1935 590 2008 pulchre
621 1933 801 1987 dicit:
836 1928 1279 1986 Sollicitudinem
1313 1944 1327 1994 ;
1360 1927 1499 1997 quia
1528 1926 1587 1979 in
1650 1922 1992 1995 paenitentia

347 2022 601 2079 multum
636 2019 922 2076 sollicitus
953 2024 1041 2074 est
1071 2018 1348 2081 homo,ne
1380 2017 1523 2070 forte
1555 2013 1744 2068 denuo
1775 2016 1988 2082 peccet:

345 2117 401 2168 et
427 2111 527 2167 ubi
558 2109 890 2166 sollicitudo
911 2112 1018 2175 est,
1042 2110 1258 2176 torpor,
1285 2109 1342 2158 et
1379 2102 1612 2174 ignavia
1668 2100 1990 2172 repellitur.

340 2201 449 2258 Sed
476 2200 859 2271 defensionem.
887 2195 1062 2258 Quasi
1086 2194 1328 2249 dixisset
1362 2209 1375 2246 :
1407 2192 1532 2247 Non
1556 2191 1744 2246 solum
1777 2188 1991 2244 sollici-

340 2288 737 2355 tudinem,sed
761 2286 936 2342 etiam
959 2284 1356 2339 defensionem
1393 2298 1407 2336 :
1432 2297 1543 2335 non
1579 2284 1808 2333 tantum
1829 2276 1988 2343 mali;

342 2380 482 2450 quia
511 2377 651 2432 mali
684 2379 922 2446 operata
953 2377 1041 2429 est
1072 2369 1520 2436 confessionem;
1555 2369 1653 2423 sed
1688 2367 1882 2437 potius
1903 2382 1993 2421 ve-

342 2465 534 2522 ritatis
569 2482 581 2520 :
614 2463 717 2521 Sed
746 2462 1182 2530 indignationem
1211 2458 1374 2513 illam
1406 2456 1689 2527 intellige,
1709 2472 1826 2526 qua
1846 2454 1906 2508 in
1929 2470 1991 2510 se

340 2555 804 2626 indignabantur
835 2554 1069 2622 propter
1100 2553 1339 2620 peccata
1369 2564 1383 2614 ;
1414 2546 1501 2601 vel
1534 2548 1687 2600 certe
1739 2542 1989 2598 aliorum

342 2642 809 2715 intellige,quam
834 2639 893 2694 in
916 2655 976 2694 se
998 2638 1553 2699 excitaverunt,cum
1586 2650 1648 2689 se
1679 2634 1991 2687 emendare

342 2734 666 2803 omperunt.
698 2730 976 2800 Sequitur
1012 2743 1025 2782 :
1056 2726 1162 2781 Sed
1191 2731 1463 2780 timorem.
1500 2722 1603 2777 Ille
1635 2721 1896 2792 vero,qui
1930 2722 1988 2775 in

342 2819 707 2892 paenitudine
736 2823 846 2886 est,
879 2815 1134 2870 multum
1156 2814 1422 2880 timet,ne
1446 2812 1590 2867 forte
1621 2828 1736 2865 non
1769 2811 1845 2865 sit
1874 2811 1988 2866 sibi

342 2925 376 2963 a
394 2909 511 2964 Deo
529 2907 841 2963 remissum
867 2902 1488 2976 peccatum.Timorem
1509 2916 1639 2954 vero
1663 2916 1736 2953 an
1757 2903 1987 2954 castum

342 3013 415 3051 an
431 2995 701 3051 servilem
721 2992 1191 3063 dicat,incertum
1212 2994 1319 3044 est:
1344 2993 1747 3044 verumtamen
1764 2992 1989 3042 utrum-

341 3101 455 3157 que
485 3082 811 3154 intelligere
831 3070 1491 3153 possumus.Sequitur:
1528 3076 1626 3131 Sed
1657 3076 1987 3131 desiderium

339 3173 449 3229 hoc
470 3177 576 3239 est,
610 3173 670 3226 in
705 3170 914 3226 melius
948 3166 1307 3240 proficiendi,
1341 3166 1617 3236 Sequitur
1642 3182 1655 3220 :
1679 3165 1780 3220 Sed
1808 3180 1984 3221 aemu-

338 3261 917 3329 lationem,bonorum
951 3257 1172 3312 scilicet
1203 3268 1443 3326 operum
1481 3254 1686 3325 ;quasi
1721 3254 1981 3309 dixisset:

2107 679 2337 752 scripsi,
2375 680 2474 735 sed
2508 679 2684 734 etiam
2718 678 2787 734 ad
2816 680 3302 749 mamifestandam
3331 682 3770 740 sollicitudinem

2103 777 2368 825 nostram.
2386 770 2656 841 Magnam
2682 784 2890 839 nempe
2914 785 3015 839 pro
3032 768 3150 824 illis
3172 768 3634 828 sollicitudinem
3659 774 3770 829 ha-

2104 858 2313 922 bebat;
2346 856 2504 928 quia,
2537 857 2678 911 dum
2710 856 3419 928 inquinatosinundabat,
3447 876 3771 932 oppressos

2105 946 2418 1012 relevabat,
2452 946 2710 1015 abjectos
2742 948 3068 1013 revocabat,
3118 947 3388 1003 omnium
3440 966 3502 1004 se
3550 967 3762 1007 curam

2105 1034 2318 1089 habere
2351 1035 2746 1101 monstrabat;
2783 1035 3061 1105 quoniam
3097 1052 3212 1090 uno
3246 1036 3559 1107 pcenitente
3581 1038 3766 1095 multi

2104 1123 2673 1185 contristantur,uno
2688 1124 2903 1178 atﬂicto
2923 1123 3094 1179 multi
3114 1125 3765 1200 scandalizantur;quia

2103 1211 2289 1268 sicom
2302 1213 2518 1283 patitur
2533 1229 2713 1266 unum
2731 1214 3532 1286 membrum,compatiuntur
3552 1217 3765 1272 omnia

2106 1304 2389 1355 membra.

2174 1390 2240 1444 Et
2272 1390 2380 1445 hoc
2409 1391 2731 1445 notandum
2766 1390 2904 1462 quia
2929 1391 3039 1445 tria
3070 1390 3214 1446 dicit
3242 1410 3256 1459 ;
3284 1391 3390 1447 hoc
3420 1398 3529 1458 est,
3547 1411 3647 1466 pro
3669 1412 3764 1451 vo-

2103 1477 2205 1545 bis,
2235 1485 2287 1533 et
2312 1478 2383 1532 ad
2411 1495 2519 1544 vos,
2550 1481 2599 1532 et
2627 1494 2809 1533 coram
2842 1479 2946 1533 Deo
2973 1496 2986 1545 ;
3021 1483 3085 1532 ut
3108 1480 3438 1537 ostenderet
3462 1481 3608 1536 nihil
3629 1500 3761 1540 suae

2103 1566 2305 1621 deesse
2327 1566 2722 1621 ssllicitudini.
2748 1566 2935 1622 Ethoc
2958 1567 3263 1622 sciendum
3286 1568 3426 1640 quia
3447 1575 3585 1625 sunt
3604 1588 3760 1628 non-

2103 1653 2271 1725 nulli,
2304 1656 2405 1725 qui
2436 1659 2575 1710 sunt
2605 1654 2837 1710 solliciti
2870 1672 2971 1727 pro
3003 1654 3134 1711 aliis
3167 1674 3179 1725 ;
3210 1659 3308 1712 sed
3344 1674 3457 1713 non
3493 1660 3563 1714 ad
3589 1659 3752 1729 illos,

2103 1742 2242 1814 quia
2260 1759 2371 1797 non
2396 1744 2466 1798 ab
2481 1743 2592 1809 his,
2618 1760 2744 1815 qua
2764 1744 2832 1798 ad
2853 1744 3168 1815 perfectam
3192 1744 3428 1801 illorum
3456 1746 3753 1804 sollicitu-

2103 1831 2299 1886 dinem
2318 1832 2646 1902 perducunt
2670 1850 2682 1888 :
2712 1837 2853 1888 sunt
2874 1849 3007 1889 vero
3030 1833 3150 1903 alii,
3174 1833 3275 1905 qui
3298 1851 3401 1907 pro
3419 1835 3571 1903 aliis,
3598 1844 3655 1892 et
3675 1839 3755 1895 ad

2102 1919 2235 1975 illos
2266 1919 2499 1975 solliciti
2528 1927 2667 1976 sunt
2696 1939 2708 1988 ;
2743 1923 2842 1977 sed
2874 1923 3015 1993 quia
3035 1940 3149 1979 non
3173 1927 3262 1978 est
3278 1922 3526 1997 simplex
3544 1942 3755 1983 eorum

2101 2008 2365 2075 intentio,
2400 2010 2528 2064 ideo
2562 2026 2674 2065 non
2696 2026 2887 2066 coram
2912 2012 3030 2066 Deo.

2172 2098 2448 2169 Sequitur
2474 2116 2487 2153 :
2522 2100 2650 2155 Ideo
2679 2102 2946 2155 consolati
2984 2117 3172 2155 sumus
3194 2118 3218 2164 ,·
3246 2101 3356 2157 hoc
3386 2108 3495 2170 est,
3530 2105 3601 2159 de
3647 2122 3752 2162 ve-

2100 2192 2221 2241 stra
2237 2188 2754 2255 emendatione,vel
2778 2205 2880 2260 pro
2904 2194 3103 2246 nostra
3125 2189 3755 2264 sollicitudine.Sequi-

2103 2281 2199 2329 1nr
2224 2293 2237 2331 :
2268 2278 2331 2331 In
2361 2278 2727 2332 consolatione
2754 2286 2937 2332 autem
2964 2284 3174 2349 nostra,
3199 2279 3574 2336 abundantius
3593 2285 3756 2351 gavi-

2099 2381 2191 2418 sus
2217 2382 2337 2419 sum
2366 2382 2529 2437 super
2555 2366 2760 2437 gaudio
2793 2368 2918 2422 Titi.
2949 2367 3246 2423 Sollicitus
3272 2369 3430 2424 enim
3461 2375 3585 2425 erat
3621 2371 3756 2443 ipse

2101 2457 2222 2507 tam
2240 2459 2456 2525 aperte,
2481 2471 2660 2526 quam
2688 2459 2745 2511 et
2765 2454 3033 2523 latenter,
3054 2473 3196 2511 suos
3216 2457 3468 2530 dirigere
3490 2460 3757 2533 discipu-

2100 2541 2209 2612 los,
2245 2548 2309 2597 ut
2342 2560 2584 2599 suorum
2617 2550 2964 2616 agnosceret
2993 2546 3495 2602 conversationem
3517 2549 3755 2606 audito-

2100 2648 2230 2686 rum
2257 2649 2271 2700 ;
2296 2637 2352 2687 et
2374 2633 2524 2702 ideo,
2548 2649 2682 2689 cum
2702 2633 3236 2703 direxissetTitum,
3260 2639 3319 2690 et
3344 2638 3467 2706 ipse
3490 2636 3754 2694 invenis-

2099 2725 2187 2775 set
2217 2736 2317 2775 eos
2347 2722 2712 2788 emendatos,
2744 2727 2801 2777 et
2818 2726 3129 2790 carrectos,
3153 2722 3390 2794 gavisus
3412 2726 3753 2791 est;etideo

2098 2808 2266 2864 dicit:
2301 2811 2528 2865 Gavisus
2551 2828 2674 2865 sum
2701 2827 2871 2881 super
2898 2811 3104 2879 gaudio
3134 2812 3237 2866 Titi
3260 2829 3280 2872 ,ο
3312 2812 3480 2885 quasi
3503 2814 3756 2872 dixisset

2097 2897 2229 2953 aliis
2259 2900 2486 2954 verbis:
2520 2900 2668 2963 Quia
2695 2901 2879 2967 Titus,
2913 2901 3013 2971 qui
3044 2900 3212 2955 valde
3242 2902 3511 2958 tristatus
3552 2908 3640 2959 est
3672 2906 3755 2962 de

2094 2991 2304 3055 vestro,
2325 3004 2485 3057 casu,
2509 2987 2808 3044 inveniens
2841 3005 2939 3044 vos
2960 2994 3269 3060 correctos,
3294 2992 3531 3062 gavisus
3552 2997 3664 3061 est,
3694 2998 3754 3049 et

2095 3092 2199 3147 ego
2230 3078 2476 3148 gaudeo,
2511 3078 2650 3149 quia
2678 3077 2836 3133 illius
2867 3077 3171 3149 gaudium,
3202 3095 3399 3134 meum
3432 3084 3538 3136 est.
3600 3083 3752 3149 Quia

2094 3169 2324 3235 refectus
2353 3175 2449 3234 est,
2478 3166 2535 3220 id
2568 3172 2656 3221 est
2685 3166 2941 3238 repletus
2981 3172 3050 3222 ab
3099 3168 3350 3223 omnibus
3392 3171 3561 3224 vobis.
3597 3170 3749 3225 Cum

2094 3253 2249 3307 enim
2283 3255 2459 3308 dicit:
2492 3254 2566 3309 Ab
2596 3256 2845 3309 omnibus
2876 3257 3045 3322 vobis,
3080 3257 3337 3311 ostendit
3367 3273 3467 3313 eos
3524 3258 3747 3316 habere

338 3349 445 3413 Qui
476 3350 762 3405 hactenus
796 3345 989 3401 fuistis
1012 3346 1335 3399 imitatores
1384 3342 1694 3410 malorum,
1752 3343 1985 3398 studete
2014 3332 2058 3398 C
2097 3344 2488 3408 concordiam,
2516 3349 2691 3415 atque
2718 3345 3172 3416 unionem,quos
3192 3345 3250 3400 in
3274 3346 3465 3417 prima
3482 3347 3751 3418 Epistola

336 3437 704 3495 aemulatores
734 3452 861 3492 esse
888 3436 1198 3491 bonorum.
1229 3432 1522 3503 Sequitur:
1556 3431 1656 3486 Sed
1684 3431 1985 3487 vindictam

334 3529 422 3585 vel
447 3526 770 3582 ulciscendi
800 3525 859 3579 in
887 3522 1222 3594 semetipsis
1248 3526 1504 3592 peccata,
1537 3507 1624 3575 vel
1655 3525 1807 3575 certe
1839 3520 1981 3575 ulci-

335 3616 536 3672 scendi
557 3614 745 3671 malos
772 3639 785 3682 ;
818 3612 957 3684 quia
974 3611 1073 3684 qui
1097 3610 1284 3666 malos
1307 3610 1688 3681 punit,bonos
1720 3625 1833 3663 non
1857 3625 1984 3680 per-

335 3706 471 3761 dere
502 3704 713 3776 querit
741 3703 911 3770 (736).
944 3699 1157 3771 Tangit
1203 3697 1359 3753 enim
1414 3697 1771 3768 praelibando
1820 3713 1982 3752 more

335 3792 507 3849 solito
539 3807 798 3859 causam,
832 3805 1007 3860 quam
1040 3786 1300 3858 apertius
1322 3785 1817 3853 manifestat,cum
1840 3786 1980 3841 sub-

329 3882 563 3954 jungit:
595 3882 661 3936 In
679 3878 933 3936 omnibus
979 3876 1302 3933 exhibuistis
1358 3891 1450 3929 vos
1510 3875 1980 3930 incontaminatos

334 3986 445 4026 esse
473 3970 684 4042 negotio
714 3965 1223 4039 (subintelligitur,
1265 3964 1634 4036 iniquitatis).
1696 3964 1975 4019 Corinthii

331 4075 469 4115 vero
502 4057 785 4131 increpati
816 4056 888 4112 ab
913 4052 1441 4126 Apostolo,incitati
1465 4057 1606 4107 sunt
1645 4057 1710 4108 ut
1740 4053 1923 4108 malos
1944 4070 1979 4108 a

330 4147 622 4203 consortio
640 4146 732 4201 sui
761 4143 1107 4216 repellerent
1141 4159 1153 4198 :
1187 4146 1244 4197 et
1275 4141 1403 4196 ideo
1426 4142 1978 4211 abjecerantomnes

333 4250 479 4307 quos
500 4235 625 4307 ipse
655 4250 758 4306 per
788 4231 1106 4305 Epistolam
1144 4231 1533 4285 denotaverat.
1566 4230 1636 4284 Et
1673 4231 1811 4284 dum
1868 4229 1977 4287 hoc

330 4328 595 4398 egerunt,
643 4320 1141 4378 incontaminatos
1200 4336 1263 4374 se
1311 4334 1440 4374 esse
1488 4322 1973 4374 monstraverant.

331 4413 505 4478 Quasi
529 4412 773 4469 dixisset
801 4428 814 4465 :
850 4399 1001 4466 Dum
1032 4407 1220 4465 malos
1250 4406 1583 4481 ‘repulistis,
1634 4407 1980 4463 incontami-

278 4552 287 4559 .
335 4505 504 4557 natos
533 4517 636 4556 vos
658 4498 889 4572 negotio
916 4496 1244 4569 iniquitatis
1268 4512 1398 4551 esse
1420 4496 1815 4567 monstrastis,
1840 4496 1978 4567 quia

331 4590 431 4661 qui
449 4588 882 4645 contaminatus
900 4587 1341 4653 est,libertatem
1370 4585 1709 4656 increpandi
1733 4585 1974 4652 amittit,

2096 3432 2350 3487 ostendit
2370 3432 2584 3487 habere
2604 3432 2975 3501 divisionem,
3003 3434 3147 3489 adeo
3169 3439 3235 3490 ut
3254 3434 3496 3491 diceret:
3522 3436 3750 3493 Divisus

2093 3525 2171 3576 est
2202 3522 2443 3576 Christus
2471 3523 2520 3592 (Ι
2549 3521 2669 3577 Cor.
2704 3540 2743 3589 1,
2774 3523 2885 3593 13.)

2164 3610 2468 3681 Sequitur:
2501 3611 2568 3665 Et
2595 3613 2647 3666 si
2674 3612 2814 3681 quid
2844 3611 2988 3683 apud
3004 3612 3165 3667 illum
3192 3612 3257 3667 de
3283 3613 3433 3667 vobis
3460 3614 3749 3686 gloriatus

2090 3716 2231 3753 sum.
2270 3698 2368 3753 His
2398 3699 2589 3754 verbis
2620 3700 2873 3753 ostendit
2906 3705 3121 3771 aperte,
3141 3701 3296 3772 quod
3322 3701 3508 3756 multa
3530 3702 3749 3760 dixerit

2090 3788 2220 3841 Tito
2251 3788 2402 3841 bona
2422 3787 2493 3841 de
2521 3787 2859 3853 Corinthiis,
2905 3788 3249 3861 priusquam
3282 3806 3417 3845 eum
3438 3790 3740 3863 direxerit,

2089 3891 2216 3946 quae
2247 3876 2318 3930 ab
2351 3874 2466 3930 illis
2497 3876 2725 3942 didicit,
2751 3892 2853 3948 per
2874 3893 3022 3948 quos
3041 3877 3251 3934 direxit
3273 3879 3617 3950 Epistolam,
3638 3886 3743 3937 aut

2087 3980 2191 4035 per
2221 3963 2385 4033 alios,
2419 3965 2559 4035 quia
2588 3964 2756 4019 multi
2787 3983 2938 4036 saepe
2968 3967 3393 4022 discurrebant.
3421 3969 3627 4024 Etnon
3650 3974 3741 4026 est

2086 4057 2342 4125 confusus
2355 4053 2687 4125 Apostolus,
2712 4054 2853 4126 quia
2874 4072 2990 4111 non
3014 4055 3203 4124 aliter,
3226 4073 3405 4128 quam
3427 4058 3554 4129 ipse
3578 4058 3740 4114 dixe-

2087 4143 2181 4212 rit,
2216 4144 2429 4214 reperit
2458 4144 2648 4199 Titus.

2159 4231 2468 4303 Sequitur:
2502 4232 2604 4288 Sed
2627 4235 2769 4288 sicut
2791 4235 2980 4289 omnia
3006 4234 3156 4289 vobis
3187 4236 3249 4289 in
3274 4236 3507 4296 veritate
3566 4236 3742 4292 locuti

2085 4337 2295 4385 sumus,
2316 4324 2424 4375 etc.
2448 4321 2613 4388 Nota,
2640 4321 2779 4393 quia
2798 4338 2866 4377 ea
2878 4322 3111 4393 repetit,
3134 4339 3260 4395 qua:
3283 4323 3558 4395 superius
3582 4324 3740 4382 dixe-

2087 4414 2206 4464 rat:
2239 4411 2357 4465 Non
2385 4420 2465 4466 est
2492 4410 2637 4481 apud
2661 4427 2748 4467 me
2777 4411 2910 4468 EST
2937 4415 2991 4466 et
3018 4412 3183 4467 NON.
3221 4412 3286 4467 Et
3330 4417 3420 4468 est
3469 4430 3687 4469 sensus
3721 4429 3735 4469 :

2086 4499 2251 4555 Sicut
2277 4500 2475 4555 omnia
2504 4499 2666 4555 vobis
2697 4500 2756 4555 in
2789 4501 3029 4556 veritate
3060 4500 3236 4556 locuti
3268 4517 3497 4569 sumus,
3554 4501 3639 4559 ita
3685 4506 3742 4558 et

2087 4588 2306 4651 omnia,
2339 4606 2465 4659 qua
2499 4589 2630 4644 Tito
2663 4589 2926 4659 praedixi,
2957 4606 3093 4645 vera
3118 4591 3374 4645 fuerunt.
3409 4590 3693 4662 Sequitur
3723 4609 3737 4647 :

400 4678 675 4751 Sequitur
706 4695 720 4732 :
754 4677 1088 4767 Igitugetsi
1132 4676 1357 4767 scripsi,
1415 4692 1525 4767 non
1579 4682 1798 4746 propter
1853 4691 1976 4731 eum
2010 4702 2058 4767 D
2090 4678 2153 4732 Et
2181 4680 2398 4733 viscera
2427 4679 2544 4747 ejus
2567 4678 2939 4734 abundantius
2977 4680 3037 4733 in
3078 4680 3228 4736 vobis
3279 4684 3409 4735 sunt
3427 4696 3448 4742 ;
3493 4680 3603 4737 hoc
3651 4684 3741 4737 est

328 4768 427 4838 qui
452 4769 583 4840 fecit
607 4764 1008 4838 injurium.His
1030 4763 1221 4819 verbis
1245 4762 1411 4817 illum
1444 4764 1807 4835 denotat,qui
1829 4765 1979 4836 patri
2010 4762 2048 4767 “
2088 4767 2287 4823 omnia
2316 4769 2580 4823 membra
2611 4769 2739 4839 ejus
2769 4785 2871 4823 vos
2901 4768 3252 4824 desiderant.
3286 4768 3459 4825 Verbi
3518 4769 3736 4842 gratia,

326 4854 601 4928 injuriam
633 4853 854 4925 intulit,
883 4850 1263 4908 conducendo
1295 4867 1532 4906 uxorem
1563 4852 1612 4922 (I
1641 4852 1760 4908 Cor.
1812 4870 1865 4920 ν,
1901 4855 1976 4923 1),

330 4944 471 5000 Item
496 4961 632 5000 cum
663 4943 806 4999 dicit
838 4959 852 4999 :
885 4943 990 4998 Nec
1016 4948 1237 5013 prapter
1264 4940 1436 5010 (737),
1481 4941 1578 5011 qui
1625 4957 1820 5011 passus
1878 4947 1973 5013 est,

328 5049 532 5089 omnes
552 5032 684 5089 illos
710 5033 966 5099 denotat,
1002 5030 1103 5103 qui
1138 5027 1406 5099 injurias,
1441 5033 1496 5082 et
1528 5030 1761 5085 fraudes
1801 5032 1978 5101 patie-

328 5121 641 5193 bantur,de
671 5121 890 5192 quibus
912 5121 1039 5192 ipse
1069 5119 1128 5174 in
1161 5118 1387 5189 prima:
1425 5116 1525 5173 Sed
1554 5134 1644 5173 vos
1702 5120 1978 5190 injuriam

327 5211 536 5281 facitis,
566 5218 619 5264 et
647 5208 947 5279 fraudatis,
969 5212 1020 5264 et
1049 5208 1147 5263 hoc
1174 5208 1453 5278 fratribus
1505 5208 1553 5278 (Ι
1604 5211 1727 5264 Cor.
1788 5226 1863 5277 v1,
1897 5210 1973 5281 8).

329 5298 478 5354 Nam
510 5296 561 5353 si
590 5296 650 5352 in
672 5295 869 5368 aliquo
900 5296 1251 5353 dissidentes
1283 5301 1469 5366 erant,
1511 5302 1615 5351 aut
1673 5297 1722 5352 si
1778 5297 1977 5369 aliqua

330 5383 489 5443 mala
516 5383 955 5456 ingerebant,ad
980 5383 1305 5440 infidelium
1335 5385 1718 5441 trahebantur
1727 5386 1973 5457 judicia.

400 5641 551 5714 (736)
582 5640 659 5715 In,
679 5640 971 5715 autog.ita
997 5637 1209 5715 legitur
1240 5658 1253 5697 :
1290 5641 1552 5715 Quia,qui
1578 5643 1751 5701 malos
1787 5648 1971 5715 punit,

329 5712 496 5771 bonos
520 5712 750 5784 perdere
774 5712 976 5784 quaerit
1009 5727 1032 5785 ;_
1060 5712 1325 5781 fortasse,
1377 5712 1538 5785 bonos
1592 5712 1837 5785 reddere,
1886 5712 1975 5774 vel

327 5785 493 5855 bonos
519 5778 721 5859 facere,
755 5778 868 5843 non
893 5778 1126 5858 perdere
1156 5778 1378 5854 quaerit,
1405 5784 1495 5841 vel
1522 5786 1760 5844 tandem
1812 5778 1977 5845 bonos

2089 4857 2241 4912 sicut
2261 4856 2459 4912 omnia
2482 4859 2766 4923 membra,
2786 4874 2893 4912 sua
2911 4858 2967 4911 in
2987 4857 3233 4913 invicem
3250 4858 3588 4914 desiderant
3605 4859 3736 4914 ofﬁ-

2087 4946 2177 5001 cia
2204 4963 2216 5015 ;
2248 4945 2305 5000 id
2338 4950 2445 5016 est,
2480 4946 2633 5001 sicut
2663 4947 2900 5003 auditus
2930 4947 3226 5003 desiderat
3253 4948 3471 5016 visum,
3495 4952 3554 5004 et
3576 4947 3740 5004 visus

2086 5034 2383 5103 olfactum,
2418 5040 2528 5089 etc.
2555 5052 2568 5089 :
2603 5036 2686 5090 sic
2718 5041 2775 5090 et
2804 5036 3001 5091 omnia
3030 5038 3297 5095 membra
3324 5038 3451 5107 ejus
3483 5054 3587 5093 vos
3641 5038 3739 5093 de-

2087 5124 2365 5194 siderant,
2384 5126 2790 5181 reminiscentis
2806 5127 3056 5181 omnium
3068 5131 3308 5181 vestrum
3332 5126 3737 5182 obedientiam.

2086 5216 2154 5267 Et
2182 5218 2271 5268 est
2302 5230 2545 5268 sensus:
2581 5214 2728 5277 Quia
2757 5221 2942 5270 vestra
2973 5216 3304 5271 obedientia
3332 5220 3501 5288 grata
3528 5215 3581 5270 ei
3607 5214 3738 5279 fuit,

2085 5306 2142 5357 et
2166 5319 2265 5357 vos
2286 5306 2485 5374 gratos
2508 5302 2780 5375 reddidit,
2809 5305 2951 5360 adeo
2976 5321 3074 5360 vos
3096 5304 3305 5376 diligit,
3321 5309 3389 5359 ut
3405 5310 3604 5361 vestra
3623 5319 3740 5360 Ine-

2086 5390 2275 5447 moria
2303 5408 2609 5463 nunquam
2644 5392 2715 5447 ab
2747 5394 2876 5463 ejus
2909 5397 3104 5450 mente
3133 5394 3385 5449 recedat.

2083 5663 2193 5703 non
2226 5646 2493 5719 perdere,
2518 5645 2614 5719 uti
2645 5644 2955 5719 legendum
2987 5646 3157 5706 nobis
3185 5644 3381 5704 visum
3409 5649 3519 5702 est.

2160 5716 2307 5793 (737)
2340 5720 2403 5775 In
2435 5716 2597 5792 vulg.
2620 5716 2765 5790 eum,
