3902 6440
120 441 239 498 45⁸7

676 439 1091 500 EXPOSITIO
1136 439 1213 498 IN
1259 434 1691 499 EPISTOLAS
1736 432 1999 494 PAULI.
2033 462 2111 477 -—
2140 433 2218 493 IN
2266 435 2517 498 EPIST.
2566 438 2617 497 II
2662 439 2763 498 AD
2808 440 2983 502 COR.

3425 446 3545 506 458

189 569 510 643 Sequitur:
545 571 817 640 Quomodo
870 587 996 626 cum
1028 574 1224 625 timore
1275 579 1325 625 et
1355 574 1590 624 tremore
1619 582 1778 622 exce-
1809 567 1863 631 Α
1894 565 2060 631 Cum,
2094 582 2293 621 eorum
2332 569 2524 625 tenuis
2555 571 2632 625 sit
2653 572 3006 645 substantia,
3040 575 3183 631 adeo
3208 573 3322 648 ipsi
3352 577 3541 632 devoti

112 661 277 733 pistis
317 676 462 715 eum.
524 660 669 715 Cum
731 659 887 715 enim
946 660 1202 714 directus
1234 659 1442 713 fuisset
1490 659 1574 712 eis
1615 657 1781 709 Titus

118 750 319 805 studio
348 749 583 804 videndi
645 749 1146 804 conversationem
1206 765 1430 817 eorum,
1485 750 1541 802 et
1588 744 1779 801 subito

116 839 273 893 inter
298 854 398 894 eos
429 837 822 909 apparuisset,
876 839 1222 902 timuerunt,
1268 836 1608 901 recolentes,
1643 833 1782 906 quia

121 944 224 999 pro
257 926 463 983 multis
494 926 651 982 vitiis
680 927 914 981 fuerant
943 926 1226 998 increpati
1259 928 1330 981 ab
1361 924 1657 996 Apostolo.
1692 925 1780 978 In-

118 1016 473 1072 tellexerunt
502 1016 682 1085 enim,
717 1016 855 1086 quia
896 1016 1171 1071 idoneum
1204 1015 1543 1070 ministrum
1571 1013 1780 1067 direxit

120 1105 193 1160 ad
225 1121 346 1175 eos,
379 1104 479 1174 qui
513 1120 747 1159 omnem
781 1120 983 1159 eorum
1016 1104 1519 1158 conversationem
1552 1102 1663 1157 sibi
1697 1118 1779 1155 re-

118 1192 456 1257 nuntiaret;
492 1196 550 1247 et
580 1192 708 1247 ideo
741 1192 820 1247 ita
841 1209 975 1247 cum
1006 1192 1589 1262 timoreexceperunt
1619 1207 1775 1255 eum,

116 1284 177 1336 et
205 1282 548 1336 obedientes
579 1280 629 1335 ei
685 1282 1054 1347 exstiterunt,
1091 1282 1259 1351 quasi
1310 1280 1434 1351 ipse
1464 1277 1778 1350 Apostolus

113 1369 378 1425 venisset
408 1370 479 1424 ad
514 1386 633 1424 eos.

189 1457 504 1530 Sequitur:
559 1458 776 1514 Gaudeo
836 1458 976 1527 quod
1034 1459 1096 1512 in
1155 1458 1405 1511 omnibus
1461 1456 1672 1524 conﬁdo
1718 1458 1778 1509 in

117 1547 307 1614 vobis;
337 1547 507 1618 quasi
532 1547 773 1601 dixisset
797 1547 950 1601 :Non
984 1546 1172 1600 solum
1199 1546 1422 1616 gaudeo
1445 1547 1515 1599 de
1542 1544 1775 1598 illorum

116 1636 497 1701 correctione,
533 1634 631 1704 qui
682 1634 1019 1690 ceciderunt
1049 1638 1104 1689 et
1156 1638 1554 1698 surrexerunt,
1589 1633 1687 1687 sed
1722 1636 1779 1685 et

114 1725 191 1780 de
219 1728 413 1778 vestro
443 1722 727 1794 profectu,
752 1722 849 1792 qui
878 1722 932 1774 in
972 1722 1081 1775 ﬁde
1113 1721 1380 1776 stetistis.
1406 1720 1530 1775 Sive
1564 1720 1735 1775 aliter
1760 1737 1772 1774 :

114 1811 360 1866 Gaudeo
388 1810 547 1882 quia,
582 1808 683 1881 qui
740 1825 808 1864 ea
861 1812 1150 1880 corrigere
1208 1811 1490 1882 coepistis,
1541 1828 1667 1882 quae
1702 1812 1773 1865 ad

1892 654 2257 724 exstiterunt,
2294 660 2356 709 ut
2388 656 2539 712 ultra
2570 676 2748 729 quam
2780 661 3024 716 virtutes
3054 668 3450 734 suppeterent,
3484 670 3543 720 et

1893 741 2138 799 facultas
2170 743 2406 808 sineret,
2440 744 2549 816 ipsi
2573 749 2757 818 parati
2785 755 2982 806 essent
3010 751 3185 820 dare;
3218 761 3272 807 et
3302 752 3429 807 ideo
3453 754 3538 809 di-

1889 834 2003 889 cit:
2040 833 2346 888 .lbundam‘t
2377 836 2437 888 in
2494 835 2719 891 divitias
2773 822 3173 910 simplicitatis.
3229 840 3538 911 Simplices

1890 921 2120 978 divitias
2151 924 2313 991 dicit,
2338 925 2476 995 quia
2507 924 2641 995 ipsi,
2666 943 2780 981 non
2816 943 2993 983 causa
3015 928 3287 984 humana:
3318 929 3532 1002 laudis,

1889 1018 1989 1066 aut
2020 1013 2342 1068 redimendi
2375 1032 2514 1069 suos
2544 1015 2974 1086 praedicatores,
2998 1033 3069 1072 ne
3094 1018 3537 1090 increparentur

1889 1102 1962 1155 ab
1994 1101 2096 1167 eis,
2132 1103 2483 1172 tribuerunt,
2542 1104 2641 1158 sed
2676 1105 2868 1159 studio
2918 1104 3184 1176 placendi
3213 1107 3350 1162 Deo.
3384 1108 3533 1164 Nam

1888 1191 1987 1260 qui
2019 1207 2196 1245 causa
2218 1191 2490 1247 humanae
2514 1191 2704 1247 laudis
2726 1191 3013 1261 tribuunt,
3048 1210 3165 1249 non
3187 1194 3536 1267 simpliciter

1889 1278 2130 1343 faciunt,
2167 1284 2223 1332 et
2255 1278 2356 1344 illi,
2392 1280 2494 1349 qui
2548 1296 2581 1333 a
2612 1279 2825 1334 talibus
2857 1281 3171 1353 accipiunt,
3203 1283 3532 1341 libertatem

1888 1367 2225 1436 increpandi
2260 1368 2558 1434 amittunt,
2619 1367 2759 1438 quia
2810 1369 3096 1439 scriptum
3127 1377 3251 1427 est:
3288 1373 3454 1428 chia
3483 1376 3537 1428 et

1886 1456 2026 1511 dona
2057 1462 2331 1509 excarcant
2357 1457 2536 1510 oculos
2557 1455 2811 1525 judicum
2843 1456 3031 1526 (Eccli.
3063 1475 3157 1529 xx,
3189 1460 3300 1530 31).

1957 1545 2273 1616 Sequitur:
2327 1547 2471 1613 Quia
2507 1544 2815 1599 secundum
2871 1548 3129 1602 virtutem
3161 1552 3537 1606 testimonium

1888 1635 2003 1688 illis
2031 1635 2311 1703 perhibeo,
2346 1640 2456 1689 etc.
2490 1634 2886 1705 Praeposterus
2912 1642 3001 1692 est
3033 1639 3196 1709 ordo,
3233 1656 3368 1695 nam
3400 1640 3536 1696 talis

1888 1739 2016 1776 esse
2048 1723 2218 1776 debet
2242 1740 2254 1776 :
2289 1722 2693 1777 testiinonium
2716 1723 2833 1779 illis
2857 1724 3153 1794 perbibeo,
3179 1727 3319 1798 quia
3346 1744 3537 1784 secun-

1884 1811 2018 1865 dum
2040 1812 2303 1865 virtutem
2323 1811 2676 1879 tribuerunt,
2699 1812 2749 1865 cl
2772 1828 2935 1883 super
2953 1816 3213 1869 virtutem
3230 1818 3538 1873 voluntarii

111 1901 349 1956 cultum
408 1900 542 1955 fidei
600 1904 657 1954 et
711 1900 978 1955 ordinem
1002 1900 1465 1954 ecclesiasticum
1497 1901 1769 1971 attinent,
1802 1928 1850 1992 Β
1884 1902 2132 1970 fuerunt.
2158 1900 2226 1953 Et
2251 1903 2315 1953 ut
2341 1900 2668 1954 ostenderet
2692 1902 3004 1971 quomodo,
3034 1903 3338 1973 subjunxit
3361 1922 3374 1961 :
3401 1905 3537 1961 Cum

110 1996 253 2057 etc.,
287 2007 417 2061 quas
449 1993 588 2044 sunt
618 1989 797 2060 digna
829 1988 1204 2058 correctione,
1241 1988 1563 2060 corrigetis.

189 2079 350 2152 (ΟΑΡ.
428 2078 604 2148 VIII.)
663 2079 857 2133 Notam
930 2082 1133 2143 autem,
1211 2080 1436 2148 fratres.
1497 2077 1777 2148 Superius

110 2168 441 2225 Corinthiis
472 2168 928 2238 persecutiones,
959 2172 1017 2220 et
1049 2183 1534 2237 pressuras,quas
1566 2183 1777 2237 passus

111 2260 308 2313 fuerat
336 2256 397 2311 in
429 2255 701 2311 Ecclesiis
752 2255 1098 2309 lt'lacedoniae
1123 2297 1135 2321 ,
1185 2255 1393 2309 deinde
1426 2254 1683 2309 diverat:
1718 2256 1779 2310 Si

108 2348 371 2417 gravisus
400 2362 527 2399 sum
556 2362 721 2413 super
750 2343 953 2411 gaudio
986 2344 1126 2397 Titi:
1154 2348 1287 2413 post
1322 2343 1428 2397 hoc
1461 2360 1629 2397 suam
1653 2361 1778 2399 ora-

109 2437 338 2491 tionem
362 2440 420 2489 et
436 2433 790 2489 locutionem
811 2431 1082 2485 laudibus
1106 2429 1392 2485 conclusit
1416 2448 1593 2498 ;nune
1620 2448 1780 2487 vero-

109 2522 466 2595 aggreditur
490 2519 671 2584 aliud,
705 2517 943 2574 dicens:
976 2519 1171 2573 Nolam
1200 2518 1348 2572 vobis
1377 2520 1633 2589 facimus,
1666 2522 1779 2589 [να-

111 2621 245 2679 tres,
279 2616 392 2667 etc.
427 2608 681 2676 (758-39)
713 2606 826 2661 Sed
859 2608 1241 2676 quarendum
1276 2613 1583 2678 est,quare
1606 2625 1776 2664 suam

108 2699 478 2756 locutionem
513 2697 584 2750 de
609 2711 780 2766 opere
805 2693 1217 2749 misericordia
1238 2696 1385 2766 (740)
1405 2696 1431 2747 ‘2
1456 2696 1565 2750 Sed
1589 2697 1777 2752 scien-

109 2789 287 2852 dum,
319 2784 459 2858 quia
487 2782 605 2856 egit
634 2783 745 2837 hoc
774 2781 1091 2852 Apostolus
1148 2783 1471 2853 ingeniose,
1504 2788 1559 2838 et
1589 2785 1775 2839 admi-

108 2876 306 2932 rando
321 2874 497 2929 modo
525 2897 539 2939 ;
564 2872 671 2925 hoc
693 2875 873 2938 est,ut
892 2871 1034 2924 dum
1056 2887 1155 2924 eos
1172 2870 1449 2927 laudibus
1472 2871 1774 2941 mulceret,

109 2966 188 3021 ad
222 2979 375 3035 opus
406 2958 823 3016 misericordiae
846 2957 1075 3013 facilius
1099 2964 1453 3029 provocaret.
1487 2960 1780 3016 Moraliter

107 3054 202 3110 sic
236 3050 515 3107 monendi
547 3053 685 3104 sunt
717 3047 976 3118 superbi,
1018 3052 1075 3101 et
1106 3052 1394 3117 potentes,
1428 3048 1535 3104 hoc
1566 3055 1675 3114 est,
1712 3054 1778 3105 ut

108 3144 162 3199 si
197 3158 320 3213 qua
349 3143 491 3194 sunt
520 3138 579 3192 in
612 3136 730 3192 illis
758 3137 928 3202 bona,
964 3136 1240 3191 laudibus
1272 3138 1642 3207 proferantur
1687 3137 1776 3191 vel

106 3247 244 3303 quas
278 3229 471 3283 inesse
504 3230 794 3298 poterant,
827 3225 1138 3292 dicantur;
1175 3229 1238 3279 ut
1270 3242 1401 3296 quas
1431 3225 1775 3296 corrigenda

105 3323 274 3385 sunt,
312 3315 544 3372 facilius
584 3313 973 3385 corrigantur.
1030 3314 1270 3384 Propter
1300 3310 1770 3385 boc'exemplum

104 3406 506 3464 Ecclesiarum
562 3403 915 3458 Macedoniae
946 3402 1210 3473 protulit,
1268 3407 1332 3457 ut
1362 3403 1502 3457 dum
1536 3403 1681 3458 alios
1711 3403 1771 3459 in

105 3513 291 3568 opere
330 3492 747 3550 misericordiae
799 3490 1359 3560 devotos‘audirent,
1394 3491 1628 3546 eosdem
1656 3509 1772 3546 non

106 3588 356 3642 devotos
378 3598 506 3638 esse
529 3580 1109 3653 puderet.Moraliter
1141 3584 1453 3637 monentur
1483 3580 1773 3645 doctores,

107 3680 199 3743 ut,
234 3671 474 3745 quoties
523 3670 817 3725 auditores
862 3686 1001 3723 suos
1052 3670 1121 3723 ad
1149 3670 1302 3723 bona
1336 3686 1646 3741 provocare
1676 3685 1772 3723 v0-

114 3767 276 3829 lunt,
310 3764 652 3817 sanctorum
712 3756 977 3829 exempla
1020 3756 1136 3813 illis
1197 3763 1544 3830 proponant,
1580 3762 1643 3813 ut
1700 3758 1772 3811 ad

111 3855 299 3917 bona,
330 3865 461 3921 qua:
493 3847 738 3919 cupiunt
769 3844 931 3901 ocius
962 3862 1060 3901 eos
1090 3846 1321 3901 trahere
1351 3846 1600 3901 valeant.
1634 3846 1777 3901 ΡΓω-

111 3943 241 3998 fata
270 3938 451 3995 etiam
483 3934 807 3992 intentione
839 3934 1046 3989 fratres
1093 3951 1192 3989 eos
1223 3934 1497 4005 appellat.
1532 3934 1778 3989 Pulchre

114 4029 375 4086 dicitur:
414 4027 666 4084 Gratiam
695 4025 814 4093 Dei,
873 4038 999 4095 qua:
1026 4024 1155 4078 data
1208 4028 1286 4079 est
1305 4041 1326 4084 ;
1357 4024 1496 4095 quia
1526 4023 1717 4094 gratia
1746 4040 1779 4077 a

113 4119 234 4175 Deo
268 4118 467 4184 datur,
499 4119 557 4171 et
585 4130 700 4168 non
734 4111 885 4177 aliis,
930 4112 1043 4167 nisi
1074 4111 1370 4180 Ecclesiis,
1406 4113 1596 4167 datur.

187 4205 474 4278 Sequitur
497 4220 510 4260 :
533 4202 683 4271 Quod
706 4203 765 4256 in
785 4198 964 4255 multo
984 4202 1358 4271 experimento
1375 4202 1776 4257 tribulationis.

111 4295 467 4351 abundantia
521 4290 718 4363 gaudii
777 4292 1025 4361 ipsorum
1079 4292 1317 4360 supersit
1370 4290 1541 4360 (741).
1594 4290 1663 4344 Et
1695 4295 1783 4345 est

113 4400 373 4441 sensus:
432 4381 588 4436 Dum
650 4396 756 4435 nos
806 4378 992 4433 multa
1032 4378 1276 4433 adversa
1326 4377 1444 4448 pati
1489 4378 1781 4445 viderunt,

114 4491 235 4528 non
291 4468 675 4528 scandalizati
736 4472 894 4533 sunt,
947 4472 1049 4523 aut
1103 4467 1161 4520 in
1197 4468 1308 4521 {ide
1364 4466 1784 4535 titubaverunt,

123 4561 229 4616 sed
262 4557 462 4632 potius
490 4558 888 4627 experimento
921 4553 1317 4611 tribulationis
1348 4559 1577 4617 nostrae,
1610 4553 1788 4625 pleni-

1884 1989 2062 2043 mulla
2089 1989 2471 2043 exhortatione
2517 1990 2710 2059 ;quasi
2744 1989 3025 2046 dixisset:
3067 1993 3350 2049 Fecerunt
3378 1995 3536 2065 quod

1886 2081 2222 2149 potuerunt,
2255 2081 2312 2131 et
2343 2076 2533 2147 magis
2564 2093 2740 2147 quam
2764 2077 3012 2134 facultas
3033 2079 3250 2135 sineret
3279 2081 3555 2139 tribuere

1884 2164 2195 2219 voluerunt
2220 2182 2232 2229 ;
2266 2164 2367 2219 sed
2398 2181 2501 2218 nos
2525 2164 2927 2233 judicavimus
2957 2183 3072 2223 non
3095 2184 3222 2224 esse
3252 2169 3537 2242 accipien-

1888 2255 2050 2322 dum,
2083 2269 2155 2306 ne
2187 2251 2407 2319 fortc,si
2436 2251 2692 2321 inopiam
2720 2256 3392 2327 paterentur,pceniteret
3414 2275 3535 2326 eos,

1887 2347 1944 2395 et
1970 2342 2225 2395 fructum
2252 2340 2535 2395 mercedis
2554 2341 2891 2410 perderent:
2917 2341 3001 2396 illi
3022 2360 3155 2399 vero
3180 2361 3315 2401 cum
3335 2347 3539 2403 exhor-

1887 2430 2124 2494 tatione,
2157 2436 2213 2483 ct
2248 2429 2542 2500 lacrymis,
2577 2432 2631 2483 et
2664 2430 2933 2501 precibus
2965 2432 3257 2502 deprecati
3289 2440 3448 2503 sunt,
3475 2446 3538 2494 ut

1885 2521 2129 2590 gratiam
2159 2522 2210 2573 ct
2267 2520 2822 2573 communicationem
2872 2521 3186 2587 ministerii,
3220 2524 3363 2594 quod
3390 2525 3452 2594 ﬁt
3476 2527 3545 2580 in

1887 2613 2097 2663 sanctos
2129 2606 2526 2678 (subauditur,
2591 2606 3016 2678 susciperent);
3063 2626 3171 2664 nos
3211 2627 3368 2683 vero,
3398 2613 3540 2684 quia

1888 2697 2143 2750 vidimus
2161 2694 2375 2766 spretis
2396 2694 2672 2749 omnibus
2694 2695 3185 2767 temporalibusin
3200 2697 3343 2754 solis
3364 2700 3533 2757 cccle-

1889 2784 2075 2840 stibus
2106 2783 2607 2855 suspensos,quod
2626 2783 2789 2854 prius
2811 2800 2925 2840 non
2948 2786 3353 2858 accipiendum
3377 2790 3539 2861 judi-

1888 2874 2172 2941 cavimus,
2205 2876 2407 2943 postea
2436 2872 2696 2943 accipere
2727 2873 3109 2930 decrevimus.

1958 2963 2271 3033 Sequitur:
2305 2964 2367 3015 Et
2394 2978 2505 3016 non
2532 2963 2674 3015 sicut
2719 2963 3097 3033 speravimus;
3127 2965 3235 3021 hoc
3266 2971 3375 3034 est,
3409 2983 3537 3022 ma-

1887 3053 1976 3124 gis
2034 3054 2315 3115 fecerunt,
2375 3067 2552 3120 quam
2611 3066 3037 3120 sperassemus.
3085 3053 3399 3123 Sequitur:
3432 3055 3539 3111 Sed

1884 3140 2198 3209 semetipsos
2230 3138 2499 3194 dederunt
2549 3140 2795 3207 primum
2842 3144 2994 3205 Deo;
3051 3139 3160 3195 hoc
3191 3145 3297 3210 est,
3330 3146 3386 3197 et
3416 3143 3534 3214 pri-

1889 3229 2075 3284 stinos
2107 3244 2330 3281 errores
2362 3226 2723 3295 corrigendo,
2773 3232 2830 3281 et
2859 3228 3058 3297 vitam,
3090 3233 3148 3284 et
3176 3246 3369 3287 mores
3400 3249 3537 3287 mu-

1886 3319 2082 3374 tando.
2145 3317 2457 3387 Sequitur:
2503 3315 2707 3369 Deinde
2759 3316 2932 3384 nobis,
2964 3316 3232 3373 videlicet
3261 3326 3536 3392 sumptus

1884 3406 2245 3462 necessarios
2296 3404 2704 3459 ministrando.
2739 3404 2807 3459 Et
2863 3405 3002 3475 quia
3031 3405 3378 3479 simpliciter
3424 3409 3534 3465 hoc

1883 3498 2147 3567 egerunt,
2178 3493 2308 3547 ideo
2342 3492 2687 3562 subjungit:
2718 3493 2827 3547 Per
2864 3485 3349 3551 voluntatem’Dei.

1953 3582 2264 3653 Sequitur:
2317 3582 2394 3635 Ila
2426 3584 2485 3634 ut
2539 3596 2861 3648 rogaremus
2924 3582 3119 3652 Titum,
3179 3584 3529 3654 etc.;quasi

1885 3673 2164 3727 dixisset:
2199 3670 2283 3724 Ita
2312 3674 2369 3723 ct
2394 3685 2495 3723 vos
2527 3668 2713 3723 devoti
2747 3669 3073 3738 exstitistis,
3107 3674 3172 3725 ut
3199 3670 3396 3727 Titum
3427 3688 3527 3728 ro-

1884 3776 2160 3833 garemus
2189 3758 2385 3813 venire
2417 3757 2489 3811 ad
2538 3774 2658 3812 vos.
2690 3758 2797 3811 Sed
2854 3774 3035 3829 quare
3078 3759 3297 3831 Titum,
3323 3764 3382 3816 et
3411 3777 3529 3817 non

1887 3846 2186 3903 alterum?
2248 3844 2396 3909 Quia
2451 3849 2625 3899 notus
2656 3849 2714 3900 et
2764 3848 2966 3915 gratus
3013 3851 3136 3902 erat
3189 3846 3328 3919 illis,
3388 3850 3535 3906 etin

1890 3936 2092 3992 multis
2106 3952 2208 4005 per
2221 3935 2268 4003 ej
2281 3950 2349 3987 us
2372 3932 2832 3987 exhortationem
2856 3933 3538 4007 profecerant,quatenus

1888 4031 1942 4080 et
1975 4025 2033 4078 in
2065 4023 2175 4077 hoc
2204 4037 2376 4092 Opere
2409 4020 2821 4074 misericordiae
2869 4037 2972 4091 per
3002 4036 3137 4085 eum
3169 4023 3537 4093 proficerent.

1890 4111 2189 4170 Moraliter
2212 4125 2225 4164 :
2246 4110 2390 4164 Cum
2417 4107 2630 4179 aliquis
2652 4108 2952 4163 docendus
2975 4114 3190 4176 est,aut
3209 4110 3281 4165 ad
3302 4110 3541 4183 aliquod

1891 4203 2110 4257 bonum
2144 4195 2715 4270 provocandus,talis
2744 4213 2878 4252 eum
2910 4198 3077 4253 debet
3109 4198 3334 4267 docere,
3365 4199 3467 4272 qui
3489 4201 3542 4257 ei

1892 4295 2096 4364 gratus
2128 4290 2224 4354 sit,
2258 4292 2316 4342 et
2347 4304 2519 4358 quem
2552 4288 2677 4358 ipse
2708 4286 2915 4359 diligit.

1967 4380 2119 4450 (742)
2146 4377 2463 4448 Sequitur:
2525 4376 2635 4432 Sed
2680 4379 2827 4433 sicut
2874 4379 2931 4431 in
2962 4379 3213 4434 omnibus
3240 4380 3546 4436 abundatis

1897 4468 2022 4538 ﬁde,
2056 4472 2191 4531 etc.,
2224 4470 2273 4519 et
2304 4468 2405 4520 hac
2431 4468 2633 4535 gratia,
2664 4466 2771 4521 hoc
2795 4470 2901 4533 est,
2932 4466 3341 4522 misericordias
3374 4484 3548 4540 opere

1899 4556 2209 4612 abundetis.
2246 4553 2390 4606 Nam
2419 4554 2475 4606 id
2510 4553 2727 4622 quibus
2759 4553 3146 4621 abundarent,
3171 4556 3547 4623 manifestat;

123 4649 397 4705 tudinem
416 4646 620 4719 gaudii
642 4644 1195 4717 susceperunt,quia
1222 4660 1332 4697 non
1358 4644 1463 4697 abs
1482 4660 1540 4698 re
1562 4648 1787 4697 tantam
1818 4648 1868 4711 D
1903 4646 2025 4717 ﬁde,
2063 4643 2202 4715 quia
2223 4643 2346 4711 jam
2384 4641 2737 4695 corroborati
2796 4648 2999 4709 erant;
3031 4652 3083 4698 et
3117 4659 3381 4713 sermone,
3413 4644 3552 4717 quia

124 4734 526 4794 constantiam
592 4734 651 4788 in
713 4733 1120 4806 persecutione
1172 4749 1299 4786 esse
1358 4730 1785 4786 intellexerunt.

123 4826 347 4882 Aliter:
383 4829 534 4879 Dum
568 4840 673 4878 nos
707 4822 825 4895 pati
876 4823 1164 4888 viderunt,
1212 4820 1386 4876 etiam
1419 4819 1531 4891 ipsi
1564 4818 1788 4874 incitati

123 4918 361 4985 sunt,ut
382 4912 693 4969 nobiscum
716 4910 834 4982 pati
860 4911 1181 4982 gauderent
1207 4926 1220 4974 ;
1247 4914 1303 4963 et
1326 4908 1425 4979 qui
1448 4908 1605 4980 passi
1630 4911 1791 4975 sunt,

125 5004 255 5059 ideo
288 5002 449 5075 passi
482 5005 646 5069 sunt,
672 5001 811 5071 quia
838 5000 894 5054 in
927 4999 1146 5055 eisdem
1167 4998 1793 5063 tribulationibus,sub

126 5109 228 5163 spe
253 5093 469 5147 futura:
502 5087 1405 5159 resurrectionis,plenitudinem
1434 5087 1635 5159 gaudii
1666 5103 1796 5142 esse

126 5180 464 5238 intellixeru
476 5183 558 5234 nt.

196 5272 265 5326 Et
287 5270 569 5326 altissima
588 5276 889 5339 paupertas
907 5265 1632 5333 eorum,etc.A1tissimam
1656 5266 1798 5321 dicit

129 5359 488 5429 profundam
522 5362 579 5412 et
612 5373 908 5429 magnam.
966 5359 1024 5412 In
1069 5357 1286 5427 quibus
1315 5355 1507 5410 verbis
1539 5355 1801 5410 ostendit

131 5464 335 5505 eorum
368 5446 743 5520 propositum
778 5450 835 5502 et
883 5445 1275 5510 devotionem,
1310 5443 1480 5515 quasi
1513 5443 1797 5510 dixisset;

200 5624 565 5699 (738-39)_In
597 5624 1143 5699 autog.pmarg.bic
1172 5622 1386 5699 legitur
1409 5620 1729 5699 cas.__XXIl.
1793 5664 1800 5672 .

196 5692 354 5774 (740)
389 5692 767 5757 subauditur
791 5692 1078 5769 inceperit,
1106 5694 1195 5753 vel
1226 5692 1385 5752 aliud
1417 5692 1631 5751 simile.
1665 5716 1694 5744 ››

465 5825 739 5916 garum.
785 5821 1107 5911 CXXXIV3

1900 4750 2117 4806 genera
2149 4730 2485 4799 linguarum
2537 4728 2869 4799 habebant;
2903 4736 2953 4786 et
3002 4733 3254 4800 scientia,
3285 4733 3423 4804 quia
3453 4750 3552 4789 sa-

1902 4822 2129 4893 pientes
2188 4823 2392 4888 crant;
2424 4824 2473 4871 et
2527 4820 2679 4871 omni
2731 4820 3122 4886 sollicitudine,
3155 4820 3293 4890 quia
3324 4822 3558 4880 fuerant

1903 4906 2215 4977 increpati,
2252 4911 2306 4959 ct
2340 4906 2466 4960 ideo
2499 4904 2729 4960 solliciti
2756 4913 2940 4977 erant,
2974 4924 3045 4962 ne
3074 4908 3266 4963 denuo
3295 4908 3559 4980 increpa-

1906 5002 2112 5052 rentur
2140 5013 2152 5062 ;
2180 5002 2231 5050 ct
2285 4997 2443 5048 omni
2472 4995 2746 5049 charitate
2800 5000 2984 5050 vestra
3015 4997 3073 5049 in
3130 5012 3247 5063 nos,
3308 4995 3418 5052 hoc
3447 5000 3557 5063 est,

1907 5086 2061 5140 circa
2088 5102 2214 5139 nos.

1977 5173 2255 5244 Sequitur
2282 5190 2294 5226 :
2326 5175 2453 5227 Non
2502 5173 2668 5242 quasi
2718 5172 2996 5241 imperans
3041 5170 3182 5227 dico.
3215 5172 3285 5227 Et
3314 5176 3404 5228 est
3429 5188 3563 5226 sen-

1916 5280 2018 5318 sus
2043 5280 2055 5318 :
2093 5262 2218 5317 Non
2251 5266 2659 5331 extorqueo,ut
2680 5266 2951 5331 cogo,aut
2978 5265 3236 5316 vestrum
3266 5278 3416 5333 epus
3446 5276 3564 5316 non

1910 5352 1988 5407 sit
2019 5350 2438 5419 voluntarium,
2480 5350 2579 5405 sed
2636 5355 2925 5405 coactum.
2959 5351 3271 5422 Sequitur:
3305 5350 3407 5405 Sed
3436 5364 3566 5420 pro-

1907 5448 2030 5511 pter
2062 5442 2301 5495 aliorum
2334 5438 2784 5507 sollicitudinem,
2815 5443 2983 5494 etiam
3040 5448 3232 5496 vestrae
3278 5438 3568 5494 charitatis

1986 5618 2134 5688 (741)
2161 5616 2331 5688 Vulg.
2362 5618 2495 5688 fuit.

1987 5686 2135 5764 (742)
2170 5690 2237 5744 In
2267 5686 2469 5761 autog.
2502 5705 2686 5762 marg.
2715 5688 2809 5747 hic
2832 5688 3050 5764 legitur
3075 5706 3202 5763 cap.
3233 5686 3425 5749 XXIII.

3174 5816 3250 5901 ω
