3902 6394
365 479 484 538 463

371 622 546 680 quem
577 603 849 660 affectum
876 599 1090 654 habeat
1121 611 1258 666 erga
1289 607 1428 648 suos
1451 587 1776 680 auditores.
1801 583 1881 636 Ea
1911 579 2007 678 in-
2035 581 2089 642 Α

368 670 626 752 teutione
653 688 968 764 Apostolus
1011 684 1234 757 repetit,
1281 677 1622 736 subdendo:
1688 673 1807 764 Scio
1864 670 2014 764 (ξηίηξ

365 783 682 856 promptum
705 758 962 835 intimum
993 779 1250 836 vestrum,
1283 775 1392 824 etc.
1414 783 1435 828 ,°
1463 770 1555 820 et:
1591 765 1672 817 Ex
1703 758 2014 815 abundanti

370 852 450 927 est
481 852 619 925 mihi
646 869 880 922 scribere
933 863 1128 918 vobis:
1187 860 1243 911 id
1301 860 1408 923 est,
1468 852 1716 906 dilatum
1770 853 1857 903 est
1917 862 2016 899 cor

372 973 570 1016 meum
601 957 672 1012 ad
697 953 1072 1010 scribendum
1094 947 1559 1014 vobis.Quonzam
1577 941 1783 995 Achaia
1815 943 2014 1005 parata

374 1055 471 1114 est,
503 1050 611 1102 etc.
639 1040 1198 1107 Eaintentione,qua
1220 1033 1564 1090 Macedones
1586 1030 1655 1084 ad
1683 1025 2016 1096 exemplum

374 1133 710 1209 protulerat,
743 1147 812 1186 ea
838 1128 1012 1184 etiam
1042 1125 1324 1180 Achaicus
1351 1141 1364 1191 ;
1399 1122 1455 1176 id
1479 1125 1588 1185 est,
1623 1122 1687 1173 ut
1711 1133 1808 1172 eos
1835 1114 2018 1186 pude-

376 1204 463 1280 ret
491 1219 707 1277 imitari
739 1217 909 1274 nolle.
945 1215 1057 1270 Sed
1097 1213 1362 1283 nunquid
1413 1214 1470 1265 et
1526 1207 1624 1263 isti
1679 1222 1791 1260 non
1855 1204 2022 1258 erant

373 1307 655 1368 Achaici?
684 1308 884 1364 Erant.
916 1304 1026 1360 Sed
1059 1302 1346 1373 quasdam
1378 1295 1662 1354 Ecclesiae
1711 1293 1914 1347 affines
1947 1289 2017 1344 ad

373 1398 704 1472 exemplum
734 1396 971 1468 profert.
1005 1395 1074 1449 Et
1103 1391 1244 1463 quid
1264 1393 1366 1472 est
1385 1387 1574 1472 dicere
1596 1385 2022 1472 El’estra‘crmu-

376 1481 515 1534 latio
539 1457 816 1549 ’ρνοείιῗυίι
867 1457 1158 1546 plurimos,
1218 1467 1332 1524 nisi
1363 1465 1528 1538 quasi
1560 1463 1690 1518 aliis
1721 1460 1912 1516 verbis
1944 1457 2023 1510 (li-

378 1572 509 1624 cat:
568 1546 777 1620 Vestra
832 1561 1108 1618 correctio
1196 1556 1524 1613 emendatio
1607 1551 1892 1624 plurimos
1950 1546 2022 1600 ad

378 1652 868 1718 emendationem,
919 1650 977 1705 id
1037 1654 1145 1713 est,
1203 1645 1589 1702 imitationem
1645 1634 2024 1711 provocavit?

378 1743 536 1800 Adeo
565 1745 632 1796 ut
659 1741 954 1796 dicerent:
989 1737 1049 1794 Si
1079 1735 1380 1802 Corinthii,
1415 1731 1514 1803 qui
1546 1728 1898 1794 ceciderunt,
1945 1722 2026 1776 ita

381 1831 852 1896 surrexerunt,ut
878 1827 948 1882 ab
977 1824 1249 1897 Apostolo
1278 1815 1804 1887 laudentur,multo
1836 1811 2024 1882 magis

383 1934 492 1974 nos
521 1931 839 1990 possumus
868 1917 1098 1970 nostros
1132 1927 1322 1967 mores
1349 1907 1656 1979 corrigere,
1709 1908 1773 1958 ut
1831 1907 1942 1956 Deo
1969 1903 2026 1954 et
2054 1944 2102 2009 Β

381 2003 659 2078 Apostolo
684 2003 911 2075 placere
938 2001 1256 2074 possimus,
1281 1996 1381 2068 qui
1413 2011 1528 2050 non
1577 1990 1915 2048 cecidimus.

455 2093 702 2148 Misimus
733 2097 920 2146 autem
947 2089 1194 2160 fratres;
1225 2085 1532 2158 prmdictos
1564 2080 1838 2152 appellat,
1871 2085 1930 2130 ut
1960 2091 2029 2129 ne

385 2179 526 2253 quod
574 2181 899 2252 gloriamur,
933 2182 1043 2232 etc.
1095 2175 1456 2230 Laudavcrat
1481 2168 1791 2241 Apostolus
1821 2167 2026 2221 Corin-

383 2269 540 2324 thios
573 2265 1022 2332 Macedonibus;
1057 2269 1133 2332 et,
1167 2279 1239 2318 ne
1286 2262 1398 2332 ipsi
1457 2259 1625 2313 aliter
1681 2254 2027 2320 invenirent,

389 2373 566 2428 quam
595 2353 909 2427 Apostolus
942 2353 1186 2422 dixerat,
1219 2351 1435 2404 idcirco
1485 2347 1708 2402 curavit
1766 2343 2028 2412 idoneos,

387 2444 690 2502 ministros
721 2443 990 2514 dirigere,
1023 2440 1122 2512 qui
1160 2457 1258 2494 eos
1291 2439 1361 2493 ad
1412 2453 1558 2508 Opus
1618 2431 2033 2488 misericordiae

387 2536 785 2606 provocarent,
836 2546 908 2585 ne
966 2529 1136 2584 aliter
1191 2527 1534 2582 Macedones
1595 2521 1940 2577 invenirent.
1967 2518 2034 2572 Et

394 2621 525 2677 ideo
556 2619 903 2691 subjunxit:
942 2619 1024 2688 Ut,
1065 2613 1518 2688 quemadmodum
1546 2611 1686 2676 iliaci,
1714 2609 1912 2680 parati
1953 2609 2034 2660 si-

392 2710 483 2778 tis,
515 2713 624 2764 etc.
655 2709 810 2764 Bene
837 2706 1014 2762 dicit:
1047 2705 1442 2760 Erubescamus
1471 2717 1584 2767 nos,
1605 2699 1762 2771 quia,
1794 2696 1843 2752 si
1873 2695 2040 2751 aliter

392 2795 721 2852 invenirent
788 2795 1154 2864 Macedones,
1249 2791 1616 2846 erubesceret
1699 2783 2036 2857 Apostolus.

393 2882 648 2940 maxime
676 2881 997 2950 Corinthii;
1029 2880 1168 2952 quia
1198 2879 1386 2951 magis
1417 2875 1564 2932 solet
1584 2875 1923 2930 erubescere
1945 2870 2043 2926 ille

398 2971 500 3044 qui
529 2971 709 3027 alium
741 2970 900 3025 videt
933 2968 1150 3024 suimet
1177 2984 1356 3023 causa
1397 2963 1722 3026 erubuisse,
1784 2977 1961 3032 quam
1994 2959 2044 3016 si

394 3060 524 3130 ipse
569 3057 805 3131 propria
853 3074 1031 3113 causa
1088 3056 1472 3112 erubesceret.
1543 3053 1606 3108 Ut
1652 3065 1761 3106 non
1801 3049 2045 3103 dicamus

395 3163 485 3204 vos
507 3147 656 3218 (748)
684 3148 745 3201 in
773 3146 877 3202 hac
903 3145 1250 3211 substantia;
1280 3143 1338 3197 id
1366 3145 1472 3196 est.
1510 3139 1569 3195 in
1602 3139 1712 3194 hoc
1741 3153 1910 3209 opere
1941 3136 2045 3191 mi-

399 3235 728 3292 sericordiae
757 3250 872 3289 non
903 3249 1184 3306 negemus
1213 3249 1314 3287 vos
1347 3245 1492 3286 esse.

1386 454 1722 518 AT'l‘ONlS
1769 442 2352 510 VERCELLENSIS
2399 435 2750 498 EPISCOPI

3659 423 3783 482 464

2121 589 2327 646 parum
2361 568 2903 635 dederitis,parvam
2924 564 3152 616 aeternis
3175 556 3470 614 felicitatis
3495 569 3774 611 remune-

2124 641 2409 716 rationem
2442 656 2749 727 recipietis.
2783 653 2933 708 Sane
2963 645 3439 717 sciendum,quia
3461 661 3600 714 sape
3628 641 3777 698 solet

2122 748 2432 820 Apostolus
2460 745 2583 800 suis
2615 739 2982 797 auditoribus
3001 738 3263 792 diversas
3285 735 3542 807 proferre
3564 730 3776 788 simili-

2129 839 2357 892 tudines
2384 855 2397 904 ;
2432 851 2587 890 nunc
2619 831 2846 894 militis,
2871 844 3025 884 nunc
3047 823 3605 898 agricultoris,nunc
3629 835 3778 892 quo-

2127 945 2238 998 que
2270 925 2664 988 medici,nunc
2696 918 3112 989 negotiatoris;
3141 912 3414 969 similiter
3433 927 3591 966 nunc
3608 909 3783 964 semi-

2127 1015 2350 1071 natoris
2384 1027 2700 1084 congruam
2735 1009 2792 1062 in
2816 1006 3098 1080 qualitate
3127 1007 3186 1058 et
3235 1001 3562 1073 quantitate
3614 999 3784 1070 ponit

2128 1103 2597 1160 similitudinem.
2632 1101 2694 1152 In
2727 1096 3008 1168 qualitate
3037 1091 3326 1156 videlicet,
3350 1089 3487 1161 quia
3513 1087 3669 1160 quod
3697 1102 3786 1142 se-

2131 1193 2334 1261 minat,
2393 1191 2503 1245 hoc
2553 1193 2608 1243 et
2665 1185 2864 1240 metit:
2914 1183 2971 1236 id
3032 1177 3367 1253 quantitate‘
3389 1183 3606 1242 autem,
3640 1174 3786 1248 quia

2131 1287 2416 1354 quantum
2450 1277 2582 1350 quis
2605 1275 3115 1343 seminat,tautum
3140 1273 3197 1324 et
3217 1265 3562 1322 metit.lllud
3584 1268 3787 1319 autem

2131 1371 2476 1434 notandum,
2509 1367 2649 1437 quia
2678 1378 2917 1436 parcum
2951 1358 3206 1432 appellat
3253 1372 3514 1422 avarum,
3573 1371 3610 1408 a
3667 1368 3788 1424 quo

2132 1458 2301 1530 quasi
2331 1459 2726 1526 extorquetur,
2760 1456 2816 1506 et
2839 1449 3110 1522 exigitur,
3143 1451 3208 1501 ut
3237 1445 3484 1500 inferat:
3547 1442 3647 1513 qui
3695 1441 3792 1496 id-

2133 1549 2284 1602 circo
2315 1545 2519 1600 tardus
2551 1548 2640 1598 est
2667 1541 2944 1604 tribuere,
2981 1537 3120 1608 quia
3178 1536 3436 1590 fructum
3497 1529 3790 1587 mercedis

2135 1654 2251 1692 non
2282 1635 2456 1688 videt.

2206 1724 2518 1795 Sequitur:
2545 1722 2609 1774 Et
2641 1721 2736 1790 qui
2765 1719 3000 1772 seminat
3031 1717 3091 1769 in
3124 1709 3621 1777 benedictionibus,
3669 1711 3783 1764 etc.

2137 1815 2198 1868 In
2221 1809 2724 1868 benedictionibus
2750 1821 3002 1877 namque
3020 1803 3309 1859 seminare
3322 1804 3572 1867 est,cum
3595 1796 3791 1854 cordis

2135 1901 2450 1965 hilaritate,
2482 1899 2592 1954 sub
2625 1913 2725 1967 spe
2758 1896 2966 1950 futurae
2999 1889 3506 1956 remunerationis,
3559 1885 3792 1942 miseri-

2135 1990 2392 2048 cordiam
2423 2003 2716 2058 peragere,
2742 1985 2912 2054 juxta
2942 1981 3088 2036 illud
3134 1977 3451 2036 Salominis
3500 1974 3790 2032 dicentis:

2139 2080 2196 2132 In
2229 2078 2382 2131 omni
2413 2075 2535 2130 dato
2567 2073 2801 2127 hilarem
2829 2074 2926 2142 fac
2955 2071 3172 2124 vultum
3203 2071 3361 2122 tuum
3390 2065 3560 2136 (749),
3633 2063 3790 2136 quod

2139 2167 2314 2220 etiam
2347 2165 2418 2217 de
2447 2163 2814 2231 eleemosyna
2843 2157 3002 2213 verbi
3021 2157 3122 2211 Dei
3145 2154 3386 2224 intelligi
3408 2156 3598 2226 potest
3617 2171 3630 2220 ;
3651 2169 3794 2224 quo~

2142 2255 2298 2308 niam
2332 2253 2430 2324 qui
2465 2251 2590 2306 suis
2621 2248 2987 2305 auditoribus
3017 2246 3448 2312 eleemosynam
3497 2241 3658 2298 verbi
3689 2239 3795 2296 tri-

2141 2344 2287 2406 buit,
2323 2357 2390 2395 ex
2419 2339 2606 2395 cordis
2639 2338 2991 2404 sinceritate,
3024 2351 3096 2389 ne
3120 2335 3262 2389 forte
3287 2333 3483 2386 fructu
3510 2330 3792 2403 privetur,

2143 2448 2380 2486 necesse
2411 2436 2498 2484 est
2527 2427 2956 2483 administrare.
2992 2424 3144 2479 Sane
3175 2421 3501 2477 notandum
3555 2418 3716 2491 quia,
3748 2419 3797 2474 si

2141 2519 2200 2572 in
2235 2516 2746 2573 benedictionibus
2777 2518 2954 2568 metet
3010 2512 3111 2583 qui
3167 2511 3228 2565 in
3287 2507 3795 2564 benedictionibus

2147 2606 2436 2661 seminat:
2470 2621 2605 2674 ergo
2637 2607 2872 2658 econtra
2903 2600 3002 2672 qui
3033 2601 3092 2654 in
3126 2596 3657 2662 maledictionibus,
3690 2594 3803 2651 hoc

2149 2702 2259 2762 est,
2289 2693 2526 2749 tristitia
2557 2691 2828 2760 seminat,
2861 2689 2921 2743 in
2945 2685 3458 2744 maledictionibus
3496 2689 3553 2740 et
3581 2688 3801 2752 metet;

2149 2783 2430 2858 quoniam
2459 2779 2743 2850 scriptum
2775 2780 2894 2832 est:
2928 2780 3069 2848 Quae
3083 2777 3232 2830 enim
3247 2773 3600 2830 seminaverit
3619 2771 3805 2841 homo,

2152 2875 2271 2930 haec
2298 2875 2350 2928 et
2379 2873 2536 2924 metet
2567 2867 2712 2939 (Gal.
2744 2883 2822 2930 v1,
2848 2866 2924 2932 8).

2222 2964 2294 3017 At
2322 2976 2456 3014 vero
2487 2954 2939 3026 Corinthii.quia
2965 2952 3138 3026 longo
3161 2955 3293 3008 ante
3309 2956 3570 3025 tempore
3584 2967 3648 3008 se
3667 2967 3810 3024 pro-

2155 3050 2437 3106 miserant
2466 3045 2733 3102 collectas
2763 3040 3264 3108 facturos,idcirco
3292 3039 3486 3096 taliter
3512 3039 3812 3111 loquendo

2155 3137 2480 3208 subiungit,
2541 3133 2784 3188 dicens:
2847 3131 3225 3200 Unusquisque
3295 3132 3463 3200 prout
3515 3127 3815 3184 destinavit

2153 3227 2312 3284 corde
2342 3240 2480 3287 suo;
2511 3223 2619 3277 hoc
2650 3224 2758 3286 eet,
2793 3223 2858 3274 ut
2888 3217 3247 3285 deliberavit,
3296 3217 3572 3283 decrevit,
3632 3221 3813 3288 atque

472 3323 846 3379 Necessarium
899 3300 1024 3391 erg'o
1073 3319 1408 3376 existimavi.
1461 3315 1637 3379 Quasi
1699 3314 1952 3369 diceret:
1999 3312 2044 3367 Ο
2075 3300 2117 3365 C
2156 3313 2448 3387 disposuit
2482 3309 2877 3383 (subauditur,
2927 3307 3190 3375 tribuat).
3225 3308 3643 3361 Verumtamen
3694 3323 3813 3360 non

403 3409 712 3477 Corinthii,
743 3425 858 3464 non
892 3407 1322 3480 parvipendatis
1349 3405 1501 3477 quod
1535 3408 1618 3459 tot
1667 3407 1722 3457 et
1778 3402 1924 3457 tales
1955 3401 2047 3456 di-

406 3500 595 3572 rigam
613 3497 954 3565 ministros;
990 3513 1124 3551 nam
1157 3513 1262 3566 ego
1287 3492 1679 3549 necessarium
1711 3491 1849 3546 duxi
1903 3489 2049 3545 tales

407 3587 676 3660 dirigere,
707 3589 766 3642 ut
793 3588 1179 3658 praepararent
1198 3583 1581 3654 repromissum
1603 3579 2048 3635 benedictionem.

412 3674 612 3731 ldonei
641 3689 898 3746 namque
925 3673 1138 3728 debent
1152 3667 1885 3741 esse,quibeuedictionem
1909 3683 2051 3738 prae-

417 3765 646 3836 parant.
675 3761 1073 3832 Repromissam
1097 3757 1240 3814 dicit
1281 3757 1466 3822 illam,
1527 3756 1683 3810 unde
1739 3755 2048 3825 superius:

416 3852 681 3920 Quoniam
710 3857 764 3904 et
793 3848 992 3903 Achaia
1023 3847 1090 3902 ab
1119 3863 1267 3901 anno
1297 3847 1482 3916 priore
1522 3849 1728 3915 parata
1755 3845 1850 3898 cst.
1883 3844 2055 3898 Bene-

409 3940 707 3996 dictionem
735 3936 876 3992 dicit
904 3951 1052 4006 esse,
1085 3935 1222 4006 quia
1253 3932 1358 3999 illi,
1406 3931 1506 4003 qui
1566 3931 1834 3986 tribuunt
1893 3936 1995 3986 aut
2025 3935 2060 3986 a

411 4027 550 4095 Deo,
583 4030 684 4082 aut
703 4025 777 4082 ab
805 4023 947 4095 illis,
977 4023 1192 4095 quibus
1221 4023 1508 4091 tribuunt,
1532 4021 1776 4076 benefici
1829 4035 2058 4090 prome-

413 4119 635 4172 rentur.
667 4113 814 4169 Nam
856 4111 1264 4182 unusquisque
1321 4111 1650 4166 secundum
1703 4110 1874 4178 cujus
1924 4125 2060 4179 prae-

415 4207 648 4277 ceptum
673 4201 898 4270 tribuit,
926 4201 1115 4274 ipsius
1141 4198 1630 4271 contemplatione
1654 4197 2061 4269 perﬁciturEx

413 4295 602 4364 coepta
622 4289 722 4346 Dei
743 4307 939 4354 causa,
974 4293 1284 4362 quantum,
1323 4289 1394 4343 ad
1451 4287 1778 4342 humanum
1838 4302 2058 4340 morem

415 4378 963 4451 attinet,Apostolus
975 4379 1342 4434 honestatem
1367 4376 1739 4432 commendat
1767 4393 1778 4430 :
1801 4376 1878 4430 sic
1905 4376 2061 4445 quasi

412 4469 859 4538 benedictionem,
887 4471 998 4522 etc.

486 4555 768 4628 Superius
799 4554 1052 4609 infirmis
1077 4554 1568 4619 condcscendens,
1609 4552 1877 4608 dicebat:
1941 4554 2057 4606 Non

2159 3420 2294 3460 eum
2323 3401 2623 3472 poeniteat,
2658 3413 2728 3450 ne
2759 3396 2908 3450 forte
2957 3396 3150 3450 fructu
3207 3394 3504 3466 privetur;
3563 3397 3621 3449 et
3680 3393 3814 3450 ideo

2161 3489 2465 3560 subjungit
2492 3504 2504 3542 :
2543 3487 2660 3542 Non
2690 3501 2759 3540 ex
2787 3485 3018 3539 tristitia
3044 3491 3140 3538 aut
3193 3500 3266 3538 em
3323 3483 3667 3538 necessitate.
3699 3486 3812 3538 Ρο-

2163 3585 2352 3636 terant
2373 3582 2568 3633 autem
2591 3575 2871 3630 Corinthii
2896 3591 2964 3628 ex
2980 3573 3348 3639 tristitia,aut
3371 3590 3441 3628 ex
3461 3573 3813 3628 necessitate

2159 3669 2436 3733 tribuere,
2459 3665 2599 3721 dum
2622 3663 2898 3716 videbant
2929 3659 3073 3716 alias
3113 3661 3398 3717 Ecclesiae
3419 3661 3698 3718 collectas
3722 3662 3812 3717 fa-

2163 3773 2328 3822 cere;
2364 3752 2642 3825 quoniam
2674 3750 2929 3822 pudebat
2957 3767 3055 3805 eos
3086 3749 3254 3805 aliter
3291 3765 3478 3822 agere.
3537 3754 3815 3806 Poterant

2165 3846 2321 3902 enim
2352 3843 2544 3897 dicere
2569 3858 2582 3896 :
2621 3841 2761 3895 Ecce
2791 3839 2923 3894 aliis
2951 3838 3426 3908 tribuentibus,si
3450 3854 3559 3894 nos
3586 3855 3707 3894 non
3729 3855 3819 3894 re-

2165 3931 2569 3996 tribuerimus,
2604 3927 3032 3996 denotabimur,
3065 3930 3122 3982 et
3149 3925 3465 3982 deteriores
3494 3925 3628 3982 aliis
3646 3925 3815 3998 judi-

2168 4023 2452 4077 cabimur.
2486 4019 2865 4088 Quapropter,
2898 4032 2970 4071 ne
3000 4031 3149 4086 opus
3178 4015 3412 4086 pietatis
3433 4015 3626 4070 fructu
3655 4031 3825 4070 care-

2170 4116 2274 4179 ret,
2310 4111 2621 4163 monentur
2647 4107 2716 4160 ab
2747 4102 3044 4176 Apostolo,
3077 4107 3143 4158 ut
3171 4119 3288 4158 non
3317 4119 3386 4158 ex
3422 4102 3686 4169 tristitia,
3721 4106 3828 4159 aut

2171 4196 2516 4253 necessitate
2545 4193 2602 4248 id
2629 4193 2822 4264 ipsum
2846 4189 3468 4264 procedat.Moraliter:
3492 4189 3662 4247 Multi
3684 4194 3828 4247 sunt

2171 4287 2228 4341 in
2261 4285 2539 4348 Ecclesia,
2572 4281 2671 4354 qui
2703 4282 2845 4336 dum
2875 4280 3076 4336 vident
3103 4278 3546 4350 generalitatem
3597 4279 3824 4352 aliquid

2170 4376 2388 4430 bonum
2421 4389 2612 4444 agere,
2645 4387 2717 4425 ne
2749 4369 3112 4426 denotabiles
3143 4368 3492 4435 habeantur,
3511 4369 3694 4440 pudet
3726 4385 3827 4425 eos

2170 4463 2338 4518 aliter
2371 4478 2560 4533 agere.
2593 4459 2910 4532 Sequitur:
2943 4458 3188 4513 Hilarem
3236 4460 3388 4514 enim
3441 4458 3686 4513 datorem
3738 4458 3826 4513 di-

2170 4554 2295 4619 ligit
2321 4549 2724 4606 DeusSciliret
2744 4565 2812 4603 ex
2833 4548 3107 4603 omnibus
3127 4546 3373 4618 illis,qui
3399 4564 3506 4603 sua
3528 4547 3824 4616 tribuunt,

413 4649 478 4700 ut
503 4645 632 4700 aliis
659 4646 730 4699 sit
758 4644 1027 4707 remissio,
1061 4647 1167 4696 etc.
1195 4660 1208 4709 ;
1245 4658 1398 4697 nunc
1434 4643 1610 4697 fortes
1647 4641 1916 4696 hortatur
1971 4639 2059 4694 di-
2090 4663 2136 4728 Ι)
2169 4657 2267 4695 eos
2289 4639 2481 4710 diligit
2503 4639 2677 4704 Deus,
2710 4637 2968 4707 quicum
2999 4636 3192 4691 cordis
3215 4635 3506 4691 hilaritate
3525 4635 3820 4707 tribuunt,

409 4733 630 4790 cendo:
661 4732 764 4800 Qui
780 4747 944 4802 parce
973 4732 1226 4800 seminat,
1254 4748 1420 4801 parce
1448 4737 1498 4786 et
1529 4738 1710 4786 metet.
1745 4730 1890 4793 Quia
1921 4747 2059 4784 con-

413 4821 772 4879 descendens
803 4819 1118 4890 Apostolus
1149 4819 1402 4874 inﬁrmis
1443 4820 1711 4890 superius
1735 4819 1877 4873 dixit
1902 4835 1915 4873 :
1939 4821 2057 4874 Non

408 4915 472 4966 ut
499 4910 630 4966 aliis
657 4911 730 4964 sit
749 4910 1020 4978 remissio,
1055 4913 1166 4962 etc.
1194 4924 1206 4972 ;
1242 4923 1397 4961 nunc
1427 4923 1556 4962 vero
1577 4909 1896 4962 ascendens
1930 4925 2051 4978 pro-

411 5002 580 5053 vocat
607 4998 802 5063 fortes,
839 5001 1125 5068 potentes,
1157 5012 1222 5050 ac
1255 4995 1462 5050 divites
1479 4996 1548 5049 ad
1574 4997 1797 5065 majora
1819 4996 2054 5066 pietatis

411 5102 605 5156 opera,
637 5086 858 5148 dicens,
890 5088 954 5138 ut
983 5087 1308 5155 praeparent
1340 5081 1752 5154 repromissam
1815 5082 2052 5137 benedi-

410 5173 680 5238 ctionem,
713 5173 799 5227 sic
829 5189 938 5227 non
969 5175 1124 5242 quasi
1151 5173 1465 5226 avaritiam.
1502 5173 1724 5236 Quibus
1768 5176 1823 5225 et
1877 5171 2052 5225 rebus

410 5259 660 5314 terrenis
691 5258 933 5330 protulit
958 5259 1430 5324 similitudinem,
1464 5259 1663 5314 dicens
1690 5277 1700 5312 :
1737 5261 1842 5314 Hoc
1871 5262 2052 5313 autem

409 5345 568 5400 dico:
605 5347 710 5414 Qui
733 5360 898 5416 parte
925 5349 1182 5412 seminat,
1213 5353 1323 5402 etc.
1350 5365 1363 5414 ;
1398 5348 1560 5418 quasi
1585 5347 1860 5401 dixisset:
1891 5347 2052 5402 Sicut

411 5431 514 5503 qui
545 5449 755 5503 parum
787 5433 1060 5501 seminat,
1093 5452 1299 5506 parum
1331 5441 1386 5491 et
1414 5437 1598 5504 metit,
1633 5435 1715 5490 sic
1746 5441 1802 5490 et
1853 5453 1975 5501 vos,
1998 5437 2048 5490 si

481 5553 628 5636 (ῖζι8)
653 5560 724 5636 in
745 5554 915 5636 Yulg,
949 5557 1121 5636 verba
1150 5556 1291 5636 haec.
1313 5567 1374 5613 ut
1395 5575 1504 5614 non
1535 5560 1779 5616 dicamus
1809 5577 1918 5629 vos,
1942 5577 2046 5631 pa-

409 5623 960 5707 renthesimsejiunc‘ta
987 5625 1278 5707 leguntur.

481 5694 628 5776 (749)
656 5695 870 5754 Textus
898 5694 994 5754 hic
1019 5694 1079 5754 in
1105 5695 1251 5755 libro
1281 5697 1477 5770 Eccli.,
1505 5716 1607 5774 per
1625 5701 1828 5758 Jesum
1857 5700 2046 5762 ﬁlium

2173 4729 2444 4800 ipsosque
2478 4727 2651 4781 etiam
2688 4729 2972 4796 praeparat
3029 4725 3098 4780 ad
3161 4725 3678 4780 remunerandum.
3713 4724 3825 4781 Ubi

2167 4819 2341 4871 etiam
2375 4813 2678 4871 attendam
2711 4814 2866 4885 quia,
2901 4813 2948 4870 si
2981 4830 3079 4869 eos
3105 4813 3314 4885 diligit,
3347 4813 3447 4884 qui
3497 4830 3632 4868 cum
3692 4831 3828 4870 cor-

2165 4907 2255 4960 dis
2287 4905 2578 4960 hilaritate
2607 4903 2957 4974 largiuntur,
2989 4919 3088 4958 eos
3119 4905 3325 4973 utique
3353 4903 3486 4958 odio
3517 4902 3828 4976 habet,qui

2164 5012 2296 5048 cum
2327 4993 2564 5048 tristitia
2595 4993 2786 5048 cordis
2815 4993 3102 5047 tribuunt.

2234 5083 2511 5152 Sequitur
2533 5097 2546 5136 :
2580 5084 2772 5136 Potens
2793 5089 2870 5136 est
2891 5090 3076 5136 autem
3098 5082 3234 5136 Deus
3255 5082 3506 5148 gratiam
3528 5080 3828 5138 abundare

2158 5175 2338 5242 facere
2367 5172 2424 5224 in
2457 5171 2620 5226 vobis.
2653 5170 2827 5240 Optat
2857 5170 2950 5224 bis
2982 5170 3170 5224 verbis
3203 5169 3521 5242 Apostolus
3562 5171 3826 5242 gratiam

2162 5261 2255 5315 Dei
2293 5260 2408 5314 illis
2435 5259 2658 5328 adesse,
2691 5266 2980 5330 quatenus
3011 5259 3166 5314 sicut
3194 5259 3393 5314 omnia
3435 5259 3576 5314 vitia
3635 5261 3831 5328 gratia

2159 5350 2284 5418 ejus
2317 5349 2592 5414 vicerant,
2621 5348 2703 5403 sic
2735 5352 2790 5403 et
2822 5349 2880 5401 in
2914 5364 3084 5418 opere
3116 5347 3526 5404 misericordia:
3575 5351 3832 5420 perfecti

2158 5454 2224 5491 ac
2245 5437 2433 5491 devoti
2465 5437 2886 5504 invenirentur,
2920 5435 3106 5506 ipsius
3129 5435 3260 5491 fulti
3284 5436 3578 5508 praesidio.
3617 5439 3830 5514 Sequi-

2415 5577 2581 5632 xxxv,
2616 5560 2702 5631 11,
2751 5559 3006 5633 scriptus
3054 5558 3290 5634 legitur,
3321 5575 3438 5616 non
3479 5575 3585 5633 per
3649 5562 3824 5624 Salo-
