3902 6412
134 461 258 527 466

699 458 1112 530 EXPOSITIO
1156 464 1235 529 IN
1280 464 1715 529 EPISTOLAS
1758 464 2021 528 PAULI.
2057 499 2135 514 —
2178 470 2257 530 IN
2301 468 2553 536 EPIST.
2602 469 2656 535 II
2697 470 2802 535 AD
2846 472 3021 537 COR.

3455 473 3573 539 466

132 600 275 654 tur:
296 597 360 654 In
378 598 636 656 omnibus
655 615 867 671 semper
882 617 1098 657 omnem
1116 602 1510 673 sufﬁcientiam
1529 601 1805 666 habentes,
1836 602 1890 667 Α
1919 617 2053 656 rum
2080 603 2369 660 actionem
2396 622 2497 676 per
2518 623 2624 662 nos
2645 611 2924 679 operatur
2942 608 3092 677 Deo;
3126 606 3237 665 hoc
3263 608 3375 677 est,
3398 610 3572 667 nobis

138 692 258 743 etc.
286 688 650 759 Imprecatur
670 689 847 744 etiam
878 692 1124 761 gratiam
1156 691 1255 745 Dei
1280 691 1419 758 illis,
1445 694 1508 745 ut
1530 690 1585 744 in
1612 692 1802 744 omni-

138 777 258 832 bus
289 778 592 834 abundent
622 778 831 846 bonis;
884 780 1027 834 adeo
1066 785 1132 834 ut
1165 779 1310 834 nihil
1341 785 1548 850 egeant
1580 796 1803 845 eorum,

144 882 277 938 qua:
326 868 398 921 ad
448 868 664 923 anima:
695 868 944 923 attinent
974 868 1270 924 salutem:
1324 872 1477 941 quod
1527 874 1664 923 tunc
1719 870 1801 937 fit,

144 955 386 1027 quando
429 955 700 1011 homines
750 956 978 1028 eligunt
1027 958 1484 1024 sufﬁcientiam;
1535 958 1643 1013 hoc
1691 964 1799 1025 est,

140 1044 402 1116 quando,
429 1044 701 1117 suppleta
731 1063 861 1112 sua,
889 1064 1251 1118 suorumque
1282 1047 1647 1115 necessitate,
1673 1064 1799 1117 quae

136 1134 649 1205 superabundant,
674 1136 1028 1206 pauperibus
1060 1136 1351 1205 tribuunt,
1375 1140 1513 1191 sicut
1540 1140 1801 1206 scriptum

137 1227 224 1277 est
254 1241 275 1276 :
326 1224 587 1294 Dipersit,
620 1223 766 1278 dedit
809 1226 1147 1296 pauperibus
1195 1228 1365 1297 (Psal.
1415 1243 1528 1292 exr,
1577 1228 1654 1295 9),
1689 1232 1795 1281 etc.

132 1313 488 1384 Magnopere
520 1312 740 1384 quippe
788 1313 896 1368 hoc
946 1314 1208 1383 exemplo
1260 1320 1531 1386 provocat
1578 1332 1674 1369 eos
1724 1316 1794 1369 ad

133 1418 291 1473 opus
326 1401 763 1458 misericordiae.
802 1402 905 1457 Ubi
960 1404 1134 1459 etiam
1186 1405 1607 1459 attendendum
1640 1405 1796 1475 quod

129 1490 319 1545 dicit:
358 1492 641 1562 Dispersit,
669 1492 814 1547 dedit
838 1493 1194 1563 pauperibus,
1220 1499 1329 1547 etc.
1356 1493 1413 1546 Si
1445 1493 1597 1547 enim
1623 1496 1795 1563 justi-

128 1581 214 1633 tia
249 1579 407 1634 illius
435 1585 623 1635 manet
653 1582 711 1635 in
731 1590 1024 1639 aeternum.
1049 1582 1151 1652 qui
1185 1583 1539 1652 pauperibus
1571 1582 1793 1651 tribuit,

130 1668 327 1723 multo
362 1667 552 1739 magis
582 1671 733 1739 ejus,
770 1670 871 1741 qui
904 1670 1109 1726 tribuit
1145 1670 1345 1741 justis.
1384 1671 1585 1740 Itaque
1617 1669 1797 1725 distat

126 1756 293 1812 inter
322 1775 611 1830 pauperes
643 1766 700 1814 et
728 1765 962 1815 sanctos
997 1778 1009 1815 :
1045 1777 1330 1831 pauperes
1361 1760 1600 1830 quidem
1634 1766 1791 1824 sunt,

129 1844 239 1916 qui
274 1846 505 1917 publice
536 1853 746 1919 egent;
798 1850 987 1905 sancti
1016 1866 1172 1915 vero,
1206 1850 1302 1920 qui
1333 1848 1573 1917 jejuniis
1605 1848 1793 1903 omni-

1918 690 2361 748 exhortantibus
2383 700 2439 749 et
2463 695 2628 751 vobis
2648 695 3064 767 tribuentibus,
3088 695 3189 752 alii
3221 698 3566 768 incitantur,

1915 784 1979 834 ut
2012 782 2232 851 gratias
2263 783 2380 839 Deo
2410 786 2681 839 referant.

1984 860 2256 941 Sequitur
2290 890 2303 927 :
2337 873 2607 939 Quoniam
2638 876 3018 930 ministerium
3036 876 3200 948 hujus
3229 877 3422 948 ofﬁcii,
3454 881 3563 934 etc.

1914 959 2099 1013 Officii
2129 961 2524 1017 ministerium
2557 962 2699 1017 dicit
2728 963 3125 1019 ministerium
3157 964 3422 1021 videlicet
3451 966 3567 1023 col-

1912 1046 2169 1102 lationis.
2196 1050 2262 1103 Et
2282 1056 2371 1104 est
2399 1068 2647 1107 sensus:
2682 1052 3028 1123 Quicunque
3050 1052 3231 1123 hujus
3250 1054 3427 1109 officii
3450 1054 3562 1110 mi-

1911 1137 2222 1193 nisterium
2246 1138 2471 1210 implet,
2495 1157 2607 1195 non
2627 1139 2819 1196 solum
2842 1141 2914 1196 ob
2940 1141 3050 1197 hoc
3066 1142 3562 1209 remunerabitur,

1910 1226 2049 1297 quia
2070 1232 2405 1283 sanctorum
2430 1229 2696 1284 sublevat
2716 1230 2995 1301 inopiam,
3016 1231 3116 1285 sed
3133 1230 3309 1287 etiam
3333 1232 3405 1287 ob
3428 1232 3558 1300 hoc,

1909 1316 2047 1386 quia
2076 1315 2241 1383 alios,
2268 1318 2365 1387 qui
2401 1319 2622 1383 vident,
2658 1324 2950 1389 provocat,
2984 1324 3050 1375 ut
3078 1320 3297 1391 gratias
3324 1320 3440 1376 Deo
3472 1338 3562 1377 re-

1910 1406 2117 1460 ferant.
2141 1408 2339 1477 Itaque
2357 1408 2609 1461 duarum
2630 1408 2963 1462 mercedum
2988 1425 3230 1463 munere
3250 1408 3557 1465 ditabitur.

1909 1495 2185 1565 Sequitur
2218 1512 2231 1549 :
2276 1502 2383 1549 Per
2411 1498 2792 1567 probationem
2818 1498 3126 1553 ministerii
3151 1502 3342 1569 hujus.
3377 1498 3445 1553 Et
3472 1502 3561 1554 est

1907 1600 2119 1639 sensus
2142 1602 2153 1639 :
2176 1585 2291 1637 Hae
2306 1585 2647 1655 probatione
2662 1585 3117 1642 manifestabitis
3132 1602 3235 1641 vos
3252 1585 3559 1642 verissime

1906 1688 2034 1727 esse
2058 1674 2445 1740 Christianos,
2478 1674 2527 1728 si
2558 1674 2738 1744 hujus
2762 1673 3092 1744 ministerii,
3120 1674 3230 1730 hoc
3251 1678 3360 1739 est,
3382 1673 3558 1729 colla-

1905 1760 2080 1814 tionis
2129 1761 2467 1832 impletores
2519 1762 2765 1817 fueritis.
2800 1762 3121 1833 Sequitur:
3178 1764 3559 1832 Gloriﬁcantes

1903 1850 2073 1903 Deum
2100 1851 2156 1904 in
2178 1850 2489 1905 obedienliu
2510 1852 2866 1920 confessionis
2890 1855 3100 1907 vestrae.
3117 1854 3184 1906 Et
3203 1854 3293 1906 est
3308 1866 3520 1906 sensus
3541 1867 3554 1906 :

126 1934 249 2031 bus
273 1938 449 2005 atque
465 1935 686 2037 vigiliis
710 1936 1015 2005 insistunt,
1042 1936 1292 1992 utAnna
1313 1938 1493 2008 (750);
1528 1938 1615 1991 vel
1640 1943 1793 1992 certe
1826 1973 1873 2037 B
1906 1937 1969 1991 In
2001 1938 2332 1992 obedientia
2364 1940 2750 1994 confessionis
2780 1944 3005 2007 vestrae,
3038 1939 3143 1995 hoc
3172 1942 3281 2005 est,
3315 1956 3418 2011 per
3444 1938 3557 1993 im-

128 2022 239 2093 qui
292 2040 403 2079 sua
448 2025 836 2092 distribuunt,
873 2031 936 2081 ut
984 2027 1254 2098 apostoli.
1288 2032 1437 2081 Sane
1487 2026 1793 2081 sciendum

129 2112 282 2182 quia
318 2113 557 2182 justitia
606 2115 822 2171 dicitur
870 2115 1035 2187 quasi
1079 2116 1235 2186 juris
1284 2120 1492 2170 status.
1528 2114 1625 2169 Ille
1658 2132 1793 2185 ergo

114 2201 432 2271 justitiam
456 2208 751 2274 operatur,
768 2206 868 2276 qui
890 2205 1089 2260 omnia
1108 2204 1454 2275 temporalia
1472 2203 1793 2258 communi-

120 2294 218 2345 ter
237 2291 519 2347 omnibus
546 2310 580 2347 a
604 2298 712 2348 Deo
736 2294 873 2347 data
894 2293 1187 2364 intelligit.
1217 2292 1335 2361 Ille,
1362 2293 1624 2361 inquam,
1657 2291 1793 2344 imi-

118 2380 545 2450 tatorjustitite
571 2380 671 2435 Dei
701 2380 919 2446 existit,
946 2380 1045 2452 qui
1071 2382 1144 2435 ad
1169 2380 1556 2434 imitationem
1582 2379 1788 2447 ipsius,

118 2467 227 2539 qui
262 2467 449 2523 solem
485 2485 661 2523 suum
696 2469 833 2523 oriri
866 2469 1006 2523 facit
1035 2485 1213 2540 super
1243 2468 1428 2523 bonos
1475 2472 1532 2522 et
1582 2467 1786 2535 malos,

116 2561 260 2624 etc.,
286 2572 443 2628 quae,
466 2555 633 2627 queis
658 2557 1123 2628 superabundat,
1142 2562 1261 2612 tam
1285 2556 1511 2623 amicis,
1532 2573 1710 2627 quam
1734 2562 1790 2610 et

113 2644 383 2701 inimicis
410 2645 815 2701 indifferenter
845 2646 1070 2701 tribuit.

196 2733 477 2806 Sequitur
500 2750 512 2788 :
550 2734 657 2801 Qui
676 2744 862 2790 autem
884 2736 1242 2789 administrat
1264 2752 1447 2789 semen
1471 2735 1787 2803 scminanti,

122 2828 244 2879 etc.
282 2824 430 2879 Nota
459 2824 600 2894 quia
654 2824 748 2878 Ι)θὶ
796 2829 935 2878 sunt
980 2823 1226 2889 semina,
1256 2828 1431 2894 atque
1464 2824 1785 2889 nascentia,

122 2912 415 2985 quoniam
437 2911 627 2984 ipsius
646 2917 790 2967 nutu
814 2918 870 2967 et
892 2913 1280 2978 seminantur,
1296 2918 1352 2966 et
1374 2917 1696 2967 nascuntur
1715 2913 1787 2967 ad

118 3001 624 3058 sustentationem
684 3001 1014 3056 hominum.
1038 3002 1108 3055 Et
1138 3001 1245 3055 hoc
1294 3000 1620 3065 sciendum,
1651 2999 1788 3070 quia

124 3089 227 3146 his
260 3090 454 3145 verbis
485 3106 764 3163 magnam
809 3089 1279 3145 subministravit
1327 3088 1444 3144 illis
1494 3089 1787 3143 tribuendi

122 3178 595 3246 confidentiam;
628 3196 693 3235 ac
726 3180 773 3234 si
806 3180 1089 3235 dixisset:
1124 3179 1175 3233 Si
1209 3179 1338 3248 ejus
1367 3182 1506 3233 sunt
1538 3180 1786 3244 semina,

121 3272 306 3340 atque
352 3268 674 3337 nascentia,
707 3286 890 3341 quare
938 3268 1087 3340 pigri
1142 3268 1283 3323 estis
1335 3284 1402 3321 ea
1450 3286 1576 3338 quae
1629 3268 1784 3322 illius

120 3331 270 3413 sunt
300 3355 384 3412 illi
424 3331 739 3413 tribuere?-
782 3331 955 3421 Nam:
1082 3356 1425 3422 tribueritis,
1460 3331 1782 3412 debitorem
1817 3331 1858 3397 Ο

118 3446 292 3502 vobis
324 3462 459 3501 eum
493 3446 737 3501 facietis.
772 3447 838 3500 Et
877 3446 1016 3516 quia
1046 3446 1160 3499 duo
1192 3446 1433 3505 dixerat,
1470 3446 1584 3499 duo
1618 3461 1785 3514 repe-

124 3536 197 3590 tit
222 3552 235 3589 :
269 3536 347 3589 Et
379 3534 781 3604 multiplicabit
810 3552 993 3589 semen
1026 3539 1284 3598 vestrum,
1308 3540 1416 3588 etc.
1447 3535 1513 3587 Et
1537 3539 1625 3589 est
1648 3551 1785 3587 sen-

123 3640 264 3679 sus:
288 3623 394 3688 Qui
416 3623 792 3678 administrat
815 3640 1036 3691 semen,
1054 3621 1470 3693 multiplicabit
1486 3627 1543 3675 et
1569 3623 1784 3693 ipsum,

123 3719 183 3769 et
213 3711 319 3784 qui
350 3713 654 3784 praestabit
684 3730 918 3784 panem,
951 3721 1005 3766 et
1042 3712 1263 3779 augebit
1295 3716 1633 3765 incrementa
1660 3714 1786 3780 fru-

123 3818 281 3871 gum.
318 3802 522 3873 Itaque
553 3801 729 3857 nolite
761 3818 969 3872 segnes
1014 3817 1141 3856 esse
1190 3800 1502 3865 seminare,
1536 3800 1645 3854 hoc
1675 3805 1783 3865 est,

124 3890 492 3963 pauperibus
505 3890 1049 3963 erogare,quoniam
1072 3891 1116 3944 si
1138 3890 1317 3944 semel
1335 3888 1783 3959 scminaveritis,

126 3980 220 4043 bis
242 3979 601 4035 metetis.Bis
622 3996 875 4050 namque
895 3986 1107 4034 metere
1127 3983 1297 4042 est,ct
1314 3980 1369 4031 in
1391 3978 1498 4033 hac
1519 3977 1782 4047 praesenti

126 4070 249 4125 vita
269 4068 686 4141 temporalium
712 4085 905 4124 rerum
931 4067 1375 4133 abundantiam,
1403 4067 1617 4137 quibus
1643 4082 1784 4135 pau-

126 4174 338 4230 perum
368 4156 627 4228 inopiam
660 4155 1061 4221 sublevemus,
1092 4155 1255 4214 et.in
1311 4156 1527 4220 futura,
1562 4160 1784 4209 aeternae

125 4246 618 4311 remunerationis
651 4247 955 4317 praemium
982 4246 1300 4317 suscipere.
1329 4245 1475 4305 Nota
1497 4244 1635 4315 quia
1664 4244 1785 4298 fru-

125 4352 231 4408 ges
272 4336 519 4406 justitize
552 4336 866 4403 dicuntur;
900 4340 1302 4390 verumtamen
1338 4336 1553 4405 fruges,
1588 4334 1785 4405 fruges

117 4425 369 4497 justitite
391 4425 575 4497 justis
606 4430 765 4495 sunt,
793 4425 894 4496 qui
927 4440 1025 4479 eas
1048 4426 1195 4478 bene
1220 4424 1566 4494 dispensant
1593 4440 1604 4486 ;
1638 4423 1789 4492 inju-

126 4515 237 4571 stis
268 4519 468 4571 autem
503 4516 705 4586 utique
735 4516 934 4586 fruges
966 4517 1107 4568 sunt
1134 4512 1460 4582 injustitice.

199 4603 526 4675 Sequitur:
583 4605 646 4661 Ut
691 4606 752 4659 in
797 4603 1052 4659 omnibus
1093 4602 1423 4671 locupletati,
1457 4604 1565 4655 etc.
1603 4599 1783 4653 Locu-

1908 2026 2220 2097 pletionem
2253 2033 2456 2082 vestrae
2487 2028 2917 2099 promissionis,
2950 2028 3112 2083 eritis
3161 2026 3556 2099 gloriﬁcantes

1905 2119 2086 2169 Deum
2124 2118 2183 2169 in
2213 2116 2505 2185 Evangelia
2537 2116 2764 2171 Christi.
2804 2116 3081 2186 Sequitur
3112 2131 3125 2169 :
3175 2118 3241 2169 Et
3283 2116 3555 2186 simplici-

1905 2207 2015 2257 tate
2043 2206 2578 2258 communicationis.
2602 2205 2721 2258 Sim
2729 2204 3051 2275 plicitatem
3072 2203 3555 2259 communicatio-

1902 2291 1993 2345 nis
2026 2292 2168 2346 dicit
2198 2293 2416 2347 mentis
2448 2308 2680 2363 quoque
2724 2291 3159 2358 sinceritatem;
3192 2291 3301 2347 hoc
3348 2296 3457 2361 est,
3490 2296 3556 2348 ut

1902 2397 2016 2433 non
2066 2380 2223 2435 aliud
2279 2386 2596 2451 quaeratur,
2629 2397 2808 2451 quam
2841 2381 2996 2452 quod
3030 2380 3410 2451 quaerendum
3441 2386 3550 2437 est.

1898 2472 1965 2522 In
1997 2470 2119 2523 illos
2145 2468 2304 2536 dicit,
2340 2469 2440 2540 qui
2472 2473 2637 2524 erant
2682 2468 3099 2540 Jerosolymis;
3149 2478 3205 2523 et
3251 2470 3312 2523 in
3362 2484 3550 2525 omnes

1899 2557 2059 2623 dicit,
2095 2558 2164 2612 de
2196 2557 2332 2625 illis,
2361 2558 2577 2627 quibus
2608 2557 2722 2628 ipsi
2753 2556 3110 2622 tribuebant,
3140 2555 3227 2612 vel
3261 2561 3416 2613 certe
3444 2556 3549 2629 qui

1896 2646 2193 2709 videbant,
2226 2651 2283 2701 et
2323 2646 2380 2700 in
2413 2646 2545 2700 aliis
2576 2645 2721 2701 locis
2750 2645 3120 2701 habitabant.

1970 2735 2250 2805 Sequitur
2281 2751 2294 2789 :
2344 2737 2415 2788 Et
2446 2737 2697 2805 ipsorum
2725 2735 3094 2790 obsecratione
3120 2749 3221 2805 pro
3250 2734 3423 2800 vobis,
3453 2733 3548 2789 de-

1896 2824 2266 2878 siderantium
2287 2824 2681 2879 vosiOstendit
2701 2824 2794 2879 his
2817 2824 3011 2879 verbis
3024 2822 3358 2894 Apostolus,
3373 2839 3553 2894 quan-

1898 2929 2075 2984 quam
2099 2913 2527 2983 latenter,quod
2548 2930 2662 2968 non
2684 2912 2875 2968 solum
2894 2916 3256 2980 sanctorum,
3272 2911 3555 2982 quierant

1898 3001 2301 3073 Jorosolymis,
2338 3002 2585 3069 meritis,
2618 3002 2677 3055 et
2718 3000 2991 3071 precibus
3031 3004 3144 3054 Deo
3176 2999 3551 3054 commenda-

1899 3096 2103 3144 rentur
2133 3090 2441 3157 Corinthii,
2474 3090 2575 3144 sed
2625 3088 2799 3143 etiam
2852 3092 2907 3142 et
2965 3086 3218 3142 aliorum
3257 3087 3546 3154 omnium,

1899 3180 1999 3247 qui
2032 3179 2397 3243 videbant,et
2442 3178 2567 3233 suis
2601 3176 3077 3241 necessitatibus,
3109 3192 3228 3231 non
3260 3174 3373 3231 sibi
3406 3179 3548 3231 tunc

1899 3268 2214 3338 cupiebant
2242 3284 2370 3322 esse
2398 3268 2693 3335 subjectos
2716 3282 2894 3321 causa
2924 3264 3134 3320 salutis
3162 3264 3460 3336 ipsorum;
3491 3268 3550 3320 et

1896 3356 2026 3411 ideo
2057 3356 2235 3411 dicit:
2266 3357 2373 3410 Pro
2407 3356 2571 3420 vobis,
2605 3354 3033 3410 desiderantium
3066 3369 3182 3409 vos.
3216 3352 3357 3415 Quis
3386 3352 3545 3408 enim

1896 3450 2231 3499 sanctorum
2248 3461 2358 3497 non
2377 3444 2669 3497 desideret
2683 3442 2938 3513 aliquem
2958 3440 3081 3496 suis
3096 3439 3547 3496 necessitatibus

1895 3550 2025 3586 esse
2057 3533 2389 3599 subjectum
2440 3548 2621 3585 causa
2667 3529 2879 3584 salutis
2926 3529 3104 3599 ejus?
3152 3529 3321 3599 Nam,
3354 3528 3404 3583 si
3453 3527 3551 3584 ille

1896 3622 1997 3693 qui
2029 3622 2255 3687 tribuit,
2290 3637 2421 3675 eum
2459 3620 2546 3673 cui
2582 3619 2807 3683 tribuit,
2842 3616 2979 3673 velit
3028 3617 3142 3673 sibi
3187 3632 3317 3673 esse
3349 3616 3550 3686 subje-

1897 3716 2077 3778 ctum,
2130 3710 2348 3763 amittit
2396 3709 2601 3777 utique
2653 3707 3003 3762 mercedem.
3060 3710 3129 3761 Et
3175 3706 3305 3761 ideo
3364 3704 3550 3760 sancti

1896 3816 2130 3870 semper
2162 3799 2410 3869 cupiunt
2456 3797 2724 3852 homines
2768 3798 2894 3851 suis
2942 3794 3394 3851 necessitatibus
3424 3809 3554 3850 esse

1898 3890 2215 3959 subjectos,
2254 3904 2324 3942 ne
2360 3888 2603 3958 perdant
2632 3885 2981 3941 mercedem.
3009 3887 3251 3955 Propter
3279 3882 3421 3953 quid
3453 3899 3553 3938 eos

1896 3977 2250 4043 desiderent,
2284 3976 2539 4030 ostendit
2569 3974 2875 4030 subdendo
2910 3990 2923 4027 :
2967 3974 3195 4042 Propter
3222 3972 3554 4026 eminentem

1894 4068 2136 4136 gratiam
2169 4066 2306 4125 Dei;
2352 4064 2460 4117 hoc
2498 4067 2607 4130 est,
2645 4066 2708 4116 ut
2764 4060 2952 4130 gratia
2987 4058 3084 4114 Dei
3115 4057 3444 4113 eminenter
3474 4056 3552 4113 sit

1896 4154 1954 4208 in
2000 4152 2203 4218 vobis;
2258 4151 2535 4221 quoniam
2570 4166 2685 4220 quo
2717 4149 2881 4204 eritis
2913 4146 3278 4216 humiliores,
3310 4162 3376 4201 eo
3405 4144 3553 4200 emi-

1896 4242 2215 4297 nentiores.
2248 4240 2431 4295 Aliter
2464 4256 2476 4293 :
2528 4241 2760 4309 Propter
2801 4239 3135 4293 eminentem
3163 4236 3429 4306 gratiam,
3460 4233 3551 4287 vi-

1897 4331 2127 4396 delicet,
2160 4329 2441 4395 scientiae,
2478 4332 2534 4382 et
2564 4326 2887 4391 charitatis,
2920 4331 2977 4381 et
3006 4323 3293 4381 similium
3320 4339 3334 4389 ;
3366 4326 3432 4376 ut
3475 4320 3556 4376 sit

1896 4436 2109 4475 sensus
2145 4434 2155 4473 :
2194 4417 2262 4472 Ut
2295 4418 2396 4488 qui
2419 4417 2547 4485 jam
2580 4415 2637 4469 in
2671 4413 2801 4470 aliis
2833 4413 3109 4469 omnibus
3138 4409 3473 4473 abundatis,
3496 4412 3556 4463 et

1897 4510 1955 4564 in
1990 4509 2097 4562 hac
2142 4507 2331 4577 gratia
2361 4503 2650 4573 largitatis
2682 4502 3013 4557 abundetis.

1966 4596 2288 4666 Sequitur:
2353 4592 2573 4647 Gratias
2628 4596 2736 4646 Deo
2787 4606 2950 4661 super
2995 4586 3367 4643 inenarrabili
3415 4586 3557 4641 dono

128 4674 316 4763 pletes
351 4708 562 4764 nempe
610 4693 668 4748 in
700 4692 977 4748 omnibus
1009 4696 1168 4757 sunt,
1203 4691 1302 4761 qui
1335 4690 1637 4744 abundant
1670 4693 1787 4742 tam
1820 4700 1866 4763 Ι)
1899 4688 2040 4757 ejus.
2076 4683 2408 4739 Notandum
2445 4680 2585 4751 quia
2629 4679 2684 4733 in
2718 4678 3042 4751 gratiarum
3079 4674 3305 4733 actione
3334 4688 3559 4764 sermo-

128 4780 583 4852 temporalibus,
617 4779 1236 4853 quam-spiritualibus
1270 4779 1456 4833 bonis.
1484 4780 1539 4832 lu
1572 4795 1785 4832 omnem

126 4872 549 4943 simplicitatem
579 4870 760 4939 dicit;
819 4871 959 4942 quia
986 4870 1087 4941 qui
1119 4869 1409 4931 tribuunt,
1444 4866 1788 4937 simpliciter

132 4960 237 5015 hoc
270 4959 470 5031 ipsum
503 4975 673 5031 agere
703 4960 917 5014 debent
946 4976 958 5025 ;
994 4959 1100 5014 hoc
1133 4962 1240 5023 est,
1272 4974 1387 5011 non
1418 4974 1540 5021 eos,
1572 4955 1787 5025 quibus

128 5050 426 5111 tribuunt,
460 5048 574 5103 sibi
606 5048 750 5104 velle
800 5064 931 5103 esse
978 5048 1294 5117 subjectos,
1329 5062 1518 5116 neque
1550 5044 1788 5114 aliquod

129 5155 233 5211 per
249 5138 362 5194 hoc
378 5153 640 5209 quaerere
657 5136 1009 5209 obsequium
1028 5152 1039 5192 :
1058 5152 1193 5191 nam
1212 5134 1548 5207 quicunque
1566 5132 1789 5203 aliquid

130 5227 347 5284 horum
398 5226 667 5299 cupiunt,
717 5242 909 5294 suam,
956 5222 1591 5302 inquam,_mereedem
1645 5218 1788 5274 reci-

129 5316 303 5389 piunt
331 5334 343 5383 ;
378 5316 537 5371 unde
567 5314 889 5371 Dominus:
922 5315 1095 5369 Amen
1123 5313 1242 5368 dico
1274 5313 1440 5378 vobis,
1474 5310 1793 5379 receperunt

129 5405 441 5461 mercedem
471 5420 632 5460 suam
662 5403 871 5472 gMatth.
906 5421 980 5469 v1,
1014 5404 1090 5474 2).
1124 5402 1186 5457 In
1219 5419 1284 5457 eo
1316 5417 1469 5464 vero,
1505 5398 1657 5471 quod
1691 5396 1792 5461 ait,

132 5509 260 5567 quae
289 5502 555 5564 operatur
577 5509 682 5564 per
710 5509 807 5549 nos
849 5494 1168 5566 gratiarum
1198 5492 1469 5545 actionem
1502 5490 1625 5555 Deo,
1659 5484 1794 5540 talis

134 5589 226 5640 est
258 5599 510 5641 sensus:
546 5581 925 5655 Simplicitas,
951 5580 1385 5637 administratio
1407 5576 1556 5649 (751)
1590 5574 1796 5647 gratia-

206 5691 363 5764 (750)
395 5695 476 5746 De
533 5705 653 5761 qua
707 5690 769 5745 in
826 5689 1136 5761 Evangelio
1194 5688 1360 5743 Lucae
1421 5703 1488 5751 ιι,
1546 5686 1645 5747 313,
1706 5682 1793 5734 37.

1901 4790 2031 4829 nem
2062 4774 2131 4827 de
2156 4788 2328 4841 Opere
2353 4768 2765 4824 misericordiae
2790 4766 3085 4831 terminat,
3109 4778 3284 4833 quem
3314 4760 3490 4817 etiam
3525 4776 3560 4815 a

1897 4862 2177 4918 laudibus
2211 4859 2601 4913 inchoaverat.
2638 4857 2707 4911 Et
2745 4862 2834 4911 est
2882 4869 3092 4910 sensus
3124 4868 3137 4907 :
3188 4848 3419 4905 Gratias
3448 4863 3556 4918 ago

1899 4957 2035 5017 Deo,
2055 4950 2155 5020 qui
2182 4967 2279 5003 vos
2299 4966 2405 5003 sua
2429 4946 2801 5002 miseratione
2826 4940 3220 4999 inetl'abilibus
3238 4937 3364 4993 suis
3386 4935 3557 4991 donis

1898 5040 2124 5095 ditavit.
2165 5039 2221 5093 Si
2272 5054 2405 5092 vero
2458 5038 2529 5091 ad
2582 5033 2884 5105 superiora
2931 5030 3232 5092 referatur,
3284 5023 3419 5080 talis
3465 5025 3558 5079 est

1901 5144 2113 5183 sensus
2148 5143 2161 5180 :
2213 5124 2443 5180 Gratias
2474 5125 2713 5194 agentes
2748 5124 2879 5186 Deo,
2912 5116 3014 5188 qui
3045 5114 3209 5171 vobis
3241 5110 3555 5167 immeritis

1902 5213 2316 5272 inenarrabilis
2345 5229 2453 5268 sua
2494 5214 2647 5266 dona
2678 5206 2944 5264 contulit.

1974 5306 2134 5375 (CAP.
2192 5303 2285 5374 X.)
2342 5306 2462 5372 Ipse
2520 5302 2704 5354 autem
2758 5312 2856 5366 ego
2914 5294 3148 5363 Paulus,
3207 5296 3318 5347 etc.
3378 5289 3559 5375 Erant

1904 5396 2059 5449 enim
2096 5390 2360 5448 nonnulli
2413 5390 2561 5443 inter
2589 5384 2943 5450 Corinthios,
2978 5383 3077 5455 qui
3128 5398 3264 5439 eum
3311 5374 3558 5435 minoris

1905 5500 2033 5539 esse
2066 5478 2432 5537 auctoritatis
2463 5476 2773 5547 putabant,
2805 5479 2861 5529 et
2893 5474 3013 5531 haec
3044 5469 3301 5543 suspicio
3333 5468 3560 5540 poterat

1904 5572 2188 5643 impedire
2220 5570 2348 5639 ejus
2386 5565 2848 5621 exhortationem
2882 5562 3218 5635 praedictam
3268 5559 3341 5614 de
3386 5567 3559 5627 opere

1981 5679 2128 5749 (751)
2162 5678 2429 5732 Fortasse
2480 5673 2807 5743 simplicitas
2859 5665 3384 5734 administrationis,
3427 5675 3559 5729 gra-

1912 5754 2135 5819 tiarum,
2169 5752 2277 5804 etc.
