3902 6426
336 482 452 547 46Ἱ

1363 480 1703 543 ATTONIS
1747 474 2332 541 VERCELLENSIS
2380 475 2734 537 EPISCOPI

3645 468 3786 530 4'78

343 618 777 679 misericordite.
802 620 936 676 Ideo
962 616 1635 675 inseruitauctoritatem
1655 611 1990 683 Apostolus,
2022 610 2075 675 Α
2104 610 2280 678 fuerit
2329 617 2507 664 vestra
2553 609 2889 663 obedientia.
2922 607 3067 662 Nam
3121 605 3453 662 obedientia
3499 602 3787 661 fidelium

346 710 592 766 dicendo
629 726 643 765 :
677 712 798 781 Ipse
828 713 1014 763 autem
1044 725 1158 775 ego,
1194 712 1338 773 etc.;
1373 704 1541 776 quasi
1574 702 1793 757 diceret
1822 718 1833 755 :
1870 700 2001 769 Ipse

345 814 453 870 ego
502 803 684 871 pater,
718 803 774 853 et
824 799 1184 869 praedicator,
1236 801 1292 849 et
1340 796 1559 858 doctor,
1594 793 1693 862 qui
1747 806 1848 843 vos
1901 805 2002 859 per

347 892 538 944 totum
574 891 792 942 textum
839 887 1010 941 istius
1054 885 1317 955 Epistolas
1352 883 1576 945 monui,
1608 879 1785 934 veluti
1840 882 2004 949 pater

293 1042 299 1047 ἡ
357 975 546 1043 ﬁlios;
596 975 734 1041 sive,
782 975 906 1044 ipse
936 991 1094 1045 ergo,
1127 974 1223 1044 qui
1260 989 1371 1026 non
1406 971 1551 1025 alter
1582 986 1712 1023 sum
1747 983 2003 1038 praesens

357 1078 615 1134 corpore,
649 1063 860 1115 absens
892 1067 1087 1115 autem
1122 1061 1177 1113 in
1213 1059 1505 1131 Epistola;
1543 1059 1680 1121 sive,
1719 1057 1844 1125 ipse
1901 1070 2006 1124 ego

353 1154 454 1224 qui
495 1154 555 1205 in
597 1153 741 1220 facie
770 1151 988 1221 quidem
1017 1150 1253 1204 humilis
1284 1152 1428 1203 inter
1460 1165 1570 1211 vos,
1602 1148 1797 1200 absens
1828 1153 2009 1197 autem

356 1239 569 1310 conﬁdo
600 1241 656 1292 in
701 1240 885 1294 vobis.
924 1241 1149 1294 Obsecro
1184 1256 1292 1303 vos,
1326 1244 1435 1293 etc.
1469 1255 1481 1290 :
1518 1236 1686 1307 quasi
1743 1235 1962 1287 diceret
1996 1248 2009 1286 :

361 1329 467 1383 Per
497 1327 653 1381 illius
688 1328 1164 1382 mansuetudinem
1210 1334 1263 1381 ct
1315 1326 1666 1381 modestiam
1703 1341 1801 1377 vos
1847 1322 2012 1375 obse-

361 1433 479 1483 cro,
513 1417 634 1487 qui,
660 1433 794 1471 cum
829 1422 1025 1487 posset
1058 1433 1197 1471 suos
1231 1417 1434 1470 ulcisci
1471 1414 1765 1476 inimicos,
1792 1410 2014 1480 patien-

362 1510 451 1561 ter
500 1505 786 1561 toleravit.
819 1506 929 1560 Sed
985 1522 1116 1559 cum
1169 1506 1328 1567 dicit,
1364 1505 1603 1558 obsecro
1655 1505 1710 1554 et
1764 1498 2013 1561 contido,

364 1594 597 1650 videtur
624 1593 843 1663 alloqui
868 1595 1071 1661 bonos,
1100 1596 1198 1648 sed
1227 1599 1421 1648 tamen
1459 1597 1696 1663 prOpter
1724 1588 1930 1642 malos.
1956 1585 2021 1638 Et

369 1681 510 1752 quid
532 1682 869 1749 conﬁderet,
895 1682 1252 1745 manifestat,
1278 1682 1581 1737 subdendo
1609 1696 1620 1732 :
1649 1680 1785 1749 Rogo
1816 1680 2019 1738 autem,

369 1786 439 1824 ne
471 1785 718 1840 praesens
748 1771 1000 1825 audeam.
1036 1772 1214 1824 Erant
1243 1770 1398 1824 enim
1432 1767 1701 1822 nonnulli
1733 1766 1886 1819 inter
1916 1765 2022 1818 Co-

371 1857 645 1923 rinthios,
689 1859 787 1928 qui
838 1858 1030 1913 adhuc
1084 1858 1391 1913 incorrecti
1444 1856 1805 1919 manebant;
1862 1857 2027 1908 erant

2113 698 2464 752 condemnat
2496 697 2953 753 inobedientiam
2987 714 3102 751 non
3135 698 3500 751 credentium
3537 714 3551 749 :
3611 694 3790 765 quod

2113 792 2255 841 tunc
2277 789 2357 850 fit,
2374 788 2608 858 quando
2631 786 2852 857 illi,qui
2877 792 3039 841 erant
3061 786 3448 839 ul‘tirmatores
3470 783 3787 850 falsitatis,

2116 876 2408 945 incipiunt
2439 893 2565 930 esse
2598 882 2918 931 assertores
2947 875 3232 929 veritatis.

2191 965 2319 1031 Qua?
2348 965 2643 1018 secundum
2676 967 2870 1031 faciem
2901 967 3045 1026 sunt,
3078 964 3290 1024 videte;
3314 963 3379 1016 id
3413 966 3521 1027 est,
3548 978 3685 1033 quae
3722 961 3789 1014 in

2121 1060 2319 1122 aperto
2369 1059 2420 1106 et
2473 1054 2783 1107 manifesto
2833 1058 2993 1115 sunt,
3045 1051 3488 1105 animadverite.
3524 1052 3590 1104 Et
3648 1067 3792 1121 quas

2122 1142 2241 1194 sint
2272 1141 2372 1194 illa
2404 1143 2643 1195 subdit:
2681 1144 2889 1211 Siquis
2918 1142 3144 1210 conﬁdit
3180 1140 3383 1194 Christi
3412 1156 3466 1193 se
3496 1155 3629 1203 esse,
3667 1144 3794 1192 etc.

2126 1231 2300 1283 Erant
2329 1230 2484 1283 enim
2521 1231 2783 1284 nonnulli
2821 1232 2970 1284 inter
2991 1230 3340 1291 Corinthios,
3366 1229 3461 1299 qui
3498 1228 3794 1282 dicebant

2127 1334 2187 1371 se
2204 1319 2412 1372 Christi
2437 1336 2584 1387 esse,
2604 1320 2659 1372 id
2684 1326 2791 1381 est,
2807 1318 3279 1389 pseudoupostoli
3295 1362 3307 1379 ,
3323 1318 3603 1371 adversus
3628 1334 3797 1387 quos

2128 1408 2390 1478 loquitur
2416 1408 2750 1478 Apostolus,
2786 1409 3029 1462 dicendo
3061 1424 3073 1460 :
3106 1407 3172 1462 Si
3200 1407 3322 1477 quis
3351 1406 3597 1474 conﬁdit,
3632 1412 3754 1460 etc.
3782 1423 3797 1472 ;

2131 1496 2296 1567 quasi
2317 1497 2561 1551 diceret:
2583 1498 2639 1549 Si
2660 1496 2871 1550 Christi
2892 1513 2993 1551 vos
3011 1512 3138 1550 esse
3158 1496 3371 1564 dicitis,
3388 1500 3443 1548 et
3464 1512 3569 1549 nos
3592 1493 3799 1565 ipsius

2133 1602 2360 1640 sumus.
2397 1586 2505 1639 Sed
2542 1585 2792 1639 multum
2827 1603 2888 1640 se
2921 1584 3213 1648 humiliat,
3249 1584 3523 1655 quoniam
3556 1601 3678 1637 non
3728 1598 3799 1637 se

2134 1675 2381 1745 prml‘ert.
2412 1675 2649 1737 Quantae
2671 1674 2826 1727 enim
2852 1675 3203 1728 temeritatis
3225 1678 3315 1727 est
3336 1672 3432 1726 ille
3458 1672 3657 1739 homo,
3688 1672 3799 1742 qui

2135 1762 2257 1817 vult
2282 1779 2343 1817 se
2367 1762 2643 1832 Apostolo
2666 1778 2963 1832 coaequare
2980 1762 3007 1815 ’ἲ
3040 1762 3173 1815 Etsi
3209 1760 3323 1827 ille,
3350 1760 3532 1815 multo
3555 1775 3797 1831 magna:

2137 1851 2506 1917 temeritatis,
2540 1851 2639 1922 qui
2674 1868 2734 1905 se
2765 1852 2939 1905 etiam
2971 1850 3092 1904 vult
3124 1851 3412 1921 prmferre.
3447 1849 3558 1903 Sed
3591 1850 3699 1919 qui
3733 1866 3801 1903 se

371 1943 548 1999 etiam
580 1948 637 1999 et
666 1944 1161 2016 pseudoapostoli,
1187 1962 1220 1999 a
1251 1945 1468 2015 quibus
1499 1945 1730 1998 fuerant
1758 1942 2021 2011 decepti;
2054 1976 2102 2040 B
2139 1941 2232 1994 hic
2264 1940 2557 2007 humiliat,
2583 1942 2987 1994 auctoritatem
3018 1958 3150 1993 mox
3181 1938 3489 2009 subjungit
3519 1938 3611 1992 sui
3636 1940 3801 2009 Apo-

372 2036 431 2086 et
458 2031 587 2087 ideo
616 2031 811 2087 taliter
838 2032 1122 2103 loquitur,
1156 2033 1325 2101 quasi
1369 2033 1585 2087 diceret
1619 2049 1631 2087 :
1684 2032 1840 2101 Rogo
1895 2046 2018 2095 vos,

373 2123 441 2175 ut
469 2119 551 2175 ita
572 2122 936 2192 congregatis
965 2138 1088 2189 vos,
1115 2126 1177 2174 ut
1206 2137 1340 2174 cum
1370 2137 1600 2185 venero,
1627 2137 1739 2173 non
1773 2120 2020 2173 habeam

377 2208 532 2280 quod
564 2209 1012 2280 reprehendam,
1044 2214 1144 2263 aut
1186 2209 1767 2275 excommunicando,
1803 2212 1903 2261 aut
1952 2208 2022 2261 ab

379 2296 603 2351 unitate
634 2298 981 2368 separando,
1016 2298 1115 2353 sed
1147 2297 1324 2352 veluti
1360 2304 1523 2369 pater
1565 2298 1624 2351 in
1677 2296 1812 2350 ﬁliis
1860 2296 2026 2349 laetus

377 2400 475 2456 per
536 2401 660 2439 eam
734 2386 1158 2454 conﬁdentiam,
1228 2392 1336 2439 etc.
1407 2388 1561 2449 Quos
1637 2386 2025 2456 appellasset,

381 2473 737 2537 manifestat,
770 2475 909 2527 dum
942 2474 1142 2528 subdit
1176 2491 1188 2529 :
1245 2476 1351 2542 Qui
1394 2477 1743 2529 arbitrantur
1772 2491 1869 2528 nos
1902 2483 2024 2527 tan-

382 2578 547 2631 quam
565 2562 860 2616 secundum
888 2579 1113 2617 carnem
1142 2564 1521 2624 ambulemus;
1550 2565 1602 2617 id
1636 2568 1744 2627 est,
1769 2564 1825 2616 in
1858 2578 2031 2615 carne

384 2650 776 2713 consistendo,
808 2651 1123 2705 carnaliter
1148 2653 1372 2717 vivere;
1408 2653 1524 2707 sive
1556 2652 1739 2720 legem
1762 2651 2029 2721 legendo,

385 2754 502 2793 non
552 2744 705 2794 recte
755 2740 991 2794 sentire.
1023 2740 1167 2795 Nam
1203 2741 1473 2794 dicebant
1520 2741 1863 2811 Apostolum
1916 2756 2029 2792 non

385 2832 538 2882 recte
559 2827 803 2891 sentire;
830 2834 886 2882 et
918 2827 1044 2882 ideo
1068 2829 1118 2883 ei
1148 2830 1315 2883 fidem
1344 2846 1457 2883 non
1479 2829 1906 2884 accommodari
1941 2830 2034 2881 de-

387 2915 542 2970 bere.
573 2915 639 2969 Et
671 2915 743 2969 ad
774 2915 895 2969 haec
920 2916 1033 2971 duo
1057 2919 1376 2986 respondit,
1401 2919 1702 2973 subdendo
1731 2937 1742 2973 :
1777 2921 1838 2973 In
1869 2936 2036 2973 carne

387 3003 533 3058 enim
562 3004 933 3066 ambulantes,
955 3009 1098 3060 etc.:
1133 3006 1189 3058 id
1222 3011 1327 3069 est,
1353 3006 1410 3060 in
1446 3023 1618 3060 carne
1649 3008 1876 3061 mortali
1904 3025 2033 3060 con-

386 3091 667 3161 sistendo,
698 3092 1063 3147 mortificatis
1096 3094 1407 3150 desideriis
1438 3095 1792 3162 carnalibus,
1825 3114 2033 3151 secun-

380 3178 523 3233 dum
550 3179 747 3233 divina
778 3185 1063 3250 praecepta
1080 3181 1351 3245 vivimus,
1379 3183 1498 3237 sive
1524 3184 1787 3238 eamdem
1822 3184 2030 3255 legem,

376 3282 555 3337 quam
585 3268 787 3334 Judzei,
820 3268 1124 3331 habentes,
1160 3270 1500 3339 spiritaliter
1529 3271 1930 3343 intelligimus.

444 3358 586 3412 Nam
614 3372 783 3411 arma
810 3358 1034 3413 militiae
1070 3336 1295 3423 nosti-ee,
1346 3366 1486 3428 ete.;
1542 3336 1975 3429 quasiwdiceret
2008 3380 2020 3417 :
2056 3336 2097 3402 (ἶ

372 3444 550 3497 Arma
579 3450 778 3499 nostra
800 3462 913 3500 non
948 3451 1086 3499 sunt
1116 3452 1371 3513 scutum,
1397 3447 1649 3518 gladius,
1681 3450 2022 3521 materialia,

369 3536 543 3601 atque
564 3532 839 3600 visibilia,
861 3534 953 3588 sed
978 3538 1228 3604 potentia
1257 3539 1383 3590 Deo.
1408 3537 1669 3591 Potentia
1701 3545 1863 3606 sunt,
1889 3540 2027 3610 quia

373 3619 482 3674 hoc
515 3636 831 3690 possumus
861 3623 1074 3691 verbis,
1110 3625 1262 3692 quod
1296 3624 1391 3676 alii
1426 3624 1639 3693 gladiis
1685 3634 2025 3696 nequeunt;

379 3707 501 3760 sive
530 3708 808 3776 potentia,
832 3709 971 3778 quia
1002 3709 1097 3763 his
1128 3711 1307 3763 armis
1329 3712 1609 3765 adversus
1641 3728 1885 3782 regnum
1918 3714 2029 3767 ini-

385 3793 626 3863 quitatis
656 3794 1029 3850 dimicamus.
1064 3796 1209 3851 Nam
1241 3799 1394 3852 sicut
1435 3798 1699 3853 Christus
1750 3802 2030 3857 adversus

385 3897 634 3951 regnum
666 3881 993 3953 iniquitatis
1025 3884 1282 3949 dimicat,
1311 3886 1389 3939 ita
1420 3891 1475 3940 et
1507 3904 1611 3941 nos
1644 3888 1812 3943 donis
1845 3890 2032 3961 ipsius

388 3969 575 4037 ditati,
601 3974 656 4024 et
688 3988 852 4026 arma
882 3971 1189 4038 habemus,
1217 3979 1272 4027 et
1303 3992 1530 4041 sumus,
1556 3982 1611 4030 et
1641 3978 1707 4031 ad
1733 3978 2033 4035 destruen-

389 4057 531 4111 dum
551 4075 794 4129 regnum
820 4061 1149 4131 iniquitatis
1172 4061 1527 4117 laboramus.
1546 4066 1614 4119 Et
1637 4082 1815 4135 quare
1840 4074 2035 4138 poten-

387 4146 469 4199 tia
490 4146 626 4211 Deo,
657 4148 859 4202 subdit
884 4165 896 4202 :
931 4151 1012 4203 Ad
1040 4150 1460 4206 destructionem
1489 4156 1879 4211 munitionum.
1907 4164 2031 4211 Mu-

386 4232 668 4289 nitionem
691 4252 943 4307 namque
965 4238 1217 4308 appellat
1234 4241 1555 4295 doctrinam
1582 4245 2032 4315 pseudoaposto-

382 4322 596 4391 lorum,
632 4325 730 4395 qui
764 4327 889 4380 suis
921 4326 1337 4383 calliditatibus
1370 4334 1543 4399 atque
1584 4334 1857 4387 versutiis
1904 4352 2028 4389 eam

382 4411 746 4477 muniebant,
781 4415 880 4468 sed
926 4421 1121 4469 tamen
1155 4418 1438 4472 arietibus
1473 4420 1869 4490 apostolorum
1908 4425 2033 4493 ipsa

382 4502 470 4553 est
485 4500 731 4557 munitio
751 4503 1067 4571 destructa,
1086 4508 1334 4576 quemad
1349 4510 1584 4562 modum
1614 4527 1818 4565 murus
1836 4512 2036 4565 visibi.

384 4585 455 4640 lis
478 4588 760 4645 arietibus
787 4592 1061 4662 dissipari
1089 4593 1252 4648 solet.
1284 4596 1525 4650 Consilia
1548 4597 1897 4668 destruentes,
1923 4608 2030 4654 etc.

2133 2029 2402 2097 stolatas,
2427 2030 2627 2083 dicens
2656 2046 2668 2084 :
2703 2029 2839 2083 Nam
2859 2034 2911 2083 et
2942 2032 2990 2082 si
3010 2030 3252 2099 amplius
3274 2028 3493 2098 aliquid
3513 2030 3796 2095 gloriatus

2132 2123 2307 2189 fuero,
2332 2123 2462 2183 etc.;
2488 2120 2653 2188 quasi
2690 2117 2905 2171 diceret
2927 2134 2940 2173 :
2964 2119 3021 2172 Si
3047 2135 3172 2187 ego,
3199 2116 3297 2187 qui
3334 2133 3423 2170 me
3453 2115 3793 2187 humiliavi,

2137 2208 2542 2260 auctoritatem
2568 2207 2679 2259 mei
2705 2205 3072 2276 Apostolatus
3097 2206 3503 2268 manifestans,
3521 2221 3637 2258 non
3663 2220 3797 2257 eru-

2137 2296 2393 2360 bescam,
2414 2296 2658 2349 dicendo
2682 2296 2751 2348 de
2777 2312 2867 2348 me
2890 2295 3109 2348 dictum
3136 2293 3317 2347 fuisse
3338 2310 3349 2346 :
3382 2294 3480 2347 ναις
3504 2293 3794 2347 electionis

2138 2393 2215 2438 est
2262 2386 2359 2438 iste
2406 2386 2545 2437 mihi
2590 2385 2723 2454 (Act.
2768 2401 2844 2451 1x,
2882 2384 3002 2452 15);
3056 2383 3195 2453 quia
3243 2399 3356 2435 non
3392 2381 3537 2435 facio
3588 2386 3797 2435 contra

2140 2473 2281 2525 illud
2319 2489 2331 2527 :
2366 2473 2567 2526 Laudat
2598 2480 2647 2526 te
2677 2474 2899 2525 alienus
2931 2473 3111 2541 (Prov.
3146 2488 3319 2533 xxvn,
3352 2471 3427 2540 2),
3456 2474 3600 2523 etc.:
3638 2486 3795 2540 quo-

2141 2561 2295 2615 niam
2332 2579 2445 2615 non
2479 2578 2657 2614 causa
2688 2578 2824 2615 meae
2858 2560 3066 2625 laudis,
3095 2561 3191 2613 sed
3224 2565 3428 2614 vestras
3460 2557 3695 2621 salutis,
3722 2575 3795 2613 ne

2142 2649 2647 2720 pseudoapostolis
2690 2651 2863 2703 fidem
2909 2648 3381 2715 accommodatis,
3445 2647 3594 2701 dico.
3661 2650 3791 2712 Qua

2143 2755 2351 2808 nempe
2371 2739 2847 2807 intentione.post
2867 2737 3323 2792 exhortationem
3340 2735 3793 2799 collattonis,sui

2144 2826 2506 2897 apostolatus
2524 2827 2831 2880 inseruerit
2849 2825 3663 2892 auctoritatem,manifestum
3681 2832 3792 2879 est.

2143 2915 2249 2979 Qui
2274 2932 2506 2985 quoque
2532 2915 2586 2968 in
2613 2918 2739 2985 ipsa
2766 2916 3087 2970 intentione
3109 2914 3634 2969 commendationis
3667 2931 3790 2969 suae

2145 3005 2475 3058 autoritatis
2510 3022 2904 3073 perseverans,
2929 3006 3071 3059 dicit
3099 3020 3109 3058 :
3151 3006 3212 3061 Ut
3240 3012 3421 3057 autem
3450 3019 3559 3057 non
3588 3005 3791 3057 emisti-

2142 3110 2260 3147 mer
2279 3102 2538 3162 tanquam
2564 3102 2768 3147 terrere
2789 3111 2875 3147 vos
2899 3093 3295 3163 (subauditur,
3319 3092 3539 3157 volens)
3560 3108 3657 3163 per
3678 3093 3796 3162 epi-

2142 3184 2306 3236 stolas
2330 3183 2725 3249 (subauditur,
2747 3183 2916 3253 dico).
2938 3183 3053 3237 Hos
3078 3181 3159 3235 illi
3182 3199 3437 3253 namque
3460 3198 3559 3252 per
3579 3181 3795 3252 episto-

2143 3270 2229 3324 las
2252 3275 2491 3335 terrent,
2518 3271 2615 3340 qui
2646 3270 2802 3324 nulla
2826 3272 3013 3341 gratia
3037 3272 3546 3339 commendantur,
3568 3270 3792 3341 quique

2137 3359 2312 3413 etiam
2334 3359 2554 3412 nullam
2576 3358 2791 3412 habent
2810 3359 3240 3421 auctoritatem,
3258 3358 3487 3412 nullum
3508 3357 3791 3423 ofﬁcium,

2137 3448 2485 3518 nullumque
2511 3448 2910 3518 magisterium
2939 3465 2951 3512 ;
2984 3447 3231 3517 ideoque
3255 3451 3475 3501 terrent
3496 3448 3789 3513 absentes,

2138 3537 2276 3607 quia
2306 3537 2516 3591 timent
2548 3542 2880 3607 praesentes.
2906 3536 3153 3590 Econtra
3185 3552 3299 3590 non
3324 3540 3449 3591 erat
3474 3534 3611 3589 talis
3634 3542 3787 3606 Apo-

2138 3626 2344 3687 stolus,
2363 3641 2549 3695 neque
2572 3626 2767 3695 hi,qui
2795 3642 2924 3679 cum
2950 3641 3015 3679 eo
3043 3629 3240 3678 erant:
3265 3623 3391 3694 ipse
3412 3624 3567 3679 enim
3592 3627 3792 3677 auclo-

2139 3714 2308 3767 ritate
2327 3713 2867 3776 commendabatur,
2885 3712 3021 3784 quia
3043 3718 3095 3766 et
3116 3711 3371 3782 Spiritus
3392 3711 3575 3765 sancti
3605 3712 3792 3783 gratia

2138 3806 2261 3855 erat
2284 3801 2629 3871 repletus,et
2659 3818 2690 3855 a
2714 3801 2954 3854 Domino
2978 3802 3045 3855 ad
3078 3800 3507 3871 prmdicationis
3532 3799 3791 3854 officium

2142 3889 2396 3942 directus
2428 3907 2440 3956 ;
2476 3889 2689 3943 ideirco
2724 3890 2919 3942 omnia
2950 3890 3275 3942 secundum
3313 3888 3568 3959 Spiritus
3602 3888 3787 3941 sancti

2141 3977 2584 4047 dispositionem
2611 3979 2838 4048 agebat.
2865 3978 3183 4047 Subjungit
3213 3983 3268 4029 et
3296 3977 3473 4030 verba
3502 3977 3793 4030 aestiman-

2140 4067 2286 4121 tium
2312 4085 2371 4121 se
2394 4069 2663 4121 absentes
2693 4085 2792 4137 per
2812 4067 3089 4148 epistolas
3110 4074 3359 4131 terrere;
3388 4068 3649 4136 quoniam
3671 4068 3793 4136 qui-

2139 4156 2263 4209 dem
2311 4156 2576 4224 epistolae.
2630 4158 2904 4226 inquiunt,
2947 4171 3137 4224 graues
3184 4159 3314 4208 sunt
3361 4163 3411 4208 et
3454 4158 3644 4224 fortes,
3677 4160 3787 4209 etc.

2142 4246 2288 4299 Sane
2312 4245 2639 4309 sciendum,
2663 4245 2801 4314 quia
2826 4246 3125 4313 praesentia
3148 4248 3485 4297 sanctorum
3510 4243 3789 4297 tumenti-

2143 4333 2273 4395 bus,
2292 4349 2353 4385 ac
2377 4332 2645 4401 superbis
2666 4333 2893 4385 videtur
2910 4349 3037 4385 esse
3062 4333 3308 4399 inﬁrma,
3324 4336 3597 4384 eteorum
3616 4346 3791 4385 sermo

2141 4421 2581 4489 contemptibilis.
2616 4421 2802 4483 Quare
2825 4421 2852 4474 ‘t
2900 4420 3045 4483 Quia
3089 4424 3427 4473 sanctorum
3461 4424 3670 4473 natura
3700 4424 3790 4474 est

2144 4509 2293 4562 nolle
2326 4525 2490 4561 suam
2526 4510 2929 4563 auctoritatem
2963 4508 3288 4571 ostendere,
3323 4506 3436 4562 nisi
3486 4509 3689 4561 coacti.
3726 4513 3789 4561 Et

2140 4598 2269 4650 ideo
2304 4616 2418 4668 quo
2451 4615 2549 4653 eos
2580 4598 2847 4652 infirmos
2879 4598 3270 4667 conspiciunt,
3304 4612 3369 4650 eo
3416 4595 3637 4651 nullius
3666 4613 3794 4651 esse

384 4675 764 4732 Altitudinem
797 4680 953 4734 enim
985 4682 1210 4753 antiqui
1243 4684 1427 4739 hostis
1460 4686 1714 4756 appellat
1764 4688 2030 4751 insidias,
2062 4698 2108 4761 Ι)
2141 4687 2504 4741 auctoritatis
2537 4692 2763 4757 putant.
2800 4686 3045 4739 Econtra
3079 4684 3246 4739 aliter
3276 4684 3475 4739 ﬁdeles
3507 4685 3790 4739 sentiunt.

386 4780 513 4834 qua:
537 4765 799 4822 consiliis
831 4784 892 4823 se
924 4769 1190 4824 inserunt
1211 4770 1538 4837 hominum,
1565 4782 1619 4828 et
1649 4776 1815 4845 quasi
1845 4778 2032 4831 muni-

388 4853 606 4908 tionem
639 4854 882 4921 faciunt,
917 4859 1016 4912 sed
1048 4862 1243 4913 tamen
1278 4863 1595 4931 apostolica
1625 4865 1891 4921 doctrina
1934 4868 2032 4920 de-

387 4943 654 4997 struitur.
674 4945 775 4999 Isti
792 4946 946 4999 enim
966 4946 1223 5002 volentes
1247 4966 1411 5003 suam
1435 4956 1687 5006 statuere
1706 4954 2031 5025 scientiam,

387 5028 615 5085 humilii
650 5050 710 5088 se
734 5034 833 5088 Dei
855 5035 1027 5089 subdi
1052 5036 1366 5090 noluerunt
1389 5039 1663 5093 scientias.
1690 5042 1751 5093 Et
1782 5050 1839 5094 in
1862 5049 2034 5113 rapti-

384 5120 610 5173 vitatem
656 5122 983 5189 redigentes,
1017 5128 1161 5191 ete.;
1212 5126 1269 5179 id
1302 5131 1408 5189 est,
1445 5134 1790 5196 superantes
1823 5148 2032 5187 sumus

383 5205 928 5275 pseudoapostolos,
946 5227 979 5279 q
991 5212 1043 5264 ui
1064 5228 1276 5266 omnem
1295 5215 1625 5268 intellectum
1646 5233 1755 5285 prae
1768 5224 2029 5285 paratum

382 5291 451 5341 ad
476 5291 795 5359 obsequium
817 5295 1037 5363 Christi,
1064 5303 1377 5368 captivant,
1406 5307 1460 5355 et
1483 5304 1591 5356 sibi
1617 5306 1897 5358 subdunt.
1933 5309 2033 5361 Est

381 5375 559 5429 etiam
610 5381 758 5432 alter
797 5382 1002 5438 melior
1054 5403 1261 5441 sensus
1297 5406 1308 5443 :
1363 5390 1733 5446 Manit'estata
1766 5394 2028 5460 veritate,

381 5462 697 5519 falsitatem
747 5469 1068 5526 destruere.

451 5550 515 5601 Et
549 5551 609 5602 in
640 5560 893 5624 promptu
920 5558 1197 5621 habentes,
1231 5567 1337 5615 etc.
1380 5566 1437 5619 ln
1482 5574 1775 5639 promptu,
1810 5571 1868 5625 id
1919 5576 2027 5635 est,

382 5638 441 5691 in
478 5641 783 5708 proiiatulo
819 5659 831 5695 :
884 5649 1051 5713 quasi
1084 5648 1297 5701 «liceret
1330 5668 1342 5704 :
1396 5656 1455 5705 In
1485 5638 1739 5725 promptu
1771 5660 2029 5712 halmntes

384 5740 594 5779 sumus
649 5730 841 5785 ulcisci
887 5748 1102 5788 omnem
1152 5737 1593 5808 inobedientiam,
1634 5763 1757 5800 eum
1806 5749 2029 5817 impleta

2142 4776 2286 4830 Nam
2322 4793 2434 4847 quo
2468 4792 2567 4829 eos
2598 4776 2706 4845 ipsi
2743 4774 3085 4843 abiectiores
3117 4772 3462 4844 inspiciunt,
3497 4789 3564 4826 eo
3605 4772 3792 4826 subli—

2146 4865 2360 4918 miores
2409 4868 2465 4918 et
2514 4864 2756 4933 majoris
2789 4880 2916 4916 esse
2948 4862 3315 4918 auctoritatis
3346 4860 3705 4932 intelligunt,
3740 4868 3795 4915 et

2146 4952 2362 5007 idcirco
2396 4954 2583 5023 magis
2615 4969 2712 5005 eos
2750 4953 2977 5005 timent.

2216 5042 2491 5110 Sequitur
2521 5058 2533 5094 :
2570 5043 2695 5095 lla’r
2715 5042 2863 5094 enim
2882 5042 3095 5109 cogitet,
3121 5041 3216 5108 qui
3242 5038 3511 5109 ejusmodi
3539 5043 3653 5105 est;
3686 5039 3790 5094 hoc

2144 5135 2249 5195 est,
2284 5130 2381 5199 qui
2419 5129 2827 5199 hujuscemodi
2859 5133 2949 5182 est
2978 5128 3407 5193 mstimationis,
3442 5130 3577 5197 quia
3607 5130 3792 5198 quales

2142 5234 2330 5270 sumus
2360 5234 2456 5287 per
2485 5218 2741 5287 epistolas
2771 5219 3039 5279 absentes,
3076 5224 3217 5281 ctc.;
3254 5233 3319 5269 ac
3359 5216 3407 5270 si
3441 5215 3574 5270 aliis
3606 5216 3792 5270 verbis

2142 5306 2413 5359 dixisset:
2443 5306 2563 5359 Non
2592 5322 2721 5358 smn
2748 5304 2912 5373 alter,
2938 5310 2995 5359 ct
3021 5304 3204 5371 alter;
3236 5305 3372 5374 quia
3400 5322 3514 5359 non
3544 5321 3678 5359 sum
3704 5305 3793 5359 di-

2140 5395 2320 5463 visus,
2337 5394 2612 5465 quoniam
2635 5411 2747 5448 non
2773 5410 2901 5448 sum
2924 5398 3339 5463 prmsumptor‘:
3361 5410 3496 5447 nam
3518 5410 3794 5464 pressum-

2142 5489 2373 5552 ptorum
2397 5490 2484 5537 est
2515 5483 2724 5537 minari
2756 5483 2910 5553 quod
2937 5498 3051 5536 non
3075 5488 3164 5537 est
3187 5482 3557 5548 minandum,
3582 5489 3639 5536 et
3667 5500 3796 5554 pro-

2140 5572 2369 5624 mittere
2400 5572 2553 5642 quod
2602 5589 2717 5625 non
2766 5576 2853 5626 est
2905 5572 3387 5641 promittendum.
3424 5571 3539 5626 Nos
3571 5576 3791 5638 autem,

2139 5660 2245 5711 etsi
2278 5660 2474 5730 aliqua
2498 5662 2799 5726 minando,
2824 5667 2924 5714 aut
2956 5661 3347 5732 promittendo
3373 5660 3657 5725 dicimus,
3688 5661 3791 5715 uti-

2140 5764 2249 5817 que
2280 5764 2384 5819 per
2414 5767 2569 5816 eum,
2603 5750 2698 5821 qui
2733 5751 2790 5804 in
2826 5751 2993 5805 nobis
3026 5749 3274 5820 habitat,
3306 5748 3550 5821 implere
3582 5766 3792 5821 possu-
