3902 6400
121 442 253 504 4⁸13

608 488 621 497 -
687 445 1102 510 EXPOSITIO
1146 447 1226 513 IN
1270 448 1702 510 EPISTULAS
1746 444 2008 510 PAULI.
2041 479 2117 492 —
2163 448 2241 509 ΙΝ
2286 448 2536 510 EPIST.
2580 448 2634 510 Π
2678 448 2782 511 AD
2825 445 3003 513 GOR.

3435 445 3554 507 474

126 579 192 633 et
204 575 456 633 minoris
469 577 836 635 auctoritatis
856 596 985 637 esse
1007 584 1789 653 monstrarent.Quapropter
1814 581 1872 647 Α
1901 596 2086 635 nuum
2107 579 2528 649 laboribus,vel
2547 574 2796 637 aliarum
2812 578 3204 636 Ecclesiarum
3219 577 3552 651 stipendiis,

129 681 272 721 cum
290 664 525 722 locutus
549 667 756 723 fuisset
771 670 1052 725 adversus
1075 670 1452 743 falsos,etpro
1473 671 1624 725 veris
1638 687 1793 725 nunc

126 769 271 810 vero
302 760 360 809 et
390 754 653 826 loquitur
684 757 965 813 adversus
991 775 1110 825 eos,
1140 759 1239 830 qui
1273 758 1333 813 in
1384 758 1795 830 praedicatione

129 842 485 915 eloquentiae
501 846 1160 916 requirebantnitorem.
1181 849 1242 903 Si
1258 847 1792 919 imperitus,inquit,

127 948 406 999 sermone,
440 939 548 989 etc.
583 935 753 1006 quasi
804 936 1080 991 dixisset:
1134 940 1248 991 Cur
1289 937 1466 992 etiam
1519 936 1661 990 mihi
1697 952 1795 990 eos

131 1020 313 1076 vultis
348 1024 636 1092 praeferre,
668 1024 769 1094 qui
799 1024 860 1079 in
894 1024 1299 1096 praedicatione
1328 1024 1669 1096 eloquentia
1701 1041 1794 1079 re-

132 1111 388 1181 quirunt
416 1112 666 1167 nitorem
689 1112 716 1167 ?
744 1114 891 1179 Non,
943 1115 1207 1185 inquam,
1254 1131 1353 1170 eos
1394 1116 1619 1170 debetis
1652 1113 1795 1167 mihi

134 1201 430 1271 praeferre,
455 1201 593 1272 quia
609 1202 721 1256 etsi
744 1202 915 1272 periti
938 1204 1181 1269 sunt,ibi
1204 1205 1420 1275 quippe
1439 1211 1576 1259 sunt
1604 1204 1795 1276 periti,

134 1290 242 1345 ubi
272 1290 599 1362 periculum
632 1308 760 1347 esse
792 1298 985 1364 potest
1010 1311 1022 1348 :
1047 1310 1152 1364 ego
1184 1299 1402 1356 autem,
1428 1295 1535 1349 etsi
1568 1294 1798 1365 imperi-

133 1382 239 1434 tus
269 1394 427 1443 sum,
451 1379 530 1434 ibi
563 1397 693 1435 sum
728 1380 1060 1453 imperitus,
1084 1382 1430 1437 ubinullum
1462 1382 1615 1437 inest
1648 1382 1797 1454 peri-

135 1466 345 1523 culum
378 1486 392 1536 ;
417 1468 557 1540 quia
581 1469 629 1524 si
655 1486 788 1524 sum
817 1470 1124 1541 imperitus
1147 1487 1433 1527 sermone:
1457 1488 1571 1526 non
1604 1477 1796 1526 tamen

138 1555 410 1612 scientia.
452 1562 653 1613 Potest
699 1558 854 1613 enim
889 1559 1104 1630 aliquis
1135 1560 1403 1630 perfecta
1434 1560 1591 1624 ﬁdei,
1624 1564 1799 1630 atque

137 1645 403 1700 scientiis
435 1662 587 1715 esse,
605 1647 811 1703 tardus
844 1652 1040 1702 tamen
1070 1648 1128 1702 in
1163 1646 1797 1704 locutione.Sciendum

136 1738 343 1790 tamen
361 1735 500 1806 quia
520 1736 703 1806 quaeri
721 1741 910 1807 potest
925 1752 1031 1791 cur
1051 1752 1111 1791 se
1129 1736 1798 1808 dicatimperitum,cum

137 1822 303 1878 dicat
324 1823 530 1879 Festus
552 1824 623 1878 de
644 1822 746 1879 illo
772 1842 784 1879 :
811 1828 855 1880 Ο
871 1824 1073 1893 Paule,
1093 1826 1290 1882 multae
1311 1827 1513 1883 litterae
1543 1834 1593 1880 te
1612 1825 1683 1880 ad
1712 1827 1797 1879 in-

1905 671 2005 725 sed
2039 669 2214 723 etiam
2238 685 2343 724 nec
2366 671 2770 741 tunc,quando
2792 669 3126 741 patiebatur
3142 668 3550 739 indigentiam.

1907 757 2068 813 Unde
2091 758 2231 812 dicit
2262 760 2465 814 beatus
2489 776 2640 831 papa
2684 758 3032 830 Gregorius:
3066 758 3172 823 Qui
3204 756 3361 812 enim
3393 773 3553 813 com-

1906 847 2373 920 prehendere,vel
2393 866 2665 904 enarrare
2683 848 2836 905 valet
2858 848 3081 904 viscera
3102 846 3297 903 Pauli?
3309 846 3552 918 Quippe,

1906 954 2039 992 cum
2069 938 2427 993 ministraret
2448 938 2763 993 Corinthiis
2777 936 3116 993 alimoniam
3139 935 3252 991 cibi
3276 934 3558 1007 spiritalis

1907 1026 2143 1081 nolebat
2172 1028 2245 1081 ab
2271 1027 2354 1081 eis
2395 1027 2654 1099 accipere
2704 1026 3044 1082 alimoniam
3070 1024 3186 1080 cibi
3216 1022 3557 1095 corporalis.

1907 1116 2014 1179 Qui
2047 1116 2203 1169 enim
2236 1120 2503 1171 nostrum
2537 1116 2793 1188 aliquem
2826 1115 3064 1170 divitem
3098 1131 3205 1170 sua
3227 1130 3384 1169 nunc
3417 1129 3559 1185 prm-

1909 1205 2550 1260 dicationetraheretad
2574 1205 2748 1261 ﬁdem
2774 1221 2787 1260 :
2823 1204 2872 1259 si
2901 1204 3116 1259 videret
3139 1219 3273 1257 eum
3298 1206 3562 1257 tenacem

1908 1310 2045 1365 erga
2076 1311 2157 1359 se,
2193 1310 2307 1348 non
2344 1295 2814 1364 reprehenderet,
2847 1311 2962 1349 non
2994 1290 3563 1361 etiamincreparet?

1908 1384 2050 1438 Nam
2078 1384 2227 1453 quod
2252 1384 2398 1437 mihi
2417 1384 2778 1450 deerat,etc.;
2816 1382 2873 1436 id
2905 1385 2995 1437 est
3041 1381 3238 1436 labore
3276 1395 3563 1435 manuum

1909 1473 2214 1543 acquirere
2246 1489 2358 1526 non
2394 1476 2678 1544 poteram,
2700 1472 3086 1542 suppleverunt
3112 1473 3335 1540 fratres.
3359 1468 3505 1523 Nam
3531 1484 3566 1522 a

1912 1561 2104 1633 prima
2134 1562 2280 1616 hora
2301 1562 2415 1616 diei
2440 1577 2628 1633 usque
2650 1562 2719 1615 ad
2736 1560 3024 1633 quintam,
3045 1559 3320 1615 manibus
3340 1556 3567 1613 labora-

1912 1650 2033 1714 bat,
2065 1654 2126 1704 ut
2161 1650 2273 1705 sibi
2296 1651 2515 1705 victum
2549 1649 2876 1721 acquireret
2899 1668 2912 1717 ;
2934 1667 2968 1705 a
2998 1648 3205 1721 quinta
3221 1663 3354 1703 vero
3379 1662 3568 1716 usque

1911 1739 1983 1794 ad
2019 1740 2393 1794 undecimam
2420 1739 2798 1809 praedicabat,
2820 1744 2877 1793 et
2904 1739 3048 1794 adeo
3070 1737 3338 1804 viriliter,
3361 1740 3427 1790 ut
3455 1732 3568 1790 sibi

1912 1829 2253 1884 resistentes
2308 1845 2569 1900 paganos
2601 1828 2930 1899 superando
2961 1828 3031 1883 ad
3065 1827 3239 1882 tinem
3288 1824 3566 1880 traheret.

136 1914 369 1966 saniem
412 1917 733 1968 convertunt
780 1916 917 1982 (Act.
966 1932 1120 1982 xxxr,
1171 1916 1281 1985 24).
1333 1916 1443 1969 Sed
1495 1915 1800 1970 sciendum
1837 1954 1880 2017 Β
1915 1918 2020 1985 Qui
2049 1925 2317 1972 venerunt
2345 1934 2379 1972 a
2406 1918 2748 1973 Macedonia.
2797 1917 2910 1973 Sed
2943 1932 3124 1987 quare
3152 1915 3225 1970 ab
3258 1913 3387 1969 istis
3417 1912 3569 1969 acci-

138 2001 310 2072 quia,
330 2002 503 2071 juxta
526 2004 682 2073 quod
714 2003 797 2058 ait
827 2004 1055 2072 Festus,
1080 2003 1287 2060 multis
1317 2003 1527 2058 litteris
1558 2008 1684 2059 erat
1714 2003 1803 2057 in-

138 2094 448 2146 structus:
491 2098 895 2148 verumtamen
928 2109 1110 2149 causa
1167 2092 1521 2148 humilitatis
1572 2110 1633 2147 se
1659 2091 1806 2146 dixit

137 2178 829 2253 imperitum.Sequitur:
868 2184 929 2237 In
969 2183 1225 2237 omnibus
1264 2182 1651 2251 manifestatus
1685 2197 1804 2235 sum

140 2267 335 2331 vobis;
366 2268 476 2324 hoc
523 2274 632 2337 est,
684 2271 1095 2326 manifestatus
1144 2288 1299 2336 sum,
1333 2271 1473 2342 quia
1500 2286 1613 2324 non
1648 2285 1806 2323 vanae

140 2356 345 2412 laudis
399 2374 597 2427 causa,
653 2365 753 2413 aut
804 2360 1016 2414 terreni
1052 2363 1312 2430 quaestus
1344 2358 1670 2429 praedicavi,
1705 2357 1805 2411 sed

143 2461 324 2501 causa
357 2451 563 2503 vertra:
594 2446 821 2501 salutis.
846 2448 1255 2503 Manifestatus
1285 2464 1416 2503 sum
1449 2447 1647 2513 etiam,
1671 2447 1811 2517 quia

148 2553 267 2591 non
310 2553 382 2590 ex
414 2536 723 2591 verborum
775 2536 995 2608 inepia,
1031 2538 1129 2591 sed
1165 2536 1357 2608 potius
1389 2537 1754 2592 abundantia
1789 2554 1802 2605 ;

142 2626 267 2682 sive
299 2625 717 2680 manifestatus
748 2643 880 2681 sum
920 2626 1108 2697 signis
1138 2632 1312 2697 atque
1343 2626 1678 2681 virtutibus.

218 2714 537 2786 Sequitur:
562 2714 670 2769 Aut
720 2715 972 2785 nunquid
1002 2719 1282 2785 peccatum
1309 2717 1439 2785 feci,
1472 2721 1619 2781 etc.;
1653 2732 1717 2769 ac
1759 2715 1808 2770 si

144 2803 420 2860 dixisset:
452 2802 715 2869 Nullum,
738 2803 1004 2875 inquam.
1040 2809 1341 2876 peccatum
1376 2805 1483 2859 feci
1507 2805 1659 2875 apud
1684 2821 1805 2872 vos,

145 2898 390 2964 propter
411 2892 566 2963 quod
602 2893 872 2962 praeferre
893 2892 1038 2946 mihi
1066 2892 1327 2948 debeatis
1354 2893 1810 2965 pseudoaposto-

146 2982 262 3047 los,
296 2981 408 3036 nisi
439 2981 499 3035 in
532 2981 641 3036 hoc
675 2982 819 3037 l'orte
847 2982 1257 3053 peccavi,quia
1286 3000 1415 3053 quae
1447 2986 1638 3037 vestra
1670 2986 1811 3037 sunt

152 3088 272 3127 non
290 3070 507 3126 abstuli
525 3088 538 3137 ;
560 3076 617 3125 et
639 3069 689 3126 si
705 3070 855 3125 hanc
869 3071 1103 3140 culpam
1130 3071 1804 3143 l'eci,ignoscite,quzeso:

150 3163 393 3233 propter
422 3159 530 3215 hoc
552 3158 722 3215 enim
748 3160 939 3231 magis
964 3159 1045 3215 illi
1065 3160 1373 3225 timebant,
1408 3161 1547 3231 quia
1568 3160 1713 3215 nihil
1737 3162 1810 3216 ab

144 3249 235 3305 eis
271 3248 655 3320 accipiebant,
676 3254 911 3321 propter
943 3250 1098 3320 quod
1130 3253 1307 3304 etiam
1351 3251 1807 3322 pseudoaposto-

1917 2007 2114 2079 piebat
2134 2006 2162 2060 ?
2193 2006 2339 2070 Quia
2368 2023 2483 2061 non
2518 2011 2684 2061 erant
2713 2005 2940 2078 decepti
2971 2022 3005 2060 a
3040 2002 3568 2077 pseudoapostolis.

1912 2096 1997 2151 Ab
2029 2095 2159 2149 istis
2188 2112 2321 2150 vero
2353 2094 2589 2153 nolebat
2616 2096 2897 2163 accipere,
2920 2111 2992 2150 ne
3023 2093 3387 2149 occasionem
3416 2090 3570 2147 acci-

1916 2184 2111 2255 piendi
2141 2182 2668 2254 pseudoapostolis,
2702 2183 2801 2254 qui
2834 2183 2985 2238 inter
3006 2198 3107 2237 eos
3135 2190 3320 2250 erant,
3352 2180 3569 2236 tribue-

1917 2279 2022 2327 ret.
2056 2277 2125 2327 Et
2156 2274 2213 2326 in
2248 2272 2499 2326 omnibus
2544 2274 2662 2327 sine
2712 2273 2918 2328 honore
2962 2271 3132 2341 (761),
3192 2274 3300 2326 etc.
3337 2287 3352 2338 ;
3384 2270 3442 2324 id
3483 2271 3573 2323 est

1918 2378 2032 2416 non
2068 2360 2255 2416 solum
2291 2361 2347 2415 in
2373 2362 2523 2429 cibo,
2547 2364 2635 2417 vel
2668 2360 2727 2415 in
2762 2366 2926 2432 potu,
2958 2361 3058 2415 sed
3091 2358 3267 2415 etiam
3298 2358 3357 2414 in
3389 2358 3567 2414 servi-

1917 2450 2020 2516 tio,
2052 2451 2112 2505 in
2144 2450 2445 2520 obsequio,
2480 2456 2536 2504 et
2565 2450 2622 2503 in
2676 2451 2897 2505 caeteris
2929 2448 3146 2504 talibus
3197 2447 3323 2503 sine
3353 2446 3571 2502 honore

1920 2539 2021 2593 t'ui.
2056 2533 2226 2594 Et‘ne
2259 2544 2530 2610 putarent
2562 2538 2641 2593 illi
2676 2540 2748 2594 ob
2803 2539 2912 2593 hoc
2955 2554 3090 2593 eum
3140 2536 3356 2592 dixisse
3389 2536 3567 2603 istud,

1919 2628 2073 2698 quod
2107 2629 2178 2683 ab
2213 2630 2298 2682 eis
2331 2627 2591 2699 accipere
2620 2626 2809 2697 vellet,
2840 2626 2968 2682 ideo
2999 2625 3343 2695 subjunxit:
3378 2625 3570 2681 Serva-

1918 2718 1973 2771 vi
2003 2725 2053 2772 ct
2081 2718 2302 2772 servabo
2323 2734 2343 2779 ;
2380 2717 2549 2786 quasi
2581 2715 2833 2772 diceret:
2884 2715 3051 2772 Absit
3096 2720 3162 2770 ut
3191 2731 3316 2787 ego,
3351 2714 3450 2786 qui
3481 2730 3571 2769 se-

1920 2806 2034 2860 mel
2068 2805 2381 2860 deliberavi
2428 2823 2541 2860 non
2575 2806 2854 2876 accipere,
2889 2810 2954 2860 ut
2982 2805 3288 2876 accipiam.
3320 2803 3451 2859 Sive
3481 2818 3572 2857 se-

1919 2896 2177 2949 cundum
2212 2896 2537 2967 quosdam:
2571 2895 2826 2949 Servabo
2847 2911 2939 2950 me
2972 2908 3282 2966 quousque
3320 2893 3574 2965 pseudo-

1920 2983 2219 3055 apostolos
2252 2983 2401 3038 inter
2427 3002 2527 3039 vos
2558 2983 2906 3039 habueritis.

1992 3078 2086 3128 Est
2136 3075 2336 3128 veritas
2369 3073 2575 3128 Christi
2602 3075 2661 3127 in
2691 3088 2798 3127 me.
2851 3071 3028 3137 Quasi
3079 3072 3270 3127 dicat:
3303 3070 3467 3126 Sicut
3513 3070 3573 3126 in

1920 3162 2147 3217 Christo
2180 3180 2294 3217 non
2316 3166 2523 3228 estest,
2548 3166 2749 3225 etnon,
2776 3161 2855 3217 ita
2874 3160 2935 3216 in
2959 3177 3071 3227 me,
3106 3160 3207 3232 qui
3240 3160 3575 3215 membrum

1922 3251 2081 3306 illius
2114 3251 2434 3306 existimor.
2466 3252 2584 3323 Ego
2617 3252 2970 3313 membrum,
2998 3249 3097 3305 ille
3117 3254 3338 3318 auctor,
3370 3265 3476 3322 ego
3493 3264 3579 3305 re-

148 3338 263 3401 los,
287 3337 375 3393 illi
407 3320 806 3409 praeferebant,
842 3338 1122 3409 quoniam
1156 3339 1345 3410 magis
1373 3356 1435 3394 se
1460 3340 1531 3395 ab
1564 3320 1707 3411 ipsis
1725 3340 1809 3394 di-’
1840 3320 1883 3386 δ
1922 3340 2163 3411 cipiens,
2197 3340 2294 3395 ille
2313 3320 2666 3411 praecedens,
2699 3357 2804 3411 ego
2834 3340 3223 3410 subsequens.
3248 3320 3435 3402 Quare
3465 3337 3577 3393 hoc

148 3427 416 3500 ligebant
445 3428 623 3499 (758):
661 3427 746 3482 illi
788 3444 1045 3499 namque
1084 3445 1149 3482 eo
1182 3444 1244 3481 se
1293 3429 1608 3483 credebant
1638 3444 1805 3483 sanc-

143 3516 349 3581 tiores,
384 3533 500 3587 quo
529 3517 614 3572 eis
645 3520 809 3571 erant
858 3516 1178 3591 gratiores;
1213 3522 1269 3571 et
1318 3517 1446 3572 ideo
1480 3517 1563 3572 illi
1596 3518 1668 3572 ad
1700 3518 1807 3571 tri-

146 3604 454 3660 buendum
502 3605 720 3660 ﬁebant
771 3605 1129 3660 libentiores.
1180 3606 1250 3659 Et
1301 3605 1632 3672 sciendum,
1668 3606 1809 3676 quia

144 3693 390 3764 pulchre
408 3694 585 3751 dicit:
613 3695 953 3749 Humilians:
977 3695 1118 3765 quid
1143 3694 1805 3766 enimhumilius,quam

146 3790 389 3855 accepta
409 3788 695 3855 potestate
741 3801 856 3839 non
891 3784 1023 3839 uti?
1053 3783 1183 3839 Haec
1232 3801 1467 3856 quoque
1500 3784 1807 3840 humilitas

147 3873 409 3930 multum
491 3874 563 3929 ad
623 3873 1061 3929 Corinthiorum
1124 3873 1411 3928 attinebat
1476 3872 1803 3943 libertatem

147 3962 297 4034 (759)
326 3978 339 4017 :
373 3966 432 4016 et
461 3962 591 4017 ideo
622 3960 803 4016 dicit:
838 3963 900 4019 Ut
945 3977 1033 4016 vos
1062 3963 1429 4024 exaltemini;
1461 3962 1740 4032 quoniam
1772 3979 1806 4016 a

146 4051 554 4109 dominatione
583 4050 866 4107 falsorum
893 4050 1139 4122 apostoli
1168 4050 1589 4106 liberabantur.

220 4140 293 4195 Et
312 4139 453 4211 quia
510 4144 740 4211 poterat
769 4138 985 4210 aliquis
1022 4139 1242 4195 dicere:
1275 4140 1577 4203 Quomodo
1610 4144 1663 4195 te
1697 4140 1805 4195 hu-

148 4228 414 4295 miliasti,
445 4232 511 4283 ut
540 4244 648 4284 nos
700 4227 1114 4297 exaltaremur,
1145 4226 1338 4298 inquit
1370 4230 1514 4299 ipse,
1548 4231 1808 4298 quoniam

140 4320 318 4389 gratis
362 4318 731 4388 Evangelium
760 4318 973 4374 Christi
1010 4317 1389 4387 euangelizavi
1414 4318 1583 4372 vobis.
1620 4319 1686 4372 Et
1717 4323 1808 4374 est

144 4422 401 4462 sensus:
434 4404 593 4461 Nihil
626 4422 661 4460 a
688 4404 854 4460 vobis
885 4404 1180 4475 accipiens
1209 4421 1312 4475 per
1343 4421 1588 4471 annum,
1622 4411 1676 4461 et
1709 4424 1809 4462 sex

144 4510 404 4561 menses,
430 4493 775 4551 annuntiavi
802 4493 967 4550 vobis
1001 4491 1377 4564 Evangelium
1404 4511 1417 4549 :
1452 4499 1527 4559 et,
1560 4510 1631 4549 ne
1665 4496 1808 4551 forte

144 4582 494 4640 incredibile
526 4583 633 4639 hoc
664 4584 982 4652 videretur,
1041 4582 1349 4653 subjunxit
1375 4600 1388 4638 :
1440 4584 1597 4638 Alias
1625 4584 1806 4640 Eccle-

1919 3428 2181 3499 dixisset,
2206 3430 2444 3484 subdit:
2481 3430 2753 3497 Quoniam
2796 3429 2914 3485 haec
2940 3428 3139 3496 gloria,
3174 3431 3282 3483 etc.
3316 3425 3574 3482 Gloriam

1919 3536 2087 3573 suam
2129 3516 2401 3589 appellat,
2437 3523 2673 3588 accepta
2718 3521 3002 3589 potestate
3052 3533 3168 3572 non
3219 3515 3325 3571 uti.
3382 3515 3447 3569 Et
3480 3514 3576 3569 hic

1918 3608 2195 3677 ostendit,
2222 3607 2360 3677 quia
2392 3609 2547 3678 quod
2583 3606 2676 3662 ille
2708 3624 2820 3662 non
2853 3610 3176 3678 acceperat,
3210 3603 3399 3676 gloria
3428 3607 3573 3670 erat,

1920 3714 2035 3751 non
2063 3703 2362 3766 peccatum
2395 3714 2407 3763 ;
2454 3697 2606 3751 unde
2638 3696 2947 3767 superius:
2980 3695 3269 3765 Numquid
3297 3701 3575 3765 peccatum

1914 3787 2072 3857 feci?
2098 3788 2216 3842 Non
2248 3788 2608 3855 infringatur,
2643 3790 2751 3842 etc.
2788 3804 2802 3853 ;
2856 3786 2909 3840 id
2944 3790 3051 3853 est,
3106 3785 3245 3856 quia
3275 3800 3390 3840 non
3422 3783 3574 3838 acci-

1919 3878 2074 3947 piam
2105 3893 2117 3929 :
2156 3882 2293 3929 tunc
2324 3875 2539 3929 etenim
2588 3874 2961 3946 infringetur,
2998 3874 3047 3930 si
3079 3873 3420 3945 accepisset.
3457 3872 3569 3928 Sed

1921 3964 2302 4036 quaerendum
2332 3969 2439 4029 est,
2476 3980 2608 4019 cum
2640 3963 2914 4034 superius
2945 3979 3043 4018 eos
3066 3963 3137 4017 ad
3170 3979 3320 4033 opus
3342 3961 3574 4016 miseri-

1917 4053 2127 4108 cordiae
2162 4056 2552 4124 provocasset,
2588 4068 2768 4123 quare
2798 4068 2954 4106 nunc
2985 4050 3160 4106 dicit:
3195 4050 3315 4106 Non
3359 4051 3571 4119 infrin-

1913 4146 2072 4212 getur
2102 4143 2164 4196 in
2197 4157 2301 4195 me.
2340 4142 2473 4195 Ideo
2507 4140 2645 4210 quia
2688 4157 2801 4195 non
2838 4157 2955 4195 sua:
2989 4139 3358 4195 necessitatis
3394 4155 3573 4193 causa

1917 4229 2260 4301 accipiebat,
2305 4230 2403 4284 sed
2439 4234 2673 4301 propter
2702 4246 3023 4301 pauperes,
3058 4228 3159 4301 qui
3189 4227 3572 4300 Jerosolymis

1917 4320 2335 4376 consistebant.
2363 4320 2528 4374 Tunc
2555 4318 2741 4389 gloria
2769 4320 2897 4391 ejus
2927 4316 3427 4389 infringeretur,si
3450 4333 3571 4371 suae

1915 4409 2282 4464 necessitatis
2308 4425 2486 4463 causa
2516 4407 2858 4479 accepisset.

1990 4499 2208 4566 Quare?
2236 4497 2412 4561 Quasi
2464 4496 2685 4551 diceret
2716 4512 2730 4551 :
2774 4496 2942 4551 Forte
2972 4494 3100 4550 ideo
3150 4492 3570 4566 confringetur,

1918 4588 2055 4658 quia
2087 4602 2195 4640 non
2245 4585 2417 4650 diligo
2448 4600 2564 4652 vos,
2601 4588 2660 4639 et
2710 4584 2839 4639 ideo
2899 4599 3013 4638 non
3048 4581 3378 4654 accipiam?
3421 4581 3570 4637 Non.

141 4674 261 4730 aias
278 4674 749 4745 eupoliavi,etc.,
770 4673 939 4743 quasi
964 4672 1250 4727 dixisset:
1274 4671 1364 4728 Ab
1386 4670 1518 4727 aliis
1534 4672 1809 4729 Ecclesiis
1845 4692 1888 4756 D
1920 4676 2065 4740 Quia
2093 4691 2196 4745 ego
2220 4673 2398 4743 diligo
2418 4673 2805 4746 vos,etmagis
2827 4690 2928 4729 vos
2946 4672 3253 4743 diligonon
3282 4671 3572 4743 accipien-

144 4768 428 4835 sumptus
457 4761 677 4834 accepi,
711 4767 776 4818 ut
805 4762 971 4818 vobis
994 4761 1307 4834 praedicare
1340 4763 1811 4820 suflicerem.1ta—

141 4868 260 4923 que
292 4869 366 4908 ne
397 4869 641 4924 parvum
677 4868 807 4908 esse
839 4852 1157 4917 videretur,
1192 4852 1349 4922 quod
1381 4852 1529 4923 (760)
1575 4853 1647 4907 ab
1679 4853 1812 4909 aliis

142 4940 424 4998 Ecclesiis
455 4941 528 4997 ad
581 4956 785 4997 eorum
847 4939 1103 4997 salutem
1162 4945 1483 5011 acceperat,
1543 4940 1670 4997 ideo
1697 4942 1811 4998 tale

137 5030 392 5087 verbum
450 5028 670 5101 posuit,
731 5029 841 5087 hoc
889 5034 999 5097 est,
1042 5030 1371 5100 exspoliavi.
1426 5028 1545 5085 Hoc
1577 5046 1812 5102 quoque

138 5118 482 5189 sciendum,
515 5117 656 5189 quia
687 5134 805 5190 quo
837 5117 985 5173 nihil
1019 5134 1083 5173 se
1113 5118 1368 5175 ostendit
1397 5119 1691 5191 accepisse
1738 5121 1811 5176 ab

142 5208 285 5279 illis,
318 5223 389 5264 eo
421 5207 613 5279 magis
644 5207 742 5263 isti
772 5212 1110 5280 gravantur.

214 5297 534 5370 Sequitur:
569 5298 637 5352 Et
667 5314 792 5354 cum
819 5314 990 5354 essem
1019 5297 1174 5367 apud
1204 5314 1318 5365 vos,
1351 5301 1403 5353 et
1432 5312 1666 5368 egerem,
1699 5302 1807 5353 etc.

140 5388 297 5443 Sane
328 5385 682 5452 notandum,
715 5384 856 5457 quia
877 5402 994 5440 non
1028 5384 1220 5441 solum
1252 5389 1393 5439 tunc
1426 5385 1571 5439 nihil
1595 5386 1665 5440 ab
1695 5385 1811 5442 illis

136 5476 409 5548 accipere
439 5473 647 5543 voluit,
670 5475 908 5547 quando
930 5475 1275 5531 abundabat
1304 5473 1673 5545 propriarum
1692 5491 1810 5530 ma-

210 5601 363 5671 (758)
398 5599 667 5655 Fortasse
691 5599 863 5672 diligi
908 5600 1224 5668 credebant,
1274 5602 1359 5654 vet
1406 5599 1804 5668 intelligebant.

213 5674 365 5744 (759)
400 5672 674 5744 Fortasse
703 5672 1118 5744 liberalitatem.

212 5742 367 5816 (760)
401 5743 466 5801 In
498 5747 700 5816 autog.
731 5743 858 5805 loco
882 5745 1025 5819 quod
1049 5742 1267 5818 legitur
1296 5758 1383 5799 ne.

1922 4767 2019 4829 do,
2053 4781 2231 4835 quam
2266 4762 2641 4833 accipiendo:
2693 4767 2750 4817 et
2779 4766 2845 4817 ut
2872 4761 3142 4817 ostendat
3169 4776 3268 4815 eos
3307 4758 3569 4830 diligere,

1923 4852 2161 4909 subdit:
2195 4853 2335 4906 Deus
2386 4852 2530 4914 scit;
2584 4855 2649 4905 ut
2695 4851 2836 4906 dum
2885 4849 2969 4905 illi
3000 4866 3135 4905 eum
3168 4848 3437 4913 audiunt,
3471 4847 3572 4917 qui

1922 4941 2187 4997 omnium
2214 4940 2440 4996 occulta
2463 4940 2726 4996 cordium
2752 4939 3008 5005 novit,ad
3032 4936 3427 4993 ostensionem
3452 4953 3570 5015 suis

1920 5030 2253 5086 dilectionis
2276 5030 2545 5094 traxisse,
2580 5028 2722 5085 certi
2744 5029 2813 5084 de
2836 5028 3146 5084 dilectione
3168 5026 3569 5082 redderentur.

1922 5119 2072 5189 Quod
2101 5125 2282 5174 autem
2310 5121 2492 5189 facio,
2522 5125 2575 5175 et
2602 5121 2844 5189 faciam;
2875 5117 2932 5173 id
2964 5121 3072 5186 est,
3107 5117 3260 5172 sicut
3288 5114 3574 5171 hactenus

1920 5228 2036 5266 non
2069 5210 2285 5280 accepi,
2321 5226 2435 5264 non
2469 5208 2786 5279 accipiam:
2823 5212 2879 5264 et
2929 5207 3039 5263 hoc
3070 5211 3178 5275 est,
3212 5206 3367 5279 quod
3400 5221 3573 5277 supe-

1920 5299 2044 5355 rius
2076 5299 2334 5354 dixerat:
2370 5296 2616 5363 Servavi,
2642 5302 2693 5353 et
2723 5299 2963 5354 servabo.
2997 5298 3184 5362 Quare
3214 5295 3571 5352 manifestat.

1924 5389 1983 5443 Ut
2015 5390 2295 5457 amputem
2338 5387 2699 5452 occasionem,
2742 5390 2848 5440 etc.
2901 5384 3378 5458 Pseudoapostoli
3421 5383 3574 5440 vole-

1920 5477 2063 5531 bant
2090 5474 2434 5546 Apostolum
2483 5474 2769 5545 accipere,
2800 5480 2863 5529 ut
2913 5475 2996 5531 illi
3028 5477 3395 5531 occasionem
3427 5472 3577 5531 acci-

1990 5599 2139 5669 (761)
2173 5597 2344 5669 Vulg.
2380 5614 2545 5654 onere
2578 5616 2596 5653 .'
2646 5604 2843 5669 autog.
2886 5618 3017 5655 vero
3058 5600 3147 5657 bis
3180 5614 3347 5655 onore
3375 5596 3571 5669 habet.

1920 5666 2099 5726 Et'ita
2126 5666 2245 5725 fere
2277 5666 2399 5724 sem
2407 5686 2509 5741 per
2529 5672 2769 5728 verbum
2791 5666 2969 5728 limior
2989 5688 3119 5728 cum
3151 5668 3426 5727 derivatis
3448 5666 3573 5723 suis

1917 5743 2046 5800 sine
2073 5742 2268 5800 littera
2299 5743 2333 5798 h
2364 5741 2649 5816 scriptum
2681 5743 2913 5817 legitur.
