3902 6412
376 442 497 501 475

1407 448 1747 511 ATTONIS
1793 445 2373 509 VERCELLENSIS
2418 446 2769 510 EPISCOPI

3678 450 3788 511 476

383 575 579 649 piendi
604 578 986 650 perciperent,
1021 587 1310 655 quatenus
1359 584 1407 640 si
1442 585 1539 640 ille
1578 586 1897 656 accepisset
1928 600 2027 655 pa-
2059 581 2114 646 Α
2144 586 2513 653 promeretur
2541 582 2746 649 Deum,
2780 580 2920 653 quia
2949 579 3020 636 ab
3050 596 3118 637 eo
3147 596 3263 637 non
3294 580 3541 653 accipiet
3569 582 3780 639 exalta-

384 682 540 731 nem,
574 666 657 721 illi
688 685 937 735 aurum;
972 678 1027 726 et
1065 673 1192 727 ideo
1233 675 1342 728 sub
1382 675 1619 729 obtentu
1662 674 1832 729 istius
1870 691 2031 730 occa-

385 755 569 811 sionis
602 758 864 829 accipere
896 761 1148 816 nolebat.
1187 766 1251 819 Ut
1291 766 1349 817 in
1376 781 1479 834 quo
1510 764 1846 836 gloriantur,
1879 768 2028 820 inue-

379 848 610 900 niuntur
634 848 776 901 sicut
804 858 857 903 et
888 866 1003 905 nos.
1038 851 1449 906 Gloriabantur
1469 853 1564 907 isti
1598 855 1667 908 de
1700 855 2029 924 acceptione

381 949 715 1000 munerum,
750 937 887 1007 quia
934 955 999 992 ea
1045 940 1543 1010 sanctioresesse
1576 945 1880 1013 putabant,
1915 960 2029 1013 quo

377 1022 656 1092 gratiores
690 1024 1080 1080 reddebantur
1104 1027 1236 1092 illis,
1256 1030 1354 1099 qui
1380 1029 1656 1085 libentius
1679 1032 1762 1085 eis
1782 1032 2023 1085 dabant:

378 1108 777 1165 invenirentur
807 1112 887 1165 illi
922 1115 1074 1169 sicut
1104 1120 1159 1170 et
1190 1118 1456 1187 apostoli,
1490 1120 1534 1171 si
1568 1121 1947 1189 accepissent.

370 1198 519 1265 (762)
557 1199 691 1252 Nam
713 1202 995 1270 ejusmodi,
1030 1209 1138 1257 etc.
1166 1206 1433 1267 Sulnloti;
1464 1206 1570 1275 illi,
1605 1208 1662 1260 in
1692 1209 1906 1278 quibus
1942 1209 2027 1261 la-

373 1288 454 1339 tet
484 1286 729 1353 malum,
764 1289 821 1343 id
854 1296 961 1357 est,
998 1294 1096 1363 qui
1131 1293 1287 1348 aliud
1321 1302 1518 1350 mente
1558 1300 1833 1357 tractant.
1869 1297 2024 1351 aliud

372 1390 542 1445 opere
576 1381 830 1445 patrant,
863 1378 1062 1445 veluti,
1116 1384 1609 1454 pseudoapostoli.
1649 1384 1731 1439 llli
1773 1402 2027 1456 namque

371 1462 671 1519 Christum
727 1467 1143 1538 praedicabant,
1200 1472 1701 1544 baptismumque,
1740 1479 1888 1527 atc.:
1924 1475 2024 1529 sed

375 1555 574 1606 tamen
609 1553 725 1608 alia
756 1555 1080 1613 intentione
1104 1577 1118 1625 ;
1142 1561 1191 1613 ei
1226 1560 1354 1615 ideo
1399 1563 1707 1633 subjungit
1741 1579 1751 1616 :
1790 1564 2024 1632 Transﬁ-

375 1650 642 1708 gurantes
695 1660 752 1698 se
809 1646 867 1699 in
916 1648 1189 1718 apostolos
1233 1651 1480 1711 Christi;
1529 1650 1807 1720 quoniam
1848 1668 2026 1706 causa

376 1736 637 1799 quaestus
666 1736 722 1786 et
746 1732 891 1788 lucri
923 1737 1350 1806 praedicabant;
1383 1739 1631 1809 apostoli
1661 1756 1796 1794 vero
1827 1740 2024 1795 Chris-

371 1816 435 1885 ti,
468 1834 646 1875 causa
675 1820 883 1877 salutis
915 1825 1268 1881 animarum.

2142 670 2384 738 tionem,
2420 671 2519 723 sed
2569 670 3058 737 humiliationem,
3110 674 3167 724 et
3222 687 3336 725 non
3370 669 3783 741 laudationem,

2143 761 2243 814 sed
2276 758 2681 813 defectionem.
2736 760 2804 813 Et
2862 758 2970 813 boc
3026 757 3262 829 exponit
3316 760 3784 815 subdendo:.Sed

2140 850 2309 918 quasi
2338 849 2395 901 in
2423 850 2768 918 insipientia,
2801 854 2942 913 etc.;
2975 849 3143 919 quasi
3202 848 3455 902 diceret:
3488 849 3780 911 Quantum

2141 937 2211 990 ad
2247 954 2465 1003 vocem,
2492 940 2549 991 in
2583 937 3011 991 haesulistantio
3026 938 3223 1007 gloriae
3257 935 3469 1007 loquor.
3505 938 3783 1009 Insipien-

2141 1024 2221 1078 tia
2252 1026 2483 1079 videtur
2512 1043 2674 1091 esse;
2728 1026 2865 1096 quia
2917 1025 3255 1096 insipientia
3283 1031 3373 1080 est
3401 1025 3672 1081 homines
3704 1044 3784 1082 se-

2142 1114 2424 1184 metipsos
2455 1114 2695 1169 laudare
2718 1115 2881 1176 velle,
2917 1120 2980 1168 ut
3012 1114 3155 1169 illud
3183 1132 3196 1169 ;
3230 1117 3442 1169 Laudet
3472 1123 3523 1168 te
3553 1116 3783 1186 alienus,

2138 1206 2246 1255 etc.
2282 1204 2460 1272 (Prov.
2493 1221 2667 1268 xxvu,
2698 1204 2776 1274 2).
2821 1204 3115 1266 Quantum
3148 1204 3218 1258 ad
3253 1203 3638 1259 intentionem
3675 1222 3783 1259 non

2138 1295 2228 1343 est
2263 1290 2643 1361 insipientia;
2703 1298 2759 1346 et
2812 1292 2941 1347 ideo
2992 1291 3169 1347 dicit:
3220 1294 3395 1361 Quasi
3442 1294 3783 1359 insipientia,

2139 1398 2250 1434 non
2282 1397 2432 1434 vere.

2210 1471 2479 1537 Quoniam
2508 1470 2677 1525 multi
2707 1471 3041 1541 gloriantur,
3065 1475 3173 1526 etc.
3207 1472 3309 1526 His
3329 1472 3522 1527 verbis
3553 1474 3783 1528 denotat

2135 1557 2372 1612 ιῖυόεεοε
2402 1560 2728 1622 credentes,
2762 1560 2833 1613 de
2863 1559 3164 1615 nobilitate
3186 1560 3417 1630 generis
3448 1559 3783 1632 gloriantes,

2136 1647 2516 1701 credentibus
2575 1664 2635 1700 se
2669 1663 2737 1701 ex
2793 1647 3066 1717 gentibus
3124 1649 3524 1718 praeferentes:
3579 1652 3636 1703 et
3680 1648 3781 1705 hoc

2135 1751 2472 1806 perversum
2505 1741 2650 1799 erat,
2700 1737 2840 1806 quia
2891 1753 3006 1791 non
3059 1736 3398 1809 propagatio
3440 1737 3654 1806 carnis,
3688 1746 3777 1793 sed

2134 1824 2516 1887 conversatio,
2564 1830 2620 1878 et
2685 1825 2934 1880 imitatio
2976 1826 3113 1879 facit
3159 1825 3309 1881 filios
3349 1827 3613 1881 Abrahaa.
3672 1827 3771 1883 Ubi

445 1908 513 1962 Et
541 1924 651 1963 non
682 1913 908 1978 mirum,
939 1918 1046 1969 etc.
1083 1915 1256 1977 Quasi
1307 1916 1561 1972 diceret:
1603 1918 1748 1981 Quid
1780 1919 2024 1973 mirum-
2055 1946 2102 2011 B
2133 1914 2464 1968 ostenditur
2493 1917 2720 1984 quanta:
2753 1914 3101 1969 temeritatis
3123 1919 3263 1970 sunt
3292 1914 3400 1981 illi,
3429 1917 3523 1984 qui
3560 1932 3666 1986 per
3693 1933 3777 1971 sa-

372 1994 421 2049 si
451 1998 714 2053 membra
743 2003 1262 2073 transﬁgurantur,
1283 2022 1413 2060 cum
1444 2007 1614 2061 etiam
1650 2014 1822 2079 caput
1843 2009 1870 2062 ‘?
1898 2008 2023 2075 Dia,

370 2082 542 2138 holus
572 2102 827 2157 namque
858 2090 1100 2160 angelus
1144 2097 1233 2146 est
1262 2095 1658 2162 tenebrarum,
1700 2101 1755 2150 et
1790 2098 1832 2151 si
1867 2098 1925 2152 in
1959 2115 2025 2153 ea

369 2174 561 2242 specie
592 2178 947 2246 apparuerit,
973 2187 1208 2249 quaest,
1244 2200 1358 2236 non
1382 2183 1693 2255 recipitur;
1727 2191 1782 2239 et
1811 2187 1882 2240 ob
1914 2186 2023 2242 hoc

367 2276 423 2315 se
453 2263 811 2333 transﬁgurat
842 2267 901 2320 in
933 2271 1187 2337 angelum
1215 2272 1370 2336 luris,
1408 2278 1471 2326 ut.
1518 2273 1746 2329 facilius
1780 2292 1840 2329 se
1870 2293 2023 2331 com-

366 2351 621 2405 mendet.
660 2353 723 2406 Et
751 2354 886 2410 hinc
918 2357 1079 2411 electi
1128 2359 1363 2414 solliciti
1398 2362 1746 2433 redduntur,
1781 2369 1846 2418 ut
1886 2381 2018 2420 cum

364 2444 628 2508 apparet,
664 2440 971 2512 diligenter
997 2448 1337 2516 perquirunt
1363 2451 1561 2503 utrum
1585 2468 1715 2506 vere
1740 2452 1817 2506 sit
1853 2453 2016 2520 lucis,

364 2541 469 2579 nec
500 2543 591 2579 ne.
624 2527 769 2583 Hinc
800 2536 888 2585 est
917 2534 1070 2601 quod
1100 2535 1279 2591 Josue
1300 2539 1504 2593 videns
1536 2524 1809 2611 angelum
1844 2542 2017 2597 dixit:

367 2614 558 2669 Noster
586 2632 660 2683 es,
691 2636 767 2672 an
817 2620 1279 2680 adversariorium
1310 2626 1501 2695 (Josue
1546 2646 1599 2693 ν,
1638 2630 1761 2700 13)?
1790 2631 1858 2684 Et
1887 2648 2019 2702 apo-

368 2702 501 2757 stoli
532 2705 795 2761 videntes
827 2708 1141 2765 Dominum
1173 2715 1571 2770 ambulantem
1627 2735 1806 2790 supra
1838 2736 2015 2789 mare,

362 2802 702 2863 putaverunt
732 2798 1063 2866 phantasma
1083 2818 1216 2863 esse,
1244 2809 1297 2857 et
1325 2806 1699 2861 clamauerunt
1729 2809 1912 2877 (Marc.
1935 2826 2014 2875 v1,

366 2881 471 2947 149;
508 2885 706 2938 Matth.
739 2902 853 2957 XIV,
876 2888 997 2959 26);
1034 2895 1092 2944 et
1124 2891 1329 2947 Petrus
1360 2894 1562 2948 videns
1593 2913 1771 2967 supra
1803 2897 2016 2952 fluctus

367 2969 511 3023 dixit
544 2988 556 3025 :
590 2974 837 3040 Domine,
898 2979 947 3029 si
977 2982 1033 3032 tu
1064 2996 1136 3046 es,
1188 2982 1323 3051 juhe
1351 3000 1435 3038 me
1468 2986 1652 3040 venire
1679 2986 1748 3040 ad
1778 2995 1844 3053 te,
1906 2991 2012 3042 etc.

366 3058 584 3129 (Matth.
618 3078 731 3132 xw,
758 3065 872 3132 28.)
898 3067 1140 3133 Quorum
1170 3072 1300 3140 ﬁnis
1329 3082 1468 3143 erat,
1503 3079 1609 3128 etc.
1644 3074 1797 3129 Sicut
1820 3076 2017 3133 interit

362 3152 581 3218 venter,
613 3155 669 3204 et
695 3168 761 3207 ea
793 3171 922 3224 qua:
956 3158 1195 3223 ventris,
1230 3165 1385 3227 sunt,
1421 3168 1476 3215 et
1507 3170 1715 3219 caetera
1745 3166 2015 3222 transito-

355 3235 462 3305 ria,
495 3236 577 3292 ita
605 3244 662 3294 et
689 3240 784 3295 isti
818 3242 1143 3301 interibunt
1171 3265 1184 3314 ;
1236 3253 1291 3303 et
1314 3267 1486 3321 quem
1523 3254 1696 3309 tinem
1731 3255 1985 3310 habituri

2136 2007 2500 2056 cramentum
2561 2002 2838 2072 baptismi
2873 2002 2975 2056 lilii
3006 2003 3108 2058 Dei
3140 2003 3347 2070 eti'ecti,
3385 2005 3455 2059 de
3485 2003 3777 2059 nobilitate

2135 2092 2329 2145 carnis
2360 2090 2705 2161 gloriantur,
2737 2108 2863 2162 qua:
2894 2107 2992 2147 eos
3024 2091 3239 2147 diaboli
3270 2091 3423 2147 ﬁlios
3481 2110 3776 2165 generave-

2135 2184 2242 2233 rat.

2204 2270 2460 2323 Libenter
2487 2269 2752 2339 su/fertis,
2780 2274 2893 2323 etc.
2928 2274 2991 2323 In
3025 2274 3212 2340 empta
3239 2270 3562 2325 intentione
3596 2270 3771 2325 mani-

2134 2356 2311 2411 festat
2342 2374 2459 2411 suae
2500 2357 2864 2412 auctoritatis
2916 2358 3308 2413 ministerium
3341 2363 3399 2413 et
3453 2360 3771 2431 dignitatis,

2134 2463 2249 2516 qua
2282 2463 2394 2500 non
2428 2446 2619 2501 solum
2653 2447 3197 2518 pseudoapostolos,
3240 2448 3339 2502 sed
3371 2448 3547 2502 etiam
3583 2465 3773 2519 magos

2131 2536 2277 2605 (764)
2310 2535 2605 2589 videretur
2634 2537 2927 2604 excedere,
2964 2552 3338 2607 perseverans
3370 2537 3547 2591 dicit:
3598 2539 3774 2592 Liben-

2131 2632 2213 2678 ter
2241 2625 2499 2695 suffertis,
2532 2630 2640 2679 etc.
2676 2626 3023 2696 Insipientes
3056 2642 3312 2696 namque
3340 2626 3471 2681 illos
3501 2626 3771 2698 appellat,

2136 2711 2236 2782 qui
2269 2713 2339 2766 de
2374 2712 2673 2767 nobilitate
2723 2713 2954 2784 generis
2985 2713 3408 2785 gloriabantur,
3462 2719 3644 2785 atque
3675 2715 3771 2768 cir-

2128 2801 2508 2865 cumcisione,
2544 2802 2820 2872 quoniam
2844 2802 3186 2873 insipientia
3206 2804 3378 2857 estde
3400 2802 3625 2858 talibus
3655 2802 3771 2875 glo-

2128 2889 2283 2943 riari.
2319 2891 2480 2954 Quod
2512 2907 2645 2945 vero
2705 2892 2869 2960 dicit,
2924 2894 3216 2963 sapientes,
3272 2891 3540 2946 nonnulli
3575 2894 3774 2947 dicunt

2125 2977 2344 3033 ironice
2373 2980 2594 3034 dictum
2629 2980 2831 3047 fuisse,
2865 2985 2923 3036 et
2950 2982 3023 3036 ob
3051 2982 3158 3037 hoc
3190 2981 3271 3037 ita
3292 2982 3661 3054 pronuntiari
3686 2983 3773 3037 de-

2126 3066 2282 3133 bere,
2334 3073 2399 3122 ut
2454 3068 2855 3139 intelligatur:
2917 3087 3052 3125 nam
3112 3087 3479 3142 unaquaque
3532 3088 3630 3126 res
3679 3074 3771 3125 aut

2127 3172 2325 3227 sensu,
2361 3162 2462 3212 aut
2491 3158 2963 3229 pronuntiatione
2993 3159 3357 3214 discernitar.
3392 3163 3595 3216 Potest
3620 3159 3767 3215 enim

2129 3245 2188 3299 in
2221 3246 2518 3301 similibus
2577 3247 2766 3302 verbis
2813 3247 3121 3302 dissimilis
3150 3265 3279 3304 esse
3335 3264 3585 3303 sensus:
3618 3247 3767 3303 verbi

362 3328 504 3378 sunt
529 3326 799 3395 adulteri,
860 3307 1462 3397 bomicidmmumiiem
1508 3307 1695 3396 etiarn
2029 3307 2071 3374 Ο
2121 3334 2329 3405 gratia:
2354 3335 2402 3387 εί
2437 3334 2647 3389 dicam:
2682 3339 2791 3389 Per
2814 3335 3159 3406 Sapientiam
3176 3341 3339 3391 tuam
3354 3336 3570 3403 Ϋθοίδῖῖν
3588 3338 3767 3409 130‘"St

364 3412 640 3471 simulate
672 3418 841 3473 bonis
865 3422 1033 3492 (763).

435 3503 645 3556 Iterum
674 3506 811 3562 dico.
846 3509 1080 3566 Dixerat
1112 3515 1411 3585 superius:
1462 3519 1679 3573 Utinam
1716 3524 2011 3578 sustinere-

362 3592 754 3681 tismodicum,
785 3602 937 3653 atc.:
972 3606 1029 3655 et
1076 3603 1275 3657 statim
1304 3604 1489 3659 voluit
1538 3608 1695 3661 istud
1730 3613 1965 3681 aggredi
1996 3630 2009 3679 ;

361 3680 462 3733 sed
496 3685 691 3737 tamen
737 3686 958 3756 Spiritu
1009 3695 1208 3744 sancto
1239 3692 1494 3747 dictante
1543 3680 2015 3765 quaedamrverba

361 3767 650 3837 inseruit;
684 3771 776 3827 his
819 3774 1077 3841 insertis,
1112 3779 1370 3835 derivata
1400 3782 1741 3854 intentione,
1778 3788 1847 3841 ad
1902 3805 2013 3843 cce-

362 3859 529 3926 ptum
563 3858 825 3915 ordinem
862 3866 1189 3935 revertitur,
1225 3868 1504 3925 dicendo:
1540 3874 1744 3927 lterum
1772 3876 1894 3931 (lico
1926 3877 2017 3947 (ne

363 3946 485 4013 quis
514 3963 599 4001 me
622 3959 774 4019 putet
804 3954 1198 4027 insipientem).
1250 3959 1362 4012 lloc
1393 3959 1473 4014 ita
1512 3961 1671 4030 dicit,
1707 3964 1844 4034 quia
1874 3946 2015 4022 talia

363 4034 634 4091 dicturus
666 4043 789 4093 erat
821 4040 879 4095 in
913 4046 1463 4119 sequentibus,quzn
1495 4051 1564 4104 ad
1598 4050 1829 4108 Iaudem
1854 4054 2014 4111 illius

365 4124 609 4179 attinere
639 4127 819 4182 videri
852 4136 1120 4201 poterant
1148 4176 1161 4200 ,
1198 4137 1364 4206 quasi
1399 4138 1654 4196 diceret:
1686 4141 1767 4196 Ne
1798 4145 2015 4213 putetis

365 4228 458 4267 me
494 4230 632 4268 mea:
665 4214 861 4271 laudis
892 4234 1070 4273 causa
1099 4219 1207 4275 hoc
1237 4223 1447 4290 dicere,
1483 4229 1583 4280 sed
1618 4234 1825 4283 vestrae
1856 4230 2013 4284 salu-

363 4302 441 4355 tis
470 4320 483 4369 ;
520 4305 658 4375 quia
707 4308 1056 4363 necessitate
1089 4314 1325 4366 coactus
1358 4313 1504 4368 dico.
1538 4314 1705 4370 Sive:
1754 4322 1874 4372 Non
1910 4318 2016 4373 ali-

363 4391 497 4462 quis
531 4409 619 4446 me
639 4395 1210 4466 putetinsipientem,
1233 4398 1370 4471 quia
1396 4402 1695 4459 veritatem
1730 4406 1879 4469 dico.
1898 4408 2016 4464 sive

364 4480 501 4549 quia
534 4498 647 4535 non
671 4487 857 4537 totum
893 4486 1045 4555 quod
1068 4488 1249 4559 sapio.
1282 4489 1349 4543 Et
1378 4490 1504 4545 ideo
1528 4493 2019 4565 subjunxit:Alio-

367 4570 501 4638 quin
534 4571 681 4625 velut
710 4574 1059 4641 insipientem
1090 4580 1324 4648 acciliite
1352 4597 1437 4635 me
1455 4584 1649 4652 ,‘quasi
1677 4585 1893 4640 diceret
1918 4604 1930 4640 :
1956 4588 2012 4642 Si

2124 3423 2271 3490 ﬁeri,
2291 3429 2355 3478 ut
2382 3424 2677 3478 laudando
2708 3424 2889 3490 dicas,
2926 3430 3114 3496 potest
3127 3425 3302 3480 etiam
3325 3424 3762 3496 viturperando;

2122 3518 2181 3567 et
2222 3512 2351 3567 ideo
2382 3512 2795 3581 interrogative
2846 3513 3320 3584 pronuntiandus
3351 3518 3441 3568 est
3468 3514 3583 3569 iste
3615 3513 3764 3568 locus

2125 3605 2191 3655 ut
2223 3602 2451 3672 negatio
2485 3601 2871 3672 intelligatur.
2933 3603 3085 3655 Sunt
3142 3603 3317 3655 etiam
3351 3603 3642 3671 nonnulli,
3676 3600 3763 3673 qui

2125 3690 2477 3760 simpliciter
2506 3689 2614 3744 hoc
2644 3690 2718 3743 ab
2767 3690 3045 3760 Apostolo
3093 3691 3312 3745 dictum
3374 3695 3587 3762 putant
3642 3691 3765 3762 quia

2124 3783 2291 3834 erant
2317 3777 2583 3832 nonnulli
2620 3779 2768 3832 inter
2792 3779 3123 3834 Corinthios
3152 3778 3466 3850 sapientes,
3500 3798 3649 3852 quos
3679 3779 3763 3834 ille

2126 3870 2181 3922 in
2214 3868 2405 3939 prima
2433 3866 2688 3936 Epistola
2716 3866 3070 3935 laudaverat,
3095 3873 3271 3939 atque
3302 3869 3359 3923 in
3384 3870 3665 3924 omnibus
3693 3868 3765 3921 di-

2122 3956 2271 4011 vites
2303 3971 2430 4011 esse
2463 3956 2706 4021 dixerat,
2730 3955 2831 4025 qui
2852 3956 3027 4010 etiam
3053 3956 3575 4028 pseudoapostolos
3598 3956 3763 4029 perfe-

2125 4046 2366 4100 rebant:
2402 4049 2457 4098 et
2487 4045 2766 4098 adversus
2786 4042 2916 4099 illos
2946 4043 3208 4115 loquitur
3224 4045 3564 4116 Apostolus,
3587 4046 3763 4100 dicen-

2127 4134 2237 4189 do:
2272 4134 2529 4188 Libenter
2583 4134 2846 4202 suﬂ‘crtis,
2908 4133 3077 4203 quasi
3122 4133 3375 4188 diceret:
3438 4132 3619 4189 Miror
3672 4148 3764 4187 cur

2124 4238 2225 4277 vos
2249 4222 2391 4276 adeo
2423 4219 2717 4290 sapientes
2739 4221 2882 4275 adeo
2915 4220 3440 4292 pseudoapostolos
3469 4220 3760 4277 toleratis:

2129 4327 2262 4365 nam
2296 4309 2815 4380 pseudoapostolos
2861 4309 3133 4364 volebant
3178 4314 3433 4381 portare,
3465 4314 3533 4365 ut
3562 4309 3761 4383 glorio-

2127 4399 2308 4455 siores
2341 4399 2714 4466 haberentur,
2749 4403 2805 4452 et
2834 4397 2962 4453 ideo
2981 4398 3215 4454 dolebat
3237 4398 3575 4470 Apostolus,
3607 4396 3762 4470 quasi

2126 4488 2375 4542 diceret:
2413 4488 2599 4549 Quare
2629 4486 2772 4541 istos
2803 4488 3068 4558 portatis,
3114 4491 3171 4542 et
3200 4504 3293 4542 me
3326 4489 3474 4543 ferre
3504 4506 3622 4543 non
3646 4485 3764 4542 vul-

2125 4577 2202 4629 tis
2224 4576 2250 4629 ?
2282 4581 2390 4629 etc.
2423 4575 2754 4629 Notandum
2784 4576 2961 4644 enim,
2979 4576 3118 4647 quia
3140 4576 3373 4631 duobus
3396 4577 3590 4632 modis
3611 4573 3764 4632 electi

358 4659 534 4712 verba
579 4659 971 4731 inspexeritis,
1006 4665 1143 4735 quia
1180 4683 1271 4722 me
1318 4668 1518 4724 videor
1547 4670 1807 4741 laudare,
1864 4674 1978 4729 insi

2199 4665 2408 4719 tienter
2441 4664 2625 4718 malos
2684 4664 3025 4734 perferunt;
3072 4664 3215 4731 sive,
3268 4669 3335 4719 ut
3363 4681 3464 4721 eos
3516 4667 3589 4721 ad
3619 4664 3762 4719 viam

365 4747 621 4818 pientem
654 4766 745 4804 me
784 4766 912 4805 esse
970 4754 1289 4823 putabitis;
1340 4757 1388 4811 si
1436 4775 1568 4813 vero
1624 4761 2008 4819 intentionem

363 4839 942 4909 perpenderitis,non
970 4842 1365 4913 insipientem,
1392 4848 1492 4899 sed
1516 4849 2010 4924 sapientem,quia

364 4929 694 4997 agnoscetis
724 4947 817 4985 me
849 4931 1034 4985 facere
1066 4948 1243 4987 causa
1261 4932 1469 4988 salutis
1492 4935 1772 5007 aliorum;
1800 4949 1860 4995 ut
1888 4957 2003 5012 ego,

361 5017 514 5071 sicut
541 5017 646 5085 illi,
680 5020 951 5074 modicum
981 5021 1113 5091 quid
1141 5022 1368 5092 glorier,
1403 5023 1541 5093 quia
1565 5024 1647 5079 illi
1680 5028 1954 5084 multum.

432 5104 580 5170 Quod
607 5106 815 5174 loquor,
848 5124 958 5161 non.
990 5110 1179 5180 loquor
1215 5112 1517 5166 secundum
1549 5118 1762 5169 Deum:
1804 5118 1860 5171 id
1896 5123 2006 5184 est,

358 5192 512 5260 quod
549 5207 639 5244 me
694 5192 895 5261 laudo,
943 5202 1228 5266 quantum
1282 5202 1353 5254 ad
1388 5217 1611 5267 vocem,
1653 5220 1765 5258 non
1802 5206 2007 5276 loquor

358 5278 682 5332 secundum
703 5280 919 5348 Deum;
948 5285 1084 5355 quia
1110 5287 1211 5357 qui
1229 5305 1290 5342 se
1308 5289 1527 5359 laudat,
1556 5292 1872 5362 ipsalaude
1893 5312 2005 5351 non

612 5435 673 5521 in
709 5445 899 5521 autog.
921 5457 1117 5521 .marg.
1156 5445 1253 5521 hic
1273 5446 1488 5518 legitur
1517 5466 1643 5521 cap.
1677 5450 1868 5506 XXIV.

611 5506 776 5585 Forte
805 5506 1364 5585 sdbintelligendurii
1397 5506 1611 5576 habere:

431 5576 732 5656 (_76-’1)V_'ox
780 5584 932 5651 apud
980 5576 1219 5653 Arabes,
1270 5592 1555 5647 Idumaeos
1599 5598 1655 5646 et
1707 5593 2007 5649 Chaldaeos

356 5647 775 5732 philosophum
819 5647 1229 5732 et_sapieiitom
1270 5665 1546 5717 relerens.
1586 5647 1734 5720 Vide
1762 5647 2005 5720 Tertull;

354 5722 563 5777 contra
590 5721 747 5792 Jud.,
784 5727 839 5778 et
868 5721 1085 5795 libfm,
1118 5732 1319 5788 contra
1362 5733 1641 5791 Marcion.
1670 5752 1684 5802 ;
1736 5741 2006 5794 sanctum

2120 4753 2377 4807 veritatis
2406 4753 2636 4807 trahere
2688 4752 2954 4822 possint;
3006 4756 3145 4817 sive,
3180 4757 3263 4823 ut,
3297 4753 3346 4808 si
3377 4770 3491 4808 non
3525 4753 3761 4825 possint,

2118 4842 2328 4897 saltem
2362 4858 2561 4895 eorum
2596 4842 2882 4912 patientia
2912 4847 3337 4897 remuneretur.

2184 4932 2482 4985 Sustznetis
2512 4932 2683 4997 enim,
2715 4935 2825 4985 etc.
2861 4930 3014 4993 Quos
3046 4929 3130 4984 illi
3191 4931 3584 4996 sustinebant,
3618 4945 3763 4987 nunc

2117 5020 2324 5091 incipit
2355 5020 2753 5085 manifestare,
2787 5019 3127 5075 subdendo:
3162 5019 3224 5074 Si
3251 5022 3349 5092 qui
3374 5036 3469 5076 vos
3514 5024 3572 5076 in
3601 5020 3761 5075 servi-

2115 5114 2289 5163 tutem
2317 5110 2547 5177 redigit,
2571 5108 2629 5161 id
2661 5112 2771 5174 est,
2803 5107 2971 5180 legis,
2995 5108 3133 5180 quia
3161 5109 3233 5163 ad
3261 5108 3371 5164 hoc
3402 5109 3762 5165 laborabant-

2119 5203 2182 5252 ut
2208 5196 2469 5252 servituti
2500 5197 2819 5252 subderent
2846 5213 2946 5252 eos
2979 5196 3126 5269 legis
3150 5214 3162 5265 ;
3187 5197 3330 5267 sive,
3354 5200 3417 5253 in
3436 5201 3759 5263 servitutem,

2114 5287 2253 5357 quia
2284 5285 2444 5340 illam
2469 5286 3086 5358 (765)dominationem
3117 5288 3465 5343 exercebant
3494 5286 3759 5343 sacerdo-

2115 5454 2328 5529 J_usti_n.
2361 5458 2599 5529 martyg.
2631 5472 2653 5529 ;_
2677 5453 2911 5529 Dialog.‘
2958 5460 3184 5529 contra,
3221 5457 3419 5529 Triph.
3450 5476 3463 5525 ;
3498 5461 3761 5513 sanctum

2116 5526 2527 5596 Epiphanium,
2552 5526 2803 5597 Epitom.
2840 5526 2971 5580 tidei
2997 5528 3211 5583 cathol.
3232 5545 3254 5589 ,'
3283 5526 3361 5594 et,
3404 5529 3462 5584 in
3497 5529 3764 5583 recentio-

2117 5596 2663 5671 ribus,ATostatum,
2696 5596 3035 5671 Marianam,
3068 5600 3432 5671 Barradium,
3480 5600 3759 5667 Grotium,

2117 5669 2447 5743 Cornelium
2481 5686 2513 5724 a
2543 5669 2682 5741 lap.,
2714 5678 2773 5743 et
2793 5669 2938 5726 alios
2970 5669 3229 5743 quampl.

2188 5741 2334 5809 (765.
2366 5742 2430 5797 In
2460 5745 2657 5813 autog.
2689 5741 3121 5801 damnationem.
