3902 6418
366 451 486 514 479

1397 458 1737 522 ATTONIS
1781 455 2370 520 VERCELLENSIS
2414 436 2768 522 EPISCOPi

3691 450 3820 517 480

367 593 672 648 ternarum
706 591 1090 649 traditiouum
1119 593 1515 651 simulatorem
1550 592 2017 670 (Gal.1,14),adeo
2046 591 2102 657 Α
2132 598 2435 663 penetrare
2455 593 2483 649 ?
2514 593 2616 649 llle
2647 593 2805 649 enim
2826 591 3082 649 exterius
3103 588 3562 648 adversitatibus
3578 587 3817 659 afﬂige-

368 686 434 735 ut
463 680 752 753 acciperet
780 682 1151 754 epistolas,ut
1179 684 1228 741 si
1261 703 1406 756 quos
1427 686 1711 741 inveniret
1740 684 2019 741 Christia-

369 786 477 825 nos
508 772 645 837 (Act.
687 789 766 837 1x,
833 774 889 843 2)
949 778 1083 839 etc.,
1146 776 1541 845 agnoscebant
1601 775 1692 831 his
1743 774 2018 829 omnibus

369 875 736 932 repugnare:
770 865 826 917 et
849 862 978 917 ideo
1010 865 1470 933 persecutionem
1503 856 2016 920 inferebant.Peri-

358 950 501 1002 culis
529 954 602 1004 ex
624 951 892 1017 gentibus.
930 951 1211 1006 Dolebant
1244 952 1399 1007 enim
1431 953 1680 1024 gentiles
1710 970 1843 1009 eum
1878 972 2018 1026 prae-

362 1036 558 1092 dicare
578 1038 789 1093 Christi
822 1041 1696 1110 passionem,resurrectionem,
1730 1047 1907 1114 atque
1943 1043 2013 1097 ad

358 1124 534 1180 cmlos
563 1128 975 1182 Ascensionem
1002 1147 1013 1194 ;
1049 1133 1105 1182 et
1135 1131 1275 1199 quia
1308 1131 1485 1186 unius
1518 1131 1615 1186 Dei
1650 1130 1915 1185 notitiam
1953 1130 2014 1186 in

359 1214 632 1269 cordibus
664 1215 969 1271 hominum
1006 1218 1361 1287 inculcabat,
1394 1224 1451 1274 et
1477 1220 1630 1275 idola
1652 1222 2012 1285 destruebat,

354 1308 411 1357 et
433 1304 505 1357 ob
537 1303 643 1358 hoc
676 1306 1141 1375 persecutionem
1174 1308 1520 1363 inferebant.
1555 1310 1825 1364 Periculis
1856 1311 1915 1363 in
1936 1310 2012 1363 ci-

356 1396 541 1447 vitate.
570 1392 763 1448 Veluti
795 1394 853 1448 in
886 1395 1193 1464 Damasco,
1229 1398 1331 1452 ubi
1362 1399 1445 1451 ita
1471 1398 1577 1451 fuit
1620 1398 1917 1467 astrictus,
1950 1403 2016 1452 ut

359 1481 585 1537 aditum
610 1482 870 1552 fugiendi
904 1500 1019 1538 non
1053 1484 1460 1552 inveniret,sed
1482 1487 1539 1541 in
1573 1492 1771 1557 sporta
1792 1488 2013 1541 missus

357 1586 460 1642 per
515 1571 829 1627 fenestram
918 1573 1068 1627 muri
1157 1592 1192 1628 a
1276 1576 1553 1631 fratribus
1625 1576 2015 1644 deponeretur

359 1661 438 1729 (Il
467 1660 669 1726 Coram,
697 1662 809 1732 33).
840 1662 1111 1717 Periculz's
1141 1666 1200 1719 in
1228 1666 1560 1719 solitudine.
1596 1665 1874 1720 Diabolus
1909 1666 2010 1719 ad-

357 1765 561 1805 versus
592 1766 726 1804 eum
750 1752 1093 1820 suscitabat,
1129 1758 1235 1808 etc.
1270 1755 1544 1809 I’ericulis
1574 1756 1633 1808 in
1663 1755 2010 1819 mari.Quas-

359 1837 631 1904 rendum,
662 1856 797 1894 cum
829 1840 1102 1912 superius
1134 1841 1412 1897 dixisset:
1462 1843 1626 1897 Nocte
1680 1847 1731 1897 et
1784 1841 1873 1897 die
1928 1843 2013 1896 in-

354 1927 630 1996 profundo
658 1931 833 1984 maris
858 1931 964 1999 fui,
998 1946 1178 2000 quare
1206 1931 1417 1985 iterum
1468 1931 1706 2002 repetit:
1736 1931 2011 1985 Periculis
2043 1960 2091 2024 B

352 2016 416 2069 in
445 2017 612 2071 mari.
648 2016 757 2071 Sed
782 2017 932 2087 jam,
966 2018 1105 2089 quia
1134 2017 1360 2090 repetit,
1384 2020 1668 2075 debemus
1692 2017 2013 2091 intelligere

358 2102 503 2158 illud
540 2104 888 2176 periculum,
924 2108 1161 2178 quando
1211 2108 1493 2163 Caesarem
1553 2107 1863 2179 appellavit
1895 2111 2005 2179 (Ac.

360 2211 491 2263 xxv,
526 2195 635 2265 lO),
658 2200 715 2249 et
745 2199 835 2251 est
866 2196 1113 2251 Romam
1146 2197 1402 2251 directus
1435 2214 1568 2251 cum
1602 2198 1844 2266 caeteris,
1878 2198 2007 2269 qui-

354 2284 466 2339 bus
497 2284 909 2356 navigantibus
942 2286 1147 2341 incidit
1178 2289 1341 2341 navis
1374 2286 1433 2341 in
1456 2287 1661 2358 syrtim
1688 2289 2007 2356 [.4ct.xxv11,

356 2373 468 2439 41),
502 2377 559 2427 et
589 2373 969 2429 decreverunt
1018 2374 1236 2431 milites
1293 2376 1603 2448 pervigiles
1663 2376 2004 2447 interficere,

360 2464 427 2515 ut
458 2458 663 2516 nullus
689 2463 944 2518 natando
977 2465 1217 2519 evadere
1257 2468 1493 2535 posset;
1554 2466 1654 2520 sed
1710 2465 2011 2536 prohibuit

361 2549 626 2605 centurio
656 2556 892 2622 propter
922 2552 1167 2635 Paulum
1199 2554 1384 2625 (lbid.,
1419 2556 1803 2624 43).Periculis
1824 2557 1885 2610 in
1904 2556 2010 2626 fal-

354 2639 432 2693 sis
462 2639 755 2709 fratribus.
790 2640 990 2697 Falsos
1021 2643 1228 2699 fratres
1284 2644 1541 2716 appellat
1596 2646 1894 2701 credentes
1943 2663 2012 2700 ex

354 2727 598 2791 Judwis,
631 2729 733 2800 qui
761 2746 1102 2802 quanquam
1135 2732 1539 2803 credidissent,
1572 2739 1768 2790 tamen
1792 2733 2007 2807 legales

356 2817 734 2873 caremonias
765 2819 1188 2887 observabant;
1218 2821 1417 2877 etideo
1442 2822 1655 2892 lalsi,et
1676 2824 1787 2895 ipsi
1818 2839 2011 2895 perse-

353 2904 650 2960 cutionem
684 2905 1018 2962 inferebant
1047 2908 1247 2965 Paulo.
1278 2911 1341 2965 In
1370 2912 1579 2979 labore,
1633 2912 1691 2966 id
1744 2918 1833 2968 est
1888 2912 2009 2967 sive

356 3010 664 3061 manuum,
691 2994 812 3050 sive
844 2997 1296 3066 praedicationis.
1338 2999 1484 3055 Nam
1544 3018 1577 3055 a
1625 3002 1815 3073 prima
1868 3000 2013 3055 hora

356 3082 468 3138 diei
503 3100 687 3155 usque
718 3085 789 3139 ad
820 3087 1411 3160 quintam,operando
1441 3089 1658 3145 victum
1683 3090 1795 3144 sibi
1811 3090 2010 3161 acqui-

357 3172 558 3237 rebat;
592 3188 623 3227 a
654 3172 859 3243 quinta
881 3190 1068 3246 usque
1098 3177 1169 3231 ad
1206 3178 1575 3233 undecimam
1634 3180 2006 3251 praedicabat.

365 3261 433 3315 Et
454 3261 594 3331 quia
625 3266 814 3332 potest
843 3279 971 3319 esse
999 3264 1165 3320 labor
1193 3267 1417 3337 absque
1474 3284 1756 3335 aerumna,
1813 3267 1870 3323 id
1924 3273 2014 3323 est

359 3347 487 3404 sine
516 3348 838 3421 indigentia
866 3356 924 3407 et
956 3354 1219 3423 penuria,
1254 3360 1318 3409 ut
1346 3355 1683 3411 ostenderet
1720 3356 2011 3411 extiosum

352 3435 637 3506 laborem,
667 3440 1008 3510 subjunxit:
1045 3446 1330 3500 xErumna.
1366 3446 1427 3500 In
1446 3446 2011 3518 m’giliz’smultis,sive

353 3524 804 3597 prasdicationis,
835 3530 953 3586 sive
984 3533 1359 3603 operationis,
1385 3539 1451 3591 ut
1479 3536 1697 3591 victum
1737 3536 2008 3607 acquire-

356 3618 460 3669 ret.
486 3614 556 3670 Et
583 3615 730 3672 bene
759 3618 973 3689 vigiliis
1003 3620 1282 3688 instabat,
1316 3622 1455 3694 quia
1487 3640 1723 3679 necesse
1777 3630 1887 3691 est,
1947 3629 2013 3678 ut

359 3706 462 3779 qui
494 3706 785 3778 angustiis
814 3708 1113 3780 fatigatur,
1134 3710 1650 3783 vigilet,quatenus
1674 3718 1853 3767 Deum
1887 3730 2012 3784 pro-

361 3802 656 3853 mereatur
683 3797 900 3851 habcre
930 3796 1320 3854 liberatorem.
1354 3802 1416 3854 In
1442 3803 1597 3871 fame
1651 3805 1701 3855 et
1747 3802 1865 3868 siti,
1892 3803 2012 3855 sive

357 3903 616 3956 necesse,
650 3886 770 3942 sive
799 3885 1193 3943 voluntarium
1219 3929 1233 3953 ,
1267 3888 1404 3960 quia
1434 3889 1506 3943 de
1534 3888 1657 3945 loco
1689 3890 1757 3945 ad
1816 3888 2009 3945 locum

362 3975 642 4047 fugiebat,
676 3981 733 4031 et
762 3975 890 4031 ideo
917 3993 1032 4031 non
1059 3977 1281 4048 absque
1313 3977 1465 4033 fame
1502 3995 1631 4033 esse
1667 3983 1913 4049 poterat.
1945 3978 2008 4038 E:

363 4064 503 4136 quid
534 4068 686 4119 esset
715 4065 869 4136 quod
901 4065 1158 4121 dixerat:
1192 4068 1251 4120 In
1282 4068 1431 4137 fame
1457 4075 1509 4122 et
1536 4069 1650 4133 siti,
1674 4067 2013 4139 subjunxit;

365 4158 434 4209 In
454 4153 693 4224 jejuniis
731 4153 909 4223 (7e72)
938 4155 1153 4222 multis,
1189 4154 1307 4209 sive
1337 4154 1700 4223 voluntariis,
1736 4156 1855 4210 sive
1914 4172 2014 4211 ne-

372 4240 641 4297 cessarie.
672 4241 735 4295 In
764 4243 973 4312 frigore
1016 4246 1067 4296 et
1101 4241 1370 4297 nuditate.
1433 4243 1622 4299 Habes
1679 4243 2014 4316 exemplum

363 4332 424 4387 in
455 4330 701 4386 Actibus
732 4330 1151 4403 apostolorum,
1183 4330 1285 4386 ubi
1312 4329 1691 4403 legitur,quia
1707 4332 2017 4403 navigante

366 4418 728 4491 Paulo(Act.
776 4436 974 4490 xxvm,
1028 4420 1078 4488 1,
1148 4421 1225 4492 2),
1313 4436 1446 4475 cum
1522 4420 1777 4476 venisset
1856 4420 2015 4475 Meli-

365 4514 489 4564 tam
547 4510 695 4581 (773)
746 4508 1024 4581 insulam,
1056 4513 1296 4581 propter
1351 4509 1560 4581 frigus,
1619 4510 1763 4565 dum
1821 4510 2016 4565 focum

365 4598 581 4653 faceret
608 4613 677 4653 ex
705 4598 1022 4654 sarmentis
1050 4596 1284 4665 vitium,
1309 4597 1506 4670 vipera
1527 4598 1742 4654 invasit
1773 4614 2015 4654 manum

367 4686 519 4758 ejus,

443 4779 656 4835 Praeter
682 4777 804 4846 illa,
832 4780 939 4832 etc.
974 4775 1078 4831 Illa
1108 4775 1249 4831 dicit
1281 4776 1665 4842 extrinsecus,
1700 4794 1826 4849 quze
1848 4793 2022 4848 supc-

371 4866 494 4921 rius
544 4870 969 4922 numeraverat.
1005 4867 1073 4921 Et
1105 4870 1169 4920 ut
1228 4864 1445 4921 leviora
1495 4866 1785 4922 ostendat.
1839 4866 2024 4921 dixit:

367 4958 640 5011 Instantia
666 4981 680 5025 ;
713 4954 852 5028 quia
884 4972 999 5027 quo
1026 4955 1286 5010 crebrius
1313 4954 1692 5009 adversitates
1722 4954 2019 5023 eveniunt,

367 5062 433 5101 eo
469 5045 654 5100 levius
702 5046 1065 5100 tolerantur:
1126 5043 1461 5112 Quotidiano
1517 5043 1848 5113 sollicitudo,
1907 5048 2017 5099 etc.

364 5133 529 5189 Unde
561 5133 681 5187 haec
694 5133 1052 5188 consuetudo
1071 5131 1416 5187 descendit?
1432 5131 1511 5186 Ex
1531 5131 1775 5202 antiqua
1819 5132 2021 5204 utique

364 5220 677 5276 traditione
710 5220 966 5275 Patrum.
1003 5220 1148 5277 Nam
1197 5219 1311 5291 ipsi
1352 5220 1671 5275 monebant
1725 5220 2021 5276 auditores

368 5309 497 5363 sine
528 5307 963 5362 intermissione
994 5308 1315 5364 monendos
1347 5324 1476 5363 esse
1508 5309 1720 5363 debere
1748 5325 1761 5374 ;
1794 5313 1851 5363 et
1889 5309 2020 5364 ideo

369 5397 485 5453 iste
521 5398 739 5450 tantam
770 5394 1223 5452 sollicitudinem
1277 5400 1597 5453 exercebat.
1660 5398 1806 5453 Dicit
1862 5398 2019 5453 enim

373 5487 584 5540 beatus
616 5483 930 5555 Gregorius
957 5501 969 5538 :
1002 5484 1142 5548 Quis
1166 5484 1315 5540 valet
1341 5485 1564 5541 viscera
1593 5486 1826 5558 pietatis
1858 5486 2020 5543 Pauli

445 5606 595 5690 (77:3)
626 5609 837 5690 Autog,
867 5608 1204 5690 in‘vigiliis,
1263 5624 1438 5690 quam
1487 5611 1901 5690 repetitionem
1936 5611 2020 5690 u_ti

369 5677 718 5763 mendosam
767 5677 1064 5733 vitandam
1123 5677 1350 5744 censui,
1380 5677 1746 5754 iuxta—Vulg
1794 5684 2020 5754 agendo

365 5768 429 5807 in
443 5762 700 5820 Jejunus.

2131 682 2325 751 batur,
2359 682 2608 738 interius
2629 700 2765 738 vero
2786 681 3182 738 sollicitudine
3202 680 3807 751 torquebatur,remi-

2130 772 2363 828 niscens
2392 774 2546 844 quod
2573 776 2879 827 monuerat
2907 771 3182 843 (Philipp.
3216 787 3280 841 ιι,
3313 771 3388 841 4),
3446 785 3556 824 non
3638 784 3809 840 qua?-

2128 871 2308 917 rentes
2335 862 2547 931 singuli
2571 878 2689 933 quae
2718 878 2822 916 sua
2849 865 2994 915 sunt.
3030 861 3176 918 Nam
3200 859 3310 914 iste
3341 858 3533 931 magis
3564 857 3807 913 sollici-

2128 952 2331 1006 tudine
2387 950 2635 1006 aliorum
2677 950 3082 1021 torquebatur,
3115 965 3293 1020 quam
3353 964 3483 1003 sua.
3516 947 3808 1002 Timebat

2125 1041 2280 1095 enim
2314 1057 2387 1095 ne
2416 1040 2526 1111 ipsi
2558 1041 2821 1095 videntes
2846 1040 3195 1110 magistrum
3229 1036 3807 1109 flagellatum,scan-

2127 1129 2538 1185 dalizarentur.
2574 1130 2679 1193 Qui
2711 1130 2869 1184 enim
2900 1128 3092 1184 verbis
3113 1127 3401 1199 explicare
3429 1125 3583 1181 valet
3617 1126 3807 1180 virtu-

2122 1225 2243 1275 tem
2277 1218 2490 1290 ipsius,
2526 1218 2626 1290 qui
2658 1236 2774 1273 uno
2834 1219 3158 1288 eodemque
3213 1222 3476 1288 tempore
3532 1216 3807 1271 exterius

2129 1308 2601 1364 adversitatibus
2638 1307 2916 1380 fatigatur
2948 1306 3195 1375 ,nterius
3223 1322 3358 1361 vero
3396 1304 3807 1361 sollicitudine

2122 1402 2428 1469 torquetur
2447 1398 2475 1451 ‘?

2198 1488 2328 1555 Quis
2358 1489 2697 1557 inﬁrmatur,
2730 1490 2841 1541 etc.
2871 1486 2988 1541 Hoc
3020 1485 3237 1541 etenim
3268 1482 3688 1556 compatiendo
3725 1482 3807 1537 di-

2129 1576 2315 1641 cebat,
2354 1593 2467 1630 non
2504 1575 3006 1645 simulando.Quis
3035 1574 3597 1642 scandalizatur,ietc.
3627 1572 3808 1649 scan-

2122 1664 2322 1720 dalum
2360 1665 2516 1720 enim
2555 1664 2980 1720 motumcarnis
3010 1662 3288 1734 appellat,
3320 1662 3421 1733 qui
3452 1659 3607 1717 solet
3666 1660 3792 1716 ﬁeri

2124 1754 2357 1808 duobus
2388 1754 2710 1820 modis,aut
2730 1753 2973 1808 alterius
2996 1768 3260 1824 personae
3280 1748 3796 1824 pulchritudinem

2123 1842 2515 1914 inspiciendo,
2539 1848 2642 1897 aut
2671 1844 2878 1897 ardore
2900 1842 3146 1914 proprie
3167 1840 3500 1896 carnis.Sed
3518 1838 3636 1893 iste
3659 1836 3793 1892 talis

2124 1947 2240 1985 non
2274 1931 2462 1998 cedat,
2485 1946 2589 1985 nec
2621 1931 2987 1997 succumbat,
3022 1929 3268 1985 audiens
3300 1928 3413 1984 sibi
3437 1926 3789 1999 Apostolum

2124 2036 2253 2075 esse
2286 2018 2761 2090 compatientem.
2798 2019 2943 2074 Item
2977 2018 3025 2074 si
3050 2018 3249 2090 aliqua
3288 2013 3789 2086 titubationepul-

2119 2113 2425 2173 satur,non
2457 2108 2686 2163 diffidat
2716 2108 2826 2162 sibi
2862 2113 3037 2163 Deum
3054 2107 3372 2179 propitium
3393 2107 3582 2161 facere
3606 2118 3779 2175 posse

2120 2197 2398 2268 quoniam
2423 2196 2738 2268 Apostolus
2769 2195 2853 2250 illi
2886 2196 3325 2268 compatitur,et
3355 2195 3481 2266 ipse
3509 2193 3697 2248 etiam
3722 2209 3779 2248 se

2121 2286 2264 2341 dicit
2294 2286 2405 2341 uri.
2437 2290 2587 2340 Sunt
2617 2284 2906 2352 nonnulli,
2941 2285 3044 2357 qui
3072 2284 3277 2340 volunt
3330 2281 3667 2353 intelligere
3718 2281 3779 2334 fi-

2121 2376 2280 2441 dem,
2315 2378 2381 2430 ut
2411 2376 2490 2430 sit
2520 2391 2732 2430 sensus
2757 2391 2769 2429 :
2796 2373 2937 2440 Quis
2968 2370 3422 2441 intirmatur,vel
3450 2370 3589 2442 quis
3612 2386 3780 2424 scan-

2122 2464 2429 2531 dalizatur,
2461 2468 2518 2518 et
2541 2479 2647 2534 ego
2678 2480 2792 2518 non
2818 2462 3008 2535 patior
3026 2464 3052 2516 ‘I
3073 2461 3352 2516 Similiter
3381 2461 3453 2515 de
3495 2458 3781 2514 charitate

2119 2559 2176 2609 et
2206 2552 2428 2608 caeteris
2470 2551 2786 2608 virtutibus
2832 2550 3190 2624 intelligunt.
3252 2550 3467 2622 Magna
3522 2562 3782 2617 namque

2121 2642 2345 2697 dixerat
2375 2640 2669 2711 superius.
2702 2640 3016 2696 sedtamen
3049 2639 3163 2694 ista
3187 2637 3465 2693 inferiora
3488 2652 3611 2691 non
3644 2635 3781 2689 sunt

2122 2730 2232 2786 Sed
2264 2730 2410 2785 forte
2441 2729 2585 2784 dicit
2613 2727 2828 2800 aliquis
2854 2746 2867 2784 :
2901 2728 3201 2793 Quomodo
3231 2726 3342 2782 iste
3375 2727 3585 2796 justus
3638 2724 3777 2786 erat,

2119 2820 2219 2890 qui
2250 2818 2333 2873 ita
2361 2835 2470 2874 sua
2500 2818 2653 2873 bona
2674 2817 3004 2873 referebat?
3030 2816 3177 2883 Quia
3204 2816 3359 2871 Deus
3390 2831 3529 2871 suas
3561 2811 3777 2884 [laudes

2119 2908 2179 2964 in
2211 2907 2424 2962 divinis
2455 2906 2768 2979 Scripturis
2797 2906 3022 2973 inserit,
3046 2922 3159 2961 non
3193 2909 3282 2961 est
3306 2904 3465 2961 enim
3496 2903 3615 2960 sibi
3649 2918 3782 2957 con-

2119 2997 2339 3054 trarius
2371 2996 2488 3065 ille,
2524 2996 2627 3067 qui
2662 2995 2805 3052 dicit
2834 3013 2846 3051 :
2883 2996 3097 3052 Laudet
3125 3002 3180 3051 te
3208 2995 3446 3065 alienus,
3472 2998 3524 3050 et
3582 3011 3698 3051 non
3725 3012 3777 3052 os

2121 3096 2279 3143 tuum
2308 3087 2495 3157 (Prov.
2528 3102 2701 3153 xxvu,
2732 3086 2808 3155 2),
2844 3089 2952 3140 etc.
2979 3102 2992 3153 ;
3028 3085 3129 3139 sed
3162 3084 3290 3139 ideo
3322 3082 3685 3151 manifestat,
3720 3090 3778 3140 ut

2122 3180 2492 3248 agnoscatur.
2553 3174 2837 3237 Quoniam
2866 3173 2934 3245 lsi
2991 3190 3108 3228 non
3168 3172 3603 3245 manifestatur,
3667 3190 3776 3229 non

2124 3270 2575 3337 agnosceretur;
2639 3263 2689 3318 si
2747 3279 2865 3317 non
2936 3266 3370 3334 agnosceretur,
3444 3278 3563 3319 non
3614 3279 3773 3318 ama-

2122 3360 2320 3421 retur;
2354 3353 2404 3409 si
2436 3370 2552 3408 non
2586 3355 2905 3431 amaretur,
2938 3367 3054 3406 non
3091 3354 3454 3423 sequeretur,
3506 3368 3627 3407 non
3688 3368 3772 3407 re-

2122 3446 2462 3499 muneraret
2476 3440 2900 3512 sequentes.Ea
2919 3438 3243 3494 intentione
3264 3438 3481 3496 Paulus
3494 3456 3609 3496 sua
3630 3440 3774 3496 bona

2120 3533 2427 3589 referebat.

2192 3621 2506 3693 Sequitur:
2542 3620 2601 3675 Si
2628 3619 2865 3690 gloriari
2892 3622 3116 3688 oportet,
3143 3621 3250 3673 etc.
3285 3618 3386 3673 Est
3424 3618 3585 3674 enim
3646 3635 3770 3674 sen-

2121 3727 2263 3767 sus:
2298 3710 2359 3765 Si
2388 3725 2625 3764 necesse
2656 3712 2745 3764 est
2774 3706 3036 3779 gloriari,
3070 3723 3185 3762 non
3214 3705 3275 3761 in
3298 3705 3428 3762 aliis
3458 3706 3767 3778 gloriabor,

2122 3799 2232 3855 nisi
2265 3801 2328 3854 in
2356 3796 2778 3869 inﬁrmitatibus
2805 3796 3111 3851 meis.Nota
3131 3795 3271 3867 quia
3292 3795 3667 3853 infirmitates
3685 3812 3771 3867 ap—

2122 3888 2300 3961 pellat
2329 3887 2595 3951 adversa,
2627 3902 2753 3957 quae
2768 3884 3041 3955 superius
3069 3884 3460 3955 descripserat
3484 3900 3498 3939 :
3527 3888 3595 3941 In
3608 3888 3767 3956 fame,

2118 3977 2337 4051 inquit,
2367 3986 2418 4032 et
2445 3975 2560 4039 siti,
2594 3978 2701 4030 etc.
2732 3974 2919 4037 Quare
2949 3988 3087 4045 ergo
3116 3973 3175 4029 in
3208 3973 3300 4029 his
3331 3972 3766 4047 gloriatur,cum

2122 4068 2183 4123 in
2215 4067 2437 4123 eisdem
2469 4063 2615 4119 nihil
2651 4063 2918 4118 videatur
2942 4078 3072 4119 esse
3101 4061 3556 4134 gloriosum,sed
3590 4067 3765 4120 totum

2124 4154 2315 4211 ﬂebile
2332 4155 2361 4209 ‘?
2386 4156 2456 4207 At
2487 4169 2640 4217 vero,
2673 4144 3059 4222 sidiligenter
3079 4149 3545 4222 attendas,valde
3567 4149 3768 4224 glorio-

2124 4260 2258 4300 sum
2288 4247 2378 4299 est
2398 4241 2456 4296 in
2478 4241 2571 4296 his
2593 4239 3076 4312 gloriari,quibus
3089 4239 3367 4310 perennis
3391 4244 3770 4296 restatremu-

2125 4333 2348 4389 neratio
2380 4332 2533 4386 vitaz.

2195 4421 2505 4492 Sequitur:
2542 4423 2691 4475 Deus
2722 4426 2774 4473 et
2801 4418 2965 4472 Pater
2993 4417 3219 4472 Domini
3270 4418 3468 4487 nostri,
3502 4422 3615 4475 etc.
3663 4416 3769 4471 Ma-

2125 4527 2243 4583 gna
2271 4509 2488 4581 quippe
2519 4508 2588 4561 de
2621 4524 2684 4563 se
2713 4510 2839 4562 erat
2869 4505 3173 4573 dicturus;
3209 4509 3266 4561 et
3286 4505 3503 4562 idcirco
3526 4506 3770 4563 afﬁrma-

2125 4599 2342 4654 tionem
2372 4594 2673 4668 praemisit,
2708 4598 2787 4649 Ea
2828 4610 3085 4665 namque
3136 4593 3403 4650 dicturus
3452 4600 3596 4663 erat,
3654 4604 3767 4664 quo

2063 4691 2110 4757 D
2141 4684 2504 4742 incredibilia
2532 4682 2717 4740 videri
2747 4686 3035 4756 poterant.
3071 4681 3211 4748 Quis
3239 4683 3398 4739 enim
3439 4684 3699 4740 crederet
3724 4675 3769 4733 ei

2133 4776 2287 4849 quod
2319 4774 2610 4847 principes
2625 4771 2886 4844 gentium
2906 4770 3231 4826 simulcum
3256 4771 3476 4828 Judaais
3502 4772 3769 4827 adversus

2136 4882 2272 4922 eum
2305 4863 2783 4928 insurrexissent,
2816 4865 2873 4915 et
2902 4861 3144 4917 evadere
3161 4860 3496 4932 potuisset?
3514 4858 3767 4918 Siveideo

2122 4953 2377 5027 jurando
2407 4951 2861 5009 afﬁrmationem
2893 4948 3195 5021 praemisit,
3229 4954 3520 5021 quatenus
3549 4948 3656 5015 illi,
3679 4940 3769 5016 qui

2130 5044 2377 5098 minoris
2403 5039 2773 5097 auctoritatis
2812 5054 2947 5093 eum
3010 5054 3139 5093 esse
3197 5039 3507 5109 putabant,
3557 5035 3768 5094 facilius

2135 5132 2309 5188 dictis
2341 5130 2530 5203 ipsius
2560 5130 2736 5184 ﬁdem
2770 5128 3301 5183 accommodarent.

2202 5220 2512 5291 Sequitur:
2551 5219 2814 5273 Damasci
2832 5217 3154 5289 praepositus
3184 5218 3361 5288 gentis
3412 5217 3597 5274 Arata?
3634 5210 3764 5286 (774)

2132 5310 2293 5379 regis,
2324 5313 2435 5363 etc.
2466 5308 2580 5362 Iste
2597 5322 2833 5379 quoque
2854 5304 3206 5377 praepositus
3226 5303 3661 5378 Damasci,quia
3684 5301 3767 5355 in-

2130 5398 2432 5454 tellexerat
2460 5396 2695 5453 Judseos
2725 5395 3098 5467 conspirasse
3154 5399 3218 5449 ut
3274 5394 3603 5451 occiderent
3629 5396 3764 5444 Pau-

2131 5486 2276 5557 lum,
2301 5485 2601 5557 quaerebat
2630 5483 3128 5556 comprehendere
3146 5488 3380 5551 eum,ut
3402 5483 3558 5554 quod
3582 5478 3663 5536 illi
3682 5490 3765 5531 cu-

2200 5610 2345 5682 (775)
2380 5611 2588 5682 Autog.
2621 5610 2895 5666 Miletum.

2200 5681 2349 5753 (774)
2378 5681 2586 5737 Aratea.
