3902 6404
91 435 195 493 481

638 432 1058 494 EXPOSITIO
1102 432 1181 492 IN
1223 431 1660 493 EPISTOLAS
1708 432 1964 494 PAULI.
1999 465 2077 479 —
2115 436 2191 495 IN
2237 434 2487 499 EPIST.
2535 439 2587 500 II
2633 442 2735 501 AD
2780 444 2957 504 COR.

3394 450 3510 510 482

94 563 599 637 piebantimplere
619 579 722 636 per
745 562 1053 631 malitiam,
1078 564 1189 619 iste
1214 563 1487 635 impleret
1507 580 1609 636 per
1640 581 1748 636 po-
1776 565 1830 631 Α
1860 564 1982 620 lica:
2015 570 2349 637 potestates,
2376 573 2432 623 et
2478 574 2817 628 sanctorum
2857 574 3066 631 animis
3114 579 3285 649 cujus
3334 580 3511 637 etiam

96 654 364 719 tentiam;
400 652 522 707 sive
570 656 635 707 ut
680 651 897 707 Judaeis
932 653 1167 721 faveret,
1201 651 1288 708 vel
1320 658 1473 708 certe
1522 659 1587 708 ut
1634 668 1748 724 quo
1858 653 2137 710 introitus
2167 654 2317 711 latro
2340 658 2565 714 audivit
2586 660 2848 733 (775-76).
2870 662 2959 717 Illi
2990 664 3209 737 itaque,
3234 669 3333 740 qui
3367 670 3517 726 difﬁ-

99 743 257 816 pacis
287 742 756 813 perturbatorem
788 742 1206 815 exstingueret,
1233 758 1299 797 eo
1331 742 1749 798 studiosiorem

101 834 162 887 in
192 830 381 887 ofﬁcio
412 828 525 885 sibi
554 831 873 886 commisso
905 846 1034 886 esse
1066 834 1441 886 monstraret.

169 919 445 991 Sequitur
476 936 489 974 :
528 922 591 974 Et
610 935 711 987 per
728 918 1032 991 fenestram
1054 920 1111 974 in
1134 924 1325 989 sporta
1345 920 1606 975 dimissus
1635 936 1755 974 sum

104 1026 196 1082 per
211 1025 454 1079 murum,
472 1013 582 1064 etc.
606 1006 877 1079 Undique
900 1007 1179 1079 periculis
1202 1008 1649 1064 imminentibus
1672 1009 1757 1063 sic

107 1100 290 1155 fuerat
319 1098 658 1166 conclusus,
691 1101 757 1152 ut
800 1099 926 1165 jam
974 1097 1175 1153 nullus
1208 1115 1354 1170 pene
1398 1098 1759 1153 inveniretur

106 1187 381 1245 evadendi
410 1186 605 1253 locus;
637 1190 695 1241 et
734 1186 863 1241 ideo
895 1203 929 1241 a
959 1186 1240 1242 fratribus
1292 1202 1395 1258 per
1442 1186 1756 1242 fenestram

107 1277 389 1333 dimissus
420 1281 530 1344 est,
555 1280 612 1331 et
640 1275 700 1330 in
733 1279 957 1347 sporta,
993 1280 1058 1330 ut
1085 1274 1175 1331 vel
1204 1275 1288 1331 sic
1319 1276 1598 1357 effugeret
1630 1292 1761 1348 per-

107 1364 478 1437 sequentium
509 1381 742 1420 manus.
763 1364 927 1420 Unde
957 1364 1100 1420 dicit
1129 1365 1337 1420 beatus
1368 1382 1520 1437 papa
1544 1364 1761 1436 Grego-

107 1456 226 1511 rius
250 1472 263 1511 :
287 1454 509 1521 Quaerit
540 1454 687 1510 forte
709 1453 925 1524 aliquis
948 1455 1243 1525 quomodo
1274 1454 1385 1510 iste
1409 1455 1637 1524 justus,
1662 1451 1764 1525 qui

111 1544 189 1601 sic
209 1544 475 1600 studiose
496 1542 977 1617 persequentium
999 1543 1245 1610 rabiem,
1270 1548 1639 1614 mortemque
1665 1543 1765 1597 de-

110 1632 323 1690 clinat?
354 1633 469 1689 Sed
502 1633 743 1688 omnino
772 1635 990 1703 justus,
1022 1632 1179 1704 quod
1218 1631 1349 1687 ideo
1381 1636 1629 1688 mortem
1662 1631 1767 1686 de-

112 1722 362 1789 clinavit,
396 1722 541 1794 quia
584 1721 645 1776 in
690 1737 758 1777 ea
788 1719 1021 1776 nullum
1052 1721 1309 1776 fructum
1337 1737 1467 1777 esse
1500 1720 1767 1776 futurum

113 1810 414 1867 intellexit.
444 1808 765 1866 Declinavit
787 1808 1005 1881 quippe
1032 1813 1303 1878 mortem,
1328 1826 1445 1865 non
1471 1814 1671 1865 tamen
1703 1812 1771 1863 ut

112 1900 219 1956 sibi
243 1900 425 1956 vitam
451 1902 728 1963 servaret,
753 1898 854 1955 sed
883 1898 1078 1971 potius
1104 1903 1170 1954 ut
1190 1898 1320 1954 aliis
1340 1899 1518 1954 vitam
1542 1896 1768 1955 submi-
1799 1941 1848 2006 Β

157 1991 218 2006 ..
368 1993 378 2006 .
443 1990 481 2006 Α
585 1989 600 2006 .
1187 1988 1254 2006 ,η
1599 2005 1602 2006 ν
1641 1986 1760 2006 ιτω

115 1991 406 2046 nistraret.
439 1989 602 2056 Quod
635 1988 717 2043 ita
746 1987 819 2043 sit
848 1986 974 2059 ipse
1005 1988 1262 2043 ostendit
1293 1988 1395 2060 qui
1426 1988 1607 2044 dicit:
1641 1986 1768 2042 Non

114 2079 303 2135 solum
326 2077 559 2151 alligari
590 2078 649 2132 in
670 2076 1001 2133 Jerusalem
1024 2082 1268 2149 paratus
1290 2093 1444 2142 sum,
1468 2078 1569 2132 sed
1591 2077 1768 2131 etiam

115 2168 255 2224 mori
278 2168 421 2240 (Act.
447 2183 543 2235 xx,
574 2166 695 2238 22);
719 2170 778 2221 et
808 2165 963 2237 quod
997 2166 1243 2221 Romam
1269 2182 1558 2237 passurus
1586 2165 1768 2219 venit.

115 2257 253 2311 Hinc
284 2255 467 2311 etiam
500 2254 643 2310 dicit
673 2255 827 2309 idem
853 2253 1168 2325 praedictus
1202 2270 1374 2325 papa,
1407 2253 1545 2325 quia
1575 2250 1775 2307 omnia

117 2351 311 2401 nostra
343 2361 474 2417 qua:
502 2344 757 2416 agimus,
788 2343 901 2398 sub
932 2358 1146 2415 magno
1178 2342 1553 2398 discretionis
1581 2341 1775 2397 mode-

118 2434 336 2490 ramine
368 2433 602 2504 agenda
641 2436 800 2486 sunt.
833 2431 1085 2486 Multum
1119 2447 1373 2503 namque
1421 2447 1657 2487 necesse
1688 2433 1777 2485 est

122 2523 359 2580 solerter
405 2521 726 2578 attendere.
757 2520 813 2575 Si
855 2520 1202 2592 magnitudo
1254 2521 1510 2577 fructum
1565 2534 1776 2592 praece-

122 2614 232 2684 dat,
255 2628 404 2679 non,
430 2610 696 2681 inquam,
723 2612 917 2682 potest
948 2610 1171 2681 absque
1201 2609 1459 2681 periculo
1484 2609 1575 2664 sui
1605 2607 1780 2663 decli-

124 2718 253 2757 nare
279 2700 550 2767 laboxes;
583 2698 631 2754 si
662 2715 796 2754 vero
843 2698 1186 2771 magnitudo
1218 2700 1507 2771 pracedat
1536 2697 1776 2764 laboris,

124 2792 337 2862 absque
369 2788 465 2845 sui
489 2787 748 2860 periculo
773 2792 961 2858 potest
983 2787 1189 2843 mortis
1211 2786 1504 2843 declinare
1524 2786 1777 2842 labores.

125 2883 236 2935 Hoc
264 2878 425 2936 enim
461 2876 872 2933 considerabat
900 2875 1249 2948 Apostolus;
1284 2880 1341 2931 et
1370 2876 1499 2931 ideo
1530 2881 1781 2931 mortem

127 2967 381 3024 studiose
410 2964 770 3021 declinabat.
805 2963 937 3036 Egit
965 2964 1205 3037 quippe,
1239 2970 1307 3020 ut
1338 2965 1507 3021 miles
1540 2962 1786 3021 fortissi-

126 3073 276 3125 mus,
320 3054 424 3127 qui
478 3053 742 3124 undique
780 3052 1086 3109 obsidione
1140 3053 1454 3110 conclusus
1508 3070 1785 3126 campum

127 3143 463 3201 certaminis
493 3140 659 3215 petit,
698 3145 763 3197 ut
784 3158 959 3197 sacrae
983 3142 1487 3199 ﬁdeiadversarios
1512 3159 1621 3198 sua
1652 3159 1793 3214 pras-

1861 743 2010 798 dunt
2041 743 2331 801 celebrata
2362 749 2788 807 resurrectione
2819 768 3065 824 corpora
3093 771 3221 811 esse
3252 774 3423 829 posse
3455 760 3515 814 in

1863 831 2028 902 ccelo,
2050 832 2139 888 vel
2162 832 2220 886 in
2243 835 2538 905 paradiso,
2565 839 2810 894 audiant
2831 842 2971 911 quia
2993 843 3311 915 Apostolus
3340 863 3402 901 se
3428 864 3522 903 ne-
3632 873 3644 885 -

1866 920 2015 975 scire
2037 921 2198 991 dicit,
2218 926 2415 978 utrum
2440 924 2498 978 in
2522 942 2781 998 corpore,
2808 946 2879 983 an
2904 935 3064 985 extra
3087 948 3297 1003 corpus
3322 934 3518 1002 fuerit,

1867 1009 1967 1080 qui
2000 1009 2140 1072 dum
2173 1027 2235 1065 se
2276 1010 2545 1083 ignorare
2575 1017 2806 1086 asserit,
2840 1034 2967 1073 esse
3016 1026 3519 1099 posse‘ostendit,

1867 1097 2084 1152 Arcana
2112 1099 2281 1154 verba
2329 1106 2550 1157 secreta
2593 1104 2780 1160 dicit:
2815 1122 2935 1176 qua:
2983 1124 3093 1163 non
3142 1097 3267 1165 licet
3313 1113 3533 1168 homini

1870 1187 2027 1257 loqui
2055 1206 2070 1241 :
2102 1187 2193 1243 vel
2226 1205 2341 1244 non
2373 1189 2530 1255 licet,
2564 1193 2705 1263 quia
2746 1211 2861 1249 non
2897 1202 3118 1267 potest;
3152 1198 3239 1254 vel
3271 1207 3447 1272 certe,
3481 1202 3533 1256 si

1871 1279 2087 1347 potest,
2110 1292 2226 1331 non
2258 1283 2346 1331 est
2378 1278 2483 1333 fas.
2511 1279 2658 1335 Illud
2683 1298 2916 1354 quoque
2948 1285 3193 1342 solerter
3221 1294 3310 1344 est
3343 1296 3535 1346 atten-

1872 1364 2132 1419 dendum
2153 1367 2448 1436 quomodo
2469 1384 2674 1424 verum
2701 1387 2830 1427 esse
2854 1379 3047 1443 potest
3069 1376 3225 1446 quod
3248 1376 3538 1434 Dominus

1873 1452 2017 1508 dicit
2048 1470 2061 1508 :
2094 1455 2213 1510 Non
2241 1457 2391 1510 enim
2418 1456 2623 1513 videbit
2652 1476 2739 1513 me
2767 1461 2925 1515 homo
2957 1463 3150 1532 (Exod.
3186 1483 3388 1533 xxxm,
3419 1469 3538 1540 20),

1875 1545 2009 1610 ete.;
2051 1546 2108 1597 et
2154 1542 2203 1598 si
2255 1543 2351 1599 cui
2407 1545 2599 1601 adhuc
2659 1549 3005 1605 mortalium
3064 1555 3332 1623 ejusdem
3391 1556 3542 1612 visio

1876 1632 2257 1700 concedatur,
2291 1634 2392 1688 sed
2425 1635 2660 1705 penitus
2691 1654 2892 1693 verum
2926 1645 3035 1708 est,
3069 1642 3206 1713 quia
3241 1644 3342 1715 qui
3374 1644 3538 1701 vide-

1877 1723 2017 1774 runt
2049 1736 2207 1785 eum,
2240 1722 2461 1777 mundo
2513 1724 2752 1795 quidem
2804 1730 3015 1784 mortui
3069 1736 3227 1787 sunt.
3261 1732 3538 1789 Beatissi-

1879 1825 2015 1863 mus
2046 1824 2181 1864 vero
2228 1812 2602 1882 Augustinus
2633 1814 2777 1870 dicit
2809 1832 2821 1870 :
2856 1817 3043 1880 QuaJri
3077 1823 3268 1891 potest
3300 1821 3439 1893 quid
3475 1838 3539 1877 se

1881 1897 2039 1953 dicat
2065 1898 2380 1970 Apostolus
2428 1904 2674 1972 nescire,
2705 1903 2795 1958 vel
2826 1906 2966 1976 quid
3001 1908 3170 1963 scire.
3205 1909 3314 1964 Sed
3367 1910 3542 1967 facia-

1880 2003 2015 2042 mus
2044 1989 2466 2043 connexionem
2501 1992 2833 2064 verborum,
2868 2000 2929 2049 ut
2982 1997 3128 2051 forte
3158 2015 3227 2053 ex
3257 2015 3323 2053 ea
3354 2016 3542 2072 agno-

1879 2091 2042 2130 scere
2070 2075 2371 2131 valeamus
2406 2078 2547 2149 quid
2590 2080 2869 2147 sciat,vel
2919 2084 3059 2155 quid
3115 2087 3357 2142 nesciat.
3390 2088 3548 2146 Talis

1880 2180 2017 2234 ergo
2060 2168 2150 2217 est
2198 2166 2340 2219 ordo
2387 2168 2729 2233 verborum;
2765 2170 2905 2240 quia
2952 2172 3252 2228 hominem
3306 2182 3542 2248 raptum

1881 2252 1948 2305 ad
1994 2250 2227 2321 caelum,
2260 2252 2345 2307 vel
2398 2253 2455 2308 in
2507 2257 2871 2327 paradisum,
2906 2259 3016 2316 hoc
3065 2278 3126 2317 se
3178 2264 3325 2319 seire
3374 2266 3538 2335 dicit,

1883 2340 2003 2395 sive
2048 2339 2106 2394 in
2156 2357 2416 2413 corpore,
2447 2343 2567 2399 sive
2623 2350 2784 2401 extra
2842 2365 3080 2421 corpus,
3115 2352 3222 2407 hoc
3280 2370 3342 2409 se
3400 2356 3544 2412 dicit

1884 2429 2423 2493 nescire.Quoniam
2454 2450 2655 2489 verum
2689 2441 2778 2491 est
2808 2440 2961 2509 quod
2987 2440 3146 2510 dicit,
3171 2446 3273 2497 aut
3305 2448 3542 2501 utrum-

1886 2534 2002 2589 que
2059 2519 2302 2585 sciebat,
2352 2525 2453 2575 aut
2513 2526 2830 2597 utrumque
2888 2528 3187 2585 nesciebat
3226 2533 3395 2605 (777).
3433 2535 3547 2591 Sed

1886 2607 2192 2663 sciendum
2243 2608 2381 2679 quia
2424 2626 2741 2683 corporeus
2781 2615 2893 2670 fuit
2924 2619 3255 2691 paradisus,
3288 2629 3391 2678 aut
3439 2641 3551 2680 cm-

1885 2696 2036 2766 lum,
2087 2699 2243 2768 quod
2305 2698 2354 2752 ei
2410 2704 2717 2758 ostensum
2776 2711 2911 2761 est:
2957 2724 3093 2779 ergo
3144 2712 3553 2783 corporalibus

1891 2784 2076 2841 oculis
2108 2785 2271 2857 vidit,
2306 2788 2583 2859 quoniam
2631 2808 2723 2848 res
2752 2796 3073 2866 corporalis
3122 2801 3549 2874 corporalibus,

1892 2874 2176 2946 spiritalis
2231 2893 2365 2932 vero
2414 2878 2780 2949 spiritalibus
2829 2884 3016 2941 oculis
3066 2888 3213 2943 solet
3258 2890 3459 2948 videri.
3493 2893 3551 2948 Si

1892 2979 2027 3018 vero
2060 2963 2348 3035 spiritalis
2379 2983 2469 3022 res
2501 2971 2903 3040 corporalibus
2934 2974 3121 3031 oculis
3151 2978 3401 3045 videtur,
3429 2998 3546 3037 non

1896 3051 2014 3121 jam
2075 3050 2175 3106 illo
2232 3052 2459 3120 effectu,
2495 3072 2601 3110 nec
2648 3056 2750 3112 illa
2788 3059 3011 3116 visione
3042 3078 3159 3133 qua
3215 3067 3551 3137 corporales

1900 3139 2325 3210 corporalibus,
2360 3142 2653 3213 spiritales
2703 3151 2897 3202 autem
2949 3148 3223 3206 videntur
3273 3154 3555 3226 spiritali-

126 3234 410 3290 dicatione
451 3232 862 3287 substerneret
909 3230 1129 3303 plures.
1162 3234 1433 3288 Attamen
1480 3232 1789 3288 sciendum
1825 3308 1855 3314 _
1900 3229 2044 3297 bus;
2078 3229 2179 3284 sed
2211 3229 2408 3301 potius
2440 3234 2698 3303 quadam
2728 3236 2967 3306 Speciali
2996 3239 3240 3309 visione,
3269 3259 3395 3314 quae
3427 3261 3555 3301 om-

127 3324 257 3396 (μία
294 3322 389 3378 me
421 3322 656 3392 absque
685 3320 775 3375 sui
808 3319 1069 3393 periculo
1101 3320 1357 3377 declinat
1400 3321 1653 3391 labores,
1681 3320 1782 3392 qui
1813 3308 1857 3375 C
1897 3334 2000 3373 nes
2051 3317 2198 3373 alias
2242 3321 2636 3390 transcendit;
2672 3324 2831 3379 verbi
2878 3327 3088 3397 gratia,
3122 3308 3407 3402 spirit-alis
3457 3349 3552 3390 res

126 3413 363 3470 aliorum
395 3410 699 3483 patienter
726 3408 937 3465 tolerat
963 3426 1175 3466 mores.

193 3501 344 3573 (CAP.
378 3498 539 3567 XII.)
585 3498 867 3569 Sequitur
917 3515 929 3553 :
976 3499 1047 3555 Si
1085 3499 1325 3570 gloriari
1371 3504 1595 3571 oportet.
1646 3499 1781 3555 Pro-

132 3594 320 3661 pterea
345 3593 575 3655 tamen,
612 3586 752 3658 quia
797 3586 1004 3659 effugit
1032 3602 1245 3643 manus
1277 3605 1500 3645 eorum.
1531 3591 1650 3644 Non
1701 3597 1785 3642 ta-

138 3696 258 3735 men
300 3678 559 3751 expedit;
609 3676 749 3749 quia
806 3693 923 3733 non
982 3678 1239 3749 prodest,
1299 3679 1577 3750 quoniam
1637 3683 1787 3733 Deus

140 3784 246 3824 non
312 3767 669 3841 propitiatur
732 3765 1114 3837 gloriatione,
1175 3767 1276 3823 sed
1353 3766 1783 3822 bumiliatione.

139 3856 405 3930 Sequitur
446 3873 461 3913 :
524 3856 750 3913 Veniam
804 3863 990 3911 autem
1041 3856 1121 3912 ad
1172 3858 1431 3927 visiones,
1482 3862 1592 3912 etc.
1642 3856 1788 3911 Nota

140 3946 267 4017 quia
322 3947 433 4004 sibi
489 3943 903 4013 infirmitates,
965 3945 1207 4001 Domino
1274 3945 1515 4001 ascribit
1571 3944 1786 4002 revela-

137 4034 335 4092 tiones.

202 4125 472 4196 Sequitur
495 4141 512 4180 :
539 4123 662 4179 Scio
685 4123 964 4179 hominem
986 4124 1046 4177 in
1070 4122 1282 4179 Christo
1301 4130 1430 4178 ante
1456 4138 1629 4178 annos
1650 4138 1786 4193 qua-

141 4214 449 4281 tuordecim,
482 4215 598 4269 etc.
613 4216 761 4267 Nota
783 4212 921 4284 quia
942 4227 1159 4284 magna
1181 4213 1527 4268 necessitate
1549 4216 1787 4267 coactus

141 4317 201 4355 ea
231 4299 651 4373 manifestavit,
684 4317 808 4373 qum
853 4317 958 4373 per
1008 4301 1455 4372 quatuordecim
1488 4317 1676 4356 annos
1707 4300 1786 4355 si-

140 4386 306 4446 lentio
334 4391 498 4446 texit.
537 4390 954 4465 Animadverte
984 4389 1162 4446 etiam
1193 4390 1335 4462 quia
1367 4388 1666 4444 hominem
1697 4388 1786 4444 di-

144 4477 233 4545 cit,
264 4497 333 4535 ne
364 4478 687 4552 phantasia
732 4482 1061 4550 putaretur.
1095 4480 1157 4532 In
1198 4476 1408 4533 Christo
1454 4477 1618 4545 dicit,
1652 4493 1725 4533 ne
1756 4494 1790 4532 a

145 4566 363 4623 diabolo
393 4569 621 4624 factum
652 4568 1007 4623 crederetur.
1032 4567 1195 4632 Quod
1227 4571 1424 4621 autem
1455 4566 1595 4621 dicit
1624 4581 1635 4619 :
1675 4566 1792 4620 Ter-

145 4656 273 4712 tium
298 4659 513 4726 malum,
535 4673 651 4712 non
674 4655 821 4711 illud
845 4655 1168 4727 intelligere
1188 4656 1493 4723 debemus,
1518 4654 1619 4710 ubi
1649 4654 1791 4710 luna
1822 4677 1869 4742 Β

143 4744 249 4801 sita
275 4751 379 4813 est,
416 4747 516 4802 sed
552 4762 737 4818 usque
767 4745 839 4801 ad
859 4745 1101 4800 tertium
1135 4744 1295 4813 dicit,
1320 4748 1385 4799 ut
1404 4744 1676 4799 ostendat
1695 4759 1791 4798 su-

148 4848 244 4903 pra
270 4852 505 4892 omnem
552 4839 884 4890 creaturam
916 4839 972 4889 et
1003 4833 1204 4889 omnia
1232 4834 1543 4889 elementa.
1568 4832 1792 4889 Caelum

150 4938 275 4995 ergo
303 4923 565 4997 spiritale
610 4922 1059 4996 intelligendum
1105 4928 1194 4979 est
1242 4923 1704 4995 firmamentum,
1737 4925 1795 4977 et

152 5028 464 5084 supernum
516 5011 754 5069 solium.
792 5014 917 5068 Haec
948 5029 1182 5083 quoque
1211 5012 1484 5067 revelatio
1515 5011 1655 5083 quia
1704 5012 1793 5065 bis

151 5098 295 5157 facta
322 5108 430 5171 est,
462 5103 712 5174 ideoque
742 5102 1084 5173 subjunxit:
1120 5102 1183 5156 Et
1212 5103 1322 5156 seio
1354 5099 1671 5169 huiusmodi
1698 5100 1792 5155 ho-

152 5190 369 5258 minem,
403 5196 513 5247 etc.
548 5192 900 5247 Paradisum
946 5189 1163 5263 quippe
1192 5190 1486 5246 caelestem
1539 5188 1797 5261 appellat

153 5279 489 5347 Jerusalem,
514 5297 641 5352 qua
672 5284 762 5335 est
783 5283 971 5335 mater
990 5284 1215 5347 nostra,
1237 5284 1294 5334 et
1320 5279 1419 5334 ubi
1453 5284 1594 5334 sunt
1624 5293 1797 5349 ange-

217 5404 457 5477 _(7_75-76)
492 5405 759 5477 Fortasse
802 5405 1100 5460 introitum
1150 5403 1296 5477 latro
1342 5402 1549 5477 adivit.
1573 5402 1795 5456 Sensus

155 5474 364 5552 scilicet
391 5473 539 5559 satis
582 5476 774 5533 clarus
821 5481 930 5542 est,
964 5475 1235 5545 quamvis
1283 5474 1346 5530 in
1393 5473 1587 5529 verbis
1636 5488 1798 5528 error

159 5553 590 5699 ωξςῐρῖξῖῗξὲῲα
630 5618 751 5699 haec
789 5618 1177 5699 objectionem
1208 5616 1468 5699 sapiunt,
1496 5619 1561 5699 _et
1589 5615 1672 5699 ita
1702 5631 1796 5699 so-

160 5685 286 5763 nare
312 5685 608 5763 videntur.
632 5692 693 5747 Si
724 5685 947 5763 verum
975 5695 1067 5748 est
1104 5690 1261 5763 quod
1279 5685 1439 5745 'dicit
1468 5685 1799 5763 Apostolus

157 5772 216 5821 se
240 5760 473 5837 vidisse,
503 5761 591 5820 uti
617 5762 1018 5839 verissimum,
1050 5759 1372 5841 utrumque
1400 5759 1551 5821 scire
1579 5759 1798 5821 debue-

1893 3406 2258 3479 spiritalihus
2288 3408 2520 3464 videtur
2560 3412 2768 3477 oculis,
2796 3419 2863 3469 ut
2892 3421 2982 3470 est
3004 3418 3265 3488 justitia,
3290 3426 3346 3475 et
3375 3423 3552 3477 simi-

1891 3497 1991 3551 lia.
2016 3496 2155 3561 Quis
2193 3496 2347 3551 enim
2373 3498 2582 3569 quaerit
2611 3501 2667 3555 in
2695 3501 2951 3572 justitia,
2985 3506 3125 3577 quid
3158 3509 3370 3580 sapiat,
3406 3511 3551 3582 quid

1896 3585 2065 3651 cleat,
2098 3590 2155 3640 et
2184 3585 2442 3641 similia?
2486 3587 2666 3644 Nemo
2717 3591 2824 3646 hoc
2854 3593 3121 3664 requirit,
3154 3601 3211 3651 et
3264 3598 3553 3669 spiritalis

1896 3678 1986 3730 est
2015 3675 2178 3743 [778).
2204 3674 2430 3747 Moyses
2459 3692 2594 3731 vero
2625 3677 2978 3750 loquebatur
3006 3699 3137 3738 cum
3166 3685 3282 3740 Deo
3315 3687 3458 3743 facie
3480 3688 3555 3743 ad

1896 3763 2133 3831 faciem;
2170 3764 2270 3819 sed
2302 3769 2500 3820 tamen
2532 3767 2899 3840 intelligebat
2919 3787 3031 3826 non
3068 3773 3177 3829 hoc
3196 3790 3325 3830 esse
3347 3781 3555 3845 Deum,

1896 3854 2052 3926 quod
2086 3852 2337 3920 videbat,
2371 3870 2437 3910 eo
2468 3857 2625 3926 quod
2667 3863 2823 3913 esset
2872 3858 3284 3933 incorporeus;
3317 3871 3374 3921 et
3403 3866 3560 3940 ideo,

1897 3942 2052 4014 quod
2086 3946 2233 4009 erat,
2263 3942 2461 3998 videre
2504 3945 2859 4015 requirebat.
2896 3949 3043 4005 Dicit
3073 3968 3307 4025 quoque
3337 3954 3556 4012 beatis-

1898 4031 2086 4086 simus
2108 4032 2498 4103 Augustinus,
2515 4033 2654 4104 quia
2677 4035 2825 4090 torte
2847 4036 2955 4092 hoc
2987 4040 3284 4096 nesciebat
3310 4043 3555 4113 Paulus,

1896 4120 2091 4176 ethos
2138 4120 2287 4176 scire
2328 4123 2871 4193 quaerebat,utrum
2923 4127 2995 4181 ad
3043 4133 3277 4200 tempus
3322 4136 3557 4188 mortuo

1896 4226 2158 4282 corpore,
2184 4209 2382 4265 anima
2403 4226 2637 4283 quoque
2659 4218 2897 4269 evocata
2919 4214 3030 4272 hoc
3053 4216 3283 4286 viderit,
3309 4237 3382 4276 an
3408 4227 3563 4279 certe

1896 4316 2144 4354 manens
2176 4300 2235 4354 in
2259 4316 2520 4371 corpore,
2546 4300 2700 4356 sicut
2722 4304 3042 4375 prophetes,
3068 4307 3127 4361 in
3151 4310 3365 4365 exstasi
3400 4327 3565 4366 men-

1900 4388 1978 4442 tis
2009 4388 2330 4460 agnoverit.
2365 4392 2639 4443 Attamen
2685 4391 2991 4447 sciendum
3026 4394 3187 4464 quia,
3221 4396 3269 4451 si
3301 4401 3557 4469 certum,

1898 4480 1955 4531 et
1984 4474 2032 4531 si
2064 4475 2321 4530 solidum
2357 4476 2486 4544 fuit,
2521 4478 2673 4547 quod
2709 4477 2761 4532 ei
2793 4484 3099 4537 ostensum
3130 4487 3239 4551 est,
3267 4488 3423 4557 quod
3458 4504 3559 4543 ve-

1898 4563 2133 4620 rissime
2179 4565 2535 4619 credendum
2585 4570 2694 4633 est,
2727 4566 2826 4622 illa
2876 4569 3080 4642 utique
3119 4573 3363 4645 visione,
3400 4575 3553 4648 quod

1900 4653 2125 4709 dictum
2157 4656 2247 4708 est
2276 4652 2439 4719 vidit,
2473 4671 2597 4725 quae
2632 4654 2778 4711 alias
2810 4675 3013 4714 omnes
3044 4665 3430 4719 transcendit.

1973 4743 2255 4814 Sequitur
2296 4759 2308 4797 :
2367 4744 2470 4797 Pro
2517 4745 2787 4816 ejusmodi
2834 4748 3117 4816 gloriabor
3165 4752 3564 4825 (subauditur,

1901 4832 2195 4901 homine);
2215 4847 2315 4903 pro
2336 4848 2421 4887 me
2440 4839 2631 4889 autem
2654 4835 2826 4893 nihil.
2853 4837 2985 4893 Ideo
3011 4839 3116 4894 hoc
3140 4840 3301 4907 dicit,
3322 4842 3462 4914 quia
3483 4843 3569 4898 sic

1902 4922 2136 4978 locutus
2157 4927 2268 4985 est,
2294 4923 2465 4993 quasi
2488 4923 2558 4978 de
2582 4922 2764 4980 altera
2792 4942 3060 4997 persona.
3088 4929 3401 5001 Sequitur:
3428 4933 3565 4987 Nam

1904 5014 2006 5067 etsi
2034 5012 2263 5066 voluero
2294 5013 2555 5082 gloriari,
2587 5029 2699 5067 non
2728 5031 2821 5070 ero
2862 5017 3149 5087 insipiens.
3184 5019 3373 5082 Quare
3405 5021 3569 5076 non?

1911 5103 2204 5158 Veritatem
2225 5104 2374 5157 enim
2395 5101 2596 5157 dicam.
2616 5101 2719 5158 Hic
2731 5104 2858 5174 jam
2884 5110 3081 5177 aperte
3106 5108 3365 5163 ostendit
3386 5125 3567 5181 quare

1905 5208 2086 5263 supra
2118 5192 2344 5246 dixerat
2380 5209 2393 5247 :
2435 5193 2510 5246 Ne
2539 5194 2659 5263 quis
2687 5210 2775 5248 me
2808 5198 2959 5265 putet
3007 5197 3379 5267 insipientem.
3415 5199 3567 5255 Sane

1906 5280 2210 5335 sciendum
2246 5279 2385 5350 quia
2416 5281 2516 5352 qui
2548 5282 2702 5335 dona
2732 5282 2840 5337 sibi
2874 5283 3105 5341 caelitus
3136 5285 3351 5341 collata
3383 5287 3571 5343 mani-

1906 5409 2023 5483 ra_t;
2058 5420 2194 5483 nam
2224 5403 2272 5459 si
2300 5404 2467 5468 vidit,
2509 5420 2668 5483 ergo
2693 5406 2951 5483 scivitAse
2984 5426 3223 5483 corpore
3255 5411 3516 5467 adfuisse
3546 5428 3563 5469 :

1906 5475 1992 5530 vel
2024 5481 2343 5554 utrumque
2366 5474 2636 5554 nescivit,
2655 5477 2711 5531 id
2743 5474 3199 5554 estfalsum‘est
3229 5499 3364 5539 eum
3396 5483 3567 5554 quid-

1950 5562 2087 5601 uam
2118 5546 2338 5626 vidisse
2371 5561 2384 5600 :
2419 5546 2513 5626 qui
2545 5548 2858 5626 objectioni
2885 5553 3274 5626 exabsurdo
3323 5546 3569 5626 respon-

1948 5617 3225 5764 θῖξγὲῗῗὲιεὶὲἓεέ’ἑῐενὲἷὲἒῗτῑιδξῗίὲῗαῖῖῗὲεῗξ

1976 5690 2128 5765 (778)
2159 5690 2429 5747 Fortasse
2456 5705 2550 5749 res
2579 5692 2785 5752 etenim
2813 5694 3088 5779 spiritalis
3114 5700 3216 5761 est.
