3902 6400
405 412 523 469 483

1424 408 1760 468 ATTONIS
1807 406 2393 468 VERCELLENSIS
2440 406 2791 465 EPISCOPI

3714 405 3812 466 484

409 543 599 603 festat,
636 559 746 595 non
800 547 889 595 est
932 541 1238 612 insipiens,
1272 544 1329 595 et
1378 540 1478 610 qui
1523 539 1773 593 occultat
1820 558 1907 605 ea,
1942 556 2057 594 non
2089 542 2141 606 Α
2174 556 2240 593 cx
2269 539 2499 609 vipereo
2527 536 2793 591 veneno?
2839 536 3019 591 Datus
3049 538 3137 589 est
3168 534 3324 590 enim
3371 535 3507 590 huic
3541 536 3809 592 stimulus

407 636 497 685 est
527 632 891 700 imprudens.
928 630 1243 700 Sequitur:
1282 632 1454 683 Parca
1483 634 1683 683 autem.
1721 629 2054 682 Notandum

409 720 548 791 quia
609 721 796 773 multo
850 721 1073 787 majora
1124 725 1353 772 noverat
1400 716 1736 787 Apostolus,
1787 734 1933 786 qua},
1986 733 2057 771 ne

407 808 602 863 extolli
636 809 947 876 videretur,
985 807 1170 860 noluit
1218 806 1549 867 ostendere;
1594 811 1651 859 et
1703 806 1830 858 ideo
1864 805 2005 858 dicit
2037 822 2050 859 :

404 899 580 952 Pareo
610 906 813 961 autem,
844 897 949 949 hoc
980 901 1090 957 est,
1124 895 1262 949 celo.
1291 898 1475 957 Quare
1490 896 1516 947 ‘t
1546 896 1619 948 Ne
1644 896 1765 963 quis
1793 910 1874 947 me
1905 896 2051 948 exis-

404 990 559 1041 timet
586 1003 747 1055 supra
786 986 841 1038 il
871 984 1010 1054 quod
1042 984 1181 1037 ridet
1221 1000 1306 1037 me
1338 986 1503 1053 (779),
1540 982 1801 1035 videlicet
1834 984 1887 1035 in
1922 1000 2053 1053 ope-

400 1077 641 1139 ratione,
672 1078 762 1127 aut
795 1074 948 1126 audit
993 1073 1204 1142 aliquid
1254 1090 1322 1125 ea:
1373 1090 1475 1136 me,
1509 1072 1729 1125 scilicet
1760 1071 1815 1124 in
1849 1072 2051 1141 prrcdi-

396 1165 891 1218 catione.13eatus
950 1178 1100 1230 papa
1161 1160 1476 1229 Gregorius
1526 1160 1689 1221 dicit,
1740 1159 1877 1230 quia
1937 1160 2047 1213 sub

394 1268 609 1321 magna
654 1251 1017 1320 providentia
1049 1251 1197 1319 (780)
1230 1266 1399 1303 suam
1446 1249 1790 1319 temperavit
1846 1250 2049 1319 prmdi-

388 1341 674 1395 cationem
711 1356 723 1393 :
760 1355 892 1392 nam
929 1339 1196 1408 quasdam
1230 1338 1376 1392 dixit
1420 1343 1657 1407 propter
1703 1353 1841 1391 suos
1873 1337 2044 1391 audi-

385 1434 560 1495 tores,
597 1428 866 1498 quiedam
915 1427 1116 1489 tacuit,
1152 1443 1222 1478 ne
1277 1425 1419 1495 ipsis
1468 1425 1665 1478 extolli
1716 1424 2038 1490 videretur;

383 1519 652 1588 quredam
707 1516 871 1579 dixit,
907 1521 971 1569 ut
1031 1515 1155 1570 suis
1204 1515 1380 1568 vitam
1434 1514 1734 1581 tribueret,
1771 1515 2038 1584 quaedam

378 1623 512 1661 vero
545 1607 747 1667 tacuit,
784 1609 847 1658 ut
880 1604 990 1657 sibi
1027 1621 1190 1657 suam
1230 1603 1501 1657 salvaret.

453 1695 734 1764 Sequitur
784 1712 796 1747 :
849 1695 923 1747 Ne
974 1693 1296 1760 magnitudo
1353 1693 1753 1746 revelationum
1810 1692 2037 1744 mrtollat

380 1800 483 1843 me.
518 1790 626 1838 etc.
661 1783 996 1837 Notandum
1049 1782 1327 1851 quoniam
1383 1798 1497 1835 non
1547 1781 1711 1843 dicit,
1743 1780 1879 1849 quia
1911 1796 2035 1833 ma-

378 1872 625 1941 gnitudo
671 1870 1089 1925 revelationum
1123 1870 1329 1923 extulit
1362 1886 1473 1931 me,
1506 1870 1626 1931 sed,
1660 1886 1727 1922 ne
1776 1868 2032 1928 extollat;

376 1961 657 2030 quoniam
694 1976 807 2013 non
847 1960 971 2012 ideo
1013 1960 1169 2011 datus
1200 1963 1299 2020 est,
1334 1963 1397 2010 ut
1444 1958 1630 2027 culpa,
1668 1975 1790 2026 qua:
1826 1957 2029 2026 inerat,

374 2054 722 2117 tergerctur,
758 2048 879 2109 sed,
916 2065 1040 2116 qua:
1084 2047 1277 2100 inesse
1313 2052 1556 2116 poterat,
1591 2051 2028 2114 prazcaveretur.

376 2136 522 2190 Illud
585 2142 779 2190 autem
840 2136 1145 2189 sciendum
1208 2136 1366 2204 quia,
1415 2136 1569 2186 sicut
1627 2134 1767 2185 dicit
1826 2135 2031 2187 beatus

372 2244 523 2297 papa
574 2225 908 2295 Gregorius,
942 2226 1096 2278 Deus
1152 2224 1259 2277 sub
1310 2223 1548 2294 provida
1593 2223 2030 2293 dispensatione

373 2316 551 2370 corda
592 2332 832 2369 suorum
868 2315 1128 2383 diSponit
1159 2318 1519 2367 sanctorum.
1556 2313 1755 2382 Imque
1803 2312 1885 2365 sic
1931 2328 2028 2365 eos

377 2402 806 2473 multiplicibus
839 2403 963 2456 suis
1010 2403 1179 2455 donis
1214 2403 1381 2470 ditat,
1414 2406 1469 2455 et
1501 2401 1823 2455 multorum
1855 2401 2024 2453 vitio-

376 2509 509 2545 rum
549 2492 799 2545 victores
846 2508 971 2545 esse
1021 2491 1217 2555 donat,
1254 2496 1314 2543 ut
1363 2490 1561 2561 aliqua
1610 2491 1667 2542 in
1718 2490 1802 2542 eis
1851 2489 2023 2555 sinat,

374 2584 577 2634 contra
609 2597 734 2649 qua:
770 2596 1027 2649 pugnare
1060 2579 1335 2643 sentiant,
1370 2584 1426 2631 et
1456 2579 1846 2647 experiantur.
1884 2596 2024 2648 qua-

371 2672 547 2723 tenus
578 2669 717 2722 dum
752 2686 926 2737 parva
957 2685 1235 2736 superare
1270 2672 1585 2737 nequeunt,
1616 2675 1933 2731 agnoscant
1965 2685 2025 2721 se

366 2775 481 2811 non
549 2756 671 2811 suis
720 2756 941 2810 viribus
976 2775 1187 2825 magna
1222 2772 1551 2825 superasse,
1588 2758 1769 2809 instar
1827 2754 2021 2825 pepuli

372 2844 573 2913 Israel,
608 2844 706 2914 qui
761 2844 962 2897 multis
1012 2845 1283 2915 gentibus
1333 2844 1755 2905 exterminatis,
1809 2842 2019 2896 Philis-

372 2935 500 2987 tiim
534 2935 924 2987 exterminare
957 2932 1371 3003 nequiverunt;
1398 2934 1550 2985 unde
1579 2932 1861 2999 scriptum
1894 2937 2016 2985 est:

371 3022 566 3076 Relirti
593 3031 719 3075 sunt
768 3022 1097 3083 Philistzim,
1134 3024 1190 3075 ut
1228 3024 1571 3089 aperiretur
1602 3023 1766 3074 lsrart
1812 3020 2015 3085 (Jadic.

368 3129 451 3173 In,
487 3113 562 3181 4).
600 3112 666 3165 Et
716 3112 822 3165 hoc
873 3112 1175 3166 sciendum
1219 3112 1356 3180 quia
1389 3110 1645 3180 quinque
1695 3110 1882 3163 modis
1916 3110 2014 3163 fla-

362 3199 540 3271 gellat
578 3199 730 3254 Deus
762 3200 1077 3267 hominem,
1114 3202 1266 3271 quod
1300 3203 1356 3255 in
1392 3201 1500 3254 hoc
1549 3200 1671 3253 loco
1723 3206 2015 3253 monstra-

360 3295 477 3342 tur.

433 3377 743 3447 Sequitur:
766 3379 933 3432 Datus
956 3381 1033 3431 est
1062 3380 1199 3432 mihi
1226 3380 1482 3431 stimulus
1508 3380 1690 3431 carnis
1724 3394 1873 3439 mea’,
1901 3382 2007 3430 etc.

365 3471 429 3519 In
465 3464 571 3520 hoc
602 3466 725 3521 loco
750 3467 957 3520 diversi
992 3468 1219 3521 diversa
1250 3468 1528 3529 sentiunt,
1553 3466 1646 3520 alii
1677 3484 1775 3536 per
1808 3466 2012 3519 stimu-

361 3553 485 3608 lum
529 3571 855 3626 pressuras,
891 3555 986 3609 alii
1038 3555 1246 3626 capitis
1296 3556 1544 3617 dolores,
1582 3554 1845 3608 nonnulli
1877 3572 2010 3608 vero

360 3643 556 3697 carnis
610 3643 944 3713 intelligunt
1002 3645 1558 3714 concupiscentiam.
1630 3643 2011 3697 Beatissimus

359 3748 496 3784 vero
544 3732 928 3801 Augustinus,
964 3734 1061 3801 qui
1113 3733 1264 3786 inter
1294 3738 1534 3785 cunctos
1580 3732 1851 3785 Romamn
1894 3730 2008 3785 elo-

361 3818 615 3888 quentia:
650 3820 913 3872 doctores
948 3820 1251 3873 facundior
1280 3820 1519 3886 exstitit,
1544 3821 1625 3872 sic
1651 3820 1766 3873 ait:
1794 3819 2009 3873 Paulus

357 3906 688 3976 discipulus
738 3907 971 3973 Christi,
1009 3926 1121 3961 non
1174 3908 1442 3975 Pelagius
1493 3908 1819 3978 discipulus
1853 3908 2008 3961 anti-

262 4012 273 4022 ο
354 3995 585 4062 christi,
618 3998 760 4051 dicit
790 3998 897 4051 sibi
933 3998 1125 4052 inesse
1159 3998 1380 4052 malum
1417 3999 1920 4067 concupiscentiae,
1954 4003 2011 4052 et

356 4084 746 4155 apertissimis
766 4086 955 4140 verbis
973 4087 1458 4157 concupiscentiae
1481 4088 1699 4140 malum
1722 4086 2003 4140 ostendit:

356 4178 414 4226 et
446 4189 577 4226 cum
608 4191 725 4228 sum
760 4175 950 4228 carnis
974 4175 1354 4243 incentivum,
1382 4176 1566 4229 etsibi
1594 4175 1755 4228 civile
1788 4174 2005 4228 bellum

358 4261 549 4315 inesse
578 4269 937 4333 agnosceret,
966 4262 1191 4316 nullum
1220 4263 1516 4316 inveniens
1548 4262 1739 4316 locum
1766 4264 2006 4316 evaden-

356 4350 435 4419 di,
475 4351 582 4405 nisi
618 4352 807 4421 gratia
858 4351 953 4405 Dei
987 4352 1351 4421 exclamavit,
1394 4352 1633 4405 dicens:
1664 4351 1866 4421 Infelix
1911 4368 2005 4417 ego

355 4438 525 4508 (Rom.
562 4459 660 4506 vn,
702 4443 814 4512 ΣΗ),
843 4448 949 4495 etc.
986 4442 1125 4494 Ecce
1174 4441 1281 4495 iste
1329 4441 1611 4494 intellexit
1661 4458 1722 4495 se
1772 4440 2005 4495 nonnisi

350 4528 535 4598 gratia
570 4529 665 4582 Dei
702 4528 955 4583 liberari.
988 4529 1252 4600 Pelagius
1285 4547 1417 4584 vero
1450 4530 1574 4584 suis
1604 4530 1824 4583 viribus
1857 4548 1917 4584 se
1948 4534 2005 4583 et

2168 627 2672 696 concupiscentiae,
2726 631 2790 678 ut
2843 625 3225 695 expelleretur
3282 623 3558 679 elationis
3602 629 3805 691 tumor,

2166 716 2337 769 datus
2368 723 2455 770 est
2500 717 2764 779 Satanas,
2802 718 2863 768 ut
2909 718 3285 783 superaretur
3312 719 3579 768 Satanas.
3610 716 3690 768 Ac
3722 732 3806 785 per

2166 804 2273 857 hoc
2332 804 2416 857 sic
2474 806 2765 874 perforata
2822 807 2913 855 est
2975 800 3209 856 maxilla
3263 801 3587 857 Behemoth
3647 803 3803 875 (782),

2163 893 2317 961 quod
2363 898 2450 947 cst
2505 891 2765 946 diaboli:
2804 908 2958 953 nam,
2993 891 3141 945 sicut
3201 890 3344 944 dicit
3399 891 3609 946 beatus
3667 908 3801 963 papa

2162 982 2494 1050 Gregorius,
2530 982 2685 1034 unde
2736 980 3003 1043 conterit,
3039 978 3172 1032 inde
3220 978 3434 1045 salvat;
3469 980 3613 1050 quia
3663 983 3799 1035 unde

2160 1074 2343 1122 tentat
2376 1079 2628 1137 sanctos,
2659 1074 2721 1122 ut
2752 1069 2953 1138 perdat
2983 1067 3201 1133 volens,
3227 1066 3361 1121 inde
3393 1068 3672 1138 probatos
3700 1068 3797 1124 sal-

2157 1164 2250 1211 vat
2283 1159 2507 1212 nolens.

2228 1248 2537 1316 Sequitur:
2584 1251 2809 1317 Propter
2837 1245 2978 1316 quod
3005 1248 3087 1299 ter
3126 1246 3423 1299 Dominum
3451 1248 3669 1314 rogavi,
3701 1255 3793 1301 etc.

2154 1335 2209 1389 Si
2245 1337 2398 1390 enim
2432 1337 2677 1404 rogavit,
2702 1340 2757 1389 et
2782 1352 2893 1389 non
2918 1339 3005 1389 est
3032 1334 3365 1398 exauditus,
3391 1335 3488 1389 ubi
3516 1341 3628 1400 est,
3653 1338 3792 1407 quod

2152 1424 2435 1479 Dominus
2467 1426 2547 1478 ait
2580 1442 2591 1479 :
2628 1428 2927 1494 Antequam
2958 1440 3041 1477 me
3082 1426 3356 1487 invocatis,
3390 1424 3574 1479 dicam
3604 1426 3791 1479 vobis:

2151 1513 2371 1576 Adsum,
2401 1518 2509 1575 etc.
2551 1516 2674 1583 (Isa.
2712 1531 2865 1579 Lvm,
2888 1513 2974 1582 9);
3010 1517 3066 1567 et
3095 1513 3232 1566 item
3267 1530 3280 1567 :
3311 1513 3679 1584 Quodcunque
3703 1530 3791 1584 pe-

2150 1603 2373 1665 tieritis,
2425 1602 2562 1656 dabo
2594 1604 2741 1655 vobis
2764 1606 2788 1654 .9
2813 1602 3035 1668 (Matth.
3072 1619 3189 1669 xx1,
3222 1602 3321 1668 22;
3350 1602 3508 1657 Joan.
3540 1618 3660 1667 x1v,
3692 1603 3789 1670 13.)

2147 1690 2422 1761 Nunquid
2459 1708 2571 1745 non
2607 1708 2863 1761 praesens
2908 1694 3051 1756 erat,
3084 1690 3226 1744 dum
3262 1706 3375 1745 non
3407 1692 3787 1746 exaudiebat?

2145 1778 2280 1833 Erat
2340 1781 2562 1849 utique,
2597 1780 2768 1833 veluti
2829 1780 3111 1843 medicus,
3156 1779 3256 1849 qui
3316 1784 3542 1835 resecat
3589 1779 3784 1834 vulnus

2146 1867 2384 1931 infirmi,
2420 1886 2550 1921 cum
2602 1867 2874 1922 infirmus
2924 1868 3033 1921 sub
3086 1868 3359 1923 manibus
3400 1870 3530 1938 ejus
3562 1868 3779 1932 clamet,

2145 1957 2332 2025 magis
2365 1975 2617 2027 praesens
2652 1959 2819 2010 adest
2863 1974 2975 2010 non
3027 1957 3335 2027 parcendo,
3369 1973 3550 2027 quam
3583 1958 3631 2012 si
3662 1975 3778 2028 par-

2143 2052 2329 2109 ciirct;
2374 2046 2645 2099 similiter
2675 2051 2729 2100 et
2764 2046 3047 2099 Dominus
3082 2046 3268 2115 magis
3322 2061 3580 2116 praesens
3614 2046 3779 2100 adfuit

2146 2151 2257 2187 non
2309 2136 2694 2202 exaudientia,
2730 2151 2905 2204 quam
2940 2134 2988 2187 si
3020 2135 3358 2187 exaudiret:
3390 2151 3529 2188 nam
3580 2136 3625 2189 si
3676 2151 3772 2188 non

2142 2223 2433 2275 exaudivit
2472 2224 2543 2277 ad
2593 2228 2814 2283 votum,
2848 2223 3138 2276 exaudivit
3169 2226 3366 2276 tamen
3411 2223 3483 2277 ad
3520 2222 3769 2277 salutem.

2142 2310 2325 2379 .Tr'agis
2358 2312 2511 2363 enim
2548 2311 2835 2364 exaudivit
2868 2312 3069 2378 istum,
3095 2327 3271 2380 quam
3303 2312 3619 2381 daemones,
3643 2328 3770 2383 quos

2139 2399 2364 2454 diinisit
2396 2400 2475 2454 ire
2508 2400 2565 2453 in
2601 2417 2803 2470 porcos
2837 2401 3053 2469 (Matth.
3088 2417 3210 2465 vm,
3246 2400 3352 2466 30;
3388 2404 3567 2455 Marc.
3600 2418 3651 2470 v,
3686 2404 3770 2466 tl;

2138 2492 2266 2543 Luc.
2301 2506 2423 2551 vui,
2463 2490 2576 2556 3‘3).

2209 2578 2484 2646 Sequitur
2510 2596 2521 2633 :
2547 2577 2769 2648 Sufﬁcit
2798 2580 2901 2633 tibi
2929 2582 3111 2649 gratia.
3134 2597 3276 2650 mea,
3302 2580 3471 2651 quasi
3506 2578 3764 2635 dixisset:

2134 2665 2219 2719 Tu
2262 2665 2512 2729 laboras,
2548 2671 2607 2719 tu
2662 2667 2913 2731 hirsitas,
2948 2674 3007 2721 tu
3060 2669 3230 2721 times
3280 2686 3352 2723 ne
3401 2686 3630 2740 pereas;
3678 2666 3764 2722 sed

2134 2755 2352 2807 suf‘llcit
2376 2754 2477 2806 tibi
2504 2756 2690 2821 gratia
2715 2773 2860 2821 mea,
2888 2757 2941 2809 id
2968 2764 3057 2811 est
3081 2758 3297 2811 sufficit
3317 2757 3421 2811 tibi
3447 2758 3686 2821 vocatio,
3708 2772 3762 2809 ac

2133 2844 2567 2912 przedcstinatio
2618 2862 2744 2898 mea
2780 2862 2791 2898 :
2829 2846 3277 2915 prmdestinatus
3315 2862 3396 2911 es,
3433 2848 3621 2917 perire
3664 2861 3761 2899 non

2131 2932 2346 3000 poteris
2372 2934 2547 2997 (783);
2573 2939 2625 2985 et
2659 2934 2784 2987 ideo
2818 2933 2931 2987 noli
2964 2934 3168 2988 timere
3193 2951 3205 2989 :
3230 2936 3367 2989 Nam
3390 2938 3567 2989 virtus
3598 2936 3654 2988 in
3684 2936 3760 2988 in-

2128 3019 2390 3087 ﬁrmitate
2416 3022 2734 3089 per/icitur;
2771 3022 2875 3076 hoc
2921 3027 3029 3091 est,
3058 3025 3195 3091 quia
3240 3041 3354 3094 quo
3387 3024 3577 3095 magis
3603 3023 3757 3077 homo

2126 3110 2632 3178 persecutionibus
2664 3111 2952 3175 atteritur,
2978 3128 3043 3165 eo
3078 3112 3263 3181 magis
3299 3110 3757 3180 revelatur(78-’i).

2198 3199 2475 3268 Sequitur
2502 3215 2515 3253 :
2544 3200 2793 3252 Libenter
2813 3201 2981 3267 igitur
3009 3201 3315 3268 gloriabor;
3338 3217 3403 3254 ac
3429 3201 3475 3255 si
3506 3201 3753 3264 dixisset;

2042 3276 2084 3340 C
2125 3287 2261 3357 quia
2294 3287 2494 3340 audire
2522 3288 2813 3357 promerui
2841 3289 3119 3358 quoniam
3144 3290 3328 3343 virtus
3354 3289 3410 3343 in
3436 3289 3757 3343 inﬁrmitate

2126 3376 2441 3445 perficitur,
2491 3377 2770 3445 gloriabor
2815 3393 2907 3445 ego
2961 3378 3191 3431 libenter
3237 3380 3296 3432 in
3352 3378 3756 3446 inﬁrmitatibus

2120 3467 2272 3518 meis.
2310 3465 2537 3527 Quare?
2572 3466 2633 3519 Ut
2668 3466 2939 3519 inhabitet
2962 3468 3019 3518 in
3054 3482 3137 3519 me
3168 3468 3340 3520 virtus
3373 3466 3603 3522 Christi.
3638 3471 3756 3520 Pro-

2118 3563 2237 3624 pter
2262 3554 2400 3624 quod
2429 3555 2616 3623 placeo
2648 3554 2808 3615 mihi.
2836 3561 2943 3609 etc.
2970 3554 3205 3609 Dixerat
3236 3556 3548 3626 superius:
3582 3555 3751 3610 Liben-

2120 3652 2203 3696 ter
2234 3643 2536 3710 gloriabor,
2570 3647 2702 3707 etc.;
2739 3643 2865 3697 ideo
2898 3642 3239 3712 subjunxit:
3268 3645 3500 3715 Proliter
3530 3642 3680 3715 quod,
3702 3639 3748 3694 id

2119 3736 2203 3784 est
2241 3735 2472 3800 propter
2524 3730 2650 3793 hoc,
2684 3731 2836 3800 quod
2873 3730 3055 3785 virtus
3104 3731 3162 3785 in
3209 3732 3553 3788 infirmitate
3592 3730 3747 3803 perfi-

2118 3821 2291 3883 citur,
2348 3820 2541 3889 placeo
2592 3821 2751 3883 mihi,
2809 3826 2917 3873 etc.
2979 3820 3578 3877 Animadvertendum
3630 3818 3749 3890 quia

2120 3908 2303 3962 multa
2335 3908 2555 3961 dixerat
2603 3909 2873 3978 superius
2910 3926 2921 3962 :
2958 3910 3224 3979 quaedam
3274 3910 3451 3964 etiam
3505 3910 3745 3965 dicturus

2116 4003 2239 4052 erat
2284 3998 2338 4050 in
2391 3999 2794 4067 sequentibus,
2828 3999 2923 4051 sed
2973 4002 3090 4052 tam
3144 3998 3262 4064 illa,
3295 4015 3422 4069 qua:
3476 3998 3742 4070 superius,

2118 4104 2293 4156 quam
2319 4104 2443 4155 quae
2468 4086 2524 4139 in
2550 4087 2952 4157 sequentibus,
2978 4086 3295 4157 pravalent
3326 4085 3665 4143 infirmitati.
3689 4083 3744 4136 Et

2118 4177 2252 4246 quia
2287 4176 2403 4237 illa,
2429 4193 2555 4245 quae
2591 4176 2858 4244 superius
2890 4176 3129 4241 dixerat,
3155 4177 3401 4230 attinere
3429 4178 3501 4231 ad
3534 4174 3742 4230 laudem

2115 4264 2274 4317 illius
2306 4263 2485 4317 videri
2520 4268 2807 4332 poterant,
2843 4264 3055 4318 idcirco
3098 4263 3297 4318 oculos
3343 4265 3558 4320 mentis
3588 4263 3639 4317 in
3668 4260 3742 4313 in-

2117 4352 2453 4405 firmitatem
2489 4350 2694 4415 infixit,
2720 4352 2888 4420 cujus
2915 4353 3148 4407 nomine
3177 4353 3540 4409 infirmitatis
3571 4346 3743 4407 omnia

2116 4440 2387 4511 prtl‘flit‘ta.
2438 4440 2896 4511 comprehcndit.
2931 4442 2993 4495 In
3042 4442 3411 4511 contumeliis,
3446 4443 3505 4497 id
3535 4446 3740 4495 estnon

2114 4529 2168 4582 in
2206 4529 2423 4583 honore
2451 4548 2462 4595 ;
2497 4530 2551 4582 in
2585 4530 3022 4593 necessitatibus,
3055 4529 3107 4585 id
3156 4536 3245 4584 est
3273 4548 3388 4585 non
3421 4531 3480 4585 in
3512 4526 3739 4589 divitiis;

351 4614 572 4669 malum
616 4619 899 4681 deserere,
936 4623 989 4671 et
1031 4620 1097 4671 ad
1157 4621 1370 4673 bonum
1422 4636 1773 4688 consurgere
1832 4636 2002 4689 posse
2035 4642 2082 4703 Ι)
2114 4620 2169 4672 in
2204 4619 2692 4688 persecutz’onilms,
2724 4618 2777 4671 id
2812 4623 2899 4672 est
2931 4635 3043 4672 non
3081 4620 3135 4671 in
3170 4620 3390 4690 requie,
3416 4620 3501 4674 vel
3534 4615 3741 4685 refrige-

349 4703 552 4756 crcdit.
596 4705 670 4759 Ne
702 4707 1019 4773 magnitudo
1068 4709 1481 4767 reuelationem,
1515 4714 1622 4762 etc.
1653 4709 1797 4761 Dicit
1850 4709 2001 4762 idem

350 4791 476 4861 ipse
497 4795 899 4863 Augustinus:
928 4794 969 4848 Ο
1006 4800 1191 4848 terror
1217 4801 1269 4848 et
1302 4797 1545 4849 tremor!
1572 4797 1704 4865 quis
1730 4798 1853 4865 jam
1888 4814 2001 4851 non

349 4880 557 4934 timeat
604 4882 821 4948 extolli,
860 4883 904 4936 si
942 4883 1097 4948 talis,
1135 4889 1191 4937 et
1239 4889 1437 4936 tantus
1470 4886 1635 4936 timet
1668 4901 1735 4937 ne
1769 4886 2005 4939 extolla-

350 4972 466 5021 tur.
494 4970 769 5041 Sequitur
801 4988 813 5026 :
850 4974 1023 5025 Datus
1054 4976 1129 5025 est
1165 4974 1300 5024 mihi
1332 4972 1603 5030 stimulus,
1630 4977 1736 5025 etc.
1762 4975 2002 5028 Antido-

350 5057 479 5109 tum
514 5057 790 5129 salutare,
826 5077 940 5130 quo
974 5067 1290 5130 superatur
1319 5076 1627 5125 venenum,
1654 5065 1707 5112 et
1738 5063 1889 5129 quod
1923 5063 2005 5115 di-

352 5158 480 5197 cam
514 5144 622 5200 hoe
652 5163 779 5202 esse
813 5149 925 5202 nisi
957 5148 1283 5203 theriacum
1316 5150 1484 5219 (781),
1511 5150 1663 5219 quod
1698 5151 2006 5206 conficitur

446 5355 575 5419 779)
608 5353 779 5425 Vulg.
814 5360 869 5410 in
902 5376 1003 5414 me.

448 5425 576 5488 780)
612 5424 775 5479 Forte
804 5431 1114 5494 prudentia.

430 5496 581 5563 (781)
612 5494 899 5567 lnautog.
934 5502 1320 5558 Sisirlriacum.

392 5637 402 5648 .
430 5567 580 5648 (781%)
609 5565 705 5648 Job
737 5582 822 5648 X‘L,
854 5565 913 5621 10
943 5577 997 5648 et
1031 5576 1488 5648 seq.llehemoth
1529 5577 1744 5632 animal
1782 5580 2002 5647 grande

356 5634 900 5719 siveneleplianteni,
933 5643 1051 5697 sive
1099 5634 1277 5719 aliud,
1305 5650 1567 5719 generice
1610 5634 1886 5707 Hebraice
1919 5634 1996 5706 si;

353 5703 621 5793 gnificat.
658 5703 857 5764 Patres
887 5713 1081 5769 tamen
1131 5703 1426 5773 diabolum
1471 5703 2003 5780 communitervh‘oc

2115 4707 2231 4773 rio;
2270 4710 2323 4760 in
2354 4710 2654 4778 angustiis,
2683 4708 2737 4759 id
2767 4712 2854 4760 est
2876 4723 2988 4760 non
3018 4708 3268 4761 elatione
3300 4709 3385 4763 vel
3419 4704 3737 4765 altitudine;

2108 4812 2207 4865 pro
2258 4795 2489 4860 Christo,
2523 4796 2577 4849 id
2629 4802 2716 4848 est
2765 4812 2878 4849 non
2930 4813 3031 4866 pro
3084 4797 3339 4867 ﬂagitiis,
3374 4797 3460 4851 vel
3512 4789 3737 4868 peccatis

2112 4884 2227 4938 ista
2258 4884 2537 4949 sustineo,
2565 4886 3059 4955 quemadmodum
3090 4884 3343 4939 latrones
3375 4882 3619 4939 haeretici
3651 4893 3738 4950 pa-

2113 4974 2361 5026 tiuntur.
2406 4974 2567 5027 Unde
2620 4974 2902 5028 Dominus
2936 4992 2948 5028 :
2983 4976 3157 5034 Beati.
3190 4977 3287 5045 qui
3331 4973 3738 5045 persecutionem

2107 5065 2399 5133 patiuntur
2424 5062 2591 5132 (78:3),
2624 5068 2730 5115 etc.

2186 5153 2319 5206 Cum
2364 5153 2511 5205 enim
2562 5152 2837 5219 inﬁrmor,
2863 5156 2973 5206 etc.
3004 5153 3116 5207 Iste
3163 5153 3343 5223 enim,
3369 5170 3483 5225 quo
3511 5142 3737 5205 verberi-

2114 5368 2348 5425 nomine.
2382 5366 2734 5437 intelligunt.
3608 5432 3617 5437 _
3695 5425 3705 5436 ε

2189 5442 2334 5511 (783)
2358 5440 2537 5513 Valde
2571 5432 2825 5493 notanda
2854 5440 3049 5508 verba,
3072 5457 3199 5513 quae
3232 5432 3735 5513 praedestinationis

2113 5512 2229 5564 vim
2266 5518 2379 5564 tam
2415 5511 2567 5565 clare
2600 5513 3024 5565 demonstrant.

2186 5584 2332 5651 (7M)
2368 5592 2408 5634 Α
2422 5589 2579 5651 utog.
2616 5588 2906 5638 reveletur.

2188 5646 2333 5724 (7.5.3)
2369 5646 2556 5727 Matth;
2599 5670 2657 5723 ν,
2693 5656 2779 5719 10,
2831 5654 2933 5708 ubi
2982 5654 3054 5711 de
3103 5655 3505 5727 persecutione
3543 5646 3738 5723 ρνοριιτ

2106 5726 2390 5799 justitiam
2418 5725 2631 5799 agitur.
