3902 6406
76 419 184 480 485

613 412 1035 475 EXPOSITIO
1079 412 1156 471 IN
1204 412 1639 474 EPISTOLAS
1685 412 1945 474 PAULI.
1983 446 2059 457 —
2088 414 2166 473 ΙΝ
2215 413 2462 473 EPIST.
2512 414 2559 472 ll
2610 415 2714 473 AD
2761 415 2938 475 COR.

3374 417 3491 477 486

77 551 181 605 bus
209 545 597 616 aflligebatur,
629 559 695 599 eo
727 545 1144 609 roborabatur;
1181 543 1319 614 quia
1357 544 1415 598 in
1475 543 1716 614 sanctis,
1751 547 1807 613 Α
1838 544 2185 615 doapostoli,
2217 562 2342 616 qua:
2372 549 2564 600 vestra
2596 549 2735 599 sunt
2776 549 3064 615 quaerunt,
3126 544 3306 602 nolite
3365 547 3496 602 dili-

81 653 189 709 quo
219 635 406 704 magis
439 632 686 687 exterior
716 631 889 685 homo
920 630 1267 698 atticitur,eo
1298 632 1541 686 interior
1563 634 1725 687 robo-

81 731 252 779 ratur.
285 722 425 776 Hinc
448 726 538 775 est
567 720 721 791 quod
753 721 937 775 sancti
965 727 1247 792 martyres
1270 722 1414 776 adeo
1450 724 1625 777 fortes
1665 721 1723 776 in

81 810 547 869 tribulationibus
577 810 1125 871 existebant.Factus
1154 827 1274 865 sum
1311 813 1722 882 insipiens,etc.

82 903 217 957 Nota
246 902 383 972 quia
410 898 787 969 insipientem
827 915 889 952 se
947 899 1087 953 dicit
1127 904 1181 953 et
1238 906 1526 969 coactum,
1588 901 1727 971 quia

83 1008 248 1047 causa
277 990 666 1055 necessitatis,
702 987 759 1041 id
787 992 876 1041 est
898 1004 1141 1042 suorum
1174 989 1512 1043 auditorum
1547 1005 1727 1043 causa

84 1079 279 1135 salutis
308 1095 370 1133 se
401 1078 774 1142 laudaverat;
803 1081 860 1130 et
890 1076 1016 1130 ideo
1047 1076 1187 1130 dicit
1218 1092 1232 1130 :
1274 1078 1366 1131 Vos
1412 1094 1495 1130 me
1550 1078 1723 1147 coegi-

80 1170 189 1224 stis.
222 1167 284 1220 Et
309 1166 614 1221 sciendum
634 1164 774 1236 quia
793 1164 1110 1220 stultorum
1134 1171 1442 1236 estsponte
1465 1164 1723 1237 gloriari,

81 1272 189 1312 non
217 1254 669 1311 sanctorum.Ad
702 1253 812 1308 hoc
843 1254 1054 1308 attinet
1082 1254 1239 1325 quod
1270 1255 1577 1326 subjungit
1600 1255 1726 1325 :Ego

80 1350 250 1399 autem
276 1345 446 1399 debui
493 1361 527 1398 a
582 1344 729 1398 vobis
774 1342 1171 1407 commendari,
1232 1344 1404 1413 quasi
1461 1343 1722 1398 diceret:

82 1431 705 1504 Pseudoapostolis,qui
738 1431 853 1486 mei
885 1436 1025 1486 sunt
1054 1432 1490 1501 obtrectatores,
1516 1436 1574 1486 et
1595 1448 1723 1503 per-

83 1522 663 1589 secutores,resistere
702 1520 1013 1576 debuistis.
1048 1520 1204 1577 Nihil
1232 1522 1383 1575 enim
1410 1522 1595 1575 minus
1626 1520 1725 1575 ha-

84 1612 477 1683 bui(786),etc.
521 1608 698 1675 Quasi
756 1610 1012 1665 diceret:
1073 1608 1229 1664 Nihil
1285 1609 1484 1664 minus
1545 1608 1725 1663 habui

84 1700 259 1765 Petro,
287 1703 520 1755 Andrea
549 1704 606 1753 et
626 1698 852 1753 caeteris
885 1716 898 1765 ;
933 1698 1071 1770 quia
1093 1697 1229 1769 plus
1260 1698 1538 1753 omnibus
1570 1697 1726 1753 labo-

82 1790 212 1844 ravi.
243 1789 385 1844 Nam
423 1789 472 1843 si
494 1789 566 1843 ad
589 1787 915 1843 doctrinam
956 1788 1195 1852 referas,
1227 1804 1341 1842 non
1402 1786 1562 1841 aliud
1615 1787 1723 1840 do-

83 1883 319 1933 cuerunt
349 1894 530 1949 quam
554 1894 659 1948 ego
684 1894 697 1942 ;
724 1876 773 1930 si
797 1876 868 1930 ad
893 1876 1279 1948 patrationem
1306 1874 1726 1930 miraculorum

84 1984 190 2021 non
220 1969 443 2038 majora
459 1966 734 2020 similiter
758 1981 914 2020 :nam
942 1965 1051 2019 etsi
1076 1965 1268 2019 minor
1288 1981 1421 2019 sum
1446 1970 1728 2033 tempore,

84 2072 188 2110 non
221 2059 415 2110 tamen
445 2052 845 2125 dignitate,vel
880 2053 1106 2108 merito.
1135 2053 1235 2107 His
1295 2052 1486 2107 verbis
1532 2060 1728 2106 osten-

86 2144 332 2216 ditquod
391 2144 514 2199 sint
569 2143 913 2214 praeferendi
970 2143 1223 2212 majores
1270 2140 1731 2213 tempore‘illis,

86 2233 175 2304 qui
206 2235 460 2305 majores
482 2235 623 2287 sunt
653 2232 860 2287 merito
887 2248 899 2285 :
923 2230 1081 2286 verbi
1104 2229 1592 2302 gratia,nunquid
1616 2245 1732 2283 non

82 2325 324 2378 Joannes
355 2326 491 2377 ante
518 2319 1056 2392 praedicavit,quam
1092 2318 1405 2373 Christus?
1437 2317 1538 2372 Vel
1582 2333 1730 2371 nuu-

83 2410 208 2481 quid
230 2411 501 2466 Christus
517 2410 889 2473 Joannem,et
910 2424 1025 2463 non
1038 2408 1295 2463 Joannes
1315 2406 1608 2462 Christum
1632 2405 1735 2459 ba-

84 2499 303 2571 ptizavit
320 2498 475 2552 ‘?Sed
492 2514 606 2552 non
620 2497 691 2551 ob
719 2497 827 2552 hoc
858 2496 1141 2567 major.Et
1172 2495 1439 2567 nunquid
1463 2512 1577 2549 non
1616 2496 1733 2548 An-

86 2589 237 2643 dreas
268 2592 411 2642 ante
443 2585 742 2640 Christum
774 2590 1217 2655 secutus,quam
1251 2582 1613 2648 Petrus?,Sed
1642 2587 1727 2636 ta-

89 2694 206 2732 men
236 2680 294 2731 et
327 2677 495 2731 Petro
531 2673 847 2728 Ecclesium
878 2673 1193 2739 commisit,
1228 2673 1511 2728 dicendo:
1547 2674 1618 2726 Tu
1673 2686 1731 2725 es

87 2768 407 2833 Petrus,etc.
438 2764 625 2817 Habes
651 2763 826 2816 etiam
858 2761 1190 2832 exemplum
1223 2761 1282 2816 in
1315 2760 1506 2816 Veteri
1540 2762 1738 2815 Testa-

89 2860 289 2908 mento.
318 2853 553 2923 Moyses
584 2852 738 2905 enim
775 2851 965 2905 minor
995 2850 1105 2904 fuit
1128 2857 1294 2905 aetate
1319 2852 1525 2919 Aaron,
1550 2850 1650 2903 sed
1684 2848 1733 2903 ei

88 2947 270 2997 tamen
302 2947 458 2997 Deus
490 2938 764 3011 apparuit
794 2938 853 2993 in
878 2939 1252 3005 rubo,dicens
1279 2956 1291 2993 :
1325 2940 1440 3011 Ego
1458 2955 1579 2993 sum
1596 2939 1736 2992 Deus

88 3030 348 3086 Abraham
377 3031 582 3101 (Exod.
616 3045 702 3096 ιιι,
735 3029 811 3099 6),
846 3033 954 3083 etc.
995 3046 1008 3095 ;
1041 3029 1293 3083 maxime
1324 3045 1457 3083 cum
1492 3027 1587 3083 ille
1619 3027 1735 3083 elo-

90 3120 346 3189 quentior
369 3118 580 3190 (Exod.
618 3134 691 3185 ιν,
730 3118 836 3188 10),
872 3123 983 3172 etc.
1014 3117 1345 3188 Hocipsum
1371 3117 1545 3172 etiam
1569 3134 1738 3173 cano-

92 3209 212 3263 nica
240 3208 564 3264 auctoritas
596 3207 976 3277 monet,quod
1008 3205 1113 3273 illi,
1138 3209 1238 3277 qui
1291 3207 1542 3277 majores
1595 3211 1737 3262 sunt

1836 650 2017 705 gere;
2077 651 2182 705 ego
2232 634 2330 704 qui
2390 652 2514 697 vos,
2573 634 2726 704 quod
2788 635 2981 703 majus
3038 641 3146 705 est,
3208 651 3300 690 me
3358 636 3495 690 dili-

1835 722 1972 793 gite.
2006 723 2109 777 Nec
2136 725 2283 778 enim
2311 722 2504 777 debent
2536 718 2669 791 ﬁlii.
2734 723 2832 777 His
2889 723 3083 777 verbis
3114 724 3370 779 ostendit
3431 742 3493 781 se

1837 827 1964 865 esse
1996 817 2252 882 patrem;
2289 817 2574 883 quantum
2610 812 2764 865 enim
2800 812 2872 866 ad
2920 812 3248 866 humanum
3282 813 3490 871 attinet

1841 917 2035 969 usum,
2070 906 2337 971 parentes
2389 900 2789 955 thesaurizant
2849 901 3004 967 filiis,
3061 918 3172 955 non
3236 902 3335 956 lilii
3390 922 3492 974 pa—

1838 990 2125 1066 rentibus,
2160 990 2259 1042 sed
2292 988 2550 1055 sibimet,
2592 989 2679 1042 vel
2741 989 2906 1055 ﬁliis;
2970 990 3023 1043 in
3085 990 3495 1062 spirituali‘bus

1836 1094 1968 1131 vero
2000 1093 2029 1130 e
2061 1085 2263 1133 contra
2292 1078 2395 1131 lilii
2431 1079 2792 1149 parentibus,
2836 1096 2950 1133 non
3013 1085 3280 1150 parentes
3332 1080 3491 1149 ﬁliis,

1837 1158 1941 1221 sed
1970 1166 2073 1221 ﬁlii
2108 1168 2468 1239 parentibus,
2505 1167 2645 1238 quia
2675 1168 3004 1223 necessaria
3034 1170 3493 1225 subministrant

1835 1255 2066 1325 thuia
2123 1256 2257 1311 talis
2312 1261 2401 1310 est
2448 1274 2613 1322 usus,
2673 1257 2801 1311 ideo
2858 1257 2966 1311 hoc
3025 1258 3274 1330 dicebat,
3326 1258 3496 1331 quasi

1836 1343 2087 1399 diceret:
2120 1345 2266 1399 Cum
2300 1344 2431 1398 talis
2462 1345 2540 1399 sit
2583 1347 2945 1401 consuetudo
3003 1351 3123 1401 tam
3172 1348 3230 1401 in
3294 1366 3496 1403 carna-

1834 1432 2019 1501 tibus,
2060 1450 2238 1504 quam
2290 1432 2349 1487 in
2426 1433 2813 1503 spiritalibus,
2870 1451 2974 1504 ego
3035 1436 3328 1491 contraria
3384 1437 3501 1509 egi,

1836 1522 1976 1593 quia
2004 1520 2086 1575 nil
2137 1522 2358 1593 accepi,
2416 1523 2516 1576 sed
2559 1523 2702 1577 alias
2758 1523 3025 1578 Ecclesias
3075 1526 3381 1596 exspoliari
3427 1526 3503 1594 (ll

1834 1613 1960 1668 Cor.
1993 1628 2069 1681 x1,
2103 1612 2177 1681 8),
2206 1616 2269 1665 ut
2300 1612 2462 1665 vobis
2494 1612 2892 1683 praedicarem.
2948 1613 3025 1679 Et
3073 1613 3143 1667 ad
3199 1613 3306 1668 hoc
3366 1615 3498 1669 atti-

1836 1705 1935 1754 net
1965 1702 2119 1770 quod
2156 1699 2463 1771 subjungit
2495 1717 2507 1754 ε
2540 1702 2648 1771 Ego
2669 1707 2859 1755 autem
2892 1702 3273 1769 libentissime,
3298 1703 3355 1758 id
3387 1708 3498 1771 est,

1838 1788 2214 1843 devotissime
2260 1788 2592 1857 impendam,
2652 1789 2709 1843 id
2770 1795 2879 1856 est,
2916 1790 3203 1860 quidquid
3254 1809 3498 1862 possum

1839 1878 1910 1931 ab
1936 1876 2050 1932 illis
2082 1876 2353 1932 Ecclesiis
2385 1878 2665 1947 accipere,
2692 1883 2756 1931 ut
2788 1879 2951 1933 vobis
2985 1879 3297 1950 praedicare
3330 1882 3494 1934 sufti-

1846 1966 2017 2020 ciam.
2061 1969 2124 2020 Et
2179 1967 2654 2037 5upcrimpemlur,
2715 1967 2773 2021 id
2832 1974 2941 2027 est.
2999 1968 3071 2022 ab
3112 1968 3243 2023 aliis
3331 1970 3504 2024 morti

1842 2056 2041 2108 tradar
2072 2072 2174 2124 pro
2205 2060 2399 2109 vestra
2428 2056 2634 2110 salute.
2658 2056 2774 2109 Hac
2799 2056 3079 2110 cliaritate
3114 2057 3273 2110 nulla
3322 2060 3509 2127 major

1845 2144 2010 2196 Unde
2027 2143 2349 2199 Dominus:
2384 2144 2642 2213 Majorem
2686 2145 3021 2199 charitaiem
3048 2147 3234 2212 (Joan.
3268 2163 3356 2211 xv,
3396 2147 3504 2216 13),

1842 2234 1952 2285 etc.
1991 2231 2131 2285 Licet
2152 2247 2241 2286 vos
2283 2231 2410 2302 plus
2464 2231 2723 2301 diligens,
2783 2236 2919 2301 etc.,
2978 2249 3047 2286 ex
3103 2234 3507 2304 superioribus

1845 2319 2078 2389 pendet.
2114 2320 2344 2373 Dixerat
2375 2321 2647 2397 superius
2675 2338 2687 2374 :
2720 2322 3181 2392 Superimpendar
3217 2340 3229 2390 ;
3264 2328 3321 2377 et
3370 2324 3500 2379 ideo

1845 2407 2187 2479 subjunxit:
2222 2410 2370 2463 Licet
2404 2424 2510 2473 vos,
2536 2414 2667 2473 etc.,
2700 2410 3014 2480 plusquam
3048 2410 3193 2465 alios
3224 2410 3504 2480 meos,vel

1846 2496 2162 2569 plusquam
2195 2497 2353 2552 aliia
2401 2499 2623 2555 caeteris
2682 2498 2978 2569 apostolis,
3034 2499 3231 2555 minus
3291 2500 3505 2572 diligar

1850 2604 1882 2641 a
1910 2586 2072 2640 vobis
2104 2602 2281 2656 quam
2315 2587 2591 2641 acaeteris
2641 2587 2806 2654 meis,
2843 2588 2928 2641 vel
2956 2605 3131 2658 quam
3164 2588 3261 2644 alii
3292 2606 3325 2643 a
3354 2589 3500 2645 suis.

1918 2675 2023 2729 Scit
2049 2682 2156 2729 esto
2189 2693 2206 2728 :
2237 2692 2333 2743 ego
2359 2692 2452 2730 vos
2482 2678 2730 2743 gravavi,
2777 2683 2888 2730 etc.
2927 2694 2940 2743 ;
2994 2677 3048 2731 id
3107 2682 3196 2731 est
3258 2695 3507 2749 praesen-

1846 2762 2064 2818 tialiter
2084 2781 2262 2818 censu
2296 2782 2408 2818 non
2443 2764 2677 2835 gravavi
2713 2764 2860 2819 :Sed
2890 2782 3013 2819 cum
3038 2782 3207 2820 essem
3265 2771 3499 2831 astutus,

1847 2858 1953 2907 etc.
1992 2870 2005 2919 ;
2042 2854 2209 2923 quasi
2239 2852 2485 2908 diceret:
2519 2854 2643 2908 Non
2678 2854 2806 2909 ideo
2839 2872 2951 2908 non
2984 2855 3200 2927 accepi,
3253 2860 3316 2909 ut
3377 2873 3504 2911 ma-

1846 2941 1937 3011 gis
1966 2943 2226 3012 accipere
2257 2941 2463 2996 vellem
2499 2960 2512 3009 ;
2546 2958 2681 2996 nam
2714 2942 2884 2997 dolus
2913 2943 3129 2997 dicitur
3156 2944 3337 3011 fraus,
3387 2944 3507 3000 sive

1850 3029 2275 3095 simulatio;illc
2307 3047 2563 3100 namque
2585 3031 2826 3085 dolosus
2847 3035 2957 3098 est,
2993 3031 3093 3101 qui
3128 3031 3283 3085 aliud
3310 3038 3505 3088 mente

1848 3119 2087 3189 cogitat,
2118 3117 2277 3172 aliud
2318 3117 2682 3173 extrinsecus
2741 3118 2879 3189 agit.
2943 3119 3107 3173 Tunc
3157 3136 3292 3191 ergo
3345 3123 3500 3192 Apo-

1846 3206 2036 3262 stolus
2065 3224 2164 3262 eos
2195 3206 2325 3261 dolo
2358 3223 2563 3278 capere
2592 3205 2780 3275 vellet,
2832 3208 2880 3262 si
2926 3212 3163 3280 propter
3218 3225 3502 3280 magnum

90 3298 357 3368 sapientia
387 3303 453 3353 et
485 3296 1059 3367 merito,praaferendi
1090 3295 1208 3350 sint
1240 3296 1564 3365 majoribus
1586 3300 1733 3351 tem-
1766 3300 1809 3367 C
1851 3297 2050 3351 minus
2082 3296 2343 3367 accipere
2374 3294 2571 3350 nollet.

85 3402 208 3455 pore
232 3386 543 3455 ',similiter
572 3387 703 3440 iste.
740 3387 969 3440 Tametsi
997 3385 1147 3439 nihil
1177 3401 1321 3452 sum,
1356 3385 1558 3440 etc.lta
1574 3386 1731 3441 enim

90 3490 143 3528 se
169 3474 462 3544 humiliat,
498 3481 564 3530 ut
594 3476 817 3546 erigat;
851 3480 907 3529 et
940 3474 1068 3529 ideo
1100 3490 1233 3529 cum
1270 3474 1548 3529 dixisset:
1582 3476 1733 3530 Nihil

85 3578 212 3630 sum,
241 3565 552 3635 subjunxit
578 3581 592 3619 :
626 3565 801 3632 Signa
831 3572 1015 3619 tamen
1042 3564 1464 3634 Apostotz(787).
1500 3566 1567 3618 Et
1598 3569 1735 3619 nota

85 3652 207 3721 quia
238 3656 291 3707 in
322 3656 475 3710 omni
502 3656 784 3725 patientia
813 3653 974 3708 dicit.
1002 3657 1120 3708 Hac
1144 3652 1425 3724 patientia
1454 3652 1731 3708 tolerave-

90 3744 170 3793 rat
196 3740 289 3797 ille
309 3742 670 3809 Corinthios,
702 3747 757 3796 et
788 3741 1217 3796 medicamento
1252 3741 1652 3812 prodigiorum
1679 3746 1736 3796 et

89 3827 369 3900 signorum
400 3847 610 3887 eorum
642 3836 968 3886 correxerat
994 3848 1253 3899 errores;
1286 3831 1455 3903 quasi
1486 3832 1732 3896 diceret;

90 3919 145 3970 In
175 3934 235 3973 eo
259 3921 408 3991 quod
441 3920 622 3976 homo
652 3919 970 3990 sum,nihil
990 3937 1152 3988 sum;
1188 3921 1245 3974 in
1276 3938 1342 3976 eo
1389 3921 1543 3992 quod
1595 3938 1731 3992 apo-

91 4006 278 4079 stolus,
309 4008 537 4082 aliquid
570 4026 724 4064 sum.
1622 3995 1629 4002 I

155 4095 287 4163 Quid
310 4104 385 4154 est
413 4099 609 4155 enim?
666 4102 774 4155 etc.
810 4117 822 4165 ;
874 4098 1041 4170 quasi
1073 4099 1291 4154 diceret
1324 4116 1336 4153 :
1388 4102 1514 4153 Non
1546 4098 1735 4170 magis

94 4190 287 4243 caetera
320 4190 599 4245 Ecclesiae
629 4189 850 4261 aliquid
901 4194 1253 4261 acceperunt
1299 4206 1334 4244 a
1397 4188 1588 4255 Petro,
1647 4188 1735 4244 vel

92 4276 317 4349 Andrea,
350 4297 533 4352 quam
563 4296 663 4352 vos
694 4296 728 4333 a
760 4296 873 4347 me,
909 4278 1019 4333 nisi
1055 4280 1203 4334 forte
1236 4296 1443 4347 unum,
1505 4278 1562 4333 id
1623 4283 1732 4349 est,

96 4367 230 4432 quod
256 4385 364 4424 non
392 4370 625 4440 gravavi
679 4385 787 4438 eos,
847 4372 1145 4439 sumptum
1200 4367 1559 4438 accipiendo.
1620 4368 1733 4423 Sed

92 4450 133 4505 si
161 4453 472 4528 hocipsum
528 4462 831 4530 peccatum
895 4457 1024 4526 fuit,
1088 4458 1376 4527 ignoscite
1438 4456 1625 4523 mihi;
1676 4457 1733 4511 id

93 4546 186 4609 est,
215 4545 409 4603 donate
450 4547 599 4603 mihi
654 4547 795 4601 hanc
839 4546 1137 4618 injuriam.
1200 4545 1515 4600 Sciendum
1577 4545 1734 4600 enim

94 4632 216 4699 quia
240 4635 558 4692 stultorum
590 4641 680 4692 est
710 4653 859 4707 opus
892 4636 1140 4707 dignum
1190 4634 1362 4689 laude
1420 4634 1732 4706 reprehen-

95 4719 250 4777 disse.
282 4724 553 4781 Ostendit
583 4742 682 4780 eos
715 4742 842 4780 esse
875 4724 1107 4780 stultos.
1169 4725 1238 4778 Et
1296 4740 1368 4778 ne
1429 4724 1508 4778 illi
1568 4729 1736 4795 puta-

96 4815 208 4865 rent
230 4814 380 4883 quod
403 4814 502 4870 ille
532 4814 593 4869 in
626 4814 946 4885 primordio
978 4831 1096 4869 sua;
1128 4812 1578 4885 praedicationis,
1637 4813 1739 4883 qui

98 4910 197 4952 non
224 4909 540 4974 acceperat,
600 4903 972 4973 postmodum
1036 4902 1296 4973 accipere
1354 4900 1543 4967 vellet,
1603 4900 1732 4955 ideo

97 4986 378 5056 subjunxit
411 5007 423 5045 :
461 4994 588 5047 Ecce
617 4993 808 5057 tertio,
840 4995 976 5059 etc.;
1006 4993 1152 5062 (788)
1186 4990 1351 5059 quasi
1386 4990 1734 5045 diceretzNe

100 5077 294 5139 putetis
327 5096 418 5135 me
445 5080 709 5151 accipere
738 5079 905 5147 velle,
938 5080 1037 5151 qui
1068 5080 1354 5134 hactenus
1398 5096 1510 5133 non
1571 5094 1732 5132 acce-

100 5160 145 5228 Pi
176 5181 186 5217 ε
217 5170 331 5222 Non
360 5172 515 5224 enim
546 5186 732 5240 quaero
755 5186 874 5241 quae
908 5179 1083 5224 vestra
1112 5178 1262 5237 sunt,
1300 5174 1410 5224 etc.
1467 5168 1567 5223 His
1610 5183 1733 5221 ver-

101 5246 177 5305 bis
204 5263 471 5325 provocat
499 5274 602 5313 eos
632 5259 703 5313 ad
736 5275 994 5313 amorem
1029 5259 1142 5325 sui,
1177 5263 1239 5313 ut
1285 5258 1372 5312 illi
1429 5258 1735 5313 audientes

100 5351 153 5392 se
180 5356 445 5419 quaerere,
478 5346 947 5420 diligerenteum
982 5348 1191 5419 :quasi
1231 5345 1450 5402 diceret
1480 5362 1492 5400 :
1553 5349 1736 5401 Pseu-

166 5572 299 5650 (Ζδβ)
328 5576 499 5650 Yulg.
533 5578 679 5634 nihil
709 5580 861 5635 enim
888 5573 1076 5634 minus
1103 5578 1193 5649 fui
1219 5575 1286 5631 ab
1316 5577 1404 5631 iis.

164 5645 298 5721 (ΖΨ)
329 5645 497 5721 Vulg.
527 5652 879 5721 apostolatus.

164 5714 297 5796 (788)
331 5721 393 5778 In
423 5714 620 5795 autog.
657 5738 842 5797 marg.
876 5721 973 5781 hic
1022 5721 1238 5797 legitur
1285 5736 1410 5794 cap.
1465 5718 1733 5792 XXVIII;

1916 3385 2175 3456 Nunquid
2202 3400 2300 3455 per
2329 3385 2572 3454 aliquem
2601 3401 2810 3450 eorum,
2836 3390 2943 3441 etc.
2980 3403 2992 3441 :
3028 3387 3197 3457 quasi
3246 3386 3463 3443 diceret
3489 3406 3502 3443 :

1842 3473 2051 3529 Nullus
2083 3490 2149 3527 ex
2182 3474 2273 3527 his
2297 3490 2444 3544 quos
2504 3474 2637 3529 misi
2690 3475 2875 3537 vobis,
2937 3475 3131 3530 dixit:
3194 3477 3501 3547 pecuniam

1843 3563 2082 3634 dignam
2145 3580 2402 3634 personae
2452 3562 2711 3633 tribuite,
2744 3564 2793 3618 si
2827 3562 2994 3619 illum
3044 3569 3346 3636 peccatum
3396 3565 3504 3621 ha-

1844 3652 1978 3707 bere
2010 3651 2233 3707 vultis:
2278 3670 2390 3706 non
2422 3653 2684 3723 poteritis
2739 3670 2872 3707 eum
2934 3659 3204 3725 pacatum
3261 3654 3497 3720 habere,

1844 3741 1957 3796 nisi
1990 3740 2225 3807 dignam
2259 3741 2566 3812 pecuniam
2585 3742 2863 3797 dederitis
2890 3760 2903 3809 ;
2928 3742 3049 3798 etsi
3081 3743 3295 3816 aliquis
3318 3744 3498 3799 dixis-

1844 3835 1932 3885 set
1953 3830 2144 3896 Paulo,
2179 3832 2428 3901 peccavi,
2462 3835 2781 3902 torqueret.

1916 3920 2120 3990 Rogavi
2150 3920 2345 3987 Titum,
2379 3924 2487 3974 etc.
2520 3920 2726 3991 ;quasi
2759 3920 2977 3975 diceret
3005 3936 3017 3973 :
3060 3920 3184 3975 Non
3247 3922 3503 3978 circum-

1843 4007 2000 4063 venit
2029 4024 2128 4062 vos
2160 4006 2349 4077 Titus,
2384 4007 2521 4079 quia
2542 4006 2685 4062 nihil
2739 4008 2901 4062 vobis
2951 4009 3237 4079 quaesivit,
3298 4026 3501 4080 quem-

1846 4097 2163 4152 admodum
2199 4113 2302 4151 nec
2325 4113 2467 4168 ego;
2499 4097 2635 4167 quia
2660 4114 2909 4167 quorum
2945 4114 3061 4151 una
3106 4102 3193 4152 est
3251 4099 3502 4167 devotio,

1845 4187 2022 4241 etiam
2045 4203 2164 4241 una
2186 4185 2548 4241 voluntas.Et
2581 4186 2707 4240 ideo
2739 4185 3063 4255 subjunxit:
3088 4187 3276 4242 Nonne
3306 4187 3501 4243 eodem

1843 4277 2043 4347 spiritu
2074 4276 2479 4329 ambulavimus
2509 4275 2536 4328 ‘2
2568 4274 2627 4328 ld
2689 4279 2796 4340 est,
2831 4265 3034 4329 eadem
3107 4275 3393 4342 doctrina,
3446 4280 3498 4331 et

1845 4366 2040 4420 iisdem
2064 4366 2336 4433 vestigiis,
2371 4365 2507 4436 quia
2540 4362 2687 4417 nihil
2710 4363 3063 4433 accepimus.

1918 4454 2060 4509 Olim
2089 4456 2345 4522 putastis,
2379 4457 2486 4520 etc,
2526 4471 2537 4519 ;
2600 4451 2769 4523 quasi
2825 4452 3085 4506 diceret:
3138 4450 3501 4507 Jamdudum

1844 4542 2116 4612 estquod
2147 4558 2247 4596 vos
2290 4540 2542 4609 putastis
2599 4540 2749 4595 nolle
2798 4557 2904 4595 nos
2965 4540 3225 4611 accipere
3285 4555 3505 4594 munus

1846 4636 2083 4702 propter
2114 4647 2349 4697 munus,
2385 4635 2442 4684 et
2489 4646 2604 4683 non
2664 4631 2812 4700 (789)
2874 4628 3161 4701 simplicis
3220 4645 3349 4684 esse
3415 4628 3506 4683 in-

1849 4718 2149 4775 tentionis.
2185 4718 2295 4773 Sed
2321 4716 2475 4772 hunc
2529 4735 2784 4773 errorem
2845 4716 3319 4789 pseudoapostoli
3362 4716 3478 4772 infe

1850 4808 2076 4876 rebant,
2108 4807 2367 4861 dicentes
2394 4823 2405 4861 :
2434 4806 2564 4861 Ideo
2599 4806 2746 4861 nolit
2776 4807 3037 4878 accipere
3096 4823 3292 4876 parva,
3355 4820 3506 4875 qua-

1852 4902 2021 4952 tenus
2080 4895 2327 4967 accipiat
2385 4912 2617 4966 magna.
2684 4895 2748 4949 Et
2780 4896 2853 4950 ob
2906 4896 3012 4949 hoc
3062 4894 3366 4965 subjungit
3406 4892 3503 4947 ille

1844 4984 2293 5040 afﬁrmationem
2320 4983 2656 5055 jurationis,
2690 4984 2891 5039 dicens
2922 5000 2934 5037 ι
2969 4999 3155 5037 coram
3189 4987 3315 5048 Deo,
3346 4985 3454 5035 etc.
3483 5000 3496 5045 ;

1844 5073 2483 5147 quasidiceretzQuod
2522 5089 2635 5127 non
2686 5072 2927 5143 accipio,
2982 5088 3095 5126 non
3156 5086 3334 5124 causa
3385 5084 3503 5123 ma-

1836 5163 1986 5234 joris
2019 5164 2188 5227 lucri,
2223 5165 2322 5218 sed
2358 5167 2558 5217 vestra:
2592 5161 2801 5216 salutis
2836 5178 2850 5228 ;
2911 5160 3031 5216 sive
3084 5163 3287 5214 vestrae
3344 5155 3505 5212 salu-

1842 5253 1919 5307 tis
1964 5254 2112 5324 (790)
2159 5251 2409 5322 rigorem
2480 5268 2619 5305 mea:
2664 5249 3089 5322 przedicationis
3142 5263 3258 5303 non
3318 5250 3504 5320 ﬂecto,

1846 5341 1983 5412 quia
2016 5341 2270 5397 multum
2303 5341 2542 5411 prodest
2569 5338 2652 5394 illi
2704 5338 2805 5410 qui
2865 5339 3223 5409 increpatur,
3280 5334 3331 5390 si
3386 5349 3504 5391 non

1845 5572 2053 5629 nullibi
2077 5575 2274 5626 autem
2307 5586 2431 5639 cap.
2467 5568 2630 5635 XXV,
2666 5567 2831 5623 XXVI
2864 5573 2921 5624 et
2959 5567 3178 5625 XXVII.

1918 5644 2065 5716 (789)
2088 5646 2293 5716 Autog.
2331 5657 2446 5716 nos.

1918 5648 2044 5716 (789
2088 5648 2293 5712 Autog.
2331 5657 2446 5695 nos.

1917 5648 2065 5794 (790)
2095 5711 2572 5786 Subintelligitur
2602 5711 2751 5770 forte
2777 5727 2972 5772 causa.
