3902 6400
359 408 477 467 487
1376 409 1718 470 A'l‘TONIS
1762 408 2352 471 VERCELLENSIS
2398 412 2751 475 EPISCOPI

358 542 602 612 accipiat
631 541 701 595 ab
733 556 799 596 eo
830 540 1148 613 magister;
1209 558 1347 598 nam
1398 542 1538 596 dum
1607 558 1721 596 non
1781 542 2011 618 accipit,
2044 549 2097 613 Α

357 632 543 687 credit
562 647 694 686 eum
718 646 833 685 non
853 634 1124 701 pacatum
1146 630 1358 685 habere
1387 631 1695 702 posse,nisi
1718 632 2009 686 emendet.

424 720 737 791 Sequitur:
784 720 964 773 Timeo
1013 722 1162 774 enim
1190 736 1260 773 ne
1286 722 1426 789 forte
1475 736 1602 775 cum
1634 736 1859 784 venero,
1892 724 2007 774 etc.

356 809 621 865 Ostendit.
650 823 884 878 quoque
913 807 1007 861 his
1035 807 1245 873 verbis,
1272 808 1549 877 quoniam
1584 808 1774 863 adhuc
1834 807 2005 861 multi

3662 426 3790 485 488

2200 545 2478 615 Sequitur
2511 548 2621 602 :Ne
2650 553 2869 617 iterum,
2927 565 3053 604 cum
3108 566 3326 622 venero,
3382 553 3645 611 humiliet
3701 572 3791 614 me

2121 632 2259 686 Deus
2290 634 2437 701 apud
2468 651 2576 700 vos,
2637 641 2742 691 etc.
2800 637 3066 693 Ostendit
3123 641 3278 695 enim
3341 640 3401 696 in
3462 643 3572 698 hoc
3627 644 3783 711 loco,

2120 737 2253 775 cum
2288 722 2445 792 dicit,
2479 728 2530 778 et
2560 726 2774 794 lugeam
2826 728 3045 793 multos,
3105 730 3261 800 quod
3312 731 3438 801 jam
3494 732 3775 788 nonnulli

2120 810 2479 877 paenitudine
2508 815 2747 868 correcti
2782 815 2852 869 ad
2887 821 3097 870 sanctae
3128 818 3394 873 Ecclesiae
3429 820 3782 879 societatem

355 902 522 953 erant
549 898 702 953 inter
723 913 820 951 eos
851 895 1151 950 incorrecti
1186 913 1199 961 ;
1239 900 1295 949 et
1345 896 1473 949 ideo
1514 895 1659 949 dixit
1700 896 1991 962 timorem,

354 1003 470 1058 quo
520 1002 617 1040 eos
674 988 932 1048 terreret,
995 1000 1064 1037 ne
1114 984 1281 1053 forte,
1342 1001 1474 1038 cum
1528 985 1767 1048 veniret,
1850 986 2003 1038 inve-

337 1075 489 1130 niret
538 1090 636 1127 eos
680 1071 847 1141 tales,
902 1070 1106 1142 quales
1154 1089 1270 1126 non
1314 1072 1510 1139 vellet,
1574 1074 1682 1127 hoc
1743 1078 1853 1137 est,
1910 1072 1999 1126 in-

337 1164 710 1227 correctos,et
746 1161 874 1214 ideo
934 1177 1051 1214 suae
1105 1160 1471 1216 auctoritatis
1530 1162 1997 1216 dominationem

335 1252 397 1306 in
453 1252 537 1307 eis
602 1252 913 1315 exerceret,
974 1253 1028 1303 et
1083 1248 1197 1323 ipsi
1254 1250 1587 1305 invenirent
1649 1266 1782 1305 eum
1823 1250 1997 1304 talem

337 1339 567 1411 qualem
603 1355 717 1393 non
746 1337 978 1403 vellent,
1010 1338 1120 1393 hoc
1151 1343 1259 1405 est,
1289 1339 1547 1410 rigidum
1612 1357 1677 1394 ac
1709 1356 1994 1394 severum.

336 1434 396 1483 In
431 1446 545 1501 quo
606 1429 754 1482 facto
812 1432 1127 1482 monentur
1184 1428 1624 1499 praedicatores,
1673 1433 1738 1482 ut
1791 1428 1837 1482 si
1882 1445 1999 1499 qua

334 1519 406 1573 de
436 1518 547 1572 sibi
579 1515 861 1586 subjectis
892 1516 1162 1587 plebibus
1195 1517 1681 1588 reprehensibilia
1725 1517 1992 1583 audiunt,

336 1606 501 1679 prius
535 1606 804 1659 timorem
834 1603 1115 1674 dirigant,
1159 1609 1223 1658 ut
1280 1605 1667 1675 corrigantur,
1733 1622 1804 1659 ne
1854 1606 1996 1659 forte

334 1696 590 1764 veniant,
620 1699 677 1748 et
710 1693 1062 1747 incorrectos
1102 1693 1463 1747 invenientes
1525 1694 1993 1748 dominationem

339 1802 457 1839 suae
485 1782 850 1838 auctoritatis
880 1781 939 1835 in
971 1781 1088 1835 illis
1124 1786 1453 1836 exerceant.

410 1871 722 1943 Sequitur:
786 1869 861 1923 Ne
922 1871 1064 1939 forte
1119 1872 1513 1940 contentiones,
1589 1872 1991 1935 mmutationes,

339 1968 446 2017 etc.
480 1961 668 2024 Quare
696 1958 949 2026 timeret,
1005 1957 1094 2012 his
1151 1960 1342 2013 verbis
1400 1959 1819 2027 manifestavit,
1881 1960 1990 2014 sci«

338 2049 494 2113 licet,
530 2064 601 2102 ne
651 2046 771 2100 haec
810 2063 935 2117 quae
970 2051 1297 2117 sequuntur
1324 2048 1384 2101 in
1417 2047 1533 2102 illis
1564 2048 1990 2102 invenirentur.

339 2138 448 2193 hoc
478 2141 566 2191 est
595 2134 1021 2199 contentiones,
1057 2151 1184 2205 quae
1218 2134 1493 2189 dicuntur
1525 2136 1692 2206 quasi
1726 2136 1797 2191 ab
1831 2134 1989 2191 omni

339 2226 685 2293 intentione,
717 2239 782 2277 eo
815 2224 969 2294 quod
995 2224 1165 2291 juxta
1195 2223 1578 2278 intentionem
1626 2242 1817 2291 suam,
1876 2240 1990 2277 mm

341 2314 535 2369 studio
590 2311 895 2367 veritatem
955 2309 1238 2377 discendi,
1284 2312 1383 2365 sed
1448 2314 1639 2382 potine
1700 2312 1990 2375 vincendi,

340 2401 562 2471 aliquid
586 2401 758 2455 homo
790 2399 1084 2453 defendat.
1148 2400 1543 2454 .Emulationes
1583 2400 1797 2472 quippe
1854 2405 1993 2454 sunt

340 2489 692 2545 invidentia.
714 2487 1152 2553 Verumtamen,
1195 2488 1346 2542 sicut
1375 2490 1517 2542 dicit
1547 2490 1753 2544 beatus
1797 2492 1993 2559 Augu-

340 2581 552 2645 stinus,
586 2579 766 2633 distat
795 2578 945 2631 inter
989 2577 1420 2632 aemulationem
1481 2583 1537 2632 et
1591 2578 1988 2634 invidentiam.

339 2667 569 2725 [Emula
594 2667 652 2722 id
686 2670 793 2732 est,
853 2681 988 2719 cum
1049 2665 1223 2719 homo
1273 2666 1469 2721 dolore
1527 2670 1832 2737 torquetur
1888 2684 1990 2739 pro

339 2774 402 2812 re
431 2756 646 2827 aliqua,
694 2770 871 2825 quam
921 2753 1067 2808 alter
1124 2754 1372 2826 adeptus
1428 2760 1535 2821 est,
1597 2761 1654 2810 et
1694 2757 1815 2827 ipse
1874 2774 1989 2811 non

339 2845 703 2915 adipiscitur,
737 2847 793 2896 et
823 2840 1229 2911 hujuscemodi
1264 2849 1353 2897 est
1382 2843 1510 2913 ipsa
1541 2860 1651 2911 res,
1684 2862 1810 2915 quae
1842 2863 1986 2899 non-

339 2933 453 2988 nisi
486 2934 556 2987 ab
589 2947 704 2987 uno
737 2930 1022 3002 possideri
1058 2931 1241 3001 possit
1273 2946 1285 2984 :
1312 2932 1630 2987 invidentia
1688 2950 1817 2987 vero
1878 2939 1986 2996 est.

338 3022 571 3092 quando
598 3020 731 3091 quis
763 3018 962 3073 dolore
991 3024 1299 3090 torquetur
1351 3037 1451 3089 pro
1510 3021 1749 3075 alterius
1809 3022 1986 3077 l'elici-

339 3116 477 3181 tate,
509 3116 564 3164 et
610 3107 767 3163 dolet
810 3125 909 3178 pro
968 3107 1165 3178 aliqua
1222 3125 1299 3177 re,
1362 3126 1535 3179 quam
1596 3110 1741 3163 alter
1788 3112 1992 3181 acqui-

341 3202 438 3266 rit,
466 3203 524 3253 et
579 3199 704 3268 ipse
761 3197 936 3250 etiam
996 3212 1109 3249 non
1168 3197 1459 3251 desiderat
1502 3215 1653 3252 eam.
1713 3200 1981 3254 Animosi-

338 3295 482 3343 tates
504 3286 720 3357 quippe
745 3289 882 3338 sunt
904 3285 1222 3338 anxietatcs
1247 3302 1259 3337 ί
1287 3287 1563 3355 quoniam
1590 3287 1994 3341 animosusdi-
2024 3280 2066 3346 C

337 3376 490 3432 citur
536 3374 831 3439 anxiosus,
887 3372 975 3427 vel
1034 3372 1418 3444 suspiciosus,
1472 3374 1577 3428 hoc
1625 3380 1712 3429 est
1771 3376 1983 3448 zeloty-

337 3480 469 3536 pus.
521 3463 890 3516 Dissensiones
933 3477 1064 3514 vero
1124 3467 1263 3516 sunt
1319 3462 1652 3533 divisiones,
1715 3466 1983 3535 dissidia,

334 3557 511 3623 atque
540 3549 803 3605 divortia.
837 3550 1209 3604 Detractiones
1241 3551 1478 3621 quidem
1511 3552 1982 3624 dicuntur,quasi

333 3639 1021 3709 retractiones,quoniam
1053 3639 1149 3692 ille
1187 3640 1477 3693 detractor
1533 3647 1640 3707 est,
1688 3642 1788 3712 qui
1839 3641 1982 3696 alte-

332 3729 458 3784 rius
506 3728 724 3781 honum
760 3726 902 3781 dicit
932 3742 1061 3780 esse
1094 3726 1338 3791 malum,
1370 3727 1455 3782 vel
1516 3734 1670 3783 certe
1703 3746 1980 3799 magnum

331 3816 474 3871 dicit
500 3831 745 3886 parvum
781 3838 795 3879 ;
831 3831 988 3879 nam,
1021 3815 1161 3868 dum
1192 3814 1301 3869 hoc
1333 3816 1470 3887 agit,
1519 3816 1732 3872 bonam
1785 3819 1982 3876 fratris

331 3904 549 3959 famam
581 3903 890 3957 obscurare
913 3903 1229 3973 contendit,
1255 3910 1310 3958 et
1340 3905 1507 3974 quasi
1537 3922 1569 3959 θ.
1616 3908 1785 3961 corde
1846 3908 1983 3963 alte-

329 3993 455 4049 rius
485 3991 751 4058 retrahit,
784 3996 992 4046 utnon
1050 4008 1184 4046 eum
1242 3992 1417 4047 talem
1471 3995 1686 4061 credat,
1748 3997 1981 4067 qualem

328 4083 492 4155 prius
523 4080 867 4135 crediderat.
902 4079 1320 4135 Susurrationes
1349 4085 1568 4147 autem,
1630 4082 1718 4136 vel
1772 4102 1982 4139 susur-

327 4184 519 4238 rones,
552 4186 585 4223 a
614 4185 757 4223 sono
788 4169 1019 4222 aurium
1053 4168 1349 4236 dicuntur,
1405 4171 1682 4241 quoniam
1741 4171 1838 4227 ille
1890 4191 1985 4228 su-

325 4272 517 4323 surro,
545 4255 763 4326 est,qui
796 4273 909 4310 non
940 4256 999 4309 in
1025 4256 1189 4319 facie,
1232 4257 1332 4311 sed
1373 4256 1432 4311 in
1484 4275 1623 4312 aure
1671 4258 1983 4329 loquendo,

323 4345 598 4400 detrahit.
625 4344 939 4413 Iri/lationes
963 4361 1195 4416 quoque
1226 4345 1502 4399 dicuntur
1523 4350 1801 4413 tumores,
1847 4351 1988 4419 quia

324 4432 566 4487 inﬂatus
598 4432 813 4486 dicitur
843 4432 1012 4503 quasi
1040 4437 1317 4487 ventosus
1347 4450 1361 4500 ;
1395 4433 1983 4507 quoniam,quemad-

325 4522 566 4575 modum
595 4528 724 4576 uter
762 4526 932 4576 vento
976 4522 1330 4587 extenditur,
1389 4523 1470 4578 ita
1526 4529 1584 4578 et
1645 4542 1809 4581 mens
1857 4529 1986 4598 ejus

326 4609 737 4677 amaritudine,
814 4609 903 4663 vel
963 4610 1383 4681 indignatione,
1439 4613 1527 4667 vel
1577 4618 1730 4669 certe
1787 4616 1987 4688 aliqua

326 4696 595 4764 elatione,
638 4696 806 4768 quasi
840 4698 1297 4766 vento,inflatur,
1328 4701 1620 4771 Sequitur.
1654 4704 1980 4761 Seditiones.

326 4782 640 4839 Sciendum
672 4786 811 4856 quia
840 4785 1018 4841 distat
1039 4787 1191 4842 inter
1212 4788 1582 4856 seditionem,
1628 4796 1686 4846 et
1738 4794 1980 4860 bellum,

322 4875 496 4943 atque
530 4873 884 4929 incentivum
914 4875 1130 4929 Seditio
1162 4875 1400 4946 quidem
1449 4880 1656 4933 attinet
1693 4881 1764 4935 ad
1809 4884 1980 4951 cives,

324 4959 543 5015 bellum
572 4961 643 5015 ad
675 4962 1258 5031 hostes,incentivum
1290 4982 1421 5020 vero
1452 4968 1700 5021 refertur
1743 4972 1813 5024 ad
1873 4989 1980 5042 pu-

325 5062 526 5118 gnam,
576 5067 705 5120 quae
728 5051 1011 5106 excitatur
1054 5053 1301 5123 propriae
1349 5054 1541 5109 carnis
1582 5056 1806 5111 ardore.
1850 5064 1982 5116 Haec

326 5151 556 5206 quoque
586 5138 784 5192 omnia
810 5138 945 5194 licet
972 5140 1201 5197 diversa
1247 5142 1387 5207 sint,
1438 5148 1633 5198 tamen
1679 5146 1749 5199 ad
1796 5164 1981 5205 unum

324 5224 577 5278 tendunt
608 5225 807 5293 ﬁnem,
840 5227 949 5283 hoc
999 5235 1108 5295 est,
1144 5231 1213 5284 ad
1249 5230 1552 5287 charitatis
1607 5236 1977 5293 divisionem.

327 5312 692 5382 Quapropter
721 5313 858 5382 quia
876 5315 989 5386 ipsi
1011 5318 1181 5372 divisi
1211 5316 1541 5388 t'uerant,ne
1564 5324 1756 5379 denuo
1790 5333 1986 5383 essent

326 5397 457 5453 ideo
488 5398 607 5453 illis
634 5400 947 5470 Apostolus
976 5404 1246 5461 timorem
1279 5408 1505 5478 direxit,
1560 5418 1852 5483 quatenus
1909 5418 1981 5472 ab

330 5485 426 5542 his
461 5487 744 5543 omnibus
771 5504 833 5544 se
860 5498 1160 5549 caverent.

400 5662 654 5745 (791-92)
681 5660 856 5736 Vulg.
888 5668 1070 5728 venio.

2116 898 2348 953 fuerant
2376 902 2644 956 revocati.
2676 902 3092 960 Verumtamen
3126 905 3294 961 multi
3326 907 3519 964 adhuc
3572 926 3779 968 mane-

2113 986 2254 1040 bant
2286 988 2614 1055 incorrecti,
2641 1007 2743 1060 pro
2777 992 2990 1062 quibus
3021 994 3268 1050 timebat
3299 995 3779 1065 humiliari.Quis

2111 1075 2267 1128 enim
2303 1083 2463 1147 pater
2494 1096 2605 1132 non
2643 1080 2869 1134 laetetur
2899 1083 2956 1135 in
3009 1083 3235 1139 dilectis
3284 1084 3442 1152 filiis,
3486 1087 3573 1142 vel
3636 1089 3777 1160 quis

2110 1181 2223 1218 non
2250 1166 2512 1221 tristetur
2542 1170 2612 1223 de
2636 1170 2806 1225 malis
2837 1171 2864 1225 ‘?
2896 1176 2960 1225 Et
2990 1173 3118 1227 ideo
3158 1173 3272 1229 illis
3330 1175 3542 1233 direxit
3598 1178 3779 1234 timo-

2110 1269 2254 1319 rem,
2288 1260 2352 1308 ut
2402 1257 2850 1325 corrigerentur,
2920 1278 2990 1315 ne
3041 1262 3186 1317 forte
3229 1266 3490 1338 veniens,
3558 1267 3609 1323 si
3670 1285 3775 1324 eos

2108 1341 2513 1400 inemendatos
2564 1345 2870 1415 inveniret,
2929 1349 3345 1409 humiliaretur
3404 1361 3461 1410 et
3513 1355 3771 1429 lugeret,

2107 1434 2236 1499 quia
2265 1448 2371 1487 non
2404 1444 2632 1501 egerunt
2661 1439 3060 1506 prenitentiam,
3131 1458 3309 1511 quam
3368 1443 3415 1498 si
3482 1445 3770 1517 egissent,

2106 1520 2333 1575 veniam
2366 1525 2656 1578 consecuti
2687 1526 2954 1583 fuissent.
3004 1528 3163 1583 Facit
3212 1534 3269 1585 et
3316 1533 3595 1590 adversus
3654 1536 3771 1591 No-

2103 1608 2388 1677 vatianos,
2423 1612 2544 1681 qui,
2581 1618 2897 1685 postquam
2949 1616 3008 1671 in
3070 1618 3474 1677 fornicationis
3534 1623 3769 1680 malum

2105 1696 2342 1758 labitur,
2375 1706 2592 1771 negant
2647 1718 2779 1757 eum
2840 1720 2944 1775 per
2998 1706 3396 1776 paenitentiam
3454 1727 3768 1785 resurgere

2105 1801 2295 1854 posse.
2332 1788 2572 1844 Frustra
2602 1807 2812 1862 nempe
2836 1793 3179 1863 paenitentia
3209 1796 3767 1870 injungeretur,nisi

2103 1874 2277 1927 veniae
2312 1876 2535 1932 fructus
2567 1885 2925 1949 sequeretur.
2980 1884 3047 1937 Et
3085 1884 3192 1939 hoc
3240 1887 3565 1961 sciendum,
3622 1891 3767 1963 quia

2103 1962 2214 2015 tria
2246 1963 2406 2028 dicit,
2435 1969 2880 2035 fornicationem,
2912 1973 3333 2030 immunditiam
3359 1982 3413 2030 et
3455 1962 3765 2049 impudici-

2103 2054 2402 2119 tiam;sed
2440 2054 2531 2109 his
2589 2059 2863 2113 omnibus
2914 2060 3285 2132 impudicitia
3340 2071 3430 2121 est
3486 2068 3761 2137 deterior,

2103 2141 2378 2210 quoniam
2403 2142 2768 2215 impudicitia
2797 2164 2924 2203 esse
2946 2150 3162 2206 dicitur
3183 2154 3350 2224 quasi
3384 2163 3762 2215 monstruosa

2103 2229 2499 2294 immunditia,
2562 2250 2688 2304 quae
2734 2237 2927 2307 agitur
2981 2239 3039 2293 in
3097 2240 3354 2313 incertis,
3401 2244 3489 2300 vel
3546 2248 3605 2302 in
3664 2248 3763 2305 his

2104 2336 2229 2387 quae
2262 2321 2410 2374 ﬁunt
2440 2328 2642 2376 contra
2675 2330 2966 2396 naturam,
3022 2329 3175 2383 sicut
3231 2330 3324 2387 ille
3375 2333 3475 2405 qui
3515 2353 3757 2393 uxorem

2102 2408 2283 2477 patris
2314 2409 2555 2464 duxerat
2588 2412 2631 2481 (I
2661 2412 2780 2467 Cor.
2815 2416 2951 2486 v,l).
2989 2417 3237 2474 Pudicus
3270 2421 3508 2491 quidem
3542 2424 3763 2483 dicitur

2099 2499 2483 2565 verecundus,
2514 2500 2848 2571 impudicus
2879 2509 3073 2561 autem
3110 2507 3539 2568 inverecundus
3571 2532 3584 2582 ;
3644 2515 3757 2571 hoc

2101 2586 2315 2655 est,qui
2350 2588 2566 2642 amisso
2591 2592 2811 2660 pudore
2842 2598 3109 2649 versatur
3136 2596 3194 2651 in
3220 2598 3581 2657 detestandis
3627 2608 3756 2659 stu-

2101 2674 2239 2744 pris.
2278 2674 2656 2732 lmmunditia
2685 2680 2902 2735 dicitur
2931 2683 3218 2755 quidquid
3249 2690 3606 2747 contrarium
3663 2698 3757 2748 est

2102 2764 2425 2817 munditiae.
2463 2766 2781 2823 li‘ornicatio
2809 2775 3004 2826 autem
3063 2773 3119 2828 in
3171 2774 3278 2830 hoc
3332 2775 3456 2834 loco
3505 2778 3604 2835 illa
3662 2782 3756 2837 in-

2102 2852 2419 2922 telligenda
2449 2860 2554 2917 est,
2588 2872 2713 2926 quae
2747 2858 2802 2912 in
2865 2876 3103 2932 corpore
3162 2866 3377 2937 agitur,
3426 2868 3755 2928 immundi-

2101 2941 2183 2995 tia
2211 2957 2344 2995 vero
2361 2943 2535 2997 etiam
2570 2944 2928 3019 illaintelligi
2966 2957 3153 3020 potest
3204 2970 3330 3025 quae
3383 2958 3578 3030 agitur
3623 2977 3755 3016 cor-

2100 3030 2255 3100 poris
2288 3030 2665 3087 delcctatione
2698 3036 2783 3089 vel
2807 3039 3023 3093 mentis
3054 3041 3488 3101 deliberatione.

2167 3119 2320 3188 (Car.
2356 3120 2556 3191 Xlll.)
2603 3122 2922 3192 Sequitur:
2982 3130 3115 3184 Ecce
3168 3134 3329 3186 tertio
3381 3136 3481 3190 hoc
3534 3139 3756 3195 veniam

2096 3208 2342 3279 (791-03)
2373 3211 2449 3264 ad
2502 3225 2607 3265 vos.
2674 3211 2763 3266 Bis
2823 3223 3075 3282 venerat,
3136 3224 3191 3273 et
3250 3238 3403 3277 nunc
3460 3227 3631 3283 tertio
3691 3247 3756 3287 se

2103 3298 2298 3351 venire
2330 3301 2781 3371 promittit,quia
2806 3303 2975 3373 paulo
3009 3307 3278 3377 superius
3303 3328 3363 3366 se
3394 3313 3621 3371 dixerat
3651 3334 3754 3389 pa-

2096 3392 2306 3440 ratum.
2345 3389 2451 3442 Sed
2486 3390 2663 3460 quaeri
2698 3396 2887 3461 potest
2913 3409 3093 3463 quare
3125 3413 3232 3452 suo
3272 3400 3546 3458 adventui
3603 3404 3754 3479 legis

2094 3477 3081 3548 testimoniumjunxerit.Videlicet
3102 3488 3237 3557 quia
3253 3492 3580 3548 secundum
3605 3477 3753 3567 legis

2095 3572 2446 3635 praeceptum
2474 3566 2688 3637 aliquis
2720 3570 2829 3623 sub
2864 3572 3093 3627 duobus
3124 3581 3226 3631 aut
3255 3578 3447 3636 tribus
3497 3566 3752 3641 testibus

2092 3652 2587 3723 veljustificatur,
2611 3656 2697 3711 vel
2757 3661 3185 3718 condemnatur
3243 3666 3418 3737 (Deut.
3479 3688 3617 3739 xvn,
3668 3674 3747 3745 6).

2088 3741 2304 3796 Verum
2336 3742 2475 3812 quia
2504 3743 2593 3798 his
2625 3762 2722 3800 eos
2747 3748 3144 3815 admonuit,ut
3164 3741 3749 3829 corrigerentur,ideo

2092 3830 2197 3885 hoc
2229 3831 2473 3900 protulit
2495 3834 3219 3909 testimonium,quatenus
3250 3845 3298 3899 si
3332 3863 3445 3901 non
3481 3865 3542 3905 se
3563 3853 3745 3906 corri-

2090 3924 2310 3989 gerent,
2346 3920 2455 3974 sibi
2482 3921 2608 3990 jam
2642 3940 2757 3977 non
2789 3925 2941 3981 ultra
2959 3932 3316 3998 parcendum
3351 3936 3751 4011 intelligerent

2092 4006 2254 4062 Unde
2287 4013 2343 4062 et
2375 4025 2509 4063 mox
2539 4012 2843 4081 subjunxit
2874 4033 2886 4070 :
2954 4019 3207 4075 Praedixi
3261 4026 3433 4094 enim,
3485 4006 3573 4082 ut.
3598 4046 3751 4101 prg-

2091 4096 2228 4161 dico,
2262 4103 2370 4150 etc.
2404 4097 2676 4153 Praedixit
2702 4117 2941 4171 premens
2972 4108 3231 4179 quidem,
3265 4118 3321 4167 et
3350 4114 3540 4169 absens
3561 4096 3633 4173 iis
3654 4124 3756 4191 qui

2092 4192 2223 4239 ante
2234 4192 2677 4257 peccaverunt,et
2696 4196 2905 4247 caeteris
2918 4197 3200 4258 omnibus;
3223 4200 3340 4256 illis
3371 4203 3470 4274 qui
3498 4208 3756 4265 necdum

2094 4274 2163 4327 ad
2195 4274 2489 4344 integrum
2542 4294 2601 4331 se
2660 4289 3055 4354 correxerunt,
3095 4286 3182 4342 vel
3238 4295 3411 4359 certe,
3467 4295 3523 4348 si
3558 4312 3756 4354 venero

2095 4362 2313 4430 iterum,
2337 4372 2443 4416 non
2474 4380 2723 4433 parcam.
2758 4369 2949 4424 Parcit
2995 4372 3152 4427 enim
3210 4378 3529 4447 Apostolus
3584 4385 3759 4455 quasi

2098 4468 2211 4504 non
2244 4452 2840 4524 parcendo,quoniam
2874 4457 3003 4514 ideo
3036 4465 3336 4532 praemittit
3353 4452 3648 4540 timorem,
3684 4491 3759 4531 ne

2094 4540 2243 4593 forte
2269 4540 2527 4595 inveniat
2556 4544 2710 4598 unde
2742 4546 3198 4606 dominationem
3231 4565 3513 4613 exerceat.

2169 4629 2449 4699 Sequitur
2482 4648 2494 4684 :
2528 4632 2609 4685 An
2639 4637 3071 4704 experimentum
3100 4646 3349 4711 quieritis
3376 4647 3494 4715 eius
3542 4653 3644 4721 qui
3696 4655 3761 4708 in

2096 4732 2179 4771 me
2208 4718 2457 4786 loquitur
2484 4721 2778 4776 Christus?
2808 4725 2875 4778 Et
2930 4732 3019 4782 est
3075 4746 3284 4787 sensus
3320 4751 3334 4789 :
3380 4718 3756 4808 Experimen-

2093 4810 2149 4859 to
2172 4805 2347 4860 vultis
2390 4808 2633 4877 probare
2701 4811 2748 4865 si
2799 4816 3045 4883 possim,
3108 4824 3163 4873 et
3220 4821 3350 4877 ideo
3407 4805 3522 4880 non
3578 4828 3761 4887 vultis

2091 4895 2478 4966 vosmetipsos
2503 4900 2815 4970 corrigere;
2841 4903 3054 4959 Caristl
3089 4924 3343 4981 namque
3378 4912 3758 4984 loquentisin

2094 4998 2186 5036 me
2217 4985 2480 5054 quaeritis
2512 4988 3147 5057 probationem,utrum
3182 5015 3284 5068 per
3314 5017 3404 5056 me
3428 5005 3618 5073 possit
3638 5006 3759 5063 im-

2094 5070 2251 5142 plere
2283 5074 2439 5142 quod
2487 5076 2635 5139 dico,
2671 5084 2960 5147 quatenus
2991 5084 3040 5139 si
3092 5070 3445 5166 impleverit;
3475 5094 3758 5169 deinceps

2093 5160 2375 5229 timeatis,
2401 5166 2455 5216 et
2487 5162 2535 5215 si
2568 5180 2682 5219 non
2708 5166 3056 5239 impleverit,
3089 5176 3279 5230 securi
3336 5160 3645 5239 maneatis.
3688 5160 3757 5240 ln

2093 5264 2158 5303 eo
2189 5266 2320 5304 vero
2345 5252 2497 5320 quod
2522 5254 2622 5318 ait,
2654 5272 2747 5327 qui
2778 5258 2835 5310 in
2862 5275 2947 5314 me
2980 5263 3239 5332 loquitur,
3273 5270 3531 5324 ostendit
3579 5289 3755 5330 suam

2091 5336 2384 5408 loquelam
2414 5345 2589 5410 atque
2620 5344 2945 5402 doctrinam
2977 5350 3190 5407 Christi
3221 5371 3369 5411 esse.

2164 5427 2480 5497 Sequitur:
2520 5430 2625 5497 Qui
2656 5434 2711 5486 in
2744 5436 2890 5490 vobis
2919 5454 3029 5493 non
3067 5442 3528 5516 infirmatur,ete.
3562 5449 3637 5505 Et
3667 5455 3761 5509 est

2092 5529 2303 5570 sensus
2339 5516 2428 5572 :Si
2460 5518 2520 5572 in
2548 5520 2712 5578 vobis
2746 5539 2862 5581 non
2893 5525 3444 5604 infirmatur,multo
3467 5538 3675 5597 minus
3697 5541 3757 5599 in
