3902 6434
113 441 242 536 ἰεῦ

669 438 1080 502 EXPOSITIO
1125 440 1203 500 IN
1250 439 1678 502 EPISTOLAS
1724 441 1984 504 PAULI.
2027 478 2103 488 —
2149 448 2224 507 lN
2271 448 2520 512 EPIST.
2569 453 2616 512 ll
2664 455 2767 513 AD
2812 455 2986 517 COR.

3419 461 3538 521 490

140 570 320 660 nobis,
339 573 397 626 et
418 569 478 625 in
504 569 684 660 nobis
698 573 906 643 potens
925 572 1039 628 erit
1060 572 1230 644 (793).
1275 573 1540 630 Christus
1562 573 1780 646 quippe
1806 575 1864 642 Α
1893 578 2094 647 quitur
2119 595 2131 634 :
2163 581 2280 636 Non
2311 587 2370 636 ut
2400 599 2496 639 nos
2525 586 2742 656 probati
2768 604 3149 660 appareamus.
3183 591 3347 646 Tunc
3376 593 3532 648 enim

142 662 198 716 in
217 659 326 715 illis
344 674 456 713 non
484 662 576 714 est
592 657 953 729 inﬁrmatus,
973 661 1284 733 quiainter
1301 675 1403 719 eos
1424 679 1528 734 per
1552 667 1778 734 aposto-

139 751 221 806 los
250 747 427 804 multa
457 747 676 803 fecerat
722 748 913 821 signa,
966 751 1245 822 quoniam
1299 751 1567 808 viderant
1597 763 1778 808 oecos

138 837 502 902 illuminatoe,
536 835 802 908 leprosos
831 839 1168 910 mundatos,
1194 844 1304 895 etc.
1331 839 1509 904 Quasi
1531 841 1779 896 dixisset

138 924 474 999 Apostolus:
512 923 573 979 Si
602 941 717 981 non
740 930 830 981 est
850 924 1190 985 infirmatus
1217 928 1484 985 Christus
1505 929 1564 984 in
1589 929 1776 997 vobis,

139 1030 303 1088 quare
317 1029 452 1086 ergo
471 1029 589 1069 non
603 1014 843 1082 timetis,
861 1017 1136 1087 quoniam
1157 1022 1347 1088 potest
1361 1017 1609 1090 implere
1621 1019 1779 1090 quod

137 1106 254 1160 dico
273 1103 300 1159 ‘i
321 1102 608 1169 Quoniam
636 1107 864 1175 poterat
885 1105 957 1160 ad
1007 1105 1129 1161 haec
1165 1105 1379 1178 aliquis
1404 1109 1777 1180 respondere,

138 1209 198 1249 ac
226 1192 447 1248 dicere:
485 1192 787 1256 Quomodo
836 1209 951 1248 non
1001 1198 1092 1250 est
1145 1195 1503 1266 inﬁrmatus,
1538 1212 1672 1251 cum
1705 1196 1782 1251 sit

136 1281 486 1338 crucifixus?
528 1281 853 1352 subjunxit,
913 1287 1090 1354 atque
1138 1285 1254 1339 ait:
1291 1286 1432 1340 Nam
1476 1287 1580 1340 etsi
1607 1287 1784 1341 cruci-

135 1374 270 1442 ﬁxus
321 1374 398 1426 est
451 1385 524 1426 ex
579 1368 909 1440 inﬁmitate
966 1381 1158 1428 nostra
1208 1374 1385 1445 (794),
1445 1381 1556 1431 etc.
1605 1372 1783 1438 Quasi

134 1461 342 1516 diceret
363 1474 376 1515 :
400 1459 485 1514 Ex
507 1458 854 1514 infirmitate
874 1465 1088 1516 nostris
1108 1459 1304 1517 carnis
1325 1463 1640 1517 crucifixus
1670 1463 1778 1528 est,

136 1555 355 1621 passus,
388 1551 682 1616 mortuus,
714 1553 772 1603 et
827 1548 1152 1606 ascendens
1202 1550 1264 1604 in
1325 1549 1521 1621 caelos,
1555 1551 1782 1605 aditum

134 1638 285 1710 regni
317 1635 573 1693 ccclestis
603 1637 896 1708 patefecit,
933 1644 1227 1708 quatenus
1274 1639 1346 1694 ab
1379 1639 1486 1695 hac
1523 1638 1642 1694 vita
1671 1639 1780 1694 mi-

134 1730 360 1800 grantes
390 1725 620 1798 absque
645 1721 767 1781 ulla
797 1725 1095 1797 dilatione,
1130 1727 1397 1798 ejusdem
1427 1728 1592 1800 regni
1614 1727 1783 1784 intel-

136 1815 239 1888 lige
266 1815 438 1888 (796),
498 1813 836 1870 felicitatem
891 1815 1088 1870 subire
1146 1817 1394 1888 possini.
1453 1815 1613 1880 Quod
1647 1831 1780 1873 vero

1887 666 2169 734 probatus
2196 676 2522 740 appareret,
2559 674 2608 728 si
2658 674 2790 731 illos
2840 676 3192 734 incorrectos
3223 679 3529 751 inveniret,

1887 753 1997 809 hoc
2027 759 2135 823 est,
2169 758 2315 814 tales
2349 763 2414 814 ut
2441 760 2501 815 in
2533 761 2616 816 eis
2646 769 2816 819 suum
2848 765 3306 823 dominationem
3339 772 3537 839 posset

1887 855 2174 900 exemere.
2207 846 2318 901 Sed
2353 846 2464 902 hoc
2497 849 2731 906 nolebat
2759 853 3076 923 Apostolus
3103 872 3117 922 ;
3145 859 3202 910 et
3231 854 3362 911 ideo
3393 857 3538 912 sub-

1884 931 2118 998 junxit:
2156 938 2259 989 Vos
2311 937 2459 1006 quod
2518 940 2718 994 bonum
2773 947 2874 1007 est,
2920 943 3164 1012 faciatis.
3225 945 3330 1000 Nos
3359 953 3543 1001 autem

1891 1021 2110 1091 reprobi
2138 1023 2313 1078 simus
2340 1024 2510 1096 (796).
2545 1027 2656 1083 Sed
2690 1028 2831 1100 quid
2880 1033 2970 1085 est
3017 1032 3172 1102 quod
3221 1031 3354 1088 illos
3382 1038 3544 1106 optat

1890 1109 2078 1166 facere
2111 1111 2353 1181 bonum,
2388 1128 2450 1169 se
2479 1120 2676 1171 autem
2709 1119 3028 1188 reprobum
3062 1123 3238 1176 esse?
3265 1119 3542 1192 Nunquid

1895 1198 2118 1254 malum
2152 1217 2213 1255 se
2242 1202 2450 1273 optat?
2481 1204 2627 1261 Non.
2671 1206 2780 1261 Sed
2835 1207 3148 1277 reprobum
3196 1225 3259 1264 se
3289 1209 3451 1281 dicit,
3482 1211 3542 1265 id

1892 1291 2000 1354 est,
2026 1288 2334 1344 humilem.
2363 1291 2523 1347 Tunc
2544 1293 2700 1348 enim
2723 1296 3009 1366 reprobus
3029 1301 3185 1352 esset
3208 1298 3541 1368 Apostolus,

1894 1376 1950 1430 id
1965 1381 2073 1444 est,
2091 1377 2355 1445 humilis,
2370 1381 2418 1434 si
2432 1395 2532 1436 eos
2545 1383 3199 1453 emendatosinveniret,
3215 1386 3355 1456 quia
3371 1402 3540 1442 suam

1895 1465 2359 1524 dominationem
2392 1469 2451 1523 in
2484 1470 2569 1526 eis
2601 1486 2863 1527 exercere
2893 1489 3008 1528 non
3041 1479 3258 1545 posset.
3292 1474 3454 1531 Unde
3483 1479 3543 1530 et

1895 1555 2066 1625 quasi
2099 1558 2439 1628 exponendo
2479 1559 2819 1630 subjunxit:
2879 1562 2998 1617 Non
3053 1564 3201 1617 enim
3250 1577 3543 1634 possumus

1892 1643 2115 1714 aliquid
2168 1644 2427 1701 adversus
2499 1649 2824 1709 veritatem;
2911 1648 3080 1720 quasi
3141 1649 3420 1708 dixisset:
3479 1651 3542 1707 Si

1889 1733 2282 1804 vosmetipsos
2332 1735 2718 1805 correxerilis,
2765 1740 3026 1792 nostram
3075 1737 3539 1794 dominationem

1890 1835 2154 1876 exercere
2182 1831 2298 1877 non
2331 1837 2670 1894 possumus,
2696 1824 2835 1895 quia
2856 1825 3002 1880 nihil
3028 1827 3309 1882 adversus
3329 1828 3539 1882 verita-

131 1904 290 1970 dicit,
309 1917 381 1959 ea:
423 1905 632 1959 virtute
652 1902 773 1971 Dei,
798 1903 920 1959 sive
962 1900 1167 1971 Patris,
1192 1905 1314 1960 sive
1336 1905 1602 1974 ejusdem
1626 1904 1777 1961 Filii.
1809 1935 1862 2006 Β
1888 1910 2004 1963 tem
2041 1924 2380 1981 possumus,
2411 1911 2550 1981 quia
2580 1912 2638 1966 in
2670 1913 2835 1968 vobis
2860 1918 2951 1968 est
2989 1915 3220 1969 veritas.
3254 1913 3315 1970 Si
3345 1919 3540 1970 autem

135 1992 404 2065 Sequitur
419 2009 438 2047 :
464 1997 606 2050 Nam
620 2000 787 2048 etuas
806 1993 1024 2063 inﬁrmi
1037 2005 1228 2049 sumus
1248 1995 1314 2049 in
1334 1995 1451 2050 illo.
1473 1994 1604 2050 Haec
1624 1994 1781 2050 enim

132 2091 234 2137 vox
261 2080 666 2154 apostolorum
695 2085 805 2150 est,
838 2088 894 2136 et
945 2078 1339 2153 perfectorum
1371 2084 1786 2139 tantummodo

133 2172 403 2226 virorum.
437 2171 666 2240 Infirm:
727 2185 916 2226 sumus
973 2173 1036 2226 in
1090 2172 1210 2243 illo,
1264 2171 1374 2227 hoc
1404 2176 1514 2237 est,
1545 2185 1646 2242 pro
1686 2171 1786 2226 illo

131 2275 438 2332 pressurae
471 2259 751 2332 patimur,
782 2267 840 2314 et
871 2259 1213 2331 afﬂigimur.
1263 2259 1365 2316 Sed
1393 2262 1640 2316 vivemus
1664 2273 1789 2316 cum

131 2365 186 2404 eo
211 2363 284 2404 ea:
309 2349 524 2404 virtute
553 2349 652 2403 Dei
679 2349 741 2402 in
769 2349 947 2402 nobis.
981 2347 1156 2413 Quasi
1190 2348 1434 2405 dixisset
1456 2367 1469 2403 :
1489 2348 1604 2404 Nos
1622 2349 1788 2404 infir-

132 2447 358 2494 mamur
389 2436 550 2509 apud
582 2435 874 2503 infideles,
925 2436 1066 2507 quia
1112 2452 1229 2508 quo
1274 2437 1499 2509 majora
1529 2453 1636 2493 nos
1667 2437 1786 2509 pati

133 2525 370 2592 faciunt,
404 2541 477 2581 eo
501 2522 858 2580 inﬁrmiores
887 2529 1143 2596 putant;
1195 2525 1263 2579 int
1304 2526 1472 2581 vobis
1513 2525 1785 2596 vivimus,

131 2614 260 2686 quia
275 2631 348 2670 eo
370 2612 651 2669 fortiores
672 2611 1022 2684 intelligitis,
1037 2625 1155 2684 quo
1174 2614 1398 2684 majora
1415 2614 1534 2685 pati
1553 2613 1783 2669 videtis.

132 2703 467 2759 Secundum
501 2701 611 2756 hoc
641 2716 773 2756 vero
805 2701 961 2772 quod
989 2700 1222 2773 legitur,
1254 2704 1514 2774 vivemus,
1538 2702 1674 2757 talis
1696 2706 1788 2757 est

133 2807 358 2859 sensus,
391 2790 539 2862 quia
595 2789 645 2844 si
705 2790 1144 2861 commorimur,
1178 2796 1236 2846 et
1293 2789 1786 2864 conregnabimus

133 2882 298 2950 (Rom.
329 2898 460 2949 vm,
491 2879 603 2945 17).

200 2970 528 3042 Sequitur:
573 2969 930 3040 Vosmetipsos
966 2972 1193 3036 tentate,
1241 2973 1374 3038 etc.,
1425 2967 1536 3024 hoc
1583 2973 1692 3038 est,
1723 2969 1783 3023 in

130 3059 481 3115 alterutrum
516 3074 618 3113 vos
643 3056 944 3122 discutite,
994 3073 1098 3113 nec
1145 3074 1261 3112 non
1302 3060 1359 3112 et
1390 3057 1785 3113 tentationum

131 3148 390 3219 pericula
415 3151 563 3202 ante
594 3144 793 3201 oculos
824 3151 1107 3216 revocate,
1168 3149 1226 3201 et
1281 3147 1452 3218 cujus
1476 3146 1620 3201 estis
1652 3145 1782 3200 fidei

129 3242 301 3309 atque
324 3235 578 3293 virtutis
608 3235 993 3290 considerate.
1017 3235 1168 3289 Sane
1197 3234 1503 3290 sciendum
1529 3233 1670 3304 quia
1698 3237 1788 3288 est

1894 2011 1997 2052 vos
2026 2011 2142 2052 non
2163 1999 2490 2070 oorrigatis,
2519 2014 2836 2072 possumus
2858 2000 3138 2058 adversus
3153 2017 3255 2057 vos
3277 2003 3543 2059 domina-

1895 2083 2117 2139 tionem
2151 2089 2413 2140 nostram
2445 2101 2732 2155 exercere,
2765 2089 2905 2158 quia
2931 2105 3031 2159 pro
3053 2090 3287 2145 veritate
3311 2089 3548 2145 dimica-

1897 2188 2052 2242 mus,
2085 2189 2190 2243 pro
2219 2171 2383 2228 vobis
2415 2177 2635 2230 tamen.

1969 2261 2299 2332 Sequitur:
2362 2261 2676 2317 Faudemus
2734 2267 2917 2319 tamen
2973 2264 3192 2335 quando
3247 2264 3395 2335 (797)
3453 2279 3550 2321 nos

1897 2349 2118 2421 inﬁrmi
2145 2365 2354 2418 sumus,
2387 2363 2482 2406 vos
2508 2359 2690 2408 autem
2715 2360 2954 2423 potentes
2986 2355 3136 2408 estis.
3160 2354 3430 2410 Ostendit
3455 2354 3549 2411 his

1896 2439 2090 2495 verbis
2120 2439 2433 2512 Apostolus
2459 2455 2520 2496 se
2553 2442 2622 2496 de
2653 2456 2857 2496 eorum
2890 2443 3058 2498 bonis
3097 2443 3374 2514 operibus
3404 2458 3546 2514 gau-

1898 2527 2055 2594 dere,
2089 2544 2156 2583 ac
2185 2528 2234 2583 si
2269 2528 2516 2583 dixisset
2535 2546 2547 2584 :
2606 2528 2665 2583 Si
2729 2529 2954 2585 fortiter
3007 2545 3074 2585 ac
3100 2534 3366 2601 potenter
3390 2529 3548 2585 vitiis

1897 2614 2208 2686 resistatis,
2232 2631 2338 2671 nos
2360 2616 2598 2688 quidem
2615 2617 2962 2688 gaudemus,
2985 2618 3123 2688 quia
3143 2625 3283 2674 tunc
3305 2617 3542 2688 infirmi,

1897 2703 1956 2760 id
1979 2709 2086 2772 est,
2117 2704 2372 2760 humiles
2393 2716 2632 2773 sumus;
2647 2706 2694 2760 si
2719 2720 2851 2761 vero
2873 2715 2972 2761 vos
2993 2706 3155 2761 vitiis
3173 2722 3287 2761 non
3311 2706 3547 2762 resista-

1896 2793 1995 2860 tis,
2027 2808 2134 2850 nos
2166 2797 2432 2864 potentes
2462 2809 2691 2860 sumus,
2747 2807 2849 2850 vos
2881 2799 3076 2850 autem
3129 2795 3371 2862 infirmi,
3405 2795 3546 2866 quia

1896 2897 2074 2954 super
2100 2898 2202 2938 vos
2231 2879 2697 2938 dominationem
2729 2888 2941 2939 nostrae
2979 2883 3347 2940 auctoritatis
3376 2897 3538 2940 exer-

1894 2986 2024 3028 cere
2065 2982 2404 3042 possumus.

1972 3061 2195 3116 Debent
2227 3059 2402 3114 etiam
2435 3063 2493 3114 et
2531 3075 2689 3114 nunc
2745 3059 3153 3131 prmdicatores
3210 3059 3317 3116 hoc
3349 3075 3540 3134 agere,

1900 3149 2012 3203 hoc
2040 3153 2147 3214 est,
2183 3147 2232 3202 si
2264 3162 2466 3202 eorum
2500 3147 2795 3202 auditores
2845 3152 3110 3219 potentes
3140 3153 3298 3217 sunt,
3332 3151 3548 3205 debent

1905 3252 2036 3293 esse
2056 3235 2273 3290 infirmi
2303 3252 2314 3291 :
2339 3240 2397 3290 et
2420 3234 2469 3290 si
2491 3235 2789 3290 auditores
2811 3235 3051 3306 infirmi,
3076 3235 3155 3290 illi
3185 3237 3398 3293 debent
3421 3251 3550 3294 esse

125 3302 366 3382 testatio
395 3323 792 3398 probationis,
817 3328 907 3377 est
929 3327 986 3377 et
1005 3322 1408 3394 deceptionis:
1453 3302 1564 3377 sed
1580 3322 1788 3392 probato
1823 3302 1865 3368 (ἶ
1909 3330 2197 3398 potentes.
2234 3323 2546 3394 Sequitur:
2583 3328 2699 3379 Hoc
2725 3328 2781 3378 et
2824 3302 3065 3389 oramus,
3111 3325 3169 3378 id
3213 3329 3322 3392 est,
3356 3332 3422 3381 ut
3451 3341 3552 3382 vos

127 3415 298 3471 tionis
329 3433 364 3472 a
393 3414 545 3484 Deo,
579 3411 941 3483 deceptionis
988 3427 1122 3466 vero
1172 3427 1206 3466 a
1251 3410 1506 3480 diabolo,
1539 3414 1793 3481 utraque

124 3508 319 3560 tamen
351 3505 428 3560 ab
459 3501 729 3558 homine.
764 3501 874 3557 Sed
908 3500 1003 3555 hic
1025 3499 1389 3572 probationis
1411 3497 1796 3571 intelligenda

123 3599 210 3648 est
226 3592 514 3648 tentatio.
539 3591 610 3646 Et
630 3589 740 3646 hoc
763 3589 1068 3645 sciendum
1093 3589 1231 3660 quia
1261 3589 1393 3660 ipsa
1416 3590 1641 3644 alterna
1668 3601 1797 3657 pro-

130 3681 288 3738 hatio
319 3685 505 3753 atque
540 3678 834 3735 discussio
886 3676 1208 3748 plurimum
1257 3676 1428 3747 valet,
1447 3678 1621 3747 juxta
1649 3675 1795 3730 illud

129 3769 486 3841 Salomonis,
551 3769 786 3823 Ferrum
858 3769 1010 3838 ferro
1079 3768 1305 3821 acuitur
1369 3767 1558 3835 (Prov.
1616 3780 1793 3832 xxvn,

133 3859 238 3930 17).
272 3864 388 3915 θῖθ.
422 3857 708 3930 Sequitur
732 3874 744 3911 :
782 3861 876 3910 An
903 3871 1013 3910 non
1043 3855 1366 3924 cognoscitis
1390 3856 1521 3926 quia
1546 3854 1798 3909 Christus

135 3949 194 4002 in
223 3950 373 4004 vobis
388 3955 478 4004 est
497 3952 526 4003 .7
557 3945 738 4012 Quasi
761 3944 980 4000 diceret
1005 3959 1019 3998 :
1049 3943 1098 3999 si
1119 3945 1513 4000 tentationum
1541 3941 1801 4014 pericula

136 4042 264 4093 ante
287 4038 500 4094 oculos
518 4033 827 4103 revocetis,
851 4039 910 4089 et
927 4034 1097 4104 cujus
1114 4033 1258 4088 estis
1281 4032 1414 4087 ﬁdei
1437 4048 1538 4088 seu
1561 4031 1800 4087 virtutis

1910 3414 2045 3468 sitis
2076 3413 2244 3484 (798).
2278 3413 2348 3466 Et
2377 3411 2487 3467 hoc
2516 3419 2606 3467 est
2631 3413 2787 3483 quod
2821 3411 3086 3483 sequitur
3113 3429 3126 3468 :
3167 3414 3404 3469 Vestram
3430 3427 3555 3470 con-

1903 3502 2349 3570 summationem,
2382 3498 2440 3553 id
2470 3503 2561 3554 est
2590 3500 3025 3570 perfectionem.

1979 3588 2290 3660 Sequitur:
2327 3587 2447 3644 Ideo
2478 3587 2597 3644 haec
2624 3588 2820 3643 absens
2847 3589 3048 3656 scribo,
3083 3593 3146 3644 ut
3174 3604 3283 3644 non
3308 3604 3556 3662 prwscns

1906 3679 2102 3733 durius
2131 3693 2314 3746 agam.
2350 3677 2604 3732 Incussit
2633 3677 2788 3732 enim
2819 3677 2912 3732 his
2944 3679 3134 3735 verbis
3163 3679 3458 3746 timorem,
3491 3682 3556 3734 ut

1908 3767 2356 3838 corrigerentur,
2389 3781 2461 3821 ne
2493 3765 2639 3821 forte
2666 3767 2907 3821 veniens
2953 3766 3160 3822 durius
3199 3773 3413 3840 ageret,
3444 3769 3554 3824 hoc

1907 3861 2016 3924 est,
2050 3856 2143 3911 sui
2201 3854 2565 3926 apostolatus
2621 3858 2969 3924 potestatem
3028 3855 3306 3912 severiter
3343 3856 3401 3911 in
3435 3857 3554 3914 illis

1908 3949 2219 4000 exerceret.
2255 3943 2324 3997 Et
2371 3942 2480 3998 hoc
2518 3948 2630 4009 est,
2685 3944 2837 4014 quod
2899 3945 3194 4014 sequitur:
3250 3945 3557 4002 Secundum

1908 4036 2248 4105 potestatem,
2283 4047 2444 4102 quam
2479 4032 2746 4086 Dominus
2775 4031 2922 4087 dedit
2949 4033 3091 4088 mihi
3133 4034 3194 4087 in
3220 4033 3558 4104 aediﬁcatio-

136 4127 495 4198 agnoscetis,
533 4129 741 4181 utrum
774 4122 1043 4178 Christus
1065 4123 1124 4176 in
1155 4122 1319 4177 vobis
1350 4121 1448 4190 sit,
1477 4138 1548 4176 an
1582 4136 1721 4186 non,
1745 4124 1804 4175 et
1913 4137 2060 4190 nem,
2093 4130 2145 4177 et
2171 4136 2283 4176 non
2312 4122 2373 4175 in
2403 4119 2842 4175 destructionem.
2879 4121 3017 4175 Ecce
3065 4121 3208 4176 dicit
3253 4138 3314 4178 se
3345 4122 3560 4179 habere

138 4230 457 4287 agnoscere
489 4211 792 4287 potestis?
823 4215 1243 4268 Verumtamen
1287 4209 1335 4265 si
1363 4209 1472 4265 hoc
1505 4226 1620 4264 non
1653 4209 1801 4264 fece-

1914 4215 2256 4284 potestatem
2287 4213 2607 4280 acceptam.
2641 4209 2711 4263 Et
2741 4207 2981 4280 pulchre
3011 4209 3270 4281 quidem,
3303 4213 3364 4266 in
3386 4212 3559 4284 aediﬁ-

139 4303 285 4373 ritis,
320 4322 441 4362 non
476 4300 852 4376 agnoscatis:
888 4301 1043 4371 quod
1078 4305 1165 4354 est
1207 4299 1519 4371 reprobum
1551 4315 1714 4366 esse;
1748 4301 1806 4354 et
1912 4303 2216 4366 cationem,
2239 4299 2378 4370 quia
2409 4298 2816 4370 praedicatores
2833 4299 2906 4353 ad
2928 4298 3035 4354 hoc
3052 4303 3400 4370 potestatem
3415 4301 3562 4357 acci-

139 4391 262 4449 ideo
294 4394 442 4450 dicit
467 4411 480 4450 :
517 4393 646 4448 Nisi
673 4393 815 4462 forte
842 4389 1065 4460 reprobi
1091 4391 1243 4444 estis.

1915 4389 2106 4462 piunt,
2131 4393 2195 4443 ut
2217 4387 2559 4459 corrigendo
2582 4386 2824 4454 salvcnt,
2849 4401 2963 4442 non
2987 4391 3186 4442 utnon
3213 4387 3555 4460 corrigendo

205 4482 535 4555 Sequitur:
571 4479 738 4552 Spero
765 4483 955 4535 autem
992 4477 1134 4548 quod
1178 4479 1533 4548 cognoscetis,
1560 4482 1670 4532 etc.
1709 4475 1806 4530 llis
1917 4479 2182 4550 perdant.

138 4571 327 4627 verbis
358 4573 652 4644 provocat
680 4584 779 4624 eos
808 4567 879 4622 ad
914 4565 1046 4622 fidei
1079 4570 1136 4622 et
1169 4569 1383 4621 sanctas
1414 4565 1805 4622 conversatio-

1992 4565 2180 4621 Finita
2205 4561 2709 4620 commendatione
2733 4579 2848 4618 suae
2871 4579 3153 4634 personas,
3179 4582 3356 4637 quam
3379 4583 3568 4639 coepe-

141 4657 226 4713 nis
286 4659 700 4716 soliditatem:
762 4656 929 4729 quasi
986 4655 1264 4711 dixisset:
1337 4655 1395 4710 Si
1453 4653 1807 4727 agnoveritis
1837 4663 1886 4729 D
1920 4659 2010 4710 rat
2035 4653 2445 4709 commendare
2467 4652 2539 4706 ab
2563 4667 2628 4706 eo
2651 4650 2776 4707 loco
2801 4652 2899 4707 ubi
2922 4653 3098 4709 finem
3121 4654 3333 4711 fecerat
3352 4656 3424 4711 de
3453 4655 3567 4711 col-

141 4749 653 4819 quemadmodum
668 4745 788 4802 dixi
805 4744 1106 4800 Christum
1120 4744 1286 4799 vobis
1303 4743 1515 4812 inesse,
1538 4747 1810 4816 agnosce-

139 4836 210 4892 tis
230 4839 415 4895 etiam
446 4837 598 4909 quia
617 4843 671 4891 et
690 4851 790 4891 nos
811 4849 927 4889 non
945 4849 1136 4888 sumus
1157 4832 1400 4904 reprobi,
1423 4832 1533 4888 hoc
1556 4839 1665 4899 est,
1701 4832 1812 4886 du-

142 4925 304 4995 plicis
349 4924 736 4982 intentionis.
791 4927 926 4991 Quaa
983 4921 1278 4978 sententia
1306 4922 1378 4977 ad
1413 4922 1520 4976 hoc
1554 4920 1812 4992 respicit,

143 5016 292 5087 quod
326 5014 621 5088 superius
653 5013 755 5081 ait,
790 5012 926 5067 olim
950 5011 1186 5082 putatis,
1218 5015 1328 5066 etc.

206 5103 506 5177 Sequitur
533 5121 554 5157 :
588 5103 824 5158 Oramus
854 5109 1038 5156 autem
1080 5105 1282 5166 Deum,
1312 5104 1421 5155 etc.
1455 5098 1612 5154 More
1643 5097 1818 5154 solito

142 5193 462 5266 Apostolus
495 5195 633 5248 orat
663 5207 766 5262 pro
799 5189 946 5258 suis,
981 5194 1046 5244 ut
1076 5187 1222 5244 nihil
1274 5187 1411 5244 mali
1446 5188 1683 5244 faciant.
1719 5187 1820 5243 Se-

213 5392 368 5465 (793)
386 5395 619 5462 Autog.
637 5391 809 5465 etiam
823 5387 982 5465 nobis
1001 5387 1266 5460 potuerit,
1286 5403 1468 5465 quam
1487 5385 1822 5465 lectionem,

148 5457 230 5544 uti
261 5457 477 5544 sensu,
517 5457 653 5544 m'eq
677 5461 927 5544 judicio,
974 5457 1824 5544 carentem,_eanullg..emen-

1560 5547 1620 5584 ιη
1654 5545 1712 5584 2η
1738 5545 1827 5584 υο-

147 5607 230 5662 bis
258 5625 373 5664 non
407 5605 779 5675 inﬁrmatur;
809 5603 903 5659 sed
929 5608 1120 5675 potens
1170 5601 1247 5657 est
1281 5603 1339 5656 in
1368 5601 1538 5667 vobis,
1567 5604 1616 5656 et
1645 5603 1708 5657 in
1728 5617 1827 5656 no-

148 5534 405 5590 dandam
433 5529 653 5590 censui
679 5529 695 5599 ξ
722 5537 784 5587 ut
805 5549 1017 5588 sensus
1045 5547 1256 5602 nempe
1281 5529 1328 5584 is
1369 5529 1484 5602 sit:

150 5677 228 5734 bis
256 5686 462 5749 potens
489 5678 629 5731 erit.

214 5743 380 5833 (794),
405 5749 632 5818 Nostra
662 5746 720 5804 in
751 5745 930 5829 Vulg.
964 5762 1080 5805 non
1113 5743 1355 5830 legitur.

483 5878 763 5949 PATROL.
808 5872 1134 5944 CXXXIV.

1922 4743 2108 4806 lectis,
2129 4742 2185 4797 in
2203 4758 2319 4812 qua
2331 4740 2836 4796 commendatione
2849 4740 3169 4812 plurimum
3185 4742 3564 4810 laboraverat,

1924 4832 2154 4887 duabus
2179 4847 2282 4902 pro
2306 4829 2523 4896 causis,
2550 4828 2658 4884 hoc
2688 4834 2798 4895 est,
2831 4834 2896 4884 ut
2926 4829 3010 4885 vel
3045 4846 3158 4884 non
3191 4831 3435 4886 minoris
3465 4848 3568 4886 au-

1926 4920 2214 4976 ctoritatis
2235 4935 2409 4990 quam
2445 4918 2632 4973 caeteri
2663 4935 2726 4973 se
2756 4935 2884 4973 esse
2914 4923 3286 4984 monstraret,
3309 4919 3395 4974 vel
3417 4924 3571 4975 certe

1929 5015 1996 5064 ut
2017 5009 2239 5065 crimen
2269 5005 2606 5080 cupiditatis
2644 5007 2716 5062 ab
2744 5023 2804 5061 se
2839 5007 3218 5077 abstergeret,
3251 5024 3404 5062 nunc
3435 5024 3571 5065 vero

1931 5097 2089 5154 aliud
2122 5097 2460 5170 aggreditur
2490 5095 2599 5150 hoc
2628 5099 2736 5163 est,
2771 5095 3072 5165 subjunxit
3115 5095 3574 5154 exhortationem

1934 5189 2153 5260 pariter
2182 5191 2240 5243 et
2270 5185 2688 5242 narrationem.

2009 5386 2159 5457 (795)
2190 5385 2354 5457 Forte
2401 5381 2717 5455 legendum
2747 5383 2976 5453 integre.

2010 5454 2158 5528 (796)
2189 5456 2359 5528 Vulg.
2392 5454 2489 5510 nos
2520 5459 2704 5528 autem
2735 5458 2793 5509 ut
2827 5454 3044 5525 reprobi
3067 5457 3263 5512 simus.

2012 5529 2160 5600 (797)
2189 5527 2359 5600 Vulg.
2393 5527 2674 5597 quoniam.

2012 5532 2135 5600 (797
2189 5532 2359 5598 Vulg.
2393 5532 2674 5597 quoniam.

2195 5597 2252 5680 Id
2285 5603 2394 5662 est,
2427 5601 2701 5680 potentes,
2723 5595 2809 5651 vel
2842 5598 3075 5680 inﬁrmi,
3111 5603 3176 5654 ut
3207 5617 3386 5680 supra
3415 5615 3590 5680 expo-

1945 5668 2086 5800 θυᾶῖ,
2108 5671 2279 5740 juxta
2320 5670 2838 5741 opportunitatem;
2893 5668 2982 5726 vel
3043 5668 3378 5748 legendum,
3409 5668 3593 5730 ut‘vos

1945 5757 1996 5800 se
2044 5757 2104 5800 is.

1941 5757 2104 5802 σοιιω.

3201 5877 3274 5948 l6
