3902 6440
373 452 483 511 491
1373 442 1707 502 AT'I‘ONIS
1753 440 2334 500 VERCELLENSIS
2381 441 2734 503 EPISCOPI
3677 445 3819 506 492

444 580 590 650 (799)
623 580 695 634 De
709 580 926 648 caetero,
952 575 1166 648 inquit,
1190 575 1298 630 hoc
1319 578 1424 644 est,
1451 575 1522 628 de
1544 572 1766 643 reliquo
1798 576 2015 638 autem,
2046 572 2101 638 Α
2131 571 2339 627 ctionis
2359 577 2415 626 et
2432 571 2852 627 satisfactionis
2890 578 2980 628 est
3002 571 3304 629 indicium.
3325 576 3707 646 Quapropter
3726 575 3815 630 ab

375 675 669 741 praeterea,
699 671 925 738 fratres,
957 665 1225 736 gaudete:
1260 664 1489 732 perfecti
1525 666 1690 716 estote
1710 678 1729 722 .·
1758 666 2017 716 exhorta-
2127 659 2409 731 Apostolo
2440 661 2705 716 osculum
2738 661 2893 732 quod
2915 663 3365 718 commendatur
3393 679 3630 735 semper
3650 680 3811 719 cum

373 759 538 825 mini,
568 757 677 812 hoc
709 759 816 822 est,
849 756 908 809 in
940 755 1282 809 alterutrum
1309 767 1410 806 vos
1435 755 1704 816 monete;
1732 749 1840 804 hac
1860 749 2018 803 enim
2129 749 2430 803 additione
2461 749 2720 819 ponitur.

374 844 792 910 exhortatione,
823 861 939 914 qua
969 858 1072 914 spe
1111 843 1442 896 futurorum
1475 843 1829 910 superantur
1856 836 2016 902 vitia,
2201 837 2514 906 Sequitur:
2550 837 2801 892 Salutant
2828 854 2919 894 vos
2949 841 3130 894 sancti
3169 855 3372 894 omnes.
3402 841 3484 896 Ac
3515 839 3564 895 si
3595 839 3809 895 dixis-

302 915 306 924 ’
377 933 640 989 nascitur
669 932 960 1004 perfectio,
1001 947 1068 985 ex
1112 929 1463 1001 perfectione
1505 934 1703 983 autem
1735 926 2017 998 gaudium
2130 930 2217 979 set
2242 942 2252 980 :
2278 925 2400 980 Non
2427 930 2708 996 potentes,
2738 943 2852 982 non
2876 927 3191 1000 principes,
3232 928 3334 983 sed
3358 928 3544 982 sancti
3577 944 3807 984 omnes

377 1023 515 1094 quia
536 1038 706 1078 nemo
723 1021 974 1094 gaudere
992 1024 1181 1092 potest
1197 1024 1252 1073 et
1264 1020 1556 1089 perfectus
1573 1033 1700 1072 esse
1715 1033 1829 1071 non
1844 1015 2015 1082 valet,
2131 1012 2248 1068 Hoc
2269 1020 2462 1068 autem
2483 1014 3064 1070 animadvertendum
3087 1021 3194 1082 est,
3216 1033 3395 1088 quare
3416 1015 3533 1072 illis
3555 1022 3809 1072 sancto-

377 1110 491 1166 nisi
533 1111 671 1165 vitia
722 1113 974 1181 superet.
1017 1108 1323 1179 Sequitur:
1376 1108 1535 1162 Idem
1582 1106 1778 1174 sapite.
1811 1103 2022 1176 Tangit
2131 1118 2261 1156 rum
2293 1102 2506 1156 dixerit
2537 1101 2808 1157 salutem.
2843 1102 3146 1171 Videlicet,
3196 1109 3261 1158 ut
3291 1103 3425 1160 illos
3454 1105 3527 1159 ad
3560 1105 3806 1160 bonum

377 1198 532 1254 enim
558 1198 688 1265 hoc,
723 1199 862 1269 quia
891 1203 947 1252 et
977 1197 1033 1251 in
1064 1197 1256 1268 prima
1303 1199 1882 1262 commemoraverat,
1918 1192 2018 1248 ubi
2129 1189 2454 1244 sanctitatis
2486 1197 2844 1260 provocarat,
2873 1197 3166 1261 quatenus
3188 1192 3289 1262 qui
3311 1191 3738 1248 salutabantur
3762 1209 3807 1247 ε.

376 1286 492 1342 ait:
562 1286 812 1352 Obsecro,
871 1289 930 1340 ut
986 1287 1166 1356 ipsum
1221 1285 1415 1340 dicatis
1473 1286 1516 1354 (ι
1569 1284 1690 1338 Cor.
1736 1300 1775 1348 ι,
1811 1282 1918 1349 10).
1952 1281 2020 1335 Et
2131 1278 2348 1333 sanctis
2373 1303 2387 1344 ;
2417 1277 2506 1333 vel
2538 1284 2692 1334 certe
2728 1284 2790 1334 ut
2820 1295 2918 1334 eos
2949 1279 3221 1336 invitaret
3260 1282 3335 1337 ad
3366 1281 3615 1338 invicem
3646 1283 3807 1337 red-

372 1374 482 1430 hoc
511 1378 600 1430 est
651 1375 804 1445 quod
836 1374 931 1428 hic
990 1374 1152 1439 dicit,
1211 1373 1355 1429 idem
1413 1373 1616 1440 sapite,
1675 1371 1732 1426 id
1765 1375 1873 1437 est,
1903 1385 2018 1424 non
2130 1367 2403 1436 dandam,
2436 1371 2728 1438 quatenus
2759 1368 2862 1439 qui
2894 1367 3306 1424 salutabantur
3326 1386 3359 1424 a
3379 1370 3604 1426 sanctis
3626 1369 3806 1426 salu-

371 1463 668 1518 diversum
701 1463 772 1518 de
802 1479 917 1526 me,
947 1461 1036 1516 vel
1069 1462 1128 1516 in
1161 1478 1275 1528 me,
1311 1461 1431 1515 sive
1484 1461 1541 1514 in
1576 1461 1718 1526 ﬁde,
1741 1465 1797 1514 et
1827 1474 2017 1529 opere,
2128 1461 2323 1510 tarent
2341 1461 2596 1511 sanctos.
2622 1457 2690 1510 Et
2735 1461 2872 1512 nota
2913 1457 3051 1527 quia
3072 1473 3188 1513 non
3213 1462 3444 1514 tantum
3475 1459 3560 1514 ait
3581 1462 3802 1525 sancti,

371 1552 684 1623 Sequitur:
720 1557 918 1607 Pacem
975 1553 1188 1606 habete.
1235 1551 1618 1606 Commendat
1648 1548 1766 1603 illis
1794 1563 2018 1620 pacem,
2131 1544 2232 1598 sed
2263 1543 2492 1598 addidit
2539 1560 2748 1614 omnes,
2812 1545 3092 1615 quoniam
3149 1552 3488 1602 sanctorum
3516 1551 3609 1602 est
3636 1547 3805 1603 velle

372 1645 613 1712 propter
632 1656 732 1696 eos
750 1639 1039 1706 videlicet,
1065 1640 1160 1710 qui
1196 1640 1458 1694 fraudem
1505 1645 1562 1693 et
1594 1637 1872 1708 injuriam
1905 1637 2020 1690 fra-

373 1727 566 1784 tribus
595 1728 955 1800 ingerebant,
983 1731 1040 1783 et
1069 1728 1142 1783 ob
1173 1727 1281 1782 hoc
1309 1728 1381 1782 ad
1430 1725 1758 1780 infidelium
1793 1723 2022 1794 judicia

376 1817 810 1888 pertrahebant,
843 1822 909 1871 ut
934 1818 1015 1871 ait
1044 1816 1104 1871 in
1137 1817 1327 1888 prima
1354 1833 1366 1869 :
1404 1814 1505 1870 Sed
1534 1830 1622 1869 vos
1645 1816 1914 1885 injuriam
1931 1817 2018 1883 fa-

377 1906 522 1974 citis,
553 1913 604 1960 et
632 1905 905 1974 fraudatis
935 1906 982 1974 (ι
1013 1904 1132 1960 Cor.
1192 1921 1270 1973 v1,
1328 1904 1404 1973 8),
1438 1908 1550 1958 etc.
1609 1903 1921 1999 Sequitur:
1954 1905 2020 1957 Et
2049 1936 2098 1999 Β

374 1995 516 2048 Deus
543 1995 696 2063 pacis
737 1999 788 2048 et
836 1993 1140 2047 dilectionis
1183 1994 1290 2047 erit
1339 1993 1632 2046 vobiscum.
1685 1991 2022 2045 Terminata

2132 1647 2337 1686 omnes
2365 1647 2494 1687 esse
2524 1630 2735 1688 salvos.
2770 1633 2920 1704 Ergo
2952 1634 3051 1704 qui
3085 1635 3350 1691 omnium
3377 1635 3628 1691 salutem
3666 1653 3802 1692 non

2131 1724 2312 1789 optat,
2345 1736 2407 1775 se
2437 1736 2669 1790 quoque
2694 1719 2754 1776 in
2786 1721 2896 1776 hac
2944 1721 3296 1779 salutatione
3344 1739 3459 1780 non
3508 1740 3800 1797 compre-

2131 1807 2310 1862 hendi
2341 1807 2652 1879 intelligat.

2201 1897 2514 1966 Sequitur:
2549 1899 2739 1953 Gratia
2770 1901 2994 1954 Domini
3019 1903 3198 1955 nostri
3247 1903 3373 1957 Iesu
3405 1901 3632 1971 Christi,
3666 1908 3790 1959 etc.

2136 1985 2321 2040 Finita
2351 2002 2584 2056 quoque
2633 1985 3006 2053 salutatione,
3068 1990 3374 2058 subjunxit
3427 1991 3795 2061 orationem,

373 2082 795 2148 exhortatione,
827 2081 1134 2152 subjunxit
1165 2081 1580 2136 narrationem.
1615 2081 1776 2144 Deus,
1804 2080 2016 2150 inquit,

369 2172 542 2241 pacis,
576 2175 688 2225 etc.
722 2170 876 2224 Deus
908 2169 1066 2240 pacis
1096 2168 1330 2232 dicitur,
1365 2169 1502 2239 quia
1548 2169 1672 2238 ipse
1701 2172 1790 2222 est
1817 2172 2020 2223 auctor

372 2259 555 2330 pacis,
572 2259 743 2328 juxta
764 2257 906 2313 illud
931 2258 1194 2328 ejusdem
1216 2257 1476 2328 Apostoli
1499 2273 1511 2311 :
1536 2256 1786 2311 Christus
1796 2273 1909 2326 pax
1929 2273 2019 2312 n0-

370 2349 501 2412 itra,
535 2349 630 2418 qui
657 2349 784 2416 fecit
813 2356 1047 2416 utraque
1082 2362 1254 2400 unum
1296 2345 1512 2416 (Ephes.
1565 2362 1626 2414 11,
1659 2346 1767 2413 14).
1802 2346 1870 2399 Et
1901 2345 2015 2399 Do-

373 2434 573 2489 minus
597 2451 610 2489 :
644 2436 841 2490 Pacem
871 2433 1127 2504 relinquo
1156 2434 1325 2500 vobis,
1358 2450 1546 2504 pacem
1576 2449 1752 2488 meam
1780 2433 1846 2488 do
1871 2435 2018 2488 vobis

374 2523 559 2592 (Joan.
592 2539 707 2587 xxv,
737 2526 850 2590 27).
883 2521 1222 2577 Dilectionis
1280 2526 1431 2576 Deus
1489 2526 1596 2587 est,
1623 2523 1790 2590 juxta
1819 2521 1964 2576 illud
1999 2538 2013 2576 :

371 2610 691 2666 Mandatum
739 2627 941 2666 novum
997 2611 1062 2665 do
1118 2612 1288 2676 vobis,
1357 2618 1418 2665 ut
1471 2609 1725 2681 diligatis
1783 2613 2019 2666 invicem

374 2700 558 2769 (Joan.
592 2717 712 2770 xm,
737 2700 850 2769 34),
877 2704 1011 2764 etc.;
1035 2703 1092 2754 et
1114 2699 1253 2754 item
1279 2717 1292 2754 :
1342 2701 1402 2754 In
1449 2697 1546 2753 hoc
1570 2701 1882 2766 cognoscent
1903 2715 2016 2754 om-

373 2803 490 2853 nes,
518 2789 650 2858 quia
676 2804 783 2843 mei
813 2789 946 2843 estis
964 2787 1253 2858 discipuli,
1280 2789 1330 2841 si
1348 2785 1698 2842 dilectionem
1716 2787 2018 2843 kabueritis

374 2875 446 2929 ad
477 2877 708 2931 invicem
737 2875 921 2946 (Ibid.,
953 2877 1064 2946 35).
1113 2880 1180 2930 Et
1219 2880 1308 2930 est
1355 2891 1602 2930 sensus:
1637 2876 1694 2929 Si
1728 2892 1929 2947 pacem
1961 2881 2018 2932 et

375 2963 742 3020 dilectionem
790 2965 1134 3028 habueritis,
1186 2969 1483 3018 auctorem
1533 2963 1692 3035 pacis
1739 2971 2016 3036 perpetuo

370 3052 772 3123 possidebitis.
805 3053 934 3109 Haec
964 3053 1119 3108 enim
1151 3056 1239 3108 est
1268 3069 1379 3124 pax
1409 3060 1565 3108 certa
1585 3058 1762 3124 atque
1788 3070 2013 3122 secura,

373 3157 550 3212 quam
567 3141 733 3213 impii
755 3141 968 3197 habere
981 3159 1095 3197 non
1111 3145 1393 3213 possunt;
1417 3142 1570 3196 unde
1589 3147 1676 3196 est
1698 3141 1842 3196 illud
1870 3145 2016 3198 :Non

369 3239 452 3285 est
465 3246 580 3301 pax
600 3231 816 3301 impiis,
838 3230 972 3285 dicit
996 3232 1267 3286 Dominus
1289 3231 1438 3301 (Isai.
1465 3247 1596 3301 Lvn,
1620 3232 1733 3300 2a).
1766 3231 2010 3286 Verum-

2131 2075 2338 2139 Gratia,
2371 2074 2580 2144 inquit,
2613 2077 2849 2144 Domini,
2900 2081 3008 2131 etc.
3059 2077 3209 2132 Illud
3260 2095 3402 2135 sane
3450 2081 3791 2136 notandum

2129 2162 2268 2233 quia
2299 2163 2356 2216 in
2391 2164 2503 2217 line
2534 2163 2712 2233 hujus
2742 2165 3014 2236 Epistolas
3045 2165 3290 2222 unitatis
3320 2167 3580 2225 charitas
3611 2186 3790 2226 com-

2129 2252 2460 2306 mendatur.
2496 2253 2563 2306 Et
2594 2252 2835 2322 pulchre
2867 2255 3108 2325 quidem
3140 2255 3200 2309 in
3222 2255 3357 2322 ﬁde,
3381 2258 3519 2328 quia
3539 2274 3789 2316 summa

2129 2339 2404 2409 perfectio
2436 2340 2494 2394 in
2532 2339 2782 2396 Unitatis
2838 2341 3121 2398 Trinitate
3177 2345 3469 2402 consistit.
3501 2346 3787 2403 Charitas

2129 2444 2381 2498 namque
2420 2429 2608 2485 Patris
2666 2430 2833 2486 nobis
2891 2431 3248 2488 Salvatorem
3308 2435 3540 2503 direxit,
3574 2435 3634 2491 id
3668 2442 3783 2507 est,

2125 2516 2349 2587 Jesum,
2383 2519 2552 2588 cujus
2583 2521 2771 2590 gratia
2801 2537 3008 2576 sumus
3031 2523 3339 2595 redempti.
3363 2524 3498 2588 Qua
3521 2525 3786 2582 charitas

2128 2610 2301 2677 atque
2318 2608 2507 2678 gratia
2527 2609 2712 2664 sancti
2727 2626 2961 2681 quoque
2973 2610 3224 2683 Spiritus
3241 2614 3787 2672 communicatione

2127 2695 2297 2750 nobis
2318 2700 2602 2761 servatur,
2625 2696 2842 2768 quippe
2861 2698 3104 2755 dilectos
3122 2717 3157 2755 a
3175 2700 3344 2757 Patre
3357 2719 3422 2758 ac
3439 2703 3786 2776 redemptos

2128 2801 2162 2838 a
2184 2784 2325 2839 Filio
2348 2785 2601 2855 Spiritus
2623 2792 2861 2842 sanctus
2884 2794 3162 2860 perpetuo
3182 2793 3384 2846 tuetur
3401 2807 3469 2848 ac
3487 2792 3782 2849 defendit.

2127 2873 2284 2926 Facit
2313 2874 2488 2928 etiam
2537 2873 2631 2928 hic
2686 2874 2849 2931 locus
2901 2877 3181 2934 adversus
3239 2879 3464 2948 Arium,
3510 2881 3612 2952 qui
3645 2882 3782 2938 ideo

2124 2961 2299 3016 etiam
2323 2962 2551 3017 dicebat
2576 2962 2785 3018 Filium
2809 2964 3096 3022 minorem
3119 2967 3306 3036 Patre,
3342 2983 3410 3024 eo
3452 2970 3611 3041 quod
3646 2971 3783 3027 ubi-

2125 3067 2378 3121 cumque
2399 3052 2588 3106 Patris
2610 3057 2668 3107 et
2687 3052 2816 3107 Filii
2854 3054 3018 3110 ﬁeret
3053 3057 3294 3124 mentio,
3342 3073 3576 3130 semper
3603 3063 3785 3117 Pater

2126 3146 2574 3210 praeponeretur.
2597 3145 2695 3195 Est
2715 3141 2891 3197 etiam
2912 3145 3234 3200 notandum
3258 3145 3399 3216 quia
3419 3163 3535 3202 non
3557 3147 3642 3203 ait
3654 3153 3786 3206 tan-

2123 3232 2251 3283 tum
2276 3229 2602 3299 vobiscum,
2626 3231 2726 3286 sed
2745 3247 2871 3285 cum
2889 3233 3162 3300 omnibus,
3186 3234 3455 3292 videlicet
3483 3240 3549 3291 ut
3577 3242 3780 3294 osten-

370 3323 568 3374 tamen
591 3318 700 3373 etsi
724 3319 940 3374 habent
960 3335 1160 3390 pacem
1184 3317 1344 3386 mali,
1368 3317 1538 3390 longe
1560 3319 1799 3390 quidem
1828 3319 2011 3375 distat
2041 3301 2084 3367 (ἶ
2122 3317 2282 3372 deret
2307 3334 2485 3388 quam
2518 3317 2890 3375 dilectionem
2939 3320 3198 3390 haberet,
3246 3339 3381 3378 cum
3429 3341 3545 3380 non
3579 3326 3779 3384 solum

369 3407 444 3462 ab
475 3407 588 3462 ista
613 3423 788 3478 quam
822 3407 1106 3463 Dominus
1148 3407 1447 3476 discernit,
1489 3407 1629 3462 dum
1663 3423 1777 3463 non
1811 3407 2008 3479 talem,

2121 3407 2417 3474 correctis,
2451 3408 2553 3462 sed
2613 3407 2788 3464 etiam
2844 3409 3186 3467 incorrectis
3242 3413 3492 3484 gratiam
3522 3420 3777 3487 optaret.

373 3495 608 3567 qualem
633 3497 890 3551 mundus
912 3497 1032 3561 dat,
1056 3496 1172 3551 ait:
1197 3496 1510 3550 Mandatum
1547 3512 1749 3551 novum
1768 3498 1834 3551 do
1856 3498 2010 3552 vobis
2118 3495 2293 3558 Quasi
2317 3495 2592 3552 dixisset:
2620 3497 2680 3552 In
2705 3497 2816 3553 hoc
2840 3515 3188 3570 cognoscere
3210 3503 3458 3573 potestis
3480 3509 3776 3575 quantum

345 3586 424 3637 ut
480 3583 728 3651 diligatis
784 3586 1019 3639 invicem
1069 3585 1246 3653 (Joan.
1303 3601 1420 3662 xxv:
1471 3585 1583 3653 27).
1621 3585 1682 3638 In
1714 3601 1780 3640 eo
1809 3585 2010 3649 etiam,
2123 3600 2224 3638 vos
2255 3584 2518 3656 diligam,
2551 3602 2684 3641 cum
2725 3603 2838 3642 non
2889 3587 3080 3644 solum
3129 3591 3426 3662 correctis,
3458 3593 3563 3648 sed
3595 3595 3774 3652 etiam

367 3672 524 3743 quod
556 3671 636 3726 ait
663 3688 676 3725 :
710 3675 850 3728 Deus
875 3675 1056 3742 pacis,
1079 3651 1220 3739 ietc.,
1252 3651 1435 3726 voluit
1467 3651 1783 3738 Apostolus
1813 3673 2013 3728 subin-
2124 3688 2227 3727 nec
2256 3651 2397 3727 dum
2429 3651 2704 3730 correctis
2733 3676 2984 3746 gratiam
3043 3682 3258 3750 optem.
3308 3651 3438 3735 Sive
3468 3681 3600 3738 ideo
3631 3651 3774 3740 dicit

369 3760 554 3833 telligi
583 3761 723 3831 quia
751 3761 800 3816 si
832 3762 966 3815 odia
995 3766 1051 3815 et
1080 3761 1232 3815 rixas
1257 3760 1555 3829 haberent,
1589 3764 1792 3815 auctor
1812 3761 1928 3816 odii
1956 3765 2013 3816 et
2119 3776 2246 3815 cum
2265 3761 2538 3831 omnibus,
2563 3766 2628 3816 ut
2647 3779 2763 3818 non
2786 3763 3150 3836 exciperetur
3170 3783 3364 3836 sexus,
3387 3772 3552 3840 tetas,
3577 3772 3774 3828 condi-

363 3855 520 3920 τίκα),
556 3852 664 3906 hoc
721 3855 810 3906 est
861 3849 1148 3915 diabolus,
1201 3853 1482 3922 perpetuo
1534 3865 1631 3904 eos
1661 3851 2006 3920 possideret.
2121 3849 2218 3918 tio,
2252 3849 2490 3921 lingua;
2523 3851 2623 3905 sed
2655 3851 2810 3907 sicut
2839 3854 3081 3926 sanguis
3119 3855 3329 3912 Christi
3363 3874 3574 3916 omnes
3604 3861 3766 3917 rede-

434 3942 752 4014 Sequitur:
785 3940 1042 3995 Salutate
1071 3940 1304 3992 invicem
1351 3940 1411 3993 in
1440 3939 1618 3994 osculo
1649 3947 1864 3994 sancto.
1899 3940 2006 3994 Sa-
2118 3940 2245 4003 mit,
2305 3939 2388 3993 sic
2446 3945 2503 3994 et
2559 3956 2762 3996 omnes
2819 3940 3033 3998 Christi
3093 3944 3340 4015 gratiam
3373 3947 3761 4018 possiderent.

357 4032 564 4089 lutatio
591 4046 800 4102 nempe
831 4029 1113 4084 indicium
1163 4033 1337 4100 atque
1387 4029 1605 4100 optatio
1653 4034 1744 4084 est
1773 4027 2000 4084 salutis.
2113 4030 2281 4083 Amen
2311 4044 2446 4083 vero
2477 4044 2669 4084 sermo
2699 4035 2790 4086 est
2817 4032 3301 4102 conﬁrmationis,
3330 4035 3430 4106 qui
3455 4038 3763 4096 confirmat

357 4122 489 4178 Haec
509 4119 784 4176 salutatio
807 4122 864 4174 et
887 4117 996 4173 hoc
1019 4116 1288 4173 osculum
1311 4117 1392 4172 ait
1412 4121 1681 4172 sanctum
1707 4121 1998 4185 osculum,
2112 4117 2330 4174 omnia.

353 4212 456 4267 sed
489 4207 726 4264 illorum
771 4205 1037 4263 osculum
1092 4205 1502 4277 corruptionis,
1555 4210 1612 4260 et
1659 4205 1828 4276 quasi
1859 4205 1999 4261 refe-
2644 4210 2816 4276 Finis,
2849 4211 2959 4266 Deo
2995 4213 3223 4282 gratias.

419 4372 567 4444 (796)
599 4370 701 4426 Hic
731 4369 792 4424 in
823 4373 1018 4440 autog.
1054 4383 1236 4438 marg.
1267 4365 1481 4438 legitur
1511 4382 1638 4438 cap.
1672 4364 1858 4420 XXIX.

1730 4725 2350 4859 INCIPIT

890 4989 1503 5078 EXPOSITIO
1563 4989 1671 5075 IN
1732 4987 2367 5076 EPISTOLAM
2428 4991 2568 5075 AD
2630 4989 3174 5080 GALATAS.

881 5299 1410 5356 ARGUMENTUM.
1998 5304 2044 5367 D
2077 5299 2493 5372 prophetarum
2525 5301 2699 5357 verba
2729 5303 2801 5358 ad
2835 5303 3107 5359 homines
3141 5305 3540 5378 proferuntur,
3572 5312 3735 5368 vela-

395 5386 849 5442 Animadvertite
880 5389 1032 5458 quod
1063 5389 1215 5444 sicut
1261 5390 1321 5443 in
1372 5388 1533 5444 novis
1581 5389 1963 5459 temporibus,
2076 5388 2232 5443 mine
2257 5393 2554 5460 teguntur.
2591 5391 2674 5445 Ibi
2708 5408 2965 5462 namque
2992 5408 3125 5447 caro
3147 5391 3451 5450 valeamen
3474 5403 3618 5464 erat,
3642 5398 3734 5455 hic

319 5492 454 5530 cum
486 5474 741 5529 Verbum
775 5475 870 5528 Dei
903 5492 970 5530 ex
1000 5477 1185 5531 Maria:
1216 5477 1458 5548 virginis
1489 5493 1660 5532 carne
1692 5477 1963 5532 indutum
2076 5475 2309 5531 littera:
2337 5483 2393 5532 et
2415 5478 2567 5533 sicut
2599 5480 2709 5534 sub
2742 5480 2934 5535 carnis
2955 5480 3243 5537 velamine
3281 5482 3500 5540 latebat
3524 5487 3730 5543 divini-

312 5562 1962 5636 processitinmundum,aspectus,humanitatisomnibus
2072 5567 2228 5634 tatis,
2263 5565 2343 5620 sic
2375 5573 2431 5621 et
2463 5568 2572 5622 sub
2620 5567 2909 5624 velamine
2957 5569 3163 5624 litterae
3210 5569 3418 5628 lateret
3448 5574 3728 5645 spiritalis

310 5652 569 5738 patebat,
595 5651 1134 5738 perpaucisautem,
1159 5653 1266 5708 hoc
1301 5659 1408 5722 est,
1452 5655 1820 5710 solummodo
1841 5653 1954 5709 ele-
2070 5653 2489 5726 intelligentia:
2516 5661 2572 5711 et
2593 5655 2747 5712 sicut
2768 5658 2918 5712 beati
2946 5657 3121 5729 oculi,
3146 5661 3246 5731 qui
3273 5660 3333 5716 in
3359 5678 3535 5719 carne
3557 5681 3725 5738 agno-

311 5740 419 5806 ctis
452 5735 775 5795 divinitatis
833 5737 1083 5794 dabatur
1133 5741 1404 5826 cognitio,
1451 5744 1530 5796 ita
1559 5759 1692 5798 cum
1723 5741 1870 5812 legis
1901 5745 1958 5798 et
2069 5743 2308 5800 scebant
2333 5742 2513 5804 latere
2543 5744 2929 5827 divinitatem,
2965 5748 3043 5816 ita
3092 5753 3149 5808 et
3184 5748 3269 5830 illi
3316 5749 3497 5830 beati,
3531 5735 3633 5830 qui
3661 5757 3718 5824 in
