3902 6398
325 461 443 519 495

1340 449 1678 510 ATTONIS
1726 443 2309 504 VERCELLENSIS
2357 441 2708 501 EPISCOPI

3621 445 3744 503 496

327 591 500 649 etiam
532 587 670 659 quia
698 592 788 643 est
817 585 1076 658 Apostoli
1107 583 1350 639 intentio
1384 581 1443 635 in
1476 580 1581 633 hac
1613 576 1889 648 Epistola,
1910 578 1968 629 et
1994 576 2049 640 Α
2078 573 2503 628 ecclesiasticos
2527 573 2769 643 adipisci
2791 573 3010 643 gradus
3037 591 3050 640 ;
3079 573 3217 628 item
3243 574 3513 646 sunt,qui
3540 591 3739 646 neque

327 681 388 738 in
420 679 520 734 illa
545 679 618 733 ad
650 677 964 743 Romanos,
1017 673 1389 728 manifestare
1434 667 1703 723 videlicet
1733 671 1789 720 et
1820 665 1967 736 legis

329 767 705 824 abolitionem
734 767 791 819 et
835 762 1032 835 gratiae
1065 761 1429 831 dignitatem.
1481 757 1587 810 Sed
1619 756 1678 809 in
1711 755 1818 809 hoc
1850 753 1965 807 dif-

329 859 462 924 fert,
493 855 633 928 quia
661 855 718 909 in
751 853 850 908 illa
905 849 1307 907 subtilioribus
1367 847 1552 900 utitur
1581 842 1965 915 argumentis,

333 946 474 1018 quia
499 945 613 1015 ipsi
644 943 960 1014 prudentes
983 943 1180 1005 erant;
1214 937 1271 991 in
1295 936 1404 990 hac
1426 951 1557 989 vero
1581 933 1970 1004 apertioribus

330 1032 525 1090 verbis
553 1031 830 1100 loquitur,
855 1027 991 1099 quia
1019 1027 1182 1081 stulti
1204 1029 1404 1080 erant:
1440 1031 1494 1078 el.
1524 1040 1638 1078 non
1671 1027 1789 1075 tam
1822 1023 1971 1091 (806)

335 1139 434 1179 eos
463 1120 779 1191 alloquitur
807 1115 1267 1185 docendo,quam
1303 1113 1496 1184 potius
1528 1111 1976 1181 increpando,ut

336 1227 482 1282 quos
514 1224 627 1264 non
657 1205 942 1261 suadebat
998 1203 1144 1258 ratio
1203 1207 1497 1257 revocaret
1535 1199 1873 1254 auctoritas.
1910 1198 1976 1252 Et

336 1311 674 1370 quanquam
707 1295 766 1349 in
795 1293 1070 1348 omnibus
1119 1292 1247 1360 ejus
1279 1288 1639 1360 Epistolis,et
1667 1286 1813 1357 legis
1845 1287 1978 1340 abo-

336 1385 482 1456 litio,
512 1388 570 1439 et
598 1382 796 1456 gratiae
827 1381 1085 1452 dignitas
1116 1377 1543 1442 manifestetur,
1574 1380 1976 1429 verumtamen

335 1473 592 1530 maxime
621 1471 683 1526 in
711 1470 806 1525 his
830 1469 1080 1524 duabus.
1108 1468 1175 1522 Et
1216 1466 1325 1521 hoc
1358 1465 1660 1520 sciendum
1693 1465 1831 1532 quia
1863 1479 1976 1518 non

336 1578 439 1618 eos
467 1558 786 1630 alloquitur
809 1554 1144 1628 Apostolus,
1169 1552 1270 1624 qui
1301 1569 1367 1608 ex
1394 1551 1839 1606 circumcisione
1859 1566 1979 1604 cre-

338 1649 627 1715 diderant,
660 1651 718 1702 et
747 1645 1071 1700 alibertate
1118 1640 1314 1712 gratia:
1360 1640 1432 1695 ad
1463 1639 1607 1711 legis
1639 1638 1979 1693 servitutem

337 1737 691 1794 transierant
720 1732 945 1804 decepti
975 1749 1008 1786 a
1060 1729 1224 1785 falsis
1266 1727 1567 1800 apostolis,
1601 1727 1700 1796 qui
1735 1727 1979 1780 Paulum

339 1843 458 1884 non
488 1839 688 1880 verum
714 1819 1057 1892 Apostolum
1084 1834 1210 1873 esse
1241 1817 1534 1885 dicebant,
1563 1814 1814 1870 maxime
1846 1815 1984 1884 quia

340 1914 508 1970 aliter
536 1914 733 1982 ageret
773 1905 1173 1978 Jerosolymis,
1234 1909 1291 1959 et
1317 1903 1486 1959 aliter
1523 1904 1751 1958 doceret
1781 1908 1982 1972 gentes

343 2017 515 2074 agere
543 1999 774 2063 debere,
833 2000 890 2051 et
919 1995 1076 2066 quod
1128 1993 1316 2064 legem
1379 1991 1564 2046 caeteri
1595 1991 1702 2045 viri
1736 1989 1984 2062 apostoli

343 2092 661 2154 servarent,
694 2087 820 2156 ipse
875 2085 1219 2138 destrueret.
1277 2082 1528 2151 Egerant
1583 2079 1738 2134 enim
1770 2079 1984 2135 Galatia

343 2178 495 2234 sicut
515 2173 737 2246 ille,qui
761 2173 1041 2228 liberatus
1062 2170 1132 2224 de
1155 2185 1332 2223 manu
1355 2167 1693 2238 gladiatoris
1716 2183 1777 2221 se
1805 2168 1986 2221 tradit

339 2266 589 2323 lanista).
624 2262 862 2318 Illorum
895 2274 1149 2329 namque
1179 2256 1551 2312 simulatione
1580 2257 1858 2324 deceptus
1899 2261 1986 2310 est

339 2355 516 2410 etiam
549 2355 751 2406 Petrus
783 2346 1261 2420 apostolus,quod
1289 2343 1346 2398 in
1371 2343 1478 2398 hac
1509 2343 1770 2415 Epistola
1803 2345 1985 2398 mani-

342 2443 518 2500 festat
546 2438 823 2512 praefatus
851 2433 1161 2508 Apostolus
1191 2433 1331 2502 (Gal.
1370 2449 1432 2501 ιι,
1467 2434 1574 2502 11).

416 2529 574 2600 (CAP.
599 2528 668 2599 Ι.)
689 2526 892 2582 Paulus
913 2523 1214 2595 Apostolus.
1239 2522 1460 2592 Magnae
1489 2520 1852 2575 auctoritatis
1874 2525 1983 2586 est,

344 2615 723 2692 quodPaulus
746 2614 806 2669 in
829 2609 1409 2682 fronteEpistolarum
1426 2625 1666 2663 suarum
1691 2627 1751 2664 se
1771 2609 1985 2664 Christi

343 2705 674 2780 apostolum
734 2705 1052 2774 nuncupat.
1113 2700 1281 2767 Nam,
1323 2699 1473 2752 sicut
1504 2698 1735 2768 judices
1767 2698 1984 2753 terreni

345 2795 680 2868 principum
733 2797 790 2847 et
818 2806 1041 2861 regum,
1075 2803 1326 2858 quorum
1358 2785 1752 2842 familiaritate
1783 2788 1986 2842 fruun-

344 2889 444 2940 tur
473 2880 712 2938 nomina
741 2881 1055 2935 assumunt
1084 2876 1144 2930 in
1175 2873 1460 2946 epistolis,
1490 2879 1551 2928 ut
1581 2875 1786 2943 majori
1817 2893 1985 2931 vene-

345 2971 570 3026 ratione
597 2968 923 3026 habeantur
943 2970 998 3020 et
1027 2965 1218 3034 majus
1242 2962 1586 3033 obsequium
1611 2962 1728 3018 illis
1758 2963 1984 3034 impen-

343 3058 630 3124 datur,sic
659 3061 716 3113 et
744 3053 960 3110 Paulus
1011 3051 1224 3108 Christi
1256 3068 1318 3106 se
1341 3050 1684 3122 Apostolum
1716 3053 1984 3108 nomina-

340 3149 444 3216 vit,
475 3152 541 3202 ut
569 3147 738 3217 cujus
786 3147 942 3200 esset
968 3139 1332 3196 auctoritatis
1374 3141 1895 3208 demonstraretur,
1929 3147 1987 3197 et

341 3235 553 3307 majori
579 3232 947 3289 veneratione
976 3229 1307 3296 haberetur,
1350 3233 1406 3282 et
1436 3245 1639 3284 omnes
1669 3229 1980 3285 Christiani

2079 679 2113 715 a
2145 667 2276 728 Deo,
2312 679 2498 731 neque
2528 663 2599 715 ab
2658 661 3020 731 hominibus,
3081 678 3269 733 neque
3323 680 3426 734 per
3457 663 3740 721 homines

2081 751 2416 817 mittuntur,
2452 751 2552 804 sed
2584 767 2692 805 sua
2721 751 2966 806 veniunt
3012 751 3484 818 causa,videlicet
3515 755 3739 810 terreni

2079 837 2247 900 lucri,
2281 845 2337 892 et
2366 839 2710 903 ventris,aut
2734 838 3007 893 humanas
3028 838 3314 904 laudis,ut
3346 841 3584 896 fuerunt
3605 860 3737 898 om-

2082 943 2185 981 nes
2217 926 2345 981 falsi
2374 926 2970 998 apostoli.Apostolus
3002 933 3222 995 autem,
3257 934 3322 983 ut
3349 947 3410 985 se
3443 932 3514 985 de
3545 932 3736 987 excel-

2081 1015 2326 1070 lentiore
2355 1018 2539 1088 gradu
2575 1022 2946 1083 monstraret,
2983 1017 3098 1072 ait:
3147 1019 3263 1072 Non
3294 1020 3361 1072 ab
3391 1018 3736 1085 hominibus,

2084 1104 2192 1158 hoc
2225 1110 2454 1167 est,non
2485 1106 2556 1159 ab
2590 1105 2869 1174 apostolis
2890 1106 3195 1162 ordinatus
3227 1108 3740 1182 Apostoluszapo-

2087 1192 2267 1247 stolos
2286 1194 2501 1264 quippe
2522 1193 2875 1249 ordinabant
2922 1195 3173 1266 apostoli
3195 1197 3266 1250 ad
3292 1199 3743 1254 conﬁrmandae

2087 1282 2394 1350 Ecclesiae,
2425 1281 2581 1335 sicut
2611 1286 2815 1337 contra
2835 1283 3204 1340 aemulatores
3228 1285 3374 1356 legis
3405 1286 3748 1359 dirigebant

2089 1387 2226 1423 suos
2258 1370 2327 1423 ad
2387 1370 2802 1426 destruendam
2863 1373 3035 1426 fidem
3071 1373 3355 1429 Ecclesiae.
3417 1374 3583 1431 Unde
3613 1376 3742 1448 ipse

2089 1457 2264 1512 dicit:
2299 1459 2481 1528 Neque
2505 1476 2606 1529 per
2654 1460 2946 1528 hominem,
3006 1461 3114 1516 hoc
3163 1467 3252 1517 est
3280 1480 3470 1535 neque
3501 1482 3609 1536 per
3636 1467 3743 1522 Ju-

2091 1547 2279 1600 daeum
2311 1547 2397 1601 vel
2428 1547 2881 1615 Judwos,malus
2908 1550 3213 1622 apostolus
3243 1552 3568 1609 ordinatus.
3590 1555 3746 1611 Sane

2092 1634 2397 1690 sciendum
2429 1635 2566 1706 quia
2595 1637 2950 1707 quibusdam
2990 1639 3265 1695 videntur
3293 1657 3421 1697 esse
3452 1644 3747 1715 superbiae

2089 1723 2263 1778 verba
2289 1742 2301 1790 ;
2332 1729 2734 1781 verumtamen
2760 1743 2872 1782 non
2897 1733 3055 1795 sunt,
3084 1731 3183 1784 sed
3208 1730 3401 1802 potius
3422 1732 3748 1789 necessita-

2092 1812 2200 1866 tis:
2237 1814 2580 1869 necessitate
2613 1833 2864 1886 namque
2898 1823 3135 1874 coaetus
3165 1819 3274 1874 hoc
3305 1821 3561 1888 dicebat,
3589 1821 3749 1878 vide-

2015 1936 2063 2000 B
2094 1899 2227 1953 licet
2261 1905 2324 1954 ut
2353 1903 2859 1974 pseudoapostolis
2919 1905 3113 1962 locum
3176 1925 3288 1963 non
3343 1911 3528 1975 daret,
3561 1915 3621 1966 et
3649 1911 3745 1966 sui

2096 1988 2458 2058 apostolatus
2489 1993 2895 2049 auctoritatem
2929 2002 3300 2052 monstraret.
3345 1999 3571 2063 Quibus
3604 1999 3748 2055 facit

2096 2076 2372 2132 adversus
2405 2081 2628 2151 eos,qui
2660 2098 2792 2137 eum
2845 2101 2960 2138 non
2991 2101 3119 2140 esse
3166 2103 3362 2142 verum
3397 2087 3744 2159 Apostolum

2096 2165 2445 2231 dicebant,et
2467 2168 2514 2222 ei
2542 2175 2772 2225 caeteros
2800 2173 3092 2242 apostolos
3116 2175 3743 2245 praeferebantNerum

2097 2271 2168 2308 ne
2201 2255 2533 2312 defensores
2564 2257 2707 2330 legis
2761 2259 3043 2317 haberent
3091 2261 3280 2318 locum
3317 2264 3570 2333 dicendi,
3604 2266 3749 2336 quia

2097 2361 2210 2399 non
2242 2349 2330 2398 est
2359 2362 2529 2400 verus
2560 2349 2894 2416 Apostolus,
2919 2351 3200 2420 quoniam
3231 2352 3608 2425 aliter,quam
3644 2355 3746 2411 Pe-

2095 2436 2243 2501 trus,
2275 2438 2330 2486 et
2361 2433 2566 2504 reliqui
2627 2437 2814 2501 docet,
2841 2438 2920 2491 ait
2950 2438 3074 2510 ipse
3100 2457 3112 2493 :
3169 2442 3284 2495 Non
3307 2442 3375 2496 ab
3405 2442 3748 2510 hminibus,

2095 2527 2243 2586 etc.;
2281 2538 2346 2576 ac
2378 2522 2427 2576 si
2459 2523 2734 2580 dixisset:
2795 2526 2868 2580 ab
2911 2525 3010 2582 illo
3069 2528 3243 2584 didici
3280 2529 3683 2603 Evangelium,
3719 2551 3751 2588 a

2096 2625 2210 2679 quo
2241 2614 2298 2664 et
2356 2611 2580 2678 Petrus,
2614 2618 2671 2667 et
2728 2613 2976 2685 reliqui;
3023 2621 3081 2671 et
3138 2617 3266 2673 ideo
3318 2635 3432 2674 non
3463 2637 3596 2675 sum
3633 2621 3750 2677 illis

2095 2697 2350 2752 inferior.
2387 2699 2484 2753 Est
2511 2701 2686 2756 etiam
2745 2704 3067 2759 notandum
3123 2723 3303 2777 quare
3333 2707 3527 2763 dicat:
3562 2709 3751 2781 Neque

2091 2802 2195 2856 per
2224 2787 2518 2843 hominem.
2553 2789 2825 2862 Nunquid
2863 2798 3038 2864 negat
3065 2794 3359 2852 Christum
3391 2797 3701 2855 hominem
3724 2800 3752 2854 Ἰ

2096 2876 2243 2946 Non,
2274 2875 2646 2947 inquam,sed
2678 2896 2890 2950 purum
2924 2881 3222 2939 hominem
3251 2891 3462 2957 negat;
3496 2888 3623 2943 sive
3647 2906 3748 2945 ne-

2095 2970 2194 3036 gat
2222 2965 2539 3036 hominem,
2575 2968 2714 3038 quia
2743 2969 2850 3024 etsi
2882 2968 3056 3025 homo
3087 2977 3231 3040 erat,
3266 2978 3332 3028 ut
3361 2974 3515 3031 Deus
3543 2980 3748 3034 tamen

2095 3059 2380 3126 praecepta
2407 3055 2600 3110 dabat.

2163 3143 2473 3214 Sequitur:
2524 3145 2626 3199 Sed
2655 3162 2756 3213 per
2807 3149 2993 3203 Iesum
3047 3149 3342 3224 Christum,
3393 3158 3502 3222 etc,
3539 3157 3747 3214 Scien-

2094 3232 2234 3285 dum
2268 3231 2406 3301 quia
2461 3233 2773 3304 Apostolus
2828 3235 2887 3290 in
2941 3237 3049 3292 hoc
3102 3237 3226 3294 loco
3257 3240 3400 3306 Arii,
3433 3245 3747 3302 Manichaei

338 3325 403 3381 in
434 3297 620 3379 fronte
648 3319 1032 3392 Epistolarum
1058 3333 1300 3373 suarum
1325 3321 1699 3372 terrerentur.
1719 3317 1865 3372 Hinc
1896 3322 1985 3374 est
2015 3297 2058 3362 (ἶ
2095 3323 2267 3389 atque
2285 3297 2528 3375 _Photini
2573 3322 2788 3392 pariter
2834 3325 3086 3380 destruit
3140 3297 3399 3384 errores:
3419 3329 3527 3386 Ubi
3561 3297 3747 3389 etiam

341 3411 588 3485 quodin
646 3407 932 3482 principio
992 3403 1258 3476 Epistolas
1315 3406 1386 3459 ad
1444 3404 1714 3461 Hasbreos
1773 3424 1887 3460 non
1922 3423 1982 3461 se

339 3499 669 3571 apostolum
726 3496 1008 3560 nominat,
1072 3510 1204 3548 cum
1264 3494 1322 3547 in
1381 3494 1656 3548 omnibus
1703 3495 1981 3566 Epistolis

339 3588 452 3644 hoc
509 3587 712 3654 faciat;
773 3583 914 3656 quia
969 3582 1029 3636 in
1087 3581 1467 3652 sequentibus
1525 3582 1822 3638 Christum
1857 3600 1980 3637 ma-

339 3692 524 3749 gnum
554 3691 682 3731 esse
711 3672 1043 3744 pontificem
1101 3673 1157 3724 et
1199 3668 1527 3740 apostolum
1576 3670 1982 3740 descripturus

339 3769 484 3820 erat.
507 3763 794 3834 Apostolus
814 3759 970 3814 enim
992 3759 1203 3826 Grazce,
1234 3757 1432 3810 Latine
1454 3759 1677 3823 missus,
1701 3759 1982 3814 Hebraice

340 3851 555 3909 dicitur
581 3850 731 3918 sitas,
765 3847 856 3902 cui
888 3845 1063 3902 etiam
1109 3861 1318 3900 nomen
1351 3862 1384 3899 a
1415 3844 1693 3901 mittendo
1723 3847 1980 3919 imponi-

342 3939 781 3997 tur.Sciendum
798 3939 993 3991 autem
1023 3933 1161 4005 quia
1189 3933 1403 3988 Hebraei
1435 3935 1728 4005 apostolos
1759 3941 1816 3992 et
1847 3955 1977 4008 pro-

342 4031 552 4103 phetas
583 4042 710 4084 esse
734 4025 958 4092 dicunt,
985 4023 1055 4077 ad
1079 4039 1226 4094 quos
1245 4022 1484 4078 verbum
1509 4023 1808 4080 missionis
1839 4028 1979 4083 diri-

342 4119 519 4191 gitur,
551 4117 704 4174 sicut
733 4114 844 4170 fuit
894 4113 1142 4184 Moyses,
1193 4111 1283 4166 cui
1315 4111 1538 4166 dictum
1588 4117 1710 4168 est:
1752 4115 1900 4184 Veni,
1929 4123 1981 4172 et

339 4210 557 4263 mittam
587 4213 640 4260 te
668 4202 856 4272 (Exod.
891 4218 978 4267 xu,
1011 4201 1120 4270 10),
1157 4204 1262 4254 etc.
1293 4217 1305 4253 :
1340 4203 1396 4253 et
1424 4200 1548 4269 ipse
1579 4201 1694 4255 ait:
1731 4203 1978 4271 Obsecro,

338 4295 586 4363 Domine,
629 4292 785 4347 mitte
837 4289 1028 4358 (Exod.
1065 4304 1140 4353 ιν,
1200 4286 1308 4356 13),
1367 4291 1516 4354 etc.;
1578 4291 1635 4341 et
1690 4289 1842 4344 sicut
1871 4292 1982 4347 fuit

337 4384 543 4450 Isaias,
577 4381 676 4454 qui
707 4380 827 4437 ait:
877 4382 1010 4434 Ecce
1051 4391 1147 4444 ego
1201 4377 1359 4430 mitte
1389 4391 1474 4430 me
1531 4377 1656 4446 (Isa.
1691 4395 1766 4448 v1,
1799 4381 1890 4449 8);
1924 4384 1981 4435 et

339 4470 529 4528 caateri
557 4468 849 4541 prophetas
873 4485 884 4521 :
913 4470 1064 4521 recte
1085 4463 1255 4520 etiam
1280 4464 1534 4519 Joannes
1557 4466 1817 4537 Baptista
1841 4486 1977 4540 apo-

337 4559 528 4617 stolus
555 4563 614 4614 et
642 4555 923 4628 propheta
976 4553 1206 4623 dicitur,
1267 4552 1407 4623 quia
1454 4553 1523 4608 de
1563 4553 1661 4609 illo
1691 4556 1974 4626 scriptum

337 4653 462 4704 est:
496 4647 619 4701 Fuit
646 4646 804 4699 homo
832 4645 1030 4697 missus
1058 4658 1092 4694 a
1120 4644 1227 4698 Deo
1257 4643 1432 4710 (Joan.
1466 4659 1504 4711 ι,
1536 4643 1638 4713 6.).

407 4735 686 4806 Sequitur
713 4749 725 4788 :
748 4732 862 4787 Non
884 4733 949 4786 ab
969 4730 1316 4784 homimibus.
1338 4729 1648 4786 Sciendum
1671 4739 1760 4788 est
1778 4738 1973 4790 autem

334 4826 474 4898 quia
503 4827 754 4896 quatuor
783 4824 923 4877 sunt
951 4835 1162 4890 genera
1191 4819 1609 4888 apostolorum.
1643 4826 1788 4877 Sunt
1813 4825 1970 4879 enim

331 4914 431 4987 qui
462 4927 651 4984 neque
680 4911 752 4966 ab
781 4907 1143 4972 hominibus,
1167 4922 1355 4976 neque
1385 4923 1486 4977 per
1515 4908 1810 4965 hominem
1844 4914 1972 4969 mit-

329 5001 665 5066 tuntur,sed
697 5016 732 5054 a
761 4997 1052 5068 Deo,sicut
1080 4994 1390 5066 Moyses,et
1419 4996 1710 5068 prophetae
1742 5015 1965 5070 omnes,

327 5096 387 5147 et
417 5087 699 5160 apostoli;
733 5088 872 5141 item
930 5088 1087 5150 sunt,
1135 5082 1234 5153 qui
1292 5083 1606 5138 mittuntur
1635 5103 1667 5139 a
1703 5088 1832 5155 Deo,
1865 5091 1967 5145 sed

326 5193 431 5248 per
461 5175 750 5241 homines,
781 5178 847 5227 ut
874 5173 1087 5234 Josue;
1121 5171 1260 5224 item
1291 5175 1450 5234 sunt,
1483 5173 1583 5241 qui
1619 5190 1730 5228 non
1762 5192 1795 5228 a
1831 5178 1963 5243 Deo,

324 5265 427 5320 sed
461 5279 562 5332 per
592 5261 886 5314 hominem
915 5260 1062 5329 (807)
1088 5259 1490 5330 mittuntur,ut
1517 5259 1777 5331 illi,quos
1806 5265 1961 5320 vide-

323 5366 459 5406 mus
490 5349 550 5402 in
580 5347 856 5414 Ecclesia,
878 5347 1029 5401 datis
1052 5347 1392 5402 muneribus
1415 5349 1484 5402 ob
1509 5348 1660 5420 vulgi
1686 5351 1958 5424 favorem,

393 5577 539 5647 (806)
572 5577 778 5647 Autog.
810 5584 1022 5630 notam.

390 5646 540 5731 (S07)
571 5645 776 5731 Verba,
803 5655 932 5731 ut...
965 5647 1253 5731 hor-niuem,
1286 5648 1343 5731 in
1377 5651 1659 5731 superiori
1692 5657 1956 5727 margine

310 5714 560 5802 podicis,
590 5714 790 5774 eodem
831 5715 1183 5782 charactere,
1244 5719 1344 5774 sed
1378 5714 1574 5779 minus
1603 5724 1768 5801 nigro
1799 5714 1952 5788 atra-

2091 3407 2434 3474 notandum,
2469 3409 2605 3479 quia
2637 3427 2668 3464 a
2699 3415 2865 3466 Patre
2896 3412 3110 3468 dicitur
3137 3417 3474 3473 resuscitari
3498 3422 3620 3476 Act.
3659 3440 3746 3490 nr,

2092 3496 2198 3564 15),
2235 3495 2387 3550 sicut
2431 3501 2488 3551 et
2545 3498 2604 3551 in
2656 3498 2894 3554 Actibus
2952 3504 3348 3572 apostolorum
3395 3506 3656 3579 legitur;
3691 3517 3748 3567 et

2090 3588 2287 3639 tamen
2310 3603 2344 3640 a
2375 3603 2436 3640 se
2467 3587 2803 3642 resuscitari
2836 3594 3128 3646 narratur.
3163 3593 3344 3664 Cujus
3394 3599 3746 3668 quaestionis

2091 3678 2250 3744 patet
2285 3675 2590 3745 expositio.

2161 3761 2432 3832 Sequitur
2457 3781 2471 3819 :
2501 3765 2566 3819 Et
2596 3767 2692 3835 qui
2719 3783 2930 3822 mecum
2957 3779 3084 3826 sunt
3111 3773 3319 3841 fratres
3348 3789 3554 3830 omnes.
3589 3778 3745 3835 Sane

2093 3852 2435 3916 notandum,
2470 3852 2609 3922 quia
2638 3871 2771 3908 cum
2802 3855 2859 3909 in
2891 3857 3118 3913 czeteris
3146 3861 3408 3932 epistolis
3438 3881 3599 3920 nunc
3631 3868 3743 3923 So-

2090 3944 2314 4010 stenen,
2348 3958 2502 3996 nunc
2545 3942 2882 4014 Sylvanum,
2929 3962 3352 4020 nonnunquam
3382 3967 3515 4008 vero
3543 3955 3744 4012 Timo-

2091 4029 2292 4084 theum
2308 4029 2420 4084 sibi
2439 4032 2845 4103 conjungat,in
2870 4034 2978 4090 hac
3002 4053 3234 4109 quoque
3247 4040 3509 4111 Epistola
3531 4060 3742 4101 omnes

2091 4118 2298 4172 fratres
2329 4119 2439 4173 sibi
2470 4120 2673 4174 sociat.
2695 4123 2856 4186 Quod
2887 4123 3017 4180 ideo
3050 4125 3185 4198 egit,
3213 4128 3352 4199 quia
3379 4133 3572 4201 major
3600 4139 3743 4190 tunc

2092 4208 2406 4262 auctoritas
2437 4211 2767 4264 necessaria
2797 4217 2940 4279 erat,
2973 4220 3262 4285 quatenus
3293 4218 3434 4274 dum
3468 4223 3741 4279 omnium

2090 4294 2335 4355 fratrum
2368 4295 2774 4352 salutationem
2810 4301 3081 4357 audirent
3119 4320 3322 4360 omnes
3363 4307 3650 4366 adversus
3681 4326 3744 4367 se

2090 4381 2428 4437 sollicitatos
2478 4389 2535 4439 et
2581 4392 2904 4443 commotos
2926 4389 3336 4463 intelligerent,
3370 4399 3428 4449 et
3476 4396 3743 4453 immane

2089 4470 2317 4526 facinus
2349 4489 2410 4527 se
2441 4476 2809 4532 commisisse
2839 4486 3239 4549 agnoscerent,
3270 4488 3328 4537 et
3356 4483 3426 4538 ad
3458 4488 3741 4543 emenda-

2088 4560 2306 4614 tionem
2338 4563 2750 4634 confugerent;
2807 4567 3087 4636 quoniam
3121 4570 3376 4627 multum
3406 4573 3561 4629 valet
3591 4591 3739 4632 con-

2010 4657 2057 4720 D
2089 4663 2298 4704 sensus
2329 4649 2717 4721 plurimorum
2752 4656 2823 4708 ad
2854 4657 3260 4728 corrigendum
3292 4661 3521 4718 facinus
3553 4666 3740 4721 malo-

2087 4753 2214 4790 rum
2244 4755 2254 4790 :
2291 4755 2426 4792 nam
2458 4756 2572 4808 quo
2603 4741 2854 4812 quisque
2887 4760 2920 4798 a
2965 4744 3234 4814 pluribus
3265 4749 3737 4819 reprehenditur,

2083 4840 2148 4878 eo
2180 4842 2240 4879 se
2271 4830 2326 4879 et
2359 4827 2592 4896 gravius
2651 4829 2968 4901 deliquisse
3029 4837 3344 4906 cognoscit,
3397 4842 3452 4892 et
3500 4838 3740 4896 facilius

2083 4914 2446 4968 emendatur.

2153 5002 2464 5073 Sequitur:
2501 5006 2754 5060 Ecclesiz's
2788 5007 3049 5066 Galatiae.
3078 5011 3410 5069 Notandum
3441 5016 3584 5086 quia
3615 5034 3731 5073 non

2079 5089 2219 5144 dicit
2251 5091 2644 5157 Ecclesiae,sed
2694 5096 2987 5166 Ecclesiis,
3047 5103 3111 5152 ut
3154 5102 3486 5158 ostenderet
3514 5121 3579 5160 se
3611 5123 3730 5162 non

2078 5179 2274 5233 minus
2304 5179 2466 5234 urbis
2481 5180 2760 5252 plebi,sed
2777 5185 2956 5238 totius
2976 5186 3283 5256 provincia).
3298 5189 3729 5249 habitatoribus

2074 5267 2399 5338 scripsisse.
2434 5268 2579 5323 Nota
2637 5272 2773 5340 quia
2802 5272 2934 5327 illas
2975 5275 3261 5331 Ecclesiae
3291 5278 3452 5350 dicit,
3485 5297 3635 5352 quas
3668 5283 3728 5337 in

2072 5357 2451 5426 sequentibus
2485 5359 2661 5413 variis
2701 5361 2998 5417 erroribus
3029 5368 3188 5420 notat
3218 5366 3529 5439 deceptas:
3569 5371 3730 5426 unde

2070 5594 2262 5672 mento
2296 5590 2896 5672 scripta‘legunturﬁt
2939 5613 3007 5651 ex
3037 5598 3152 5652 divi
3183 5600 3519 5672 Hieronymi
3553 5603 3724 5660 Com-

2067 5663 2482 5718 mentariorum
2515 5663 2614 5720 lib.
2652 5683 2667 5718 1
2699 5666 2861 5730 initio
2895 5674 3163 5750 excerpta
3189 5663 3465 5754 videntur
