3902 6408
150 453 265 519 ιοτ

752 459 1294 529 EXPOSITIOIN
1338 462 1775 531 EPISTOLAS
1819 466 2084 533 PAULI.
2111 466 2288 533 -iN
2331 468 2582 536 EPIST.
2628 471 2736 535 AD
2782 471 2973 538 GAL.‘

3452 468 3573 538 £98

151 591 516 649 monstratur
542 590 683 665 quia
711 597 802 650 est
830 596 1086 667 perfecta
1113 598 1371 655 Ecclesia
1426 617 1541 657 non
1574 601 1800 660 habens
1830 609 1882 676 Α
1922 604 2048 660 dies
2080 605 2380 678 angustias
2411 609 2467 661 et
2495 620 2802 678 pressurae
2834 603 3165 679 appellavit,
3196 604 3415 681 quibus
3446 607 3570 666 fue-

155 681 445 738 maculam
477 699 670 755 neque
698 700 945 757 rugam;
1005 692 1062 741 et
1117 692 1207 743 est
1260 689 1602 761 imperfecta
1651 709 1802 763 quae,

159 772 407 827 necdum
437 775 866 831 consummatis
894 776 1232 844 virtutibus,
1255 778 1313 833 in
1348 780 1585 835 nomine
1605 785 1802 838 tamen

154 863 287 916 Jesu
322 866 677 935 congregata
706 864 875 934 (808),
909 864 1103 937 aliquo
1135 868 1453 940 depravata
1471 885 1683 926 errore.
1719 873 1804 927 Si-

156 948 372 1004 militer
398 954 457 1005 et
486 950 723 1021 sapiens
752 952 960 1009 bifarie
990 954 1223 1011 dicitur.
1272 958 1371 1013 Est
1427 960 1678 1030 perfecte
1708 976 1801 1015 sa-

156 1038 338 1110 piens,
374 1044 439 1094 ut
467 1039 574 1109 illi,
634 1042 706 1096 de
759 1042 977 1113 quibus
1042 1046 1325 1101 Dominus
1380 1049 1495 1103 ait:
1529 1050 1659 1103 Ecce
1704 1064 1800 1117 ego

152 1127 367 1183 mittam
403 1129 485 1184 ad
525 1144 616 1184 vos
658 1131 935 1201 sapientes
980 1132 1187 1203 (Matth.
1242 1150 1405 1202 xxm,
1461 1136 1591 1205 3/1):
1626 1141 1715 1191 est
1746 1140 1803 1191 et

155 1214 491 1287 imperfecte
519 1218 758 1289 sapiens
811 1220 997 1290 (809);
1045 1222 1201 1276 unde
1256 1222 1576 1279 Salomon:
1626 1226 1803 1295 Argue

150 1306 468 1376 sapientem,
498 1311 551 1361 et
579 1307 787 1363 amabit
830 1317 882 1364 te
912 1312 1093 1379 (Prov.
1126 1327 1247 1380 vm,
1279 1313 1357 1381 9).
1392 1312 1653 1368 Profecto
1683 1330 1799 1371 non

155 1394 373 1467 indiget
400 1396 815 1467 redargutione
848 1400 1014 1469 (810).
1050 1400 1116 1454 Et
1170 1402 1326 1471 quod
1387 1403 1459 1456 de
1488 1402 1795 1474 sapientia,

150 1483 254 1539 hoc
282 1484 356 1541 de
385 1486 676 1556 castitate,
711 1491 769 1542 et
798 1489 1158 1557 fortitudine,
1218 1497 1275 1546 et
1332 1492 1556 1547 caeteris
1608 1494 1801 1563 potest

149 1572 390 1646 intelligi
409 1572 769 1644 virtutibus;
802 1578 943 1648 quia
974 1579 1241 1634 nonnulli
1272 1580 1330 1634 in
1388 1597 1588 1635 earum
1646 1581 1800 1635 inve-

149 1660 389 1717 niuntur
412 1661 593 1733 calce,
626 1666 893 1721 nonnulli
924 1682 1061 1723 vero
1087 1668 1147 1722 in
1181 1674 1474 1739 provectu.

213 1751 528 1823 Sequitur:
561 1752 755 1809 Gratia
782 1756 949 1826 vobis,
982 1765 1034 1811 et
1057 1773 1189 1827 pax,
1236 1758 1678 1813 etc.Sciendum
1711 1764 1799 1814 est

150 1844 339 1895 autem
362 1842 886 1912 quaaprofuudiori
905 1844 1232 1912 consilio,et
1247 1846 1539 1901 subtiliori
1561 1847 1797 1918 ingenio

148 1927 203 1983 in
224 1928 331 1985 hac
352 1929 632 2001 Epistola,
656 1946 837 2002 quam
861 1932 917 1987 in
941 1933 1193 2000 aliis,his
1214 1936 1587 1990 sermonibus
1611 1936 1801 1990 utitur

152 2017 484 2089 Apostolus.
517 2017 777 2074 Gratiam
812 2020 1031 2092 quippe
1054 2020 1176 2077 illis
1232 2023 1688 2094 imprecabatur,
1734 2027 1799 2078 ut

151 2106 483 2163 ostenderet
507 2108 648 2178 quia
666 2125 783 2164 non
807 2107 951 2181 legis
993 2110 1291 2182 operibus,
1341 2112 1441 2167 sed
1475 2110 1575 2166 Dei
1609 2112 1800 2183 gratia

139 2193 448 2265 justiﬁcari
476 2202 754 2268 possent:
790 2213 927 2252 nam
953 2198 1003 2253 si
1036 2198 1183 2270 legis
1204 2200 1482 2270 operibus
1503 2200 1797 2270 justiﬁes-

148 2288 365 2356 routur,
398 2285 595 2357 gratia
616 2288 742 2356 jam
773 2302 890 2341 non
920 2292 1075 2343 esset
1103 2288 1311 2359 gratia.
1336 2288 1587 2359 Optabat
1615 2293 1673 2343 et
1703 2304 1799 2359 pa-

146 2387 286 2440 cem,
314 2380 383 2429 ut
405 2380 673 2431 moneret
702 2391 803 2431 eos
834 2375 892 2430 in
919 2381 1109 2446 empta
1138 2376 1408 2432 libertate
1432 2378 1643 2432 debere
1674 2394 1799 2433 ma-

150 2477 294 2529 nere,
327 2463 478 2535 quia
508 2463 607 2517 ubi
640 2479 758 2518 non
778 2468 869 2519 est
890 2481 1023 2536 pax,
1049 2481 1155 2520 nec
1174 2464 1414 2522 libertas
1438 2465 1577 2521 ulla.
1602 2467 1799 2522 Gratia

144 2565 267 2605 vero
300 2555 414 2620 est,
451 2567 570 2622 qua
601 2550 940 2607 relaxantur
968 2558 1222 2623 peccata,
1256 2558 1365 2609 etc.

212 2640 537 2711 Sequitur:
572 2641 681 2707 Qui
707 2641 854 2695 dedit
908 2643 1261 2713 semetipsum
1310 2659 1409 2714 pro
1436 2646 1669 2715 peccatis
1697 2661 1793 2700 no-

150 2730 241 2784 tris
271 2727 531 2784 Multum
565 2730 783 2801 quippe
805 2731 956 2785 valet
975 2731 1046 2785 ad
1072 2732 1201 2801 ejus
1223 2732 1793 2805 intentionem,quod

150 2816 256 2873 ait:
289 2819 396 2887 Qui
424 2818 601 2885 dedit,
631 2822 739 2873 etc.
767 2836 781 2874 :
816 2835 952 2873 nam
986 2819 1201 2875 idcirco
1233 2820 1342 2875 hoc
1388 2822 1488 2890 ait,
1544 2826 1611 2878 ut
1651 2824 1791 2878 dum

150 2906 227 2961 illi
244 2909 520 2964 audirent
540 2906 837 2963 Christum
864 2924 967 2979 pro
991 2909 1243 2979 peccatis
1269 2910 1793 2977 traditum,intelli-

152 3000 345 3066 gerent
370 3010 433 3051 se
463 2995 741 3066 operibus
760 2995 907 3069 legis
921 2997 1233 3065 justiﬁcari
1258 3015 1372 3053 non
1397 3016 1568 3070 posse
1594 3018 1606 3066 ;
1632 3001 1793 3073 quia,

153 3086 199 3139 si
225 3084 369 3157 legis
391 3085 1176 3156 operibusjustiﬁcarentur,
1204 3088 1421 3143 frustra
1444 3106 1506 3143 se
1529 3090 1795 3143 Christus

154 3189 249 3244 pro
280 3176 533 3245 peccatis
557 3174 914 3230 tradidisset.
939 3174 1210 3231 Ofﬁcium
1234 3193 1490 3248 namque
1516 3178 1662 3248 legis
1688 3178 1799 3233 fuit

154 3268 381 3333 peccata
402 3264 921 3334 manifestare,non
935 3268 1135 3319 tamen
1156 3266 1385 3321 abolere
1404 3285 1415 3332 ;
1432 3266 1647 3321 Christi
1662 3283 1797 3322 vero

1915 701 2005 751 rat
2032 701 2293 750 vexatus.

1952 784 2296 857 .Apostolus
2352 800 2508 850 vero,
2568 789 2632 839 ut
2688 783 3061 841 traditionem
3119 783 3248 841 Filii
3278 791 3468 843 ratam
3499 790 3558 842 et

1913 874 2151 945 dignam
2189 874 2541 940 ostenderet,
2574 878 2631 929 et
2662 873 2928 929 eamdem
2988 873 3379 942 confirmaret,
3429 874 3562 932 ideo

1913 962 2236 1017 secundum
2272 961 2462 1017 Patris
2490 961 2853 1018 voluntatem
2877 962 3088 1018 factam
3111 978 3241 1019 esse
3262 960 3406 1018 dixit
3429 980 3443 1019 :
3466 962 3561 1019 Se-

1910 1053 2156 1106 cundum
2178 1054 2532 1117 voluntatem,
2582 1051 2793 1122 inquit,
2827 1052 2971 1114 Dei;
2992 1050 3094 1107 ubi
3140 1051 3396 1107 ostendit
3423 1051 3562 1123 quia

1912 1158 2018 1196 nec
2046 1140 2230 1196 Filius
2253 1140 2379 1195 sine
2402 1140 2703 1196 voluntate
2724 1140 2937 1205 Patris,
2960 1155 3065 1195 nec
3084 1138 3255 1195 Pater
3273 1155 3407 1195 cum
3436 1144 3560 1195 tra-

1911 1230 2061 1283 didit
2093 1228 2462 1299 sineipsius;
2496 1227 2775 1299 quoniam
2807 1228 2959 1283 sicut
2988 1244 3105 1284 una
3126 1232 3438 1283 esteorum
3461 1244 3565 1283 na-

1910 1324 2062 1384 tura,
2090 1318 2173 1371 sic
2197 1323 2254 1371 et
2277 1333 2395 1371 una
2424 1316 2693 1373 voluntas
2713 1321 2769 1372 et
2785 1315 3065 1387 operatio.
3090 1314 3361 1371 Ostendit
3381 1314 3558 1371 etiam

1911 1407 2049 1477 quia
2078 1406 2233 1460 idem
2266 1406 2456 1459 Patris
2485 1404 2925 1459 voluntatemin
2948 1403 3223 1459 omnibus
3253 1402 3556 1475 implevit:

1910 1495 2065 1567 quod
2098 1494 2223 1566 ipse
2247 1494 2509 1565 apertius
2542 1493 2877 1549 manifestat
2906 1508 3038 1547 cum
3071 1491 3249 1548 dicit:
3277 1493 3394 1549 Non
3434 1493 3565 1548 veni

1907 1589 2089 1657 [acere
2118 1583 2453 1638 voluntatem
2478 1597 2665 1638 meam
2696 1582 2880 1655 (Joan.
2930 1597 3008 1652 v1,
3041 1581 3155 1653 38),
3180 1584 3287 1636 etc.
3321 1580 3468 1636 Nam
3501 1584 3562 1638 et

1907 1674 2018 1729 hoc
2052 1689 2166 1728 non
2196 1670 2387 1727 solum
2422 1670 2626 1741 Filius,
2658 1670 2759 1725 sed
2790 1670 3106 1741 Apostolus
3134 1669 3287 1742 egit:
3323 1676 3384 1725 ut
3423 1685 3556 1737 non,

1907 1764 2034 1834 ipse
2057 1762 2155 1827 ait,
2185 1777 2245 1815 se
2274 1760 2589 1815 hominibus
2616 1760 2838 1830 placere
2869 1757 3005 1828 (Gal.
3040 1775 3079 1824 ι,
3106 1757 3216 1830 10),
3262 1760 3372 1813 etc.
3404 1757 3558 1822 Qua-

1908 1855 2145 1923 propter
2174 1865 2345 1904 nemo
2377 1862 2546 1903 suam
2578 1846 2960 1912 voluntatem,
2993 1845 3094 1901 sed
3114 1845 3555 1918 illiusimplere,

1907 1944 1963 1995 et
1987 1956 2158 1994 nemo
2182 1954 2375 2006 suam,
2408 1936 2509 1992 sed
2542 1935 2703 1991 illius
2733 1934 2979 2009 gloriam
3012 1950 3269 2008 quaerere
3299 1935 3552 1992 studeat.

1977 2028 2293 2098 Sequitur:
2329 2026 2435 2081 Cui
2459 2033 2539 2080 est
2566 2025 2763 2095 gloria;
2795 2028 2902 2080 etc.
2962 2022 3215 2079 Iuﬂnitis
3258 2021 3557 2079 beneﬂciis

1909 2116 2149 2171 inﬁnitae
2180 2115 2384 2169 laudes
2415 2114 2725 2167 debentur.
2757 2112 3062 2167 Inﬁnitum
3095 2110 3314 2184 quippe
3344 2110 3558 2167 beneﬂ-

1909 2206 2065 2260 cium
2098 2204 2227 2270 fuit,
2260 2203 2417 2274 quod
2446 2201 2614 2257 Pater
2640 2217 2757 2255 non
2782 2199 3080 2272 angelum,
3103 2214 3222 2255 non
3244 2198 3561 2273 archange-

1908 2293 2054 2363 lum,
2087 2292 2187 2347 sed
2220 2288 2525 2363 preprium
2559 2288 2770 2343 Filium
2799 2303 2904 2359 pro
2935 2287 3192 2359 peccatis
3248 2286 3557 2343 hominum

1907 2381 2188 2449 tradidit;
2223 2385 2279 2436 et
2299 2377 2710 2434 ideoinfinitas
2735 2375 2943 2432 laudes
2969 2375 3219 2431 reddens
3250 2374 3430 2430 dicit:
3458 2373 3561 2431 Cui

1907 2480 1985 2528 est
2012 2471 2187 2542 gloria
2222 2469 2284 2523 in
2311 2467 2516 2523 saecula
2546 2466 2895 2523 saeculorum.
2955 2462 3178 2519 Saecula
3206 2461 3557 2519 saeculorum

1908 2559 2203 2623 dicuntur,
2236 2556 2392 2611 sicut
2420 2554 2655 2611 Cantica
2684 2551 3069 2619 canticorum,
3101 2555 3159 2607 et
3189 2551 3307 2608 Rex
3328 2565 3555 2624 regum.

1906 2649 2054 2703 Sunt
2077 2661 2335 2717 namque
2347 2642 2718 2714 saecula,quae
2736 2640 3056 2697 multorum
3073 2638 3420 2696 saeculorum
3438 2638 3557 2696 col-

1903 2737 2148 2793 lectione
2180 2735 2459 2790 dicuntur
2488 2732 2699 2788 saecula
2728 2729 3096 2789 saeculorum.
3128 2729 3200 2785 Et
3225 2729 3402 2802 {quod
3434 2729 3553 2785 ait:

1903 2828 1963 2881 In
1985 2826 2184 2880 sezcula
2235 2823 2587 2890 seculorum,
2621 2838 2725 2893 pro
2753 2820 2986 2875 inﬁnito
3044 2818 3262 2892 posuit.
3312 2814 3557 2874 Ponitur

1903 2915 2078 2971 etiam
2112 2930 2214 2985 pro
2244 2912 2428 2979 ﬁnito,
2460 2915 2528 2966 ut
2569 2910 2713 2965 illud
2739 2927 2751 2965 :
2803 2910 2922 2965 Erit
2950 2910 3058 2965 tibi
3078 2922 3268 2963 servus
3296 2906 3358 2961 in
3384 2921 3535 2964 δέεαι

1904 3005 2021 3058 lum
2050 3002 2260 3074 (Exod.
2292 3018 2409 3065 XXI,
2455 3002 2551 3067 6):
2602 2998 2662 3053 in
2711 2998 3069 3070 quibusdam
3120 2993 3554 3066 exemplaribus

1904 3091 2221 3152 invenitur,
2254 3090 2314 3142 in
2334 3088 2749 3158 sempiternum,
2786 3082 2886 3139 ubi
2918 3083 3216 3152 saeculum,
3241 3081 3565 3153 jubileutn'

1906 3194 2127 3235 annum
2163 3174 2454 3248 appellat:
2484 3190 2642 3240 nam,
2675 3173 2831 3227 sicut
2863 3172 3011 3243 (812)
3035 3170 3172 3225 ﬂuis
3204 3169 3402 3226 seaculi
3444 3174 3562 3226 ter-

1912 3268 2109 3322 minus
2123 3265 2231 3319 erit
2244 3277 2554 3318 causarum
2569 3264 2624 3316 et
2634 3276 2829 3315 rerum
2844 3258 3111 3314 omnium
3124 3256 3561 3330 temporalium,

155 3332 565 3423 miserationis,
590 3332 918 3425 dignitatis,
941 3358 1117 3425 atque
1139 3356 1445 3425 potestatis
1468 3356 1596 3422 fuit,
1619 3357 1803 3410 mani-
1832 3332 1876 3400 θ
1914 3359 1996 3414 sic
2029 3361 2087 3411 et
2100 3352 2381 3426 jubilaeus
2401 3350 2586 3405 totius
2608 3352 2733 3405 erat
2762 3347 2898 3405 finis
2927 3347 3263 3419 emptionis,
3284 3345 3566 3403 venditio-

157 3441 358 3497 i‘estare
388 3442 631 3515 pariter,
657 3448 716 3497 et
747 3442 977 3498 abolere
999 3447 1254 3513 peccata.
1280 3443 1531 3513 Ideoque
1560 3443 1802 3498 tradidit

157 3545 213 3585 se
240 3530 424 3603 pietas
455 3536 523 3587 ut
558 3546 662 3586 nos
694 3530 768 3586 ab
789 3531 1110 3602 impietate,
1140 3536 1197 3585 et
1213 3532 1446 3601 justitia
1472 3533 1543 3586 ab
1571 3532 1802 3602 injusti-

156 3617 249 3688 tia,
281 3624 338 3674 et
367 3620 616 3691 aequitas
647 3619 720 3674 ab
751 3619 1064 3689 iniquitate
1112 3619 1403 3675 liberaret.
1468 3621 1627 3675 Unde
1668 3638 1802 3676 mox

156 3707 515 3781 subjungens
548 3708 665 3762 ait:
697 3710 769 3765 Ut
796 3710 1032 3779 eriperet
1062 3726 1158 3763 nos
1207 3709 1271 3764 de
1319 3714 1575 3781 praesenti
1602 3714 1801 3767 saeculo

158 3812 402 3868 nequam.
418 3797 612 3863 Quaeri
629 3801 823 3851 autem
839 3800 1223 3868 potestquare
1240 3798 1520 3853 saeculum
1546 3816 1798 3871 nequam

126 3884 323 3941 -dicat.
357 3885 654 3943 Saeculum
691 3885 928 3957 quidem
962 3901 1173 3940 cursus
1202 3890 1291 3940 est
1322 3886 1545 3957 solis,et
1566 3887 1802 3954 luuae,et

160 3972 483 4032 volubilitas
504 3990 823 4030 annorum.
855 3974 985 4029 Haec
1007 3973 1164 4028 enim
1186 3975 1386 4029 omnia
1416 3992 1449 4029 a
1474 3976 1589 4030 Deo
1610 3981 1803 4031 creata

163 4068 314 4133 sunt,
340 4069 399 4121 et
425 4067 586 4121 bona
615 4068 775 4119 sunt.
809 4065 955 4135 Ergo
987 4063 1071 4118 sic
1101 4063 1320 4118 dicitur
1346 4081 1597 4135 nequam
1620 4082 1801 4121 saccu-

166 4151 301 4223 lum,
333 4155 484 4211 sicut
511 4154 676 4209 mala
729 4152 999 4219 bonitas;
1034 4156 1091 4205 et
1120 4152 1346 4219 civitas,
1397 4160 1454 4208 et
1478 4154 1801 4209 infamatus

166 4242 360 4309 saltus,
380 4261 447 4302 eo
477 4244 640 4317 quod
663 4244 908 4314 sanguis
938 4242 1018 4297 ibi
1047 4242 1401 4310 effundatur,
1427 4248 1484 4298 et
1504 4242 1657 4299 sicut
1678 4243 1803 4298 dies

168 4332 321 4402 mali;
340 4336 494 4391 unde
510 4331 834 4404 Apostolus
858 4347 871 4385 :
896 4331 1231 4386 Redimentes
1268 4335 1483 4401 tempus
1530 4334 1726 4403 (Ephes
1745 4350 1800 4399 ν,

169 4422 267 4490 16),
298 4428 402 4479 etc.
427 4440 443 4491 ;
476 4429 543 4480 et
570 4422 753 4477 Jacob
782 4420 1069 4476 Pharaoni
1099 4435 1112 4473 :
1136 4421 1260 4475 Dies
1280 4422 1415 4476 vitae
1432 4436 1571 4477 meae
1590 4423 1807 4476 centum

166 4512 349 4581 viginti
378 4514 524 4584 (811)
560 4526 841 4566 annorum
868 4517 996 4564 sunt
1047 4510 1213 4577 parvi
1240 4512 1293 4563 et
1321 4509 1479 4575 mali,
1520 4516 1627 4564 etc.
1658 4535 1672 4578 ;
1704 4510 1805 4564 ubi

235 4618 628 4698 (808)‘Autog._
649 4617 993 4698 congregati.
1026 4615 1274 4698 Videtur
1307 4616 1448 4670 mihi
1484 4617 1804 4672 desiderari

172 4685 257 4743 hic
285 4685 518 4745 verbum
551 4685 759 4755 est,vel
791 4685 951 4743 aliud
985 4686 1384 4758 azquipollens.

1911 3446 2004 3501 nis
2035 3449 2091 3500 et
2120 3438 2624 3497 commutationis.
2656 3437 2804 3493 Hinc
2834 3441 2891 3492 et
2923 3433 3274 3492 Psalmista:
3310 3435 3373 3489 In
3394 3451 3563 3491 mcu-

1913 3535 2029 3589 lum
2058 3529 2442 3587 misericordia
2472 3529 2590 3599 ejus
2633 3525 2804 3597 (Psal.
2858 3541 2947 3591 ev,
2997 3525 3065 3591 1;
3117 3538 3225 3590 CVI,
3283 3524 3361 3591 2).
3390 3522 3561 3579 Amen

1912 3640 2043 3678 vero
2075 3620 2351 3673 Hebraeus
2374 3633 2566 3671 sermo
2585 3619 2707 3680 est;
2742 3614 3387 3685 interpretaturautem,
3411 3626 3556 3680 vere,

1912 3712 2166 3782 ﬁdeliter,
2192 3708 2311 3764 sive
2341 3708 2458 3777 ﬁat.
2519 3705 2635 3760 Hoc
2686 3703 2842 3759 enim
2875 3716 3146 3757 sermone
3192 3699 3561 3756 conﬁrmavit

1912 3798 2231 3872 Apostolus
2261 3812 2427 3851 suam
2454 3793 2877 3867 praefationem,
2900 3806 3016 3863 quo
3038 3794 3094 3846 et
3113 3788 3403 3846 Dominus
3427 3786 3563 3844 illas

1912 3885 2280 3944 conﬁrmavit
2296 3882 2635 3949 sententias,
2665 3897 2813 3953 quas
2833 3879 3054 3935 arctius
3074 3876 3565 3934 voluitiuculcare

1913 3977 1971 4031 in
2004 3990 2247 4031 suorum
2282 3971 2559 4026 cordibus
2590 3969 2949 4024 auditorum.

1987 4064 2134 4134 (813)
2158 4063 2329 4117 Miror
2350 4059 2489 4132 quod
2520 4067 2634 4113 tam
2666 4057 2793 4127 cito,
2843 4060 2953 4111 etc.
2988 4054 3177 4110 Finita
3205 4052 3562 4125 prasfatione,

1913 4150 2251 4225 aggreditur
2270 4152 2492 4204 textum
2520 4145 2787 4218 Epistolas
2815 4170 2828 4211 ;
2852 4143 2952 4217 qui
2975 4147 3170 4199 textus
3200 4143 3273 4198 ab
3291 4141 3563 4213 increpa-

1913 4243 2069 4298 tione
2099 4240 2356 4307 inchoat,
2388 4236 2667 4292 dicendo:
2702 4235 2893 4299 Miror,
2941 4238 3050 4288 etc.
3109 4230 3444 4287 Notandum
3475 4232 3567 4294 est

1916 4331 2056 4403 quia
2085 4329 2327 4383 verbum
2357 4324 2761 4381 translationis
2792 4322 2851 4377 in
2883 4322 3036 4377 bono
3066 4325 3125 4375 et
3144 4318 3204 4374 in
3227 4316 3380 4374 malo
3398 4317 3567 4390 poni-

1915 4425 2012 4475 tur
2069 4419 2128 4472 iu
2184 4418 2337 4471 bono
2390 4415 2562 4486 (814),
2623 4418 2689 4467 ut
2744 4409 2938 4466 Enoch
2993 4407 3314 4463 translatus
3375 4418 3409 4461 a
3449 4403 3567 4462 Deo

1917 4508 2107 4579 (Eccli.
2131 4521 2282 4570 κων,
2308 4504 2429 4573 16);
2452 4502 2510 4555 in
2529 4498 2705 4568 malo,
2724 4503 2791 4553 ut
2811 4497 3010 4552 Achab
3039 4512 3073 4550 a
3099 4492 3366 4550 Jezabele
3395 4493 3567 4564 (815).

1916 4613 2098 4669 Levit.
2136 4626 2262 4675 xxv,
2286 4609 2352 4662 10
2383 4612 2439 4661 et
2471 4607 2556 4661 11.
2607 4603 2931 4675 Sedsuper
2957 4601 3067 4675 hoc
3096 4598 3336 4675 consule
3365 4597 3564 4655 Hiero-

1842 4701 1888 4765 D
1922 4685 2081 4765 nymi
2113 4669 2398 4765 vindicias
2446 4696 2481 4762 a
2536 4669 2926 4765 quaestionum
2965 4669 3569 4765 ⁸ΗΞθνριιγιῙιὶθιιιειιιξξιὲ

239 4740 1027 4833 (maiusmagis;"gat.
1050 4740 1313 4833 *‘pcijltcw
1350 4740 1612 4827 sapiens
1654 4759 1809 4830 quod
1842 4740 1888 4765 ³⁷
1922 4740 2515 4833 liiJ-,.e.Y°1'm?9.iB
2550 4740 2688 4803 δοία
2716 4748 2937 4830 Ρρδίίθε
2964 4740 3245 4833 ίῖὲῖθτίοά
3278 4757 3411 4814 pag“
3459 4740 3568 4795 378

174 4829 589 4888 emendandum
624 4829 826 4886 cénsui
857 4847 871 4885 :
905 4834 1031 4884 tum
1063 4846 1132 4885 ex
1162 4829 1255 4885 his
1282 4847 1413 4901 quso
1456 4829 1807 4901 sequuntur,

177 4901 265 4977 ubi
288 4904 356 4959 de
377 4905 787 4977 redargutione
809 4903 1147 4977 agitur,qua
1167 4900 1401 4977 sapiens
1426 4900 1809 4977 non’indiget,

179 4973 221 5027 si
253 4977 494 5048 perfecte
524 4972 761 5048 sapiens
784 4972 1016 5048 simum
1044 4972 1111 5028 ex
1135 4972 1307 5048 citato
1331 4979 1487 5048 textu
1506 4973 1655 5029 hanc
1680 4972 1810 5046 par-

179 5045 285 5118 tem
313 5045 1175 5118 distinctioniscomprobante.
1215 5046 1390 5118 Divus
1420 5045 1813 5118 Hieronymus

179 5116 341 5191 enim,
370 5119 466 5191 qui
496 5119 670 5191 initio
701 5116 1269 5191 Commentariorum
1305 5116 1484 5191 hujus
1542 5116 1812 5191 Epistolas

179 5183 536 5263 hanc'prodit
566 5190 1029 5263 distinctionem,
1062 5187 1145 5244 ita
1164 5187 1353 5263 habet
1378 5183 1401 5241 ἴ
1430 5189 1514 5263 _de
1560 5183 1815 5263 perﬁdis

179 5256 370 5315 dicitur
390 5263 641 5317 :Miltam
665 5262 721 5316 in
741 5277 829 5316 vos
856 5261 1131 5331 sapientes
1164 5259 1281 5315 Luc
1314 5276 1391 5321 χι.
1417 5260 1517 5326 [ιυς
1560 5256 1641 5315 ’ἀει
1660 5256 1815 5314 insi-

181 5330 493 5452 pientibus:
545 5335 727 5403 Argue
753 5330 1081 5402 sapientem,
1112 5339 1164 5386 et
1205 5331 1396 5401 diliget
1440 5340 1489 5386 te
1537 5331 1699 5386 Prov.
1738 5348 1814 5398 Ix,

219 5441 229 5452 .
278 5404 379 5452 Oui
411 5405 591 5452 nlonzp.
624 5409 1163 5452 cnnsummntmaue
1193 5402 1425 5452 virtutis
1478 5407 1588 5452 est-
1620 5419 1814 5452 corre-

219 5441 254 5477 ._
278 5404 380 5468 Qui
410 5405 591 5477 plene
622 5402 1163 5477 consummatmque
1193 5402 1425 5457 virtutis
1478 5407 1589 5467 est,
1620 5419 1815 5459 corre-

184 5472 504 5548 ptione‘rion
518 5476 779 5548 indiget.

248 5544 385 5619 (810)
416 5547 648 5620 Scilicet
666 5544 944 5620 perfectus
955 5544 1374 5620 sapien_s,cujus
1396 5544 1818 5616 redargutioni,

187 5612 250 5669 de
273 5612 384 5687 qua
412 5612 686 5675 Salomon
713 5612 889 5673 citato
919 5612 1104 5683 textu,
1136 5612 1298 5671 locus
1330 5632 1445 5671 non
1478 5612 1585 5670 est:

251 5688 391 5758 (811)
412 5690 553 5746 Gen.
583 5707 757 5757 vau,
780 5692 837 5753 9.
869 5691 970 5747 ubi
1002 5706 1116 5745 non
1176 5692 1393 5745 centum
1448 5688 1670 5757 viginti,
1719 5687 1819 5742 sed

186 5767 391 5834 centum
419 5764 648 5834 triginta
676 5762 910 5834 legitur.

252 5830 391 5906 (812)
418 5830 708 5893 Jubilaaus
726 5830 862 5891 vero
901 5848 1095 5891 anuus
1124 5837 1248 5889 erat
1277 5831 1822 5905 quinquagesimvs,

1918 4819 2059 4883 tom'i
2091 4824 2190 4879 VIl
2225 4821 2411 4878 sancti
2444 4819 2775 4890 Hieronymi
2809 4831 3072 4890 operum.

1991 4897 2137 4968 (813)
2172 4897 2233 4968 in
2266 4900 2459 4966 autog.
2494 4883 2683 4968 marg:
2718 4883 3057 4968 biciegitur
3084 4901 3190 4968 cap
3221 4883 3291 4968 ll:

1995 4953 2142 5041 (811')
2171 4966 2362 5041 verba
2396 4953 2801 5041 interiorque:
2824 4959 2884 5015 in
2899 4953 3104 5030 autog.
3138 4953 3571 5024 desiderantur,

1923 5036 2193 5097 addenda
2213 5036 2494 5109 judicavi.

1995 5114 2144 5179 (815)
2178 5096 2236 5165 ῐιῖ
2268 5115 2465 5179 autog.
2500 5103 2680 5179 Acaph
2709 5121 2742 5158 a
2771 5100 3044 5179 Zezabele,
3078 5096 3570 5179 quo_d.,_tanquam

1925 5166 2668 5247 mendum,emendandu'm
2692 5173 2892 5247 censui
2911 5196 2925 5239 ;
2944 5188 3077 5247 eum
3094 5166 3390 5247 'nullibiin
3404 5166 3570 5222 sacro

1924 5261 2079 5311 textu
2106 5240 2316 5309 horum
2343 5250 2652 5306 nominum
2676 5245 2921 5301 mentio:
2944 5243 3016 5297 de
3032 5240 3431 5297 Achabautem
3457 5252 3574 5293 non

1927 5325 2209 5383 translato
2242 5323 2341 5378 sed
2376 5321 2597 5394 perlato
2638 5319 2726 5394 in__
2752 5313 3101 5394 Samariam.
3126 5312 3572 5394 postponam,

1927 5382 2102 5469 cujus
2125 5382 2472 5466 sanguinem
2496 5407 2670 5446 canes
2687 5388 3006 5443 linxerunt.
3032 5382 3166 5469 Vid'.
3186 5383 3263 5440 lli
3280 5382 3576 5455 388.1111,

1930 5472 2015 5523 38.
2042 5469 2192 5523 Num
2225 5471 2417 5521 autem
2452 5480 2485 5518 a
2511 5461 2777 5518 Jezabele
2835 5474 3010 5514 uxore
3066 5472 3194 5523 ejus
3223 5452 3578 5510 translatum

1930 5472 2015 5525 38.
2042 5472 2192 5523 Num
2225 5472 2417 5521 autem
2452 5480 2485 5518 a
2511 5472 2777 5518 Jezabele
2835 5474 3010 5514 uxore
3066 5472 3194 5528 BJUB
3223 5472 3578 5510 translatum

1930 5540 2105 5598 fuerit
2133 5542 2259 5608 ejus
2289 5552 2523 5608 corpus,
2557 5532 2712 5608 silet_
2748 5546 2913 5608 sacer
2969 5532 3179 5608 tegitus.
3242 5525 3580 5608 Divusjero

1930 5595 2319 5681 llierouvmus
2348 5595 2519 5681 hanc:
2532 5602 2975 5681 translationem
3008 5601 3079 5656 de
3107 5595 3581 5681 praevaricatione

1930 5684 2125 5741 Achab
2149 5669 2193 5737 va
2212 5678 2474 5735 Jezabele
2504 5676 2616 5749 ipsi
2650 5691 2873 5749 suasa,
2897 5689 3066 5749 “cum
3107 5669 3355 5749 scilicet
3382 5681 3418 5747 ᾳ
3443 5675 3580 5749 vero

1937 5738 2094 5811 cultu
2118 5754 2185 5810 ad
2216 5738 2604 5807 idololatriam
2629 5746 2873 5805 descivit
2897 5744 2974 5803 ιιι
2995 5745 3137 5818 Reg.
3158 5738 3380 5808 xxi,26,
3397 5738 3577 5791 inter-

1936 5830 2217 5901 pretatur.
