3902 6402
307 455 426 521 499

1325 447 1663 512 ATTONIS
1707 443 2294 508 VERGELLENSIS
2338 440 2697 506 EPISCOPI

3609 425 3732 492 500

313 587 427 650 Sed
458 587 542 646 illi
574 584 676 662 qui
711 605 743 644 a
775 590 886 643 Deo
915 584 1371 650 transferuntur,
1405 599 1518 638 non
1552 580 1952 647 inveniuntur,
1982 579 2038 646 Α
2067 577 2314 648 loquens
2343 576 2574 632 dicebat
2603 575 2734 640 hoc,
2767 569 2938 662 quasi
2963 567 3222 662 diceret:
3343 559 3472 623 fieri
3509 568 3737 662 posset

314 685 382 736 ut
411 681 481 735 de
502 677 696 733 Enoch
725 676 940 747 legitur
965 691 976 728 :
1014 674 1336 729 translatus
1356 675 1464 737 est,
1489 675 1544 724 et
1566 687 1681 724 non
1701 669 1956 724 invenie-

315 769 489 824 batur
519 766 674 834 (Gen.
709 782 760 830 v,
791 766 861 818 25
885 789 899 830 ς
922 763 1083 818 Hebr.
1106 779 1184 826 x1,
1217 762 1305 830 5);
1334 759 1414 812 illi
1447 776 1606 824 vero,
1639 759 1740 829 qui
1774 775 1807 813 a
1836 759 1959 813 dia-

315 856 470 922 bolo,
494 857 564 910 ab
588 853 845 908 inimicis
863 851 1238 906 inveniuntur
1262 864 1274 903 :
1300 864 1366 902 eo
1417 864 1673 918 namque
1694 847 1960 902 translati

317 945 548 1001 fuerant
569 942 800 1006 Galatae,
838 941 908 993 de
935 954 1182 1008 quorum
1217 935 1604 994 translatione
1625 936 1792 990 docet
1813 935 1962 1005 (816)

313 1029 649 1104 Apostolus,
673 1032 730 1083 et
760 1027 1024 1081 miratur.
1060 1026 1160 1078 Est
1219 1024 1393 1078 etiam
1456 1023 1572 1078 alia
1632 1023 1963 1092 translatio,

318 1119 642 1177 secundum
665 1115 998 1187 opinionem
1028 1113 1424 1168 humanarum
1449 1112 1800 1167 litterarum.
1821 1117 1964 1167 Cum

319 1206 476 1262 enim
508 1204 639 1275 quis
664 1204 736 1256 ab
765 1219 880 1256 uno
899 1203 1171 1272 dogmate
1194 1202 1264 1256 ad
1290 1200 1446 1256 aliud
1472 1200 1705 1264 transit,
1730 1199 1826 1254 ille
1850 1200 1964 1254 uti-

320 1291 765 1365 quetranslatus
780 1289 1197 1345 diciturzveluti
1215 1290 1284 1344 de
1299 1290 1553 1360 quodam
1573 1287 1965 1360 legitur(817),

319 1382 415 1456 qui
440 1380 689 1436 necdum
711 1383 988 1450 expertus
1013 1377 1232 1432 doloris
1264 1377 1495 1432 dicebat
1527 1375 1798 1430 eumdem
1823 1375 1969 1430 nihil

317 1485 466 1535 esse,
493 1468 914 1539 fatigatusvero
935 1465 1376 1530 afflictionibus,
1416 1480 1719 1518 summum
1747 1463 1967 1518 malum

319 1558 543 1614 dixerat
561 1573 690 1611 esse
713 1555 1250 1611 dolorem.Miratur
1270 1553 1425 1608 enim
1449 1551 1762 1624 Apostolus
1778 1557 1968 1607 trans-

318 1644 597 1700 lationem
625 1643 986 1707 Galatarum,
1021 1642 1260 1712 etquod
1296 1645 1412 1695 tam
1472 1644 1623 1705 cito;
1686 1639 1824 1711 quia
1853 1655 1969 1694 non

323 1749 489 1804 aequa
519 1731 693 1804 culpa
722 1735 811 1786 est
841 1730 1077 1785 illorum
1110 1730 1208 1800 qui
1269 1735 1465 1784 coacte
1523 1735 1579 1784 et
1635 1729 1730 1800 qui
1766 1732 1973 1799 sponte

324 1821 778 1884 transferuntur,
807 1819 959 1874 sicut
987 1834 1102 1872 non
1135 1834 1301 1888 aequa
1331 1822 1421 1872 est
1445 1816 1700 1882 illorum,
1755 1815 1853 1886 qui
1885 1815 1971 1870 di-

323 1906 998 1964 versistribulationibus
1023 1905 1312 1970 alﬂicti,et
1333 1904 1432 1976 qui
1456 1903 1634 1959 nullis
1655 1904 1971 1959 adversita-

325 1997 488 2052 tibus
505 1995 942 2066 fatigati,Deum
969 1998 1200 2065 negant.
1223 1993 1352 2048 Sive
1366 1993 1482 2048 cito
1498 1991 1765 2047 translati
1784 1996 1969 2058 erant,

325 2083 467 2156 quia
496 2100 610 2138 non
643 2082 812 2152 longe
840 2087 964 2136 erat
985 2087 1238 2152 tempus,
1265 2097 1378 2151 quo
1399 2079 1480 2134 illi
1504 2080 1890 2144 crediderant,
1916 2083 1973 2133 et

322 2189 357 2228 a
386 2170 794 2243 praedicatione
825 2169 1146 2240 apostolica
1177 2173 1560 2224 recesserant.

396 2260 500 2326 Qui
528 2275 617 2314 vos
647 2260 874 2324 vocavit,
907 2263 1018 2312 etc.
1080 2263 1189 2313 Per
1246 2257 1607 2328 hyperbaton
1667 2256 1778 2312 iste
1809 2256 1972 2312 locus

323 2347 605 2418 accipitur
627 2346 735 2402 hoc
757 2347 928 2401 modo
953 2362 965 2400 :
995 2346 1176 2401 miror
1197 2346 1351 2417 quod
1383 2345 1467 2400 sic
1498 2350 1620 2400 tam
1645 2345 1759 2400 cito
1787 2351 1976 2400 trans-

322 2435 577 2491 ferimini
609 2452 643 2490 a
671 2435 898 2490 Christo
927 2439 1086 2499 Jesu,
1119 2437 1215 2504 qui
1261 2450 1354 2488 vos
1402 2436 1611 2488 vocavit
1642 2437 1703 2488 in
1732 2438 1976 2502 gratiam

323 2523 767 2579 suam.Gratiam
795 2521 1078 2585 dicit,non
1099 2522 1371 2577 meritum
1393 2539 1407 2588 ;
1427 2523 1562 2592 quia
1580 2522 1977 2594 gratiadivina

325 2613 399 2666 ab
414 2611 754 2666 inﬁdelitate
768 2611 838 2664 ad
860 2610 1034 2664 ﬁdem
1053 2611 1219 2664 tracti
1241 2610 1472 2664 fuerant
1487 2611 1973 2675 ;undeDomiuus:

324 2701 442 2756 Non
470 2701 594 2754 veni
623 2715 815 2755 vocare
833 2701 1034 2769 justas,
1065 2699 1155 2753 sed
1192 2708 1504 2768 peccatores
1532 2699 1716 2761 (Marc.
1765 2716 1826 2768 ιι,
1864 2700 1973 2769 17).

398 2789 461 2842 In
487 2787 645 2842 aliud
664 2789 1046 2857 Evangelium,
1064 2792 1174 2842 etc.
1201 2788 1586 2850 Quarendum
1611 2793 1699 2842 est
1731 2788 1780 2842 si
1815 2787 1976 2842 aliud

327 2881 416 2932 est
430 2875 1128 2948 Evangelium,quomodo
1149 2891 1259 2930 non
1277 2875 1449 2930 aliud.
1468 2876 1802 2944 Notandum
1821 2876 1977 2931 enim

328 2965 468 3036 quia
492 2962 592 3018 illa
612 2981 722 3030 res,
749 2981 876 3035 quae
899 2970 1006 3033 est,
1032 2963 1304 3018 subsistit
1329 2981 1341 3030 ;
1365 2969 1422 3017 et
1443 2963 1579 3034 quia
1601 2964 1976 3036 Evangelium

325 3051 607 3107 veraciter
635 3058 742 3115 est,
776 3057 833 3107 et
865 3053 1080 3106 veritas
1111 3051 1330 3106 ibidem
1364 3053 1730 3107 continetur:
1766 3053 1980 3108 idcirco

326 3157 437 3195 non
457 3141 610 3195 aliud
629 3149 726 3196 est.
757 3140 868 3196 Illae
896 3157 1026 3195 vero
1055 3156 1167 3207 res,
1202 3157 1329 3211 quae
1362 3141 1642 3196 veraciter
1670 3158 1783 3196 non
1817 3146 1976 3208 sunt,

328 3228 475 3284 nihil
507 3233 664 3283 sunt.
698 3229 764 3283 Et
787 3227 942 3299 quod
964 3229 1044 3282 ita
1070 3229 1169 3292 sit,
1204 3229 1386 3283 habes
1415 3229 1718 3300 exempla:
1756 3230 1832 3284 Ne
1861 3239 1976 3284 tra-

2003 1948 2050 2012 B

2070 673 2135 721 ut
2157 672 2393 738 ego,aut
2414 663 2756 736 angelus,de
2778 661 2920 716 coelo
2952 658 3114 714 aliud
3146 657 3525 730 praedicasset
3550 671 3734 726 quam

2071 753 2398 826 praedicavi,
2433 753 2586 824 quod
2623 751 2746 805 ﬁeri
2781 766 2896 805 non
2930 751 3173 820 poterat,
3233 759 3612 816 nequaquam
3657 743 3730 797 ab

2072 843 2182 898 hoc
2217 843 2371 914 quod
2403 840 2585 896 semel
2617 838 2984 910 suscepistis,
3048 836 3316 892 recedere
3363 831 3733 888 debueratis.

2076 933 2437 1003 Imprecatur
2458 932 2605 1002 (819)
2639 929 2794 984 enim
2820 924 3136 999 Apostolus
3157 924 3268 980 sibi
3302 923 3644 988 anathema,
3669 926 3736 975 ut

2077 1020 2222 1076 illud
2255 1022 2475 1075 crimen
2509 1037 2542 1074 a
2568 1036 2630 1075 se
2657 1017 2979 1089 repelleret,
3006 1015 3161 1086 quod
3184 1013 3424 1084 quidam
3450 1012 3501 1066 ei
3524 1011 3739 1066 infere-

2085 1109 2249 1176 bant,
2281 1109 2543 1162 dicentes
2573 1123 2707 1162 eum
2735 1105 2903 1160 aliter
2928 1103 3310 1174 Jerosolymis
3340 1116 3533 1172 agere,
3567 1099 3743 1154 aliter

2077 1202 2280 1269 gentes
2305 1197 2509 1251 docere
2532 1211 2701 1266 agere
2733 1194 2966 1250 debere.
3000 1194 3362 1263 lmprecatur
3415 1194 3473 1244 et
3501 1189 3739 1259 angelo,

2079 1290 2144 1339 ut
2176 1301 2290 1339 non
2322 1285 2470 1354 (820)
2505 1281 2701 1353 magni
2737 1282 3086 1352 penderetur
3108 1279 3442 1350 praadicatio
3471 1277 3653 1342 Petri,
3682 1284 3743 1332 et

2077 1378 2419 1428 ceterorum
2451 1370 2930 1443 apostolorum,si
2957 1369 3124 1424 aliter
3149 1367 3748 1439 praedicassentﬂuo-

2080 1461 2262 1528 niam,
2285 1461 2334 1516 si
2359 1460 2624 1532 angelus,
2656 1458 2757 1530 qui
2780 1458 3023 1528 majoris
3040 1456 3408 1512 auctoritatis
3428 1459 3538 1522 est,
3573 1453 3749 1509 aliter

2078 1550 2474 1622 praedicando,
2535 1547 2851 1602 anathema
2911 1545 3277 1604 incurrisset.
3314 1542 3498 1599 multo
3543 1542 3741 1614 magis

2083 1638 2730 1711 apostoli.Imprecatur
2752 1635 2925 1692 etiam
2943 1633 3262 1706 Apostolus
3276 1631 3386 1688 sibi
3400 1632 3744 1699 anathema,

2083 1728 2241 1799 quia,
2275 1744 2323 1782 SI
2360 1725 2585 1797 aliquid
2606 1725 2847 1796 segnius
2869 1728 3087 1794 ageret,
3111 1721 3463 1778 commutari
3485 1724 3746 1792 poterat,

2082 1816 2408 1872 secundum
2461 1816 2616 1886 quod
2671 1815 2797 1885 ipse
2817 1813 2994 1868 dicit:
3024 1815 3104 1867 Ne
3121 1813 3411 1881 forte,cum
3432 1811 3566 1864 aliis
3586 1824 3749 1880 pra-

2081 1905 2402 1970 dicaverim,
2436 1907 2548 1974 ipse
2579 1904 2841 1974 reprobus
2870 1900 3098 1975 efﬁciar
3120 1903 3166 1970 (1
3204 1901 3326 1956 Cor.
3363 1917 3438 1964 1x,
3469 1899 3586 1966 27).
3627 1899 3747 1953 Im-

2083 1998 2354 2067 precatur
2376 1997 2432 2047 et
2456 1992 2691 2063 angelo;
2715 1992 2855 2063 quia
2875 1991 3069 2062 etipse
3089 1989 3305 2045 mutari
3322 1987 3746 2060 poterat,quia,

2083 2081 2283 2137 relicto
2298 2081 2592 2136 domicilio
2616 2080 2813 2145 suo,in
2827 2079 2978 2135 hanc
2990 2093 3383 2134 aerumnosam
3405 2077 3587 2131 vitam
3615 2093 3747 2147 pro-

2077 2171 2272 2240 jectus
2299 2169 2357 2224 in
2391 2169 2652 2223 diversas
2683 2167 2831 2223 solet
2859 2167 3084 2238 species
3145 2165 3486 2238 permutari.
3538 2165 3607 2218 Et
3639 2165 3750 2219 hoc

2085 2259 2390 2314 sciendum
2423 2257 2562 2328 quia
2593 2274 2655 2312 se
2685 2261 2741 2312 et
2769 2257 3043 2328 angelum
3068 2254 3416 2310 nominatim
3440 2252 3744 2324 exprimit,

2083 2352 2321 2402 caateros
2351 2362 2484 2401 vero
2515 2347 2624 2401 sub
2657 2345 3040 2417 generalitate
3071 2344 3410 2400 manifestat
3465 2344 3646 2413 (821),
3681 2359 3752 2398 ne

2081 2436 2378 2491 videretur
2407 2452 2507 2490 eos
2541 2435 2966 2507 reprehendere
2997 2433 3142 2488 velle
3171 2457 3187 2499 ;
3246 2438 3447 2488 tamen
3488 2430 3748 2487 latenter

2083 2541 2183 2580 eos
2213 2525 2488 2579 ostendit.

2157 2612 2484 2666 Anathema
2498 2612 2655 2666 enim
2673 2611 2730 2665 in
2750 2610 3044 2666 veteribus
3059 2609 3226 2664 libris
3240 2609 3549 2681 reperitur.
3577 2605 3751 2681 Legi-

2086 2700 2667 2771 turenim,quiacum
2686 2697 3638 2767 cecidissetJerieho,omniaillius
3653 2699 3755 2754 Jo-

2088 2806 2192 2845 sue
2207 2789 2315 2843 sub
2333 2789 2725 2844 anathematis
2758 2789 2995 2843 nomine
3022 2787 3329 2842 constituit
3359 2789 3509 2854 (822)
3539 2788 3752 2842 Posuit

2088 2876 2641 2948 (8‘23)etiamPaulus
2655 2877 2837 2932 hocin
2852 2875 3330 2948 suisEpistolis.U
3342 2876 3677 2930 tituretiam
3693 2876 3756 2931 in

2088 2966 2414 3020 canonibus
2444 2965 2758 3032 institutis,
2795 2971 2860 3020 ut
2893 2965 2993 3037 qui
3025 2965 3134 3020 hoc
3194 2963 3279 3020 vel
3339 2964 3483 3019 illud
3526 2965 3756 3030 fecerit,

2088 3055 2401 3110 anathema
2430 3055 2526 3109 sit.
2563 3056 2870 3109 Anathema
2893 3055 3050 3110 enim
3072 3059 3128 3109 et
3149 3054 3425 3110 Hebraeus
3443 3070 3639 3110 sermo
3664 3058 3757 3110 est

2089 3144 2260 3215 (824),
2283 3149 2338 3198 et
2361 3145 2782 3216 interpretatur
2803 3143 3000 3198 Latine
3026 3143 3278 3214 perditio
3308 3143 3430 3198 sive
3458 3144 3755 3199 alienatio-

2159 3233 2310 3288 Sicut
2326 3233 2722 3303 praediximus,
2751 3239 2862 3288 etc.
2898 3233 2969 3288 Ut
3000 3231 3266 3288 nonnulli
3293 3232 3520 3297 volunt,
3547 3233 3759 3304 praedi-

327 3317 444 3382 das,
474 3318 722 3386 Domine,
753 3325 1026 3384 sceptrum
1043 3322 1206 3371 tuum
1235 3317 1342 3387 his,
1365 3319 1465 3388 qui
1477 3333 1586 3371 non
1607 3323 1736 3372 sunt
1761 3319 1984 3388 (Esther
2013 3306 2056 3373 C
2095 3329 2250 3376 xeral
2285 3321 2623 3393 Apostolus,
2657 3339 2790 3376 cum
2823 3322 3056 3376 adesset
3084 3319 3369 3392 corporali
3416 3320 3755 3391 praesentia.

328 3423 442 3460 x1v.
478 3407 584 3475 11).
619 3409 686 3460 Et
715 3405 868 3460 idem
902 3405 1153 3460 Paulus:
1189 3407 1316 3460 Dico
1364 3409 1514 3461 enim
1562 3407 1838 3472 omnibus,
1884 3410 1983 3478 qui

329 3502 456 3549 sunt
479 3496 623 3549 inter
652 3509 740 3550 vos
764 3494 935 3564 (Rom.
969 3511 1070 3561 xn,
1105 3497 1198 3562 3):
1235 3494 1365 3550 illos
1413 3494 1845 3566 alloquebatur,
1880 3497 1980 3567 qui

328 3582 480 3637 inter
507 3580 640 3638 illos
671 3587 838 3638 erant
869 3584 1039 3653 (818).

399 3672 518 3725 Nisi
534 3673 662 3725 sunt
689 3670 893 3743 aliqui,
917 3673 1012 3740 qui
1030 3687 1118 3725 eos
1149 3672 1494 3735 conturbant,
1523 3677 1634 3726 etc.
1659 3671 1803 3726 Nota
1823 3674 1982 3743 quia,

330 3774 466 3814 cum
498 3757 771 3813 dixisset:
810 3759 917 3824 Qui
945 3775 1034 3814 vos
1073 3762 1418 3824 conturbant,
1469 3776 1582 3814 non
1633 3761 1980 3831 subjunxit:

330 3847 685 3902 Convertunt
717 3844 1092 3917 Evangelium
1124 3865 1136 3913 ;
1171 3846 1299 3901 ideo
1360 3848 1501 3919 quia
1553 3848 1665 3919 ipsi
1717 3855 1986 3920 poterant

332 3935 690 4000 conturbari,
724 3939 935 3989 natura
965 3952 1098 3990 vero
1131 3936 1426 4007 Evangelii
1450 3953 1826 4009 nequaquam
1849 3955 1985 3993 con-

331 4021 476 4078 verti
509 4025 752 4093 poterat,
787 4023 1066 4094 quoniam
1099 4024 1490 4079 immutabilis
1519 4037 1626 4080 est.

404 4110 507 4165 Sed
539 4111 665 4165 licet
691 4127 810 4177 nos,
838 4120 936 4166 aut
966 4113 1196 4180 angelus
1227 4113 1291 4168 de
1319 4114 1469 4184 coelo,
1504 4119 1640 4182 etc.;
1699 4115 1984 4187 hyperbo-

331 4199 440 4254 lice
472 4199 580 4254 iste
613 4198 775 4253 locus
805 4198 1173 4270 intelligitur.
1207 4201 1332 4255 Non
1364 4202 1519 4257 enim
1549 4203 1677 4257 ideo
1701 4203 1809 4258 hoc
1831 4205 1984 4260 dice-

333 4287 432 4342 bat
459 4287 793 4358 Apostolus,
829 4293 893 4342 ut
922 4292 1047 4359 ipse
1077 4293 1559 4359 commutaretur,
1622 4297 1724 4345 aut
1762 4291 1983 4363 aliquid

334 4375 492 4431 aliud
528 4375 772 4448 angelus
802 4376 1197 4448 prmdicasset,
1230 4379 1331 4433 sed
1356 4395 1458 4449 per
1477 4380 1982 4450 exaggerationem

409 4572 558 4640 (816)
588 4572 854 4627 Fortasse
883 4572 1034 4637 dicit,
1068 4572 1153 4628 vel
1186 4572 1350 4628 dolet.

2094 3410 2245 3465 Dicit
2272 3411 2448 3466 etiam
2482 3427 2584 3482 per
2616 3411 2766 3465 hanc
2801 3409 3142 3481 Epistolam,
3175 3415 3232 3465 et
3259 3409 3473 3465 iterum
3513 3409 3661 3464 dicit
3690 3411 3756 3465 in

2093 3500 2318 3566 eadem,
2355 3504 2419 3553 ut
2450 3499 2668 3554 arctius
2701 3515 2786 3566 ea,
2812 3516 2939 3570 quae
2961 3498 3208 3563 dixerat,
3240 3498 3523 3554 ineorum
3554 3499 3752 3554 cordi-

2093 3589 2202 3643 bus
2233 3588 2568 3642 inculcaret.
2604 3589 2750 3652 Quia
2781 3604 2899 3642 non
2931 3594 3020 3643 est
3052 3604 3230 3642 sacrm
3287 3587 3600 3658 Scriptum
3637 3590 3753 3642 fre-

2094 3675 2296 3745 quenti
2329 3677 2630 3731 iteratione
2663 3681 2938 3748 repetere,
3001 3693 3127 3748 qua:
3187 3676 3407 3732 arctius
3463 3675 3629 3747 cupit
3659 3676 3751 3731 in-

2094 3763 2348 3819 culcare.

2165 3853 2272 3907 Sed
2310 3869 2424 3908 non
2457 3853 2628 3909 debet
2650 3854 2832 3908 videri
2855 3853 3295 3921 contrarium,si
3327 3853 3424 3910 ille
3445 3854 3758 3926 patientis-

2096 3941 2411 4013 simus,qui
2428 3949 2858 3998 commotorum
2874 3943 3180 3998 hominum
3203 3943 3752 4014 cordatranquilla-

2095 4031 2215 4095 bat,
2248 4031 2591 4104 indignatur
2621 4037 2676 4086 et
2705 4031 3112 4087 stomachatur
3173 4032 3453 4086 adversus
3484 4029 3750 4097 Galatas,

2095 4120 2517 4190 quoniamideo
2533 4120 2640 4174 hoc
2655 4121 2868 4191 agebat
2895 4138 2908 4187 ;
2935 4121 3075 4191 quia
3096 4119 3272 4175 veluti
3299 4125 3464 4192 pater
3485 4120 3556 4174 de
3585 4118 3752 4191 ﬁliis,

2096 4208 2176 4262 ita
2207 4214 2262 4262 et
2323 4209 2431 4263 iste
2489 4210 2561 4263 de
2618 4210 2954 4264 Galatarum
3009 4209 3446 4281 trangressione
3478 4207 3754 4266 dolebat:

2096 4297 2315 4367 quibus
2341 4298 2516 4352 etiam
2542 4298 2812 4352 convenit
2841 4297 3242 4369 interpretatio
3265 4297 3571 4369 provincia:
3597 4297 3758 4368 ipso-

2097 4402 2264 4440 rum:
2300 4403 2435 4441 nam
2466 4385 2695 4442 Galatia
2725 4386 3170 4444 translationem
3203 4390 3376 4442 sonat
3405 4386 3577 4458 (825).

2095 4580 2358 4636 vocabuli
2395 4599 2577 4648 usus;
2611 4581 2786 4636 Num.
2809 4599 2921 4650 χχι,
2953 4584 3014 4651 3;
3050 4583 3216 4639 Deut.
3252 4599 3350 4649 vn,
3391 4583 3480 4652 20,
3540 4585 3597 4636 et
3628 4598 3756 4647 xm,

409 4643 921 4738 l‘8ﬁi‘72ADionysium
939 4644 1983 4738 divusHieropymusappellat‘,qluem
2017 4673 2065 4738 D
2101 4654 2185 4718 17,
2219 4659 2276 4707 et
2306 4653 2446 4707 alibi
2481 4643 2722 4724 pluries.

337 4713 506 4789 Metat
518 4713 980 4789 hemenumgive
995 4717 1477 4789 transpositorem
1489 4713 1593 4784 ,vel
1605 4713 1985 4789 translatum,

339 4784 479 4860 quia
493 4784 740 4860 a_S_toicis
762 4784 1183 4856 adCyrenaicos
1198 4784 1979 4860 defecerit,cognominatuni

337 4855 487 4928 ridet
514 4855 924 4928 Hieronymus.

409 4926 554 4996 (818)
584 4926 1029 5002 Scilicetauctor
1042 4933 1238 4983 noster
1250 4928 1729 5002 vultApostolum
1755 4931 1983 5002 aliquos

336 4999 566 5071 tantum
591 4998 892 5071 interillos
912 5003 1192 5069 tanquam
1217 4998 1532 5056 existentes
1557 4998 1902 5071 respexisse,
1927 5009 1984 5057 et

336 5066 653 5190 allopnttum
676 5066 1422 5142 fuisse,caeteris,tanquam
1440 5089 1554 5127 non
1575 5066 1984 5141 existentibus,

336 5153 447 5190 nea
474 5154 534 5190 ec
568 5156 636 5190 ιδ.

335 5153 636 5206 neglectis.

407 5209 556 5280 (819)
577 5213 788 5278 Autog.
823 5211 1160 5280 increpalur.

379 5344 391 5356 .
576 5279 784 5332 Addita
803 5285 894 5356 est
914 5278 1201 5345 particula
1221 5299 1485 5356 non,qua3
1511 5283 1724 5355 legitur
1742 5283 1797 5337 in
1824 5288 1982 5340 textu

337 5345 460 5428 divi
486 5348 838 5428 Hieronymi,
874 5366 907 5402 a
938 5358 1280 5428 quo_nost_er
1324 5345 1686 5428 gdesumpltus
1731 5356 1980 5412 videtur.

336 5415 559 5497 scilicet
592 5415 779 5497 ubi—in
813 5419 932 5472 haec
955 5415 1138 5476 'verba
1169 5423 1284 5497 ait:
1319 5426 1380 5480 Ut
1411 5442 1518 5479 non
1550 5415 1775 5497 ‘magna
1809 5428 1982 5497 Petri,

335 5490 387 5539 et
415 5489 974 5570 τΙοίιηηἰςιριιρανειιιν
1001 5496 1313 5561 auctoritas,
1340 5513 1468 5570 cum
1489 5514 1609 5570 inec
1635 5489 1745 5553 sibi
1775 5489 1980 5570 liceret,

338 5556 433 5625 qui
461 5572 546 5642 eos
577 5561 703 5642 ante
730 5558 1134 5642 docuerat,gnec
1192 5556 1386 5635 angelo
1442 5569 1616 5624 aliter
1649 5556 1979 5642 praedicare;

337 5641 502 5694 quam
529 5629 694 5679 semel
723 5627 1044 5684 didiceram.

410 5695 557 5769 (821)
589 5700 794 5769 Antog.
827 5703 1204 5769 manifestare.

411 5765 559 5835 (822)
589 5765 768 5822 Josne
789 5785 885 5835 vn,
917 5771 938 5826 l
972 5765 1382 5832 Alibictiamin
1413 5795 1575 5834 sacro
1610 5787 1765 5839 textu
1802 5787 1982 5855 hujus

2169 4743 2316 4812 (823)
2342 4742 2550 4808 Autog.
2585 4751 2770 4812 ponat,
2804 4743 3048 4798 fortasse
3076 4745 3254 4813 ponit,
3286 4741 3372 4797 vel
3400 4741 3661 4813 ponebat.

2167 4839 2316 4912 (821)
2348 4843 2434 4894 Ita
2462 4843 2519 4894 et
2549 4839 2725 4912 divus,
2745 4839 3267 4912 llieronymus,qui
3290 4839 3348 4912 in
3373 4838 3484 4912 hoc
3510 4839 3758 4894 verbum

2095 4909 2176 4963 ita
2203 4909 2411 4983 habet:
2442 4927 2611 4981 porro
2637 4909 2872 4981 ἀνάθεμα
2893 4909 3134 4967 vei-bum
3159 4909 3390 4983 proprie
3413 4911 3760 4983 Judaeorum

2097 4986 2206 5054 est.
2244 4982 2321 5054 Re
2353 4986 2550 5036 autem
2581 4998 2712 5045 vera
2743 5000 2808 5037 eo
2832 4999 3032 5047 sensu,
3059 4982 3172 5054 quo
3195 4999 3352 5036 nunc
3375 4982 3617 5051 utimur,
3647 4998 3763 5037 vox

2095 5051 2217 5126 haec
2239 5053 2431 5106 Graeca
2454 5058 2563 5126 est,
2580 5071 2706 5124 qua:
2731 5055 3020 5121 redditur,
3040 5051 3403 5126 segregatus,
3419 5058 3758 5126 separatus,

2094 5123 2340 5178 devotus
2367 5142 2378 5190 ;
2413 5124 2578 5178 nobis
2601 5123 2795 5179 autem
2821 5142 2855 5179 a
2875 5123 3288 5181 communione
3313 5124 3574 5180 ﬁdelium
3599 5124 3764 5179 avul~

2096 5211 2227 5267 sum
2259 5195 2536 5267 denotat.)
2582 5196 2873 5267 Signiﬁcat
2937 5197 3111 5251 etiam
3169 5196 3617 5251 destinationem
3675 5196 3763 5251 rei

2094 5266 2495 5334 cujuscunque
2527 5266 2585 5319 in
2619 5266 3099 5322 destructionem.
3123 5267 3244 5322 Vox
3270 5269 3444 5322 etiam
3476 5268 3762 5338 haec,qua2

2095 5342 2151 5390 et
2182 5338 2460 5392 Hebraice
2490 5338 2740 5402 Cherem,
2766 5345 3083 5410 usurpatur
3105 5338 3162 5392 in
3194 5355 3359 5394 sacro
3386 5345 3544 5394 textu
3571 5355 3679 5410 pro
3702 5355 3767 5393 re

2098 5414 2561 5482 peoponsecrata,
2588 5426 2693 5464 nec
2726 5409 2783 5464 in
2817 5409 2961 5465 usus
3020 5410 3295 5482 profanos
3336 5409 3756 5466 convertenda.

2096 5477 2272 5534 Levit.
2306 5497 2478 5545 xxvn,
2506 5482 2575 5532 28
2606 5486 2661 5534 et
2688 5483 2776 5536 2t).

2166 5577 2313 5645 (825)
2339 5579 2427 5651 ita
2457 5583 2513 5632 et
2546 5577 2716 5632 divus
2747 5578 3159 5651 Hieronymus,
3196 5578 3492 5651 ubignotat
3523 5575 3758 5651 vallar-

2092 5647 2211 5741 tilus
2239 5666 2250 5714 ;
2268 5648 2470 5741 utique
2487 5651 2654 5741 juxt'a
2669 5654 2806 5741 tunc
2820 5647 2992 5741 vulrgo
3005 5654 3268 5741 receptas
3283 5649 3416 5706 libri
3439 5649 3755 5741 nominum

2093 5719 2490 5790 etymologias,
2515 5737 2581 5774 ex
2610 5719 2629 5774 Ι
2653 5720 2722 5774 ad
2754 5722 2880 5776 Cor.
2907 5719 3192 5776 Cmterum
3218 5737 3388 5777 nemo
3403 5738 3520 5776 non
3545 5721 3755 5786 sentit,

2093 5788 2379 5846 Galatiam
2402 5792 2665 5847 Graecum
2698 5809 2826 5848 esse
2854 5792 3228 5864 vocabulum,
3263 5811 3376 5850 non
3410 5793 3754 5862 Hebraeum,
