3902 6398
142 451 248 515 501

725 453 1146 520 EXPOSITIO
1188 453 1268 517 IN
1315 453 1749 518 EPISTOLAS
1793 454 2052 521 PAULI.
2097 491 2174 502 —-
2220 456 2302 519 IN
2346 458 2596 520 EPIST.
2643 457 2750 520 AD
2795 454 2972 520 GALZ

3442 454 3564 519 502

208 587 352 662 (826)
381 585 530 644 Modo
560 589 712 644 enim
744 589 1081 657 hominibus,
1111 593 1220 646 etc.
1256 591 1593 645 Notandum
1633 591 1788 646 enim
1821 592 1870 658 Α
1905 592 2153 646 Multum
2171 592 2407 663 quidem
2423 591 2838 664 potuitGalatis
2853 591 2975 647 haec
2990 589 3559 662 prodessenarratio’

144 679 275 752 quia
300 683 412 733 Deo
444 677 648 734 nullus
686 679 933 734 suadere
963 683 1174 750 potest,
1209 680 1488 751 quoniam
1520 680 1784 735 omnium

143 767 360 826 occulta
379 767 644 822 cordium
665 766 748 821 illi
764 771 906 822 sunt
926 767 1268 835 manifesta;
1291 768 1633 824 hominibus
1655 785 1786 824 vero

144 857 380 912 suadere
411 860 627 928 potest.
663 855 766 911 Hic
791 861 987 912 tamen
1019 861 1172 913 recte
1191 857 1533 914 hominibus
1556 859 1783 928 suadet,

144 946 273 1018 quia
301 945 448 1016 (827)
481 944 566 999 ita
592 944 934 1000 hominibus
965 945 1176 1017 placet,
1210 951 1274 1003 ut
1305 963 1404 1002 eos
1425 948 1495 1002 ad
1540 947 1641 1002 Dei
1663 963 1790 1017 per-

142 1034 326 1090 trahat
351 1033 698 1090 servitutem
730 1052 744 1096 ;
777 1033 876 1089 ille
900 1050 1034 1090 vero
1064 1052 1179 1091 non
1211 1040 1365 1091 recte
1398 1037 1626 1102 suadet,
1686 1035 1785 1107 qui

143 1123 216 1178 ita
246 1121 829 1194 hominibus'placet,
865 1127 930 1177 ut
980 1124 1158 1178 ﬁnem
1208 1123 1477 1195 placendi
1528 1125 1586 1178 in
1642 1125 1787 1195 ipsis

143 1211 468 1268 constituat.
505 1211 763 1282 Denique
795 1226 908 1267 non
944 1217 1223 1283 putemus
1246 1213 1594 1284 Apostolum
1617 1213 1674 1268 in
1695 1213 1786 1268 his

140 1301 334 1356 docere
363 1300 626 1356 humana
647 1300 875 1371 judicia
905 1317 1034 1356 esse
1064 1303 1524 1358 contemnenda:
1551 1303 1707 1373 quod
1736 1302 1785 1357 si

140 1394 345 1461 ageret,
376 1389 492 1445 sibi
524 1389 856 1445 contrarius
887 1395 1061 1456 esset,
1123 1390 1406 1462 quoniam
1463 1391 1601 1446 alibi
1662 1391 1741 1445 ait
1770 1408 1782 1446 :

139 1477 363 1534 Scientes
411 1487 596 1534 autem
654 1481 913 1534 timorem
964 1480 1066 1535 Dei
1115 1480 1429 1535 hominibus
1486 1480 1785 1535 suademus

137 1568 203 1637 (11
237 1566 354 1623 Cor.
385 1583 442 1629 ν,
479 1567 603 1638 11);
636 1572 695 1622 et
723 1567 938 1623 iterum
965 1583 978 1622 :
1013 1569 1145 1624 Sine
1171 1569 1472 1640 oﬂensione
1502 1572 1666 1624 estote
1693 1571 1786 1624 Ju-

135 1654 259 1713 daei:
287 1656 624 1727 etgentibus
654 1658 703 1728 (ι
731 1658 851 1713 Cor.
899 1673 954 1724 x,
1005 1658 1118 1726 32),
1175 1662 1284 1712 etc.
1337 1658 1532 1712 Monet
1579 1663 1645 1712 ut
1699 1657 1784 1714 sic

136 1745 376 1817 quisque
406 1745 754 1802 hominibus
785 1745 1030 1818 placeat,
1069 1750 1134 1801 ut
1162 1747 1278 1802 Deo
1310 1763 1424 1801 non
1451 1746 1779 1818 displiceat,

133 1832 380 1906 alioquin
411 1833 525 1891 soli
546 1834 663 1890 Deo
685 1833 916 1906 placere
935 1835 1214 1890 studeant
1234 1861 1248 1902 ;
1268 1835 1405 1906 quia
1422 1834 1594 1907 longe
1618 1835 1777 1891 aliud

132 1927 214 2021 est
241 1923 582 2021 hominibus
627 1929 684 1979 et
741 1928 880 2021 Deo,
921 1929 979 1980 ct
1027 1923 1208 1993 aliud,
1253 1924 1396 1980 solis
1437 1924 1779 2021 hominibus
1810 1957 1858 2021 B

131 2010 372 2083 placere.
408 2013 575 2068 Modo
603 2029 738 2068 vero
770 2012 928 2079 dicit,
963 2014 1104 2085 quia
1124 2014 1422 2086 quondam
1461 2013 1780 2085 placuerat.

137 2101 295 2156 Unde
322 2101 638 2174 subjungit
669 2119 682 2157 :
711 2101 772 2156 Si
799 2102 1108 2157 hminibus
1132 2103 1431 2173 placerem,
1455 2101 1512 2156 id
1537 2107 1645 2166 est,
1677 2101 1780 2156 Ju-

134 2191 286 2258 daeis,
319 2191 532 2246 Christi
559 2206 747 2246 servus
774 2205 887 2246 non
913 2207 1121 2259 essem,-
1153 2191 1292 2262 quia
1312 2189 1413 2261 qui
1432 2189 1553 2244 illis
1570 2189 1782 2261 placet,

133 2278 350 2334 Christo
374 2279 669 2350 displicet.
699 2283 832 2334 Haec
853 2283 942 2335 est
962 2279 1232 2334 intentio.
1254 2281 1525 2333 Attamen
1539 2294 1783 2350 genera-

134 2367 256 2423 liter
282 2373 485 2440 potest
517 2368 718 2424 referri
752 2367 824 2422 ad
853 2383 1080 2436 omnes,
1113 2367 1394 2438 quoniam
1428 2367 1531 2437 qui
1563 2383 1666 2438 pro
1684 2365 1785 2421 ali-

133 2473 238 2528 qua
266 2474 328 2512 re
358 2457 592 2528 injusta
620 2456 960 2511 hominibus
992 2455 1200 2528 placet,
1234 2456 1350 2512 Deo
1383 2454 1673 2528 displicet.

195 2547 340 2618 (828)
375 2545 677 2616 Sequitur.
711 2545 910 2602 Notum
935 2546 1082 2600 vobis
1109 2547 1274 2617 facio,
1303 2547 1535 2616 fratres,
1596 2546 1783 2600 Evan-

132 2637 348 2706 gelium,
376 2639 492 2689 etc.
515 2633 892 2704 Jamjamque
909 2634 1168 2690 ostendit
1189 2649 1368 2705 quare
1390 2650 1452 2689 se
1469 2633 1784 2705 Apostolus

134 2723 339 2779 factum
373 2739 494 2778 non
530 2723 604 2777 ab
637 2721 1000 2788 hominibus,
1035 2738 1226 2793 neque
1248 2739 1350 2793 per
1372 2722 1671 2776 hominem
1697 2722 1785 2776 di-

133 2814 288 2883 xerit,
321 2813 425 2869 sed
462 2827 569 2883 per
595 2812 802 2866 Jesum
835 2810 1160 2877 Christum,
1223 2827 1357 2866 cum
1406 2811 1524 2866 ait:
1587 2812 1787 2866 Notum

135 2903 272 2958 vobis
324 2903 495 2972 facio,
528 2904 686 2967 etc.;
721 2915 787 2955 ac
820 2899 868 2956 si
903 2899 1156 2956 diceret:
1217 2899 1274 2954 Si
1337 2899 1623 2973 ignoratis
1671 2916 1786 2970 quo

139 2990 275 3060 (829)
305 2988 620 3044 didicerim
653 2986 1058 3060 Evangelium,
1091 3002 1198 3059 ego
1226 2986 1392 3043 vobis
1424 2993 1629 3044 notum
1659 3003 1788 3042 esse

135 3076 274 3144 volo,
306 3079 438 3148 quia
465 3091 583 3132 non
611 3083 689 3132 est
713 3077 1018 3132 secundum
1050 3077 1348 3143 hominem,
1391 3081 1501 3131 etc.
1564 3076 1787 3141 Quibus

135 3166 318 3222 verbis
347 3182 465 3221 non
490 3169 668 3236 negat
687 3164 1004 3237 Apostolus
1024 3164 1322 3221 Christum
1349 3164 1787 3234 hominem,sed

139 3259 302 3327 negat
331 3271 469 3310 eum
503 3270 724 3326 purum
756 3253 1054 3310 hominem
1091 3270 1105 3309 ε
1137 3253 1278 3325 quia
1298 3253 1433 3326 plus
1453 3258 1576 3309 erat
1610 3269 1787 3324 quam

144 3320 332 3411 hoino,
364 3343 478 3400 hoc
499 3320 592 3399 est
613 3342 768 3398 Deus
789 3347 846 3398 et
866 3342 1062 3398 homo.
1091 3320 1340 3398 Intentio
1367 3320 1790 3414 namque-Apo-
1819 3320 1864 3387 ο

139 3430 262 3486 stoli
294 3432 416 3488 haec
446 3435 542 3488 est
573 3447 587 3486 :
618 3431 923 3487 ostendere
952 3430 1226 3487 videlicet
1253 3429 1474 3486 Galatis
1496 3433 1650 3502 quod
1671 3448 1788 3487 non

138 3519 204 3574 ab
220 3520 500 3593 apostolis
518 3519 791 3575 didicerit
811 3519 1218 3590 Evangelium,
1243 3520 1345 3575 sed
1371 3520 1444 3574 ab
1462 3519 1561 3575 illo
1584 3519 1794 3574 didice-

138 3608 222 3675 rit,
253 3627 285 3664 a
310 3623 424 3682 quo
448 3615 508 3666 et
541 3612 770 3679 Petrus,
807 3614 918 3664 etc.
955 3609 1068 3663 Istc
1085 3625 1222 3679 ergo
1244 3609 1294 3663 si
1319 3610 1389 3663 ab
1415 3609 1652 3664 homine
1675 3623 1788 3663 non

139 3699 371 3771 accepit,
405 3716 439 3755 a
470 3715 596 3770 quo
624 3697 843 3753 Galatis
869 3703 1253 3769 acceperunt:
1280 3697 1547 3770 nunquid
1576 3715 1691 3753 non
1718 3698 1790 3753 ab

138 3786 384 3855 homine,
411 3789 652 3860 quando
684 3788 833 3859 (830)
866 3803 900 3842 a
929 3786 1110 3842 Paulo
1131 3786 1159 3840 Τ
1207 3787 1482 3858 Nunquid
1535 3805 1649 3842 non
1695 3792 1793 3842 Ec-

140 3875 306 3932 clesia
334 3878 405 3934 ab
433 3876 803 3942 hominibus,
828 3892 960 3930 cum
979 3876 1050 3930 ab
1069 3875 1348 3946 apostolis
1370 3876 1592 3948 accepit
1611 3877 1791 3931 Evan-

139 3963 344 4037 gelium
366 3967 394 4020 ?
421 3967 576 4032 Non,
607 3964 872 4037 inquam,
905 3964 1046 4034 quia
1076 3964 1157 4018 dii
1200 3968 1396 4031 erant;
1443 3965 1598 4019 unde
1646 3964 1790 4019 scri-

141 4060 297 4125 ptum
327 4060 415 4110 est
447 4073 459 4111 :
494 4056 614 4122 Ego
642 4054 796 4122 Dixi,
821 4053 904 4108 dii
935 4055 1062 4108 estis
1094 4053 1272 4124 (Psal.
1308 4069 1494 4122 Lxxx1,
1553 4054 1630 4123 6),
1679 4058 1788 4108 etc.

144 4143 474 4217 Quicunque
503 4142 767 4216 Spiritus
794 4141 892 4197 Dei
926 4141 1123 4211 habet,
1151 4141 1371 4197 dicitur
1399 4141 1574 4196 Deus.
1627 4144 1788 4197 Reve-

149 4231 552 4290 lationemvero
572 4232 756 4295 illam,
781 4247 909 4304 quae
931 4231 1086 4286 facta
1103 4234 1193 4286 est
1211 4231 1267 4284 in
1291 4230 1404 4298 via,
1431 4247 1563 4286 cum
1587 4245 1789 4302 perge-

147 4324 227 4374 ret
253 4320 611 4378 Damascum
645 4319 785 4390 (Act.
817 4335 893 4385 ix,
923 4320 998 4386 2).

210 4409 351 4481 (831)
374 4411 664 4482 Sequitur
686 4424 699 4463 :
725 4407 972 4463 Audistis
987 4421 1083 4464 con
1093 4409 1454 4462 versationom
1473 4411 1789 4476 meam,etc.

151 4566 402 4640 nihilque
430 4585 648 4627 sonare
677 4568 839 4624 aliud
866 4583 1044 4639 quam
1075 4567 1415 4623 Galatarum
1472 4568 1792 4639 regionem,

151 4663 387 4718 quorum
420 4648 528 4703 ἀπὸ
556 4650 656 4702 τοῦ
673 4645 944 4721 γάλακτος
967 4664 999 4701 a
1021 4646 1474 4703 lacteducituret
1517 4647 1789 4720 mologia.

217 4721 356 4773 (826)
387 4721 491 4773 Hic
524 4721 586 4773 in
619 4726 816 4773 autoa.
851 4734 1039 4773 marg.
1072 4717 1284 4773 legitur
1305 4735 1432 4773 can.
1479 4665 1576 4773 ἴῐΙ.
1824 4689 1870 4753 D

217 4721 356 4790 (826)
387 4721 491 4776 Hic
524 4721 586 4776 in
619 4717 816 4790 au'tog.
851 4734 1039 4790 marg.
1072 4717 1432 4790 legiturcap.

236 4789 356 4864 827)
389 4793 662 4864 Fortasse
688 4789 804 4864 qui,
840 4795 906 4846 ut
935 4789 1003 4864 ea
1035 4789 1409 4864 sequentium
1453 4789 1752 4864 relatione.

236 4860 355 4935 828)
388 4863 450 4918 In
482 4860 904 4935 autogfmarg,
938 4861 1033 4916 hic
1062 4861 1277 4935 legitur
1307 4877 1432 4933 cap.
1469 4860 1558 4916 IV.

392 4933 664 5016 Fortasse
693 4951 727 4989 a
756 4933 882 5016 quo,
915 4937 1002 5016 vel
1035 4933 1324 5016 quomodo.

217 5005 358 5078 (830)
391 5007 454 5061 In
488 5011 686 5077 autog.
721 5005 805 5061 sic
837 5005 1057 5078 legitur
1084 5005 1246 5075 qﬁda.

215 5074 359 5150 (831)
391 5082 454 5133 In
488 5074 690 5150 autog.
727 5074 924 5150 marg?
948 5074 1163 5150 legitur
1190 5091 1318 5144 cap.
1349 5074 1416 5130 V.

216 5145 359 5221 (832)
403 5145 887 5221 Autogfservos,
927 5145 1105 5220 quod,
1161 5151 1442 5218 tanquam
1497 5145 1790 5213 mendam,

157 5219 588 5276 emendandum
611 5221 835 5275 censui.

217 5290 361 5359 (833)
393 5291 456 5346 In
487 5290 707 5359 codice,
742 5290 957 5359 inquid.

219 5358 361 5430 (834)
396 5363 458 5418 In
491 5358 991 5419 codicecredatur.
1015 5362 1124 5417 Sed
1139 5361 1573 5417 emendandum
1595 5358 1795 5416 censui

159 5443 221 5484 ex
248 5437 402 5488 textu
436 5435 556 5489 divi
587 5434 947 5505 Hieronymi,
980 5451 1012 5488 a
1040 5449 1157 5505 quo
1188 5433 1282 5487 hic
1305 5433 1655 5505 desumptus
1678 5436 1792 5486 est:

159 5451 221 5484 ex
248 5451 402 5488 texw
436 5451 556 5489 mv1
588 5451 796 5490 uteron
905 5451 947 5496 ι.
980 5451 1012 5488 a
1040 5451 1157 5505 quo
1189 5451 1282 5487 mc
1305 5451 1655 5502 assumptus
1678 5451 1792 5486 est:

157 5515 248 5575 nec
275 5507 376 5572 ait,
411 5506 714 5562 Ecclesium
758 5451 982 5570 Gmsti,
1015 5513 1076 5560 ut
1133 5508 1264 5559 tunc
1316 5504 1578 5575 putabat:
1639 5517 1794 5575 quem

161 5569 755 5660 ducebatncoatemptui,
785 5593 944 5660 quem
952 5569 1391 5660 persequebatur
1414 5593 1426 5630 :
1461 5575 1551 5660 sed
1568 5578 1631 5628 ut
1649 5569 1800 5660 hunc

160 5645 338 5716 credit,
369 5645 670 5705 Ecclesium
702 5645 818 5705 Dei.
854 5645 1086 5704 Scilicet
1132 5645 1347 5704 auctor
1395 5653 1613 5716 noster,
1666 5646 1798 5701 divo

163 5710 530 5796 Hieropymo,
557 5721 725 5796 cujus
747 5724 860 5796 est
892 5720 1126 5796 _citatus
1175 5723 1404 5796 textu_s,_
1439 5710 1796 5796 inhaerendo,

164 5789 237 5844 ait
269 5807 281 5847 :
316 5789 645 5850 Ecclesiam'
669 5789 766 5850 Dei
795 5791 955 5862 dicit,
986 5796 1052 5851 ut
1081 5809 1197 5852 non
1219 5791 1585 5861 credebatur,
1606 5789 1799 5862 qualis

1902 680 2274 752 multumque
2307 681 2364 735 in
2392 698 2460 736 ea
2489 681 2600 752 ipsi
2634 685 2947 752 potuerunt
2973 681 3270 752 proiicere,
3295 683 3436 736 dum
3459 698 3558 736 au-

1897 770 2135 826 dierunt
2156 771 2294 842 quia
2316 769 2415 841 qui
2430 772 2725 842 quondam
2748 770 3099 841 fueratlegis
3112 770 3364 826 carnalis
3378 788 3554 828 aemu-

1896 859 2064 927 lator,
2099 865 2156 915 et
2181 877 2296 916 non
2329 860 2595 932 quilibet,
2620 861 2722 914 sed
2747 877 2934 915 saavus
2957 859 3108 930 (832)
3133 858 3393 914 ﬁdelium
3419 877 3553 930 per-

1898 953 2150 1015 secutor,
2165 950 2292 1020 jam
2316 965 2632 1005 conversus
2649 948 3244 1020 Evangeliiexistebat
3283 949 3559 1017 przedica-

1897 1043 2074 1107 cator,
2107 1039 2166 1092 in
2187 1055 2301 1110 quo
2329 1043 2386 1093 et
2411 1037 2493 1092 illi
2524 1038 2714 1110 magis
2737 1037 3015 1092 admirari
3040 1041 3326 1108 poterant.
3353 1037 3414 1093 In
3438 1037 3546 1093 hac

1895 1143 2030 1182 vero
2063 1127 2393 1182 narratione
2424 1128 2659 1199 pondus
2685 1128 3017 1192 verborum,
3052 1131 3109 1181 et
3130 1127 3386 1199 gravitas
3409 1144 3546 1182 con-

1897 1215 2212 1272 sideranda
2242 1221 2348 1271 est.
2383 1216 2645 1280 Audistis,
2669 1215 2862 1286 inquit
2891 1215 3062 1286 (833),
3084 1217 3548 1271 conversationem

1895 1319 2092 1367 meam,
2124 1320 2241 1358 non
2272 1306 2542 1375 gratiam,
2577 1304 2904 1375 aliquando,
2957 1319 3070 1358 non
3123 1320 3303 1370 nunc,
3353 1305 3410 1359 in
3457 1306 3552 1359 Ju-

1894 1394 2126 1458 daismo,
2151 1409 2266 1448 non
2295 1393 2354 1446 in
2387 1392 2512 1465 lege
2540 1394 2669 1458 Dei;
2692 1394 2954 1464 quoniam
2969 1408 3136 1463 supra
3157 1392 3398 1460 modum,
3430 1409 3548 1448 non

1895 1485 2216 1553 utcunque,
2250 1482 2548 1537 Ecclesium
2589 1481 2690 1536 Dei
2721 1480 2886 1548 dicit,
2922 1485 2986 1535 ut
3023 1497 3142 1536 non
3167 1497 3170 1500 ’
3200 1481 3569 1536 credebatur-

1894 1570 2065 1641 (834),
2101 1586 2216 1624 non
2247 1569 2485 1636 Christi,
2521 1574 2588 1624 ut
2609 1571 2730 1640 jam
2764 1570 3104 1641 putabatur,
3125 1567 3262 1641 quia
3283 1568 3383 1641 qui
3407 1574 3549 1628 tunc

1893 1657 2511 1730 despiciebatur,nunc
2531 1663 2682 1713 Deus
2700 1657 3546 1730 creditur(835),expugnabam,

1891 1747 2002 1802 hoc
2033 1753 2142 1814 est,
2187 1752 2251 1802 ut
2276 1763 2464 1802 saevus
2494 1752 2795 1820 grassator
2825 1745 3224 1802 devastabam.

1962 1839 2026 1891 Et
2052 1838 2414 1907 proﬁciebam
2437 1837 2498 1890 in
2529 1835 2830 1891 Judaismo.
2864 1835 3013 1890 Nota
3041 1835 3180 1906 quia
3219 1835 3546 1906 profectum

1893 1943 2009 1981 non
2033 1925 2145 1997 legi
2169 1925 2374 1980 divina:
2395 1923 2654 1982 ascribit.
2677 1925 2776 1979 sed
2799 1921 3130 1979 Judaismo.
3149 1923 3328 1995 Supra
3346 1924 3548 1980 multos

1892 2015 2057 2085 dixit,
2091 2032 2205 2070 non
2238 2031 2464 2081 omnes,
2497 2019 2548 2070 et
2573 2023 2894 2079 δοθειαηεοε,
2929 2029 3043 2067 non
3074 2029 3265 2078 senes,
3291 2017 3354 2067 ut
3378 2017 3434 2067 et
3454 2029 3546 2068 ze-

1891 2103 2038 2168 lum,
2071 2120 2244 2173 quem
2278 2103 2531 2156 habebat
2564 2102 2623 2155 in
2657 2103 2804 2172 lege,
2838 2105 3210 2167 monstraret,
3245 2102 3546 2170 etjactan-

1893 2192 2035 2246 tiam
2069 2191 2404 2246 declinaret.
2441 2190 2718 2260 Sequitur
2748 2205 2762 2243 :
2819 2188 3203 2243 Abundantius
3256 2191 3546 2245 aemulator

1891 2283 2179 2345 exsistens,
2211 2284 2321 2335 etc.
2357 2279 2417 2333 In
2450 2277 2559 2332 hoc
2605 2278 2762 2332 enim
2792 2278 2980 2348 major
3009 2293 3137 2332 esse
3167 2282 3392 2348 poterat
3442 2279 3542 2333 ad-

1895 2369 2164 2435 miratio;
2201 2369 2342 2439 quia
2371 2367 2471 2438 qui
2496 2365 3164 2421 abundantiuscarnalis
3186 2365 3352 2439 legis,
3377 2376 3540 2439 etpa-

1892 2463 2177 2514 ternarum
2196 2457 2568 2512 traditionum
2585 2455 2908 2524 aamulator,
2929 2457 2986 2510 et
3007 2472 3194 2510 saevus
3210 2461 3550 2526 persecutor

1896 2549 2105 2612 fuerat,
2138 2561 2456 2601 conversus
2488 2545 2675 2599 factus
2708 2550 2797 2599 est
2844 2542 3142 2615 Evangelii
3181 2543 3546 2614 praedicator.

1895 2643 2005 2692 Per
2034 2636 2191 2708 quod
2223 2634 2404 2690 voluit
2435 2633 2741 2689 ostendere
2763 2631 2985 2688 Galatis
3005 2649 3179 2687 suum
3202 2649 3402 2688 verum
3420 2649 3550 2691 esse

1897 2723 2294 2797 Evangelium,
2329 2726 2622 2794 quatenus
2653 2719 3046 2792 intelligerent
3075 2721 3228 2792 quod
3262 2721 3334 2776 de
3388 2725 3552 2777 tanto

1895 2815 2222 2880 Judaismo,
2256 2818 2313 2868 et
2345 2811 2489 2882 legis
2511 2809 2652 2880 zelo,
2672 2826 2786 2866 non
2810 2809 2934 2864 suis
2956 2808 3208 2881 meritis,
3233 2808 3346 2864 nisi
3368 2810 3558 2882 gratia

1898 2904 2096 2959 divina
2125 2901 2338 2957 mutari
2374 2899 2682 2972 potuisset.

1970 2991 2253 3063 Sequitur
2285 3009 2298 3045 :
2333 2991 2467 3045 Cum
2497 2997 2677 3044 autem
2707 2988 2918 3057 placuit
2969 2989 3024 3042 ei
3051 2989 3147 3057 qui
3172 3001 3260 3040 me
3305 3001 3555 3058 segrega-

1897 3084 1996 3151 vit,
2030 3086 2138 3136 etc.
2157 3081 2510 3150 Segregatus
2528 3076 2872 3147 legiturnon
2897 3074 3088 3128 solum
3112 3074 3228 3139 hic,
3255 3075 3355 3128 sed
3376 3074 3551 3130 etiam

1904 3172 1962 3225 in
1997 3167 2255 3241 Epistola
2284 3167 2356 3221 ad
2391 3165 2686 3220 Romanos
2720 3164 2893 3232 (Rom.
2928 3179 2966 3229 1,
3017 3162 3088 3231 1).
3151 3162 3220 3216 Et
3263 3162 3552 3220 Jeremias

1901 3259 2138 3331 agnitus
2166 3261 2255 3312 est
2285 3255 2344 3309 in
2398 3259 2561 3309 utero
2593 3254 2722 3323 (Jer.
2786 3269 2824 3318 1,
2875 3252 2954 3318 5).
2989 3251 3058 3305 Et
3087 3251 3159 3306 de
3191 3251 3456 3323 Domino,
3488 3257 3556 3309 ut

1902 3347 2143 3419 quidam
2176 3345 2401 3412 dicunt,
2433 3342 2722 3412 scriptum
2755 3343 2843 3394 est
2875 3339 2984 3395 :De
3003 3340 3399 3396 ventrematrt‘s
3414 3356 3554 3398 mea

1901 3437 2070 3508 (836),
2104 3438 2216 3489 etc.
2250 3433 2351 3487 Est
2379 3436 2436 3486 et
2467 3435 2667 3483 uterus
2690 3432 2746 3483 et
2760 3431 2958 3482 venter
2975 3426 3168 3482 malus
3192 3444 3205 3481 :
3232 3429 3388 3483 unde
3409 3429 3552 3484 scri-

1901 3531 2068 3596 ptum
2102 3527 2191 3578 est
2223 3538 2235 3574 :
2268 3523 2329 3575 In
2380 3516 2769 3589 iniquitatibus
2796 3520 3086 3586 conceptus
3105 3531 3228 3569 sum
3280 3516 3451 3587 (Psal.
3485 3534 3551 3584 1.,

1899 3616 1977 3683 7),
2012 3617 2119 3666 etc.
2156 3612 2222 3665 Et
2251 3609 2462 3664 iterum
2497 3623 2509 3660 :
2544 3606 2790 3661 Alienati
2817 3612 2946 3660 sunt
2979 3610 3288 3673 peccatores
3307 3604 3376 3659 ab
3404 3613 3557 3662 utero

1901 3703 2069 3773 (857).
2105 3697 2442 3770 Segregatio
2473 3712 2610 3767 ergo
2643 3701 2700 3750 et
2729 3694 2788 3748 in
2822 3693 2973 3749 bono
3000 3698 3058 3747 et
3087 3693 3144 3746 in
3180 3691 3336 3748 malo
3381 3693 3554 3765 poni-

1900 3797 2015 3847 tur.
2053 3793 2420 3861 Quapropter
2450 3786 2519 3839 de
2543 3789 2706 3839 utero
2724 3783 2932 3838 matris
2955 3786 3342 3855 segregantur
3363 3797 3397 3836 a
3418 3787 3552 3850 Deo,

1901 3882 2000 3953 qui
2035 3898 2067 3935 a
2093 3877 2417 3934 carnalium
2452 3879 2762 3946 parentum
2825 3871 3310 3927 consuetudinem
3357 3871 3558 3926 divina

1901 3969 2088 4042 gratia
2121 3964 2577 4029 subtrahuntur,
2614 3967 2681 4016 ut
2710 3960 2807 4016 hic
2834 3959 3170 4032 Apostolus.
3202 3959 3331 4014 Sive
3353 3975 3554 4031 segre-

1900 4062 2100 4129 gatum
2135 4071 2197 4111 se
2227 4053 2369 4108 dicit
2401 4049 2767 4124 priescientia
2798 4048 2922 4112 Dei,
2953 4047 3093 4118 quia
3119 4063 3235 4102 non
3257 4045 3449 4102 solum
3483 4047 3554 4104 de

1902 4144 2195 4214 utero,sed
2215 4147 2347 4198 ante
2363 4139 2568 4195 mundi
2583 4137 3064 4194 constitutionem
3083 4139 3424 4208 segregatus
3441 4140 3551 4191 est.

1901 4237 2047 4308 Ergo
2080 4233 2235 4306 quod
2269 4228 2557 4303 prescivit
2587 4228 2740 4283 Deus
2773 4227 3060 4295 futurum,
3095 4229 3236 4280 tunc
3267 4223 3552 4295 implevit,

1901 4342 2034 4380 cum
2069 4323 2118 4378 ei
2153 4319 2414 4394 pergenti
2454 4320 2806 4373 Damascum
2854 4315 2913 4368 in
2955 4314 3049 4369 via
3078 4312 3352 4384 apparuit
3379 4313 3552 4382 (838).

1902 4416 2049 4470 Item
2082 4415 2275 4482 potest
2306 4414 2363 4464 et
2391 4407 2578 4462 mater
2607 4419 2906 4475 synagoga
2934 4401 3205 4472 intelligi,
3237 4413 3361 4470 quas
3419 4415 3555 4454 eum

1903 4585 2113 4642 nempe
2127 4570 2199 4625 ab
2213 4547 2687 4642 ipsoPaulo’,cu_m
2702 4578 2828 4642 eam
2840 4559 3562 4642 persequebaturmon‘cre

1903 4631 2430 4705 debaturEcclesia,
2455 4652 2582 4706 quae
2604 4633 2817 4690 Christi
2835 4631 3066 4688 tantum
3079 4631 3296 4703 abipso
3310 4631 3556 4702 putaba-

1902 4722 2012 4771 tur.

1977 4785 2127 4857 (835)
2161 4778 2616 4853 Expungendam
2646 4775 2846 4857 censui
2881 4773 3087 4847 partic.
3112 4845 3122 4857 '
3144 4789 3274 4837 non,
3309 4787 3437 4842 quas
3463 4769 3556 4857 “in

1905 4842 2005 4913 cod
2023 4900 2031 4908 .
2050 4842 2570 4922 nostroperperam
2591 4842 3228 4922 verbum_e.icpugnabam
3258 4842 3552 4922 praecedit.

1975 4869 2250 4911 rt.n03tro
2305 4869 2570 4922 erperam
2591 4869 3228 4917 vernumexpugnuuum
3259 4869 3551 4915 μι-ωυυυιι.

1973 4928 2128 4997 (836)
2157 4869 2308 4979 Psal).
2340 4929 2488 4978 xxn."
2508 4923 2590 4997 11.
2629 4920 2803 4974 Divus
2834 4919 3224 4997 llieronymus
3259 4915 3380 4996 :.De
3395 4921 3551 4997 utero

1903 4987 2301 5063 matris'mcae;
2336 5011 2487 5066 saepe
2519 4993 2577 5047 in
2611 4997 2804 5048 textus
2837 4989 3080 5045 lectione
3111 4987 3180 5040 ab
3194 4987 3554 5041 eoinnostro

1905 5073 2031 5127 cod.
2065 5069 2374 5141 diversitas
2406 5065 2671 5141 aliquo.__
2842 5129 2908 5141 η,

1978 5124 2128 5212 (837)
2160 5139 2314 5195 Psal.
2351 5154 2482 5212 LVII,
2503 5124 2574 5200 ’4,
2604 5133 2786 5212 Divus
2831 5129 3254 5212 ‘Hieron-ymus,
3283 5124 3438 5209 .loco
3487 5124 3556 5180 ab

1906 5198 2079 5285 utero,
2113 5198 2254 5284 legit
2282 5228 2316 5264 a
2345 5198 2530 5285 vulva,
2554 5198 2619 5285 ut
2648 5205 2707 5259 in
2738 5201 2910 5285 vulg.
2946 5198 3147 5285 nostra
3177 5199 3249 5285 ab
3281 5198 3409 5285 ipso
3431 5212 3558 5285 cor-

1906 5267 2705 5350 recta,habeturSaapissime
2735 5267 3117 5329 animadverti
3142 5267 3419 5343 poterunt
3437 5267 3559 5324 haec

1947 5357 2263 5413 illerentiae.

1905 5359 2263 5414 dill‘erentiae.
3464 5409 3476 5422 .
3504 5409 3516 5420 .

1977 5430 2123 5500 (838)
2142 5428 2446 5500 (Adnotare
2474 5419 2567 5474 hic
2590 5418 2750 5472 lubet
2770 5421 3036 5500 Attonem
3063 5417 3352 5500 nostram,
3375 5427 3561 5500 quiqu

1907 5482 2307 5579 ha‘c__l~]pistola
2332 5509 2534 5579 usque
2560 5506 2712 5579 nunlc
2741 5485 3184 5579 greligliqseJdivi‘

1908 5551 2153 5641 vestigia
2186 5551 2563 5641 secutuslest,
2596 5551 2982 5641 noluisosevhic
3003 5551 3563 5641 ejusopinionisut‘:

1909 5626 2144 5713 fragakri,
2175 5639 2279 5713 ubi
2311 5637 2413 5703 ait,
2462 5626 2568 5713 lI‘OC
2601 5651 2667 5690 ex
2704 5632 2797 5687 Dei
2823 5626 3568 5713 prmscie‘ntiaevsnireLut

1909 5701 2082 5786 quem
2107 5701 2461 5782 s'citjustum
2486 5708 2773 5771 futurum,
2800 5701 2964 5786 prius
2986 5701 3562 5786 diligat,quam_o_r_ia:

1909 5773 2008 5844 t'ur
2033 5803 2101 5844 ex
2123 5773 2286 5842 utero
2311 5800 2322 5839 :
2348 5785 2404 5838 et
2427 5796 2602 5853 quem
2627 5773 3012 5852 peccatorem,
3036 5773 3224 5830 oderit
3243 5773 3559 5837 antequam
