3902 6404
120 439 228 510 505

697 439 1117 508 EXPOSITIO
1160 446 1240 509 IN
1284 445 1713 509 EPISTULAS
1761 445 2019 510 PAULI.
2063 479 2138 492 ο-
2180 445 2260 508 IN
2307 446 2558 510 EPIST.
2603 443 2709 509 AD
2755 446 2929 511 GAL.

3415 441 3535 506 506

119 579 248 640 meis
274 574 423 649 (846)
444 592 474 645 ;..
491 581 549 634 et
575 592 588 632 :
621 578 870 638 Narrabo
893 595 1089 636 nomen
1106 581 1383 652 fratribus
1400 582 1538 637 meis
1569 582 1751 652 (Psat.
1786 587 1838 649 Α
1868 579 2028 636 nisse
2042 579 2484 653 Jercsolymam,
2507 581 2703 637 studio
2723 579 2955 636 videndi
2978 580 3241 637 Petrum.
3262 578 3367 636 Hic
3396 594 3535 636 vero

120 684 228 735 ιιι,
256 667 325 722 23
351 691 365 733 ;
387 668 562 724 Hebr.
585 684 650 734 ιι,
683 669 790 739 12).
821 669 932 724 Sed
965 670 1114 725 forte
1145 671 1272 726 ideo
1301 670 1410 726 iste
1443 671 1620 726 frater
1652 677 1760 727 Dc-

123 755 257 855 mini
303 756 647 828 specialiter
699 757 935 825 dicitur,
996 759 1134 831 quia
1191 765 1313 815 tam
1374 761 1488 816 fuit
1545 762 1762 855 sanqti-

124 845 275 913 tatis,
309 846 579 916 tantique
609 849 786 904 etiam
821 850 1097 917 rumoris,
1132 854 1197 905 ut
1243 851 1511 906 certatim
1545 845 1766 922 quique

124 934 408 996 ﬁmbriam
438 935 772 994 vestimenti
801 939 930 1007 ejus
989 943 1228 1012 tangere
1284 945 1558 995 curarent
1589 942 1762 1011 (847).

125 1020 230 1080 Iste
250 1025 540 1095 projeclus
570 1026 643 1081 de
663 1026 845 1097 pinna
865 1028 1069 1099 templi
1095 1029 1326 1084 occisus
1352 1035 1440 1084 est
1462 1047 1495 1084 a
1513 1030 1762 1084 Judaais:

123 1111 206 1178 cui
236 1112 522 1170 successit
549 1114 810 1185 Simeon,
845 1117 947 1188 qui
979 1117 1156 1173 etiam
1212 1135 1315 1190 pro
1372 1118 1622 1174 Domino
1651 1119 1768 1173 fuit

120 1199 422 1262 crucifixus
452 1201 526 1258 ab
557 1200 640 1256 eis
673 1202 853 1273 (848)..

187 1289 312 1356 Quae
341 1293 531 1348 autem
555 1290 730 1348 scribo
758 1293 930 1359 vobis,
965 1298 1071 1348 etc.
1105 1294 1224 1350 Hoc
1248 1295 1408 1349 enim
1439 1294 1594 1365 quod
1627 1293 1769 1348 dicit

123 1380 232 1438 tam
263 1378 332 1432 ad
365 1379 674 1450 superiora
703 1397 883 1452 quam
915 1383 988 1438 ad
1018 1383 1295 1438 inferiora
1325 1388 1381 1438 et
1411 1384 1610 1438 omnia
1637 1400 1765 1454 qua:

124 1464 317 1524 scribit
344 1467 548 1526 referri
579 1473 792 1540 potest.
819 1470 876 1526 Si
894 1471 1051 1526 enim
1095 1470 1446 1543 simpliciter
1475 1472 1765 1537 attendas,

126 1553 236 1616 hac
261 1556 700 1627 verbajurandi
730 1559 881 1629 (849)
913 1567 1074 1628 sunt,
1131 1565 1195 1615 ut
1253 1561 1451 1616 omnia
1480 1577 1614 1615 vera
1641 1577 1768 1615 esse

129 1643 384 1702 ostendat
410 1661 539 1716 quis
571 1647 815 1706 dixerat.
841 1649 965 1707 Non
999 1649 1156 1705 enim
1190 1649 1604 1715 mentiebatur,
1628 1648 1772 1721 quia

127 1746 233 1793 non
262 1737 389 1790 erat
416 1733 678 1792 ofﬁcium
708 1736 870 1794 illius
922 1739 1266 1794 mentiendi.
1317 1739 1428 1794 Sed
1459 1739 1767 1795 sciendum

127 1820 256 1890 quia
276 1838 391 1883 non
415 1824 640 1896 appetit
663 1827 975 1898 Apostolus
990 1829 1394 1898 juramentum
1420 1829 1588 1898 quasi
1611 1844 1770 1883 sum-

125 1924 277 1970 mum
317 1911 578 2017 bonum;
611 1931 718 1970 nec
746 1916 924 1972 etiam
955 1917 1096 1972 facit
1122 1922 1329 1973 contra
1364 1916 1510 1972 illud
1543 1915 1770 1973 Domini
1804 1955 1849 2017 Β

123 2005 472 2071 praeceptum
503 2002 793 2061 dicentis:
833 2006 918 2061 Sit
966 2011 1162 2062 autem
1207 2023 1383 2062 sermo
1413 2015 1623 2062 vester:
1677 2010 1772 2062 Est

122 2094 211 2156 est,
240 2103 491 2145 non-non
522 2092 734 2162 (Matth.
793 2111 849 2164 ν,
879 2095 1009 2165 37):
1046 2096 1188 2166 quia
1241 2111 1425 2150 causa
1477 2094 1771 2149 tarditatis

123 2191 356 2233 suorum
389 2181 734 2236 auditorum
766 2183 876 2239 hoc
895 2185 1108 2256 agitur.
1135 2184 1189 2238 Si
1212 2199 1349 2238 vero
1373 2182 1554 2238 altius
1585 2182 1774 2254 inspi-

125 2264 256 2330 cias,
288 2267 432 2324 talis
463 2273 554 2326 est
581 2286 815 2340 sensus,
851 2273 1023 2342 quasi
1082 2272 1343 2328 diceret:
1403 2271 1617 2326 Omnia
1645 2287 1774 2340 quae

125 2353 306 2414 scribo
325 2355 528 2413 divino
552 2365 865 2431 conspectu
881 2360 1378 2431 dignasunt,quia
1398 2359 1596 2414 omnia
1609 2359 1780 2429 justa

128 2446 180 2498 et
204 2459 338 2500 vera
369 2451 534 2504 sunt.
576 2449 738 2511 Quod
771 2447 897 2518 ipse
955 2449 1294 2504 manifestat
1347 2448 1614 2513 dicendo,
1646 2449 1781 2518 quia

128 2547 228 2588 non
255 2537 526 2601 mentior,
559 2537 838 2607 quoniam
870 2538 1154 2610 scriptum
1181 2543 1307 2594 est:
1364 2538 1531 2594 Oculi
1557 2537 1780 2592 Domini

127 2624 476 2694 mperjustos
495 2626 670 2691 (Psal.
701 2643 904 2693 mut,
937 2628 1044 2694 16;
1077 2628 1319 2682 obtutus
1348 2628 1490 2697 ejus‘
1520 2625 1778 2682 excludi-

126 2712 215 2764 tur
241 2728 274 2767 a
307 2713 735 2783 peccatoribus.

189 2800 392 2856 Deinde
414 2803 566 2868 veni,
591 2808 702 2859 etc.
737 2803 908 2859 Ven-it
937 2820 1072 2877 ergo
1099 2805 1156 2858 in
1189 2809 1384 2875 partes
1415 2806 1612 2874 Syriae,
1657 2808 1778 2859 stu-

127 2887 213 2943 dio
271 2891 560 2946 fundandi
617 2892 928 2963 Ecclesiae,
989 2892 1128 2964 quia
1181 2893 1555 2949 illuminatus
1591 2892 1780 2948 noluit

126 2976 338 3038 otiosus
375 2980 721 3036 consistere.
756 2982 922 3052 Syria
949 2982 1170 3038 etenim
1233 2983 1652 3055 interpretatur
1678 2999 1778 3038 ex-

123 3064 279 3133 celsa,
312 3067 435 3125 sive
467 3069 742 3128 sublimis.
772 3070 944 3126 Venit
969 3087 1108 3143 ergo
1140 3072 1199 3126 in
1234 3078 1428 3143 partes
1479 3072 1681 3144 Syrias,
1713 3076 1779 3127 ut

130 3153 287 3220 illam
314 3173 450 3229 qua
477 3162 603 3216 erat
631 3159 858 3230 deiecta
887 3176 996 3215 sua
1053 3161 1464 3231 praedicatione
1510 3161 1781 3216 redderet

127 3244 424 3316 excelsam,
463 3252 522 3305 et
550 3261 678 3318 quae
707 3247 955 3304 humilis
982 3249 1320 3305 sublimem.
1355 3250 1555 3305 Cilicia
1579 3255 1776 3306 autem

125 3329 1156 3408 interpretatursumtmsivevacatio
1177 3340 1573 3396 lamentabilis.
1608 3339 1779 3395 Venit
1808 3320 1852 3387 ο

124 3418 294 3492 igitur
323 3423 384 3480 in
405 3422 702 3496 Ciliciam,
736 3432 801 3482 ut
851 3443 960 3484 sua
989 3428 1400 3499 pradicstione
1429 3445 1558 3484 eam
1609 3445 1781 3484 assu-

127 3517 318 3582 meret,
349 3529 490 3585 qua
516 3516 852 3586 assumptio
875 3532 1007 3572 esse
1041 3533 1157 3572 non
1191 3521 1382 3588 potest
1441 3517 1665 3589 absque
1695 3517 1780 3572 la-

131 3602 487 3662 meutatieue
520 3604 925 3674 paenitudinis.
960 3607 1130 3661 Eram
1157 3609 1354 3662 autem
1392 3610 1634 3674 ignotus,
1667 3611 1778 3662 etc.

132 3687 306 3751 Notus
335 3691 496 3750 enim
527 3698 655 3749 erat
684 3693 830 3750 facie
851 3693 1128 3750 Ecclesiis
1146 3696 1346 3767 Syriae,
1378 3702 1437 3750 et
1459 3695 1692 3764 Ciliciae,
1725 3700 1783 3752 et

132 3779 369 3852 Arabiae,
394 3782 541 3854 quia
559 3783 808 3853 gentiles
825 3788 1014 3849 erant,
1038 3789 1096 3839 et
1119 3785 1247 3854 ipse
1267 3785 1524 3840 ofﬁcium
1571 3785 1780 3856 prcedi~

133 3866 368 3928 cationis
390 3870 452 3928 in
474 3871 756 3942 gentibus
777 3873 1382 3945 acceperatEccleeiis
1395 3892 1530 3930 vero
1543 3876 1575 3932 J
1584 3877 1780 3943 udseaa,

134 3970 240 4014 non
257 3957 404 4017 facie
433 3963 637 4028 notus,
661 3962 766 4017 sed
788 3978 1047 4028 rumore,
1078 3963 1235 4018 sicut
1270 3964 1396 4035 ipse
1427 3965 1571 4019 dicit
1596 3982 1608 4019 :
1645 3967 1782 4020 Tau-

134 4050 253 4102 εαθη
267 4053 458 4106 autem
485 4050 747 4106 «alitum
803 4050 1074 4107 habebant
1135 4051 1276 4122 (Gal.
1312 4070 1350 4118 ι,
1384 4053 1495 4121 23).
1543 4054 1614 4109 Et
1644 4060 1784 4110 nota

135 4133 263 4202 quia
292 4135 570 4196 Ecoleeiis
591 4138 891 4209 dicit,ideo
921 4140 1063 4212 quia
1092 4157 1207 4196 non
1241 4140 1435 4197 solum
1468 4141 1528 4196 in
1557 4146 1784 4198 Jercso-

132 4218 297 4292 lymis
312 4233 486 4285 erant
517 4228 840 4296 credentes,
873 4231 974 4285 sed
1009 4231 1068 4284 in
1100 4231 1327 4286 cauteris
1357 4230 1522 4300 locis,
1548 4233 1692 4287 adeo
1717 4238 1782 4289 ut

136 4309 410 4374 Ecclesiae
441 4319 724 4383 habent,
754 4323 814 4376 et
835 4319 1118 4390 gentibus
1147 4319 1372 4375 nollent
1405 4322 1707 4394 conjungi.

198 4405 263 4459 Et
292 4406 351 4460 in
377 4421 469 4464 me
497 4407 1048 4479 gloriﬁesbant(850)
1063 4409 1256 4463 Deum.
1281 4408 1432 4473 Quid
1445 4410 1605 4465 velut
1626 4413 1783 4482 Apo-

135 4489 308 4552 “olus
337 4494 430 4552 hi
459 4495 660 4552 verbis
675 4497 1026 4556 ostendere?
1045 4496 1180 4552 Vult
1208 4497 1588 4553 manifestare
1611 4515 1781 4554 suam

135 4576 470 4653 doctrinam,
505 4589 668 4642 etes
687 4599 892 4642 verum
923 4603 1053 4642 esse
1074 4586 1426 4657 Apostolum
1453 4604 1466 4654 ;
1497 4588 1778 4659 quoniam

136 4664 626 4745 ipsinequaquam
654 4675 832 4731 Deum
860 4675 1258 4747 glorificarent
1279 4675 1336 4730 in
1359 4676 1779 4747 ipso,quorum
1812 4693 1858 4758 ο

135 4767 460 4825 persecutor
489 4763 821 4832 exstiterat,
855 4764 971 4819 nisi
1031 4780 1138 4819 suo
1164 4764 1390 4835 judicio
1447 4765 1780 4822 doctrinam

137 4841 285 4903 illius
312 4866 512 4907 veram
544 4868 672 4909 esse
703 4858 1147 4925 cognoscerent.

196 4935 511 5010 (851)(οΔιρ.
537 4941 635 5011 Il.)
697 4942 902 4998 Deinde
953 4950 1075 5014 post
1130 4957 1304 4997 annos
1347 4941 1779 5015 quatuordecim,

133 5025 233 5080 etc.
258 5023 493 5106 Dixerat
524 5030 682 5087 enim
716 5030 994 5106 superius
1023 5047 1087 5092 se
1119 5037 1254 5104 post
1286 5047 1476 5089 annos
1527 5036 1649 5087 tres
1679 5047 1779 5087 ve-

136 5276 340 5410 “(Egil
382 5281 552 5340 toan.
588 5299 686 5350 xx,
707 5283 798 5353 17,
833 5283 936 5339 ubi
967 5300 1086 5339 non
1115 5285 1215 5352 ite,
1264 5284 1448 5349 dicite,
1481 5282 1583 5338 sed
1613 5281 1768 5353 vade,

138 5417 346 5560 Ε
372 5421 562 5496 Hujus
578 5425 664 5484 rei
687 5409 1499 5500 auctordivusHieronymus,
1533 5425 1592 5479 in
1623 5423 1774 5482 hanc

367 5566 497 5642 Vid.
527 5567 746 5640 Josepb
778 5569 976 5642 Antiq.
1009 5569 1149 5626 Jud.
1179 5570 1280 5627 lib.
1315 5588 1406 5639 xx,
1439 5588 1488 5628 c.
1531 5575 1590 5628 16

220 5634 341 5711 ξξιῼ)
371 5639 640 5697 Fortasse
659 5634 955 5711 iurantis:
1107 5650 1110 5654 ’

220 5707 342 5783 βξϐ)
370 5711 544 5783 Vulg.
575 5707 976 5782 clariﬁcabant.

200 5777 342 5853 (851)
371 5777 582 5855 Autog.
616 5777 1033 5855 mani/extabat.

1877 670 2020 724 dicit
2049 686 2111 725 se
2143 675 2275 742 post
2303 670 2750 742 quatuordecim
2773 686 2960 727 annos
2981 669 3212 725 venisse
3237 669 3536 742 Jerosoly-

1872 773 2054 824 mam,
2092 774 2272 814 causa
2299 759 2637 815 conferendi
2669 759 3070 831 Evangelium.
3107 759 3219 814 Sed
3253 764 3378 814 orte
3410 775 3535 814 mo-

1875 849 2043 900 vetur
2072 845 2309 918 aliquis,
2344 864 2527 919 quare
2573 855 2705 920 post
2755 853 2843 903 tot
2897 847 3195 904 curricula
3243 864 3536 903 annorum

1873 934 2152 989 venisset.
2173 936 2281 990 Sed
2309 935 2459 991 hanc
2477 938 2794 993 motionem
2818 938 2942 1008 ipse
2961 936 3292 1003 olvit,cum
3308 937 3530 992 subdit:

1875 1023 2180 1078 Secundum
2200 1027 2606 1080 reuelationem.
2623 1027 2786 1081 Tunc
2807 1026 2966 1081 enim
2990 1025 3314 1089 descendit,
3347 1042 3534 1096 quan-

1876 1112 1950 1167 do
1981 1113 2033 1167 ei
2069 1113 2256 1168 fuerat
2288 1115 2629 1179 revelatum,
2664 1115 2721 1170 id
2755 1120 2864 1178 est,
2887 1116 3123 1185 quando
3167 1114 3532 1186 expediebat,

1876 1201 1987 1256 Sed
2015 1217 2198 1271 quare
2221 1203 2407 1258 fuerat
2429 1203 2746 1258 revelatum
2779 1205 2831 1258 ei
2853 1202 2882 1256 ?
2912 1204 3044 1259 Ideo
3066 1205 3206 1274 quia
3238 1203 3536 1258 altercatio

1875 1293 1935 1344 et
1963 1289 2256 1346 dissensio
2287 1293 2408 1362 iam
2441 1298 2570 1347 orta
2597 1294 2786 1347 fuerat
2815 1293 2874 1346 in
2898 1291 3194 1348 Ecclesiis.
3219 1292 3352 1347 Jam
3374 1291 3532 1346 enim

1877 1377 2093 1433 Galatae
2119 1380 2189 1434 ad
2223 1381 2564 1436 servitutem
2601 1381 2746 1453 legis
2779 1381 3138 1436 transierant
3155 1399 3168 1447 ;
3202 1387 3261 1436 et
3283 1380 3415 1435 ideo
3445 1395 3537 1435 re-

1875 1466 2135 1522 velatum
2168 1467 2273 1536 illi,
2297 1475 2589 1540 quatenus
2609 1468 2843 1525 collatio
2871 1469 3160 1540 Evangelii
3190 1485 3375 1524 unum
3407 1485 3538 1524 esse

1878 1571 2054 1613 suum
2085 1563 2144 1611 et
2175 1561 2518 1612 caaterorum
2550 1558 2950 1629 apostolorum
2985 1559 3338 1621 ostenderet,
3361 1562 3417 1612 et
3436 1571 3538 1612 eos

1877 1660 1913 1699 a
1941 1645 2220 1701 servitute
2251 1645 2400 1718 legis
2424 1652 2736 1703 revocaret.
2776 1648 2842 1702 Et
2864 1652 3001 1703 nota
3041 1647 3182 1718 quia
3213 1647 3536 1701 Barnabam

1878 1736 1935 1788 et
1964 1733 2163 1788 Titum
2197 1735 2309 1790 sibi
2340 1735 2541 1802 sociat,
2576 1742 2641 1792 ut
2671 1736 2730 1790 in
2762 1753 2859 1792 ore
2889 1738 3167 1801 duorum,
3223 1734 3314 1790 vel
3355 1734 3535 1789 trium

1879 1823 2119 1878 testium
2149 1828 2330 1880 staret
2359 1841 2533 1880 omne
2561 1827 2827 1880 verbum.
2879 1827 3032 1881 Istos
3091 1825 3292 1896 utique
3337 1839 3537 1878 secum

1880 1928 2182 1968 assumere
2213 1912 2416 1984 voluit,
2451 1919 2515 1969 ut
2547 1914 2596 1970 si
2630 1914 2829 1986 aliqua
2860 1919 2989 1970 orta
3011 1914 3223 1969 fuisset
3269 1912 3535 1984 quaestio,

1881 1999 2122 2056 haberet
2151 2005 2350 2071 testes,
2380 2002 2595 2074 quibus
2627 2020 2838 2059 sensus
2867 2009 2925 2057 et
2953 2002 3274 2058 sententias
3306 2018 3425 2056 suae
3456 2000 3542 2055 in-

1880 2089 2162 2145 tentionis
2193 2091 2595 2146 manifestaret
2627 2093 2794 2162 (851).
2827 2093 2898 2146 Et
2953 2091 3352 2146 animadverte
3401 2089 3540 2160 quia

1884 2194 2003 2234 non
2023 2179 2186 2248 dicit,
2217 2179 2404 2234 Didici
2434 2180 2814 2251 Evangelium
2841 2181 2913 2235 ab
2939 2179 3184 2245 illis,sed
3208 2179 3443 2244 contuli,
3475 2182 3542 2232 ut

1885 2267 2219 2322 ostenderet
2248 2284 2311 2322 se
2341 2285 2454 2323 non
2488 2268 2735 2323 minoris
2766 2268 3155 2323 auctoritatis.
3210 2268 3357 2322 Nam
3399 2283 3538 2322 con-

1886 2354 2056 2421 ferre,
2070 2355 2384 2426 aequalium
2397 2361 2488 2411 est
2504 2375 2517 2422 ;
2533 2357 2759 2412 discere
2771 2373 2926 2425 vero,
2942 2358 3257 2414 minorum.
3284 2355 3540 2411 Seorsum

1886 2453 2097 2514 autem,
2131 2451 2266 2512 etc.,
2318 2446 2390 2501 ad
2451 2445 2752 2517 superiora
2811 2446 3079 2512 refertur,
3135 2446 3232 2500 ubi
3265 2444 3535 2500 dixerat:

1891 2532 2128 2589 Contuli.
2162 2535 2270 2590 Sed
2302 2535 2446 2590 forte
2505 2535 2657 2590 dicet
2712 2535 2962 2607 aliquis:
3009 2537 3197 2601 Quare
3227 2533 3542 2590 seorsum?

1889 2624 2174 2680 Mentitus
2204 2625 2393 2679 fuerat
2423 2623 2484 2678 in
2517 2624 2748 2695 publico
2773 2642 2787 2691 ;
2815 2624 3048 2680 volebat
3099 2639 3299 2679 verum
3347 2623 3542 2678 dicere

1887 2713 2205 2769 seorsum?
2236 2713 2347 2768 Sed
2379 2730 2494 2768 non
2525 2719 2617 2769 est
2646 2714 2747 2768 ita.
2779 2713 2904 2768 Non
2937 2712 3093 2769 enim
3143 2710 3538 2767 ministerium

1886 2799 2052 2856 illius
2083 2801 2316 2857 mentiri
2343 2820 2357 2868 ;
2393 2803 2551 2857 unde
2581 2803 2759 2857 etiam
2792 2819 2855 2858 se
2883 2803 3235 2875 magistrum
3274 2801 3538 2870 gentium

1887 2891 2030 2947 dicit
2055 2906 2186 2946 esse
2218 2891 2278 2946 in
2307 2892 2420 2946 ﬁde
2447 2896 2504 2946 et
2533 2891 2773 2946 veritate
2827 2893 2871 2962 (I
2929 2893 3061 2946 Tim.
3096 2908 3157 2961 ιι,
3188 2892 3221 2943 7
3249 2909 3262 2958 ;
3293 2890 3342 2945 Il
3376 2891 3537 2945 Tim..

1884 2996 1985 3044 vn,
2017 2981 2126 3051 11).
2159 2981 2270 3035 Sed
2303 2981 2460 3052 quod
2492 2980 2850 3051 profundius
2867 2985 2928 3035 et
2957 2979 3238 3034 subtilius
3273 2979 3541 3034 dicturus

1886 3074 2010 3124 erat
2039 3069 2196 3139 quod
2231 3069 2314 3123 illi
2345 3084 2554 3140 capere
2583 3086 2699 3124 non
2721 3067 3015 3140 poterant,
3074 3068 3292 3138 quibus
3349 3067 3543 3122 fuerat

1886 3156 2120 3229 publice
2151 3157 2402 3222 locutus,
2438 3162 2503 3211 ut
2556 3157 2744 3212 illud:
2802 3162 2926 3214 Non
2978 3159 3138 3228 potui
3187 3157 3338 3211 vobis
3390 3157 3544 3226 loqui

1889 3248 2054 3318 quasi
2081 3245 2490 3318 spiritualibus.
2524 3247 2551 3301 Ι
2579 3246 2699 3301 Cor.
2733 3263 2819 3312 ιιι,
2854 3245 2926 3316 1),
2960 3251 3103 3313 etc.;
3163 3244 3378 3299 idcirco
3409 3260 3542 3298 cum

1890 3336 2022 3392 istis
2056 3351 2322 3390 seorsum
2357 3332 2624 3402 contulit,
2659 3334 2797 3405 quia
2852 3348 3058 3405 capere
3113 3337 3402 3406 poterant.
3434 3333 3544 3388 Sed

1892 3424 2032 3496 quid
2057 3423 2170 3478 fuit
2194 3422 2339 3478 illud
2359 3423 2709 3494 profundius
2727 3422 2754 3477 ?
2776 3422 3022 3478 Abolitio
3045 3422 3191 3494 legis
3211 3427 3270 3477 et
3289 3420 3546 3493 dignitas

1891 3513 2112 3584 gratiis.

1960 3603 2037 3659 Ne
2066 3601 2211 3674 forte
2237 3603 2298 3656 in
2326 3617 2568 3657 vacuum
2621 3615 2922 3664 currerem,
2983 3603 3093 3656 etc.
3154 3599 3360 3655 Certus
3389 3599 3545 3654 enim

1891 3696 2017 3747 erat
2041 3689 2351 3762 Apostolus
2383 3706 2445 3745 se
2476 3705 2593 3744 non
2625 3690 2686 3744 in
2713 3705 2963 3744 vacuum
2987 3704 3256 3755 currere;
3282 3687 3380 3743 sed
3415 3703 3545 3758 pro-

1893 3786 2021 3852 pter
2034 3779 2318 3850 alios,qui
2335 3778 2718 3835 erantincerti
2731 3819 2744 3844 ,
2768 3777 3146 3850 Evangelium
3165 3777 3426 3833 conferre
3445 3792 3547 3831 vo-

1889 3869 2023 3937 luit,
2047 3874 2110 3924 ut
2132 3869 2273 3924 certi
2297 3869 2680 3924 redderentur
2707 3868 2759 3923 ei
2791 3885 2908 3923 non
2941 3868 3002 3922 in
3032 3883 3281 3922 vacuum
3311 3881 3549 3922 currere

1892 3960 2040 4030 (852)
2069 3963 2172 4013 aut
2200 3957 2551 4012 cucurrisse.

1961 4047 2070 4104 Sed
2099 4063 2274 4118 neque
2309 4047 2481 4110 Titus,
2513 4050 2623 4100 etc.
2658 4044 2817 4100 Talis
2847 4049 2940 4100 est
2968 4044 3238 4110 intentio,
3271 4045 3441 4115 quasi
3461 4044 3545 4099 di-

1893 4141 2086 4192 ceret:
2117 4136 2178 4191 Si
2213 4152 2319 4190 uos
2350 4134 2640 4206 compulsi
2675 4150 2790 4190 non
2825 4135 2972 4204 (853)
3004 4149 3234 4203 sumus,
3293 4132 3392 4204 qui
3422 4148 3548 4187 era-

1892 4242 2026 4282 mus
2045 4225 2103 4280 in
2128 4223 2361 4296 egregia
2391 4223 2625 4279 civitate
2655 4223 2808 4278 inter
2837 4221 3136 4294 apostolos
3164 4226 3223 4276 et
3253 4220 3551 4276 emulato-

1892 4330 1986 4372 res
2011 4314 2178 4385 legis,
2209 4320 2265 4369 et
2296 4313 2448 4368 inter
2471 4330 2571 4369 eos
2593 4312 2693 4384 qui
2716 4318 2985 4368 nostrum
3009 4311 3361 4383 sanguinem
3385 4309 3552 4364 sitie-

1891 4405 2054 4470 bant,
2076 4409 2143 4459 ut
2160 4403 2682 4459 circumcideretur
2706 4402 2875 4456 Titus
2898 4418 2911 4454 :
2937 4417 3117 4471 quare
3133 4414 3294 4467 vos,o
3315 4396 3548 4466 Galatae,

1890 4508 2024 4548 cum
2051 4489 2623 4546 nulliusviolentism
2643 4488 3039 4544 sustulissetis
3057 4485 3549 4558 (854),alibertate

1890 4579 2092 4652 gratias
2122 4580 2193 4634 ad
2227 4580 2565 4633 servitutem
2629 4578 2774 4649 legis
2831 4576 3142 4632 transitis?
3168 4575 3278 4631 Sed
3325 4577 3552 4646 propter

1892 4667 2334 4726 subiutroductos
2354 4668 2525 4738 falsos
2556 4672 2785 4737 fratres.
2820 4665 3021 4721 Falsos
3056 4667 3268 4720 fratres
3298 4664 3556 4736 appellat

1892 4758 2044 4823 illos,
2077 4757 2180 4829 qui
2215 4757 2298 4812 ita
2325 4756 2715 4820 crediderant,
2750 4759 2815 4810 ut
2839 4771 2873 4810 a
2895 4754 3118 4810 carnali
3147 4752 3553 4809 observatione

1893 4864 2008 4902 non
2042 4847 2401 4910 recederent,
2425 4861 2574 4916 quos
2597 4845 2775 4900 etiam
2800 4844 2858 4898 in
2884 4841 3267 4914 sequentibus
3287 4840 3552 4914 explora-

1892 4942 2053 4993 tores
2084 4934 2369 4990 nominat.
2404 4934 2802 5007 EXploratoris
2835 4948 3090 5004 namque
3120 4935 3228 4997 est,
3289 4929 3448 4984 aliud
3491 4929 3551 4985 in

1891 5025 2038 5080 facie
2061 5024 2439 5098 praetendere,
2473 5027 2531 5079 et
2554 5021 2713 5079 aliud
2744 5026 2938 5077 mente
2992 5019 3269 5092 cogitare.
3291 5017 3551 5074 Liberta-

1964 5223 2112 5295 (852)
2142 5221 2331 5277 Verba
2379 5221 2538 5276 sed...
2589 5233 2836 5287 currere,
2883 5218 2943 5274 in
2975 5215 3094 5272 imo
3121 5214 3389 5290 margine
3420 5214 3548 5272 cod.

1892 5293 2189 5365 leguntur.

1898 5437 1908 5441 _
1963 5368 2112 5438 (853)
2142 5364 2351 5441 Partic.
2411 5360 2940 5441 non_addidimus,
2979 5377 3178 5441 quam
3234 5363 3291 5416 et
3338 5375 3552 5441 sensus

1893 5433 2021 5508 ipse
2051 5433 2310 5492 auctoris
2368 5434 2577 5503 nostri,
2637 5438 2694 5489 et
2749 5433 3055 5504 sequentia
3109 5447 3420 5504 exposcere
3467 5433 3553 5485 vi-

1891 5509 2127 5650 deligit;
2145 5579 2206 5633 In
2239 5577 2367 5631 cod.
2400 5576 2615 5650 legitur
2643 5574 3185 5650 intulistisse._Qucd
3218 5553 3576 5650 intulissetis

1893 5642 2109 5705 referre
2139 5650 2384 5704 videtur.
2420 5642 2564 5702 Cum
2598 5654 2793 5702 autem
2854 5648 3190 5719 passionem
3235 5642 3548 5719 violentia,

1895 5739 2011 5778 non
2045 5721 2331 5778 actionem
2365 5721 2688 5791 exprimere
2742 5717 2996 5776 voluisse
3037 5719 3320 5791 ivideatur
3347 5717 3551 5772 auctor

1898 5798 2135 5863 noster;
2165 5793 2295 5852 ideo
2328 5790 2478 5850 hanc
2503 5791 2810 5853 lectionem
2847 5790 3097 5864 pratuli.
