3902 6438
365 445 484 508 507

1382 452 1718 517 ATTONIS
1761 453 2352 518 VERGELLENSIS
2393 452 2750 518 EPISCOPI

3669 450 3784 517 508

366 589 488 644 tem
521 604 687 644 suam
721 588 864 645 dicit
897 606 995 646 eos
1026 588 1325 662 explorare
1343 589 1488 647 velle
1514 609 1526 657 ;
1561 590 1840 661 quoniam
1870 591 2020 647 vole-
2048 587 2102 654 Α
2126 592 2231 662 pit,
2253 589 2352 646 sed
2376 589 2772 645 indifferenter
2791 602 2993 645 omnes
3023 586 3096 644 ad
3153 585 3404 660 gratiam
3437 581 3782 644 salvationis

378 676 522 732 bant
551 695 864 749 agnoscere
894 686 1092 735 utrum
1117 680 1367 736 carnalis
1397 681 1543 752 legis
1572 685 1892 736 servatores
1920 699 2015 737 es-

377 771 525 820 sent.
561 768 629 821 Et
659 784 840 838 quare
870 770 1241 824 manifestat:
1277 772 1339 826 Ut
1360 786 1460 824 nos
1491 773 1547 824 in
1577 772 1893 825 servitutem
1928 787 2014 825 re-

371 854 636 925 digerent,
661 857 717 910 id
741 863 847 918 est.
871 859 1116 912 excitata
1139 859 1559 929 persecutione,
1594 875 1700 914 nos
1730 861 1801 913 ad
1835 860 2015 913 servi-

373 947 559 1000 tutem
593 945 740 1015 legis
771 946 1084 1000 traherent.
1109 947 1316 1014 Quibus
1346 963 1516 1016 neque
1547 949 1694 1018 (855)
1725 949 1794 1002 ad
1824 949 2017 1003 horam

373 1036 652 1087 cessimus.
695 1034 928 1088 Duobus
961 1035 1148 1089 modis
1181 1035 1288 1088 iste
1321 1035 1483 1091 locus
1513 1036 1745 1108 legitur.
1774 1037 1834 1091 In
1867 1039 2018 1092 veris

376 1138 632 1192 namque
662 1123 872 1176 Graecis
919 1123 1348 1193 exemplaribus
1411 1126 1696 1181 habetur:
1745 1142 1918 1197 neque
1947 1127 2021 1181 ad

376 1209 564 1264 horam
585 1227 604 1264 :
636 1209 692 1262 in
727 1211 1082 1280 quibusdam
1147 1213 1404 1269 Latinis:
1467 1215 1673 1282 Quibus
1723 1215 1800 1270 ad
1830 1215 2020 1269 horam

372 1301 652 1353 cessimus.
686 1300 794 1354 Sed
828 1300 873 1353 si
905 1302 1230 1356 secundum
1283 1303 1511 1358 Graecos
1557 1303 1739 1375 legas,
1771 1303 1904 1358 talis
1932 1307 2022 1358 est

376 1388 1057 1457 sensus,quasidiceret:
1092 1390 1135 1445 Ο
1167 1407 1288 1456 vos,
1322 1391 1556 1457 Galatae,
1591 1392 1640 1446 si
1674 1409 1779 1446 nos
1811 1391 2020 1447 cessis-

375 1491 576 1532 semus
596 1476 743 1546 (856)
778 1483 842 1532 ut
863 1478 1030 1534 Titus
1054 1479 1892 1550 circumcideretur,haberetis
1920 1497 2021 1536 vos

374 1564 738 1620 occasionem
771 1566 1001 1620 dicendi
1030 1582 1042 1621 :
1072 1569 1365 1638 Apostole,
1399 1586 1578 1640 quare
1634 1571 1793 1642 cogis
1852 1587 1958 1625 nos
1989 1585 2024 1624 a

375 1653 842 1718 circumcisione,
867 1661 922 1710 et
948 1656 1169 1711 caeteris
1201 1657 1704 1713 observationibus
1735 1659 2019 1727 recedere,

374 1759 506 1797 cum
523 1747 584 1798 tu
602 1750 771 1799 tuum
788 1744 1065 1799 dilectum
1082 1763 1115 1800 a
1128 1745 1572 1802 circumcisione
1588 1747 1894 1818 prohibere
1906 1764 2022 1802 non

374 1832 662 1903 potuisti?
691 1833 758 1886 Et
782 1849 962 1903 quare
983 1851 1098 1889 non
1123 1835 1416 1898 cessisset,
1441 1835 1745 1891 subdendo
1778 1836 2020 1892 manife-

376 1924 512 1975 stat.
542 1922 602 1977 Ut
624 1923 821 1975 veritas
851 1923 1141 1993 Evangelii
1165 1928 1385 1978 maneat
1417 1925 1568 1996 apud
1625 1941 1735 1980 vos.
1795 1925 1849 1978 Si
1892 1941 2024 1980 vero
2054 1958 2101 2022 B

374 2008 536 2080 legas
548 2010 871 2064 secundum
893 2012 1556 2080 Latinos,cessimus,non
1577 2014 2022 2086 intelligendum

374 2102 463 2152 est
495 2099 564 2152 de
596 2098 1062 2164 circumcisione,
1089 2102 1190 2155 sed
1217 2102 1286 2155 de
1304 2102 1705 2172 persecutione
1724 2120 1850 2174 quea
1875 2104 2025 2158 facta

374 2191 463 2242 est
495 2187 564 2241 ab
596 2187 902 2242 Antiochia
921 2188 1304 2260 Jerosolymis
1335 2207 1511 2262 super
1543 2191 1652 2246 hac
1683 2193 2020 2263 quaestione.

372 2277 578 2330 Fertur
606 2276 762 2331 enim
786 2277 1208 2333 AntiOchenses
1231 2279 1448 2334 dixisse
1473 2279 1682 2334 salvari
1716 2297 1829 2336 non
1853 2296 2026 2352 posse

373 2365 595 2435 absque
616 2364 762 2436 legis
784 2366 1205 2422 observatione.
1237 2368 1302 2422 Et
1321 2367 1450 2423 ideo
1471 2369 1746 2424 cessisset
1775 2372 2026 2440 Aposto-

374 2454 488 2520 lus,
523 2458 588 2509 ut
618 2471 722 2524 pro
754 2471 812 2509 re
844 2459 1002 2510 certa
1026 2461 1086 2511 et
1114 2459 1444 2513 necessaria
1502 2459 1855 2525 mitteretur,
1889 2475 2026 2531 qua-

371 2547 546 2599 tenus
577 2543 699 2598 haec
730 2543 876 2599 ratio
909 2545 1201 2613 majorum
1225 2546 1450 2614 judicio
1491 2547 1828 2602 firmaretur
1855 2549 2024 2617 (857).

373 2633 444 2688 Et
464 2631 590 2686 ideo
621 2631 817 2698 cessit,
853 2637 916 2686 ut
945 2633 1157 2688 veritas
1217 2634 1511 2706 Evangelii
1567 2639 1831 2690 maneret
1869 2637 2024 2706 apud

375 2719 632 2775 Galatas.
667 2721 828 2784 Quod
862 2721 910 2774 si
943 2721 1013 2775 de
1045 2721 1490 2776 circumcisione
1535 2721 1859 2793 intelligas,
1893 2723 2026 2778 talis

374 2813 464 2864 est
495 2824 742 2863 sensus:
778 2809 1078 2863 Cessimus
1110 2810 1182 2863 ad
1206 2809 1409 2864 horam
1429 2810 2030 2866 utcircumcideretur

377 2895 566 2960 Titus,
601 2911 716 2949 non
747 2899 943 2949 tamen
975 2911 1042 2950 ea
1072 2896 1415 2963 intentione,
1451 2914 1567 2968 qua
1597 2898 1680 2952 illi
1737 2897 2025 2964 volebant,

378 2973 477 3038 sed
511 2982 937 3054 proclamantes
969 2985 1481 3041 circumcisionem
1525 2986 1671 3041 nihil
1719 2986 1927 3042 valere.
1961 2987 2031 3041 Et

381 3072 512 3127 ideo
543 3072 850 3139 cessimus,
878 3073 1291 3144 quiainstabat
1312 3074 1658 3145 periculum,
1683 3075 2032 3130 imminebat

383 3177 541 3216 mors
567 3178 581 3226 ;
607 3165 666 3216 et
686 3162 735 3216 si
762 3178 867 3216 nos
891 3162 1178 3217 interfecti
1203 3165 1712 3230 essemus,veritas
1734 3165 2027 3237 Evangelii

385 3265 500 3303 non
532 3254 792 3304 maneret
814 3251 968 3320 apud
991 3250 1429 3323 illos,quoniam
1449 3270 1565 3308 non
1587 3258 1743 3310 esset
1759 3255 1857 3325 qui
1878 3271 2028 3308 nun-

2124 684 2311 735 vocat.
2345 684 2411 734 Et
2439 679 2567 735 ideo
2597 695 2719 734 mea
2746 678 2896 734 nihil
2925 679 3170 743 interest,
3226 677 3336 732 hoc
3369 681 3486 743 est,
3520 693 3655 732 mea
3683 693 3780 732 au-

2127 769 2369 824 ctoritas
2402 773 2577 839 atque
2607 767 2872 822 doctrina
2901 783 3016 822 non
3048 766 3231 822 distat
3258 767 3331 821 ab
3356 765 3627 833 illorum,
3648 768 3780 837 quia

2127 874 2284 913 unus
2315 861 2404 912 est
2435 857 2741 929 magister,
2766 856 2865 928 qui
2886 872 2979 910 me
3005 854 3212 910 etillos
3232 854 3457 910 docuit.
3477 855 3781 910 Verumta-

2129 963 2261 1001 men
2296 963 2413 1000 non
2444 963 2537 1001 me
2566 945 2683 1000 illis
2714 945 2977 1016 praefero,
3006 961 3119 1000 non
3180 943 3554 1015 reprehendo
3585 944 3781 1015 quales

2127 1035 2346 1090 fuerint
2371 1053 2384 1101 ;
2419 1035 2558 1105 quia
2580 1036 2716 1088 Deus
2735 1049 3025 1104 personam
3046 1032 3286 1088 hominis
3309 1048 3426 1088 non
3440 1034 3662 1102 accipit,
3685 1024 3781 1088 nec

2129 1125 2423 1194 praeterita
2437 1123 2686 1193 judicat,
2710 1139 2815 1177 nec
2836 1121 3085 1176 attendit
3106 1119 3300 1192 qualis
3314 1121 3577 1194 quisque
3593 1121 3776 1186 fuerit,

2131 1214 2231 1268 sed
2262 1212 2453 1284 qualis
2471 1211 2714 1277 sit.Quis
2733 1212 2887 1266 enim
2911 1210 3211 1266 accusabit
3229 1225 3408 1280 quem
3427 1209 3558 1281 ipse
3574 1209 3776 1282 elegit?

2128 1304 2241 1356 Aut
2272 1302 2405 1374 quis
2423 1300 2836 1356 condemnabit
2866 1317 3014 1370 quos
3047 1299 3174 1371 ipse
3211 1298 3565 1371 justiﬁcat?
3606 1301 3772 1370 (Rom.

2130 1409 2254 1456 V111,
2288 1392 2377 1460 33,
2408 1391 2523 1460 34.)
2554 1393 2974 1444 Verumtamen
3007 1387 3107 1459 qui
3137 1387 3270 1442 illo
3300 1386 3545 1454 idiotas,
3577 1391 3633 1441 et
3661 1386 3779 1442 sine

2130 1477 2276 1550 legis
2309 1478 2496 1550 gloria
2521 1477 2710 1549 potuit
2738 1478 2940 1532 doctos
2969 1481 3026 1531 et
3053 1475 3342 1548 gloriosos
3359 1475 3574 1542 facere,
3598 1474 3779 1546 potuit

2131 1571 2189 1623 et
2219 1583 2322 1622 me
2342 1567 2616 1638 peritum,
2651 1571 2707 1621 et
2737 1567 2794 1620 in
2828 1566 2952 1638 lege
2971 1564 3315 1636 gloriosum,
3339 1564 3549 1619 eodem
3579 1563 3774 1635 spiritu

2133 1654 2378 1726 replere,
2402 1659 2468 1709 ut
2490 1655 2642 1710 sicut
2669 1654 2750 1708 fui
2773 1653 3067 1725 gloriosus
3097 1652 3158 1707 in
3192 1652 3342 1724 lege,
3376 1651 3495 1707 sim
3522 1651 3648 1706 etin
3675 1650 3774 1704 hac

2133 1751 2317 1817 parte.
2351 1745 2500 1799 Sunt
2525 1745 2624 1815 qui
2651 1742 2992 1815 intelligunt
3017 1758 3132 1796 non
3155 1741 3227 1796 de
3250 1739 3542 1812 apostolis
3564 1739 3774 1796 dictum

2135 1832 2337 1905 quales
2369 1833 2604 1900 fuerint,
2639 1833 2737 1887 sed
2773 1831 2844 1886 de
2875 1831 2989 1901 his,
3046 1831 3148 1900 qui
3201 1831 3360 1901 apud
3422 1845 3526 1885 eos
3565 1827 3699 1884 clari
3729 1830 3781 1882 et

2135 1939 2360 1994 magna
2387 1925 2554 1977 erant
2584 1921 2968 1984 auctoritatis,
3008 1919 3383 1974 aemulatores
3411 1923 3613 1974 tamen
3645 1916 3778 1988 legis

2133 2011 2445 2067 existentes
2471 2014 2563 2076 ;et
2583 2009 2712 2064 ideo
2733 2009 2891 2064 dicat
2921 2007 3068 2062 nihil
3095 2024 3220 2062 mea
3251 2009 3512 2077 interest,
3547 2006 3650 2061 hoc
3678 2009 3775 2074 est,

2135 2117 2251 2155 non
2274 2099 2421 2154 mihi
2453 2116 2605 2154 curua
2635 2102 2725 2153 est
2749 2097 2953 2169 quales
2985 2096 3219 2164 fuerint,
3253 2097 3400 2167 quia
3447 2111 3607 2150 nunc
3639 2093 3778 2149 male

2140 2188 2424 2244 sentiunt.
3430 2225 3434 2229 .

2210 2277 2526 2348 Sequitur:
2552 2276 2687 2332 Mihi
2714 2279 2902 2332 autem
2931 2277 3024 2346 qui
3053 2274 3396 2330 videbantur
3409 2289 3530 2330 esse
3557 2270 3775 2344 aliquid,

2134 2368 2280 2422 nihil
2300 2367 2666 2436 contulerunt,
2696 2365 2806 2420 hoc
2835 2369 2947 2434 est,
2975 2365 3072 2435 qui
3107 2379 3332 2435 magna;
3393 2367 3566 2418 erant
3595 2365 3777 2416 aucto-

2135 2455 2500 2524 ritatis,nihil
2520 2455 2820 2510 insinuare
2832 2455 3454 2525 potuerunt.Attamen
3469 2451 3778 2506 notandum

2137 2544 2276 2616 quia
2307 2561 2486 2614 supra
2516 2543 2662 2597 dixit
2689 2560 2702 2597 :
2740 2543 3002 2611 Contulit,
3027 2546 3083 2597 et
3111 2557 3268 2596 nunc
3289 2541 3438 2596 dicit
3463 2557 3476 2595 :
3500 2540 3654 2595 Nihil
3673 2552 3782 2593 con-

2138 2634 2401 2688 tulerunt.
2435 2631 2574 2688 Vult
2601 2631 2745 2686 forte
2772 2630 2866 2685 his
2892 2629 3086 2685 verbis
3141 2629 3455 2684 ostendere
3487 2644 3551 2682 e
3597 2625 3777 2697 aliqua

2138 2737 2352 2792 magna
2383 2719 2500 2774 illis
2522 2718 2863 2789 contulisse,
2883 2735 3010 2789 quae
3032 2722 3252 2789 egerat,
3283 2717 3375 2773 vel
3406 2718 3702 2784 docuerat,
3731 2717 3778 2768 et

2138 2808 2252 2880 ipsi
2284 2825 2352 2863 ea
2373 2807 2723 2878 ignorabant
2748 2824 2761 2874 ;
2785 2806 2918 2862 illos
2935 2810 3132 2861 autem
3162 2806 3309 2861 nihil
3329 2806 3450 2862 sibi
3479 2803 3775 2861 contulisse

2139 2897 2296 2969 quod
2328 2912 2464 2950 eum
2500 2894 2724 2950 lateret.
3487 2910 3490 2912 ·

2209 2986 2312 3042 Sed
2339 2993 2536 3041 contra
2566 2984 2713 3054 (859)
2744 2999 2868 3038 cum
2904 2981 3166 3038 vidisth
3221 2983 3364 3053 quod
3420 2983 3685 3039 creditum
3711 2985 3777 3034 est

2136 3076 2280 3130 mihi
2307 3072 2700 3144 Evangelium,
2733 3076 2842 3127 etc.
2873 3076 3278 3145 Cognoverunt
3315 3071 3482 3127 enim
3539 3065 3774 3143 Apostoli

2139 3165 2292 3236 quod
2320 3179 2474 3218 unus
2498 3162 2775 3232 idemque
2797 3166 2952 3216 esset
2978 3161 3262 3217 Dominus
3281 3165 3338 3215 et
3356 3161 3660 3234 magister,
3689 3153 3774 3227 qui

2145 3253 2298 3319 illos,
2325 3256 2383 3307 et
2413 3249 2663 3306 Paulum
2697 3250 2918 3315 docuit,
2951 3254 3008 3305 et
3064 3249 3219 3320 quod
3279 3249 3352 3304 ab
3401 3249 3505 3304 illo
3531 3243 3776 3304 didicerit

383 3337 574 3392 tiaret.
601 3337 748 3393 Dicit
766 3339 920 3393 enim
946 3339 1148 3395 beatus
1179 3341 1568 3413 Hieronymus
1593 3360 1605 3396 :
1639 3343 1756 3398 Ista
1776 3323 2032 3412 iconjun-
2063 3323 2106 3389 Ο
2145 3341 2367 3397 Paulus
2396 3338 2795 3411 Evangelium,
2845 3356 2880 3394 a
2908 3355 3024 3410 quo
3053 3342 3111 3394 et
3140 3338 3344 3393 Petrus
3373 3355 3387 3393 :
3421 3343 3480 3394 et
3530 3337 3655 3392 ideo
3677 3347 3772 3388 non

387 3426 522 3490 ctio,
556 3443 686 3497 quae
711 3432 801 3481 est
831 3437 1033 3495 autem,
1066 3431 1364 3501 superﬂua
1419 3436 1507 3486 est
1537 3432 1718 3502 (858);
1754 3433 2032 3502 quoniam

389 3530 502 3569 non
519 3515 693 3571 habet
716 3517 868 3586 quod
893 3516 943 3570 ei
970 3518 1337 3588 respondeat,
1361 3518 1443 3574 vel
1469 3521 1620 3590 quod
1648 3537 1772 3574 eam
1797 3519 2034 3576 conclu-

390 3604 526 3671 dat;
561 3605 761 3659 etideo
782 3604 864 3659 ita
885 3604 1200 3676 legendum
1223 3611 1310 3662 est
1335 3624 1348 3661 :
1379 3607 1480 3661 Sed
1508 3625 1684 3678 neque
1720 3611 1892 3678 Titus,
1920 3614 2032 3663 etc.

389 3697 621 3762 Propter
636 3693 1096 3757 subintroductos,
1129 3695 1346 3765 inquit,
1381 3696 1550 3764 falsos
1577 3699 1802 3766 fratres.
1836 3697 2039 3751 Osten-

391 3779 478 3833 dit
503 3780 659 3834 enim
683 3780 775 3833 his
807 3782 1018 3846 verbis,
1042 3799 1077 3835 a
1097 3783 1311 3852 quibus
1344 3783 1687 3854 compulsus
1719 3785 1908 3840 fuerat
1928 3785 2038 3839 cir-

393 3868 710 3922 cunmcidi.

465 3957 742 4028 Sequitur
767 3975 780 4012 :
814 3958 895 4013 Ab
924 3958 1010 4013 his
1038 3967 1241 4027 autem,
1291 3978 1383 4032 qui
1442 3961 1770 4017 videbantur
1798 3979 1910 4019 esse
1937 3964 2043 4018 ali-

395 4046 546 4117 quid,
573 4051 682 4102 etc.
720 4046 858 4101 Tale
889 4053 997 4114 est,
1031 4049 1184 4104 sicut
1213 4050 1354 4105 dicit
1412 4051 1822 4122 Hieronymus,
1871 4052 2044 4122 quasi

397 4134 678 4189 dixisset:
737 4136 1088 4207 Quanquam
1121 4142 1330 4193 Petrus
1358 4137 1610 4194 Jacobus
1641 4143 1700 4194 et
1722 4141 1981 4196 Joannes
2011 4157 2045 4195 a

398 4223 644 4278 Domino
667 4224 883 4278 fuerint
903 4226 1215 4296 assumpti,
1242 4231 1298 4280 et
1318 4225 1698 4282 clariﬁcatum
1729 4245 1865 4284 eum
1895 4231 2047 4285 vide-

399 4313 539 4376 rint,
573 4316 629 4367 et
661 4327 838 4383 super
866 4313 997 4367 illos
1055 4314 1440 4370 fundamenta
1495 4315 1759 4372 Ecclesiae
1801 4318 2042 4388 jecerit;

402 4401 546 4456 mihi
579 4407 776 4457 tamen
809 4402 954 4457 nihil
989 4403 1251 4470 interest,
1312 4404 1450 4474 quia
1481 4421 1597 4460 non
1638 4406 1921 4462 advers-us
1949 4423 2048 4464 eos

402 4490 634 4562 loquor,
666 4492 766 4562 qui
798 4491 1110 4547 Dominum
1142 4492 1201 4547 in
1235 4509 1407 4548 carne
1438 4493 1677 4548 fuerunt
1706 4496 1911 4561 secuti,
1945 4497 2047 4552 sed

402 4580 680 4635 adversus
714 4597 832 4645 eos,
868 4581 968 4652 qui
1003 4581 1186 4652 legem
1221 4581 1418 4654 gratiae
1450 4583 1782 4654 praeferunt.
1805 4585 1932 4640 Non
1955 4587 2051 4640 de-

2144 3435 2300 3487 esset
2329 3430 2562 3501 dispar:
2596 3431 3000 3484 verumtamen
3032 3427 3229 3482 divina
3258 3431 3459 3482 actum
3493 3429 3645 3482 esset
3671 3421 3773 3477 dis-

2147 3518 2510 3592 pensatione,
2544 3517 2742 3572 utduo
2763 3522 2995 3572 essent:
3026 3533 3182 3571 unus
3212 3532 3419 3571 eorum
3451 3515 3512 3570 in
3545 3514 3776 3569 circum-

2148 3609 2388 3673 cisione,
2423 3607 2572 3662 alter
2600 3607 2658 3660 in
2687 3605 2990 3678 praeputio,
3024 3621 3097 3660 ne
3142 3606 3392 3661 tarditas
3450 3605 3614 3659 ﬁeret
3638 3596 3772 3654 fidei.

2148 3697 2294 3752 Nam
2323 3697 2369 3751 si
2394 3700 2598 3768 gentes
2619 3700 2898 3765 provectis
2923 3694 3126 3757 aetatis,
3151 3694 3320 3766 signo
3345 3708 3463 3748 non
3486 3691 3773 3764 profutura

2150 3783 2616 3840 circumcisionis
2631 3783 3115 3846 cruciarentur,et
3131 3798 3165 3836 a
3180 3782 3329 3837 cibis
3345 3776 3639 3836 consuetis
3658 3786 3772 3845 pro-

2150 3873 2513 3938 hiberentur,
2549 3872 2620 3926 ad
2654 3871 2827 3926 ﬁdem
2859 3871 3056 3927 venire
3083 3871 3484 3926 tardarentur.
3517 3861 3776 3923 Similiter

2150 3962 2359 4031 Judaei,
2394 3961 2444 4016 si
2475 3978 2508 4016 a
2537 3960 2982 4016 circumcisione
3013 3964 3071 4015 et
3099 3959 3346 4030 antiqua
3396 3958 3628 4013 Patrum
3656 3963 3772 4004 con-

2154 4051 2487 4118 suetudine,
2521 4067 2624 4121 per
2647 4066 2826 4120 quam
2854 4064 2915 4104 se
2947 4048 3233 4121 gloriosos
3255 4047 3564 4118 jactabant
3590 4047 3644 4098 et
3667 4049 3776 4109 qui!

2154 4140 2271 4195 illis
2294 4140 2460 4210 quasi
2481 4139 2740 4194 secunda
2761 4143 2887 4194 erat
2909 4136 3614 4208 natura,prohiberentur,
3643 4128 3774 4182 certe

2155 4229 2389 4286 credere
2406 4228 2877 4283 tardarentur.Et
2898 4226 3028 4282 ideo
3052 4226 3256 4281 Petrus
3273 4222 3532 4297 speciale
3543 4215 3774 4309 ofﬁciqu

2157 4316 2590 4390 praedicationis
2620 4316 2680 4370 in
2707 4315 3176 4382 circumcisione,
3201 4314 3425 4370 Paulus
3445 4325 3574 4367 vero
3594 4299 3774 4390 accipit

2159 4389 2218 4461 in
2240 4405 2545 4477 praeputio,
2567 4409 2862 4476 quatenus
2891 4403 3228 4476 quicunque
3258 4417 3330 4458 ex
3359 4398 3576 4459 Judais
3600 4389 3772 4449 crede-

2159 4499 2310 4561 rent,
2343 4494 2626 4549 haberent
2655 4494 2893 4548 Petrum
2949 4493 3098 4564 (860)
3155 4506 3337 4562 quem
3386 4484 3770 4560 sequerentur;

2160 4583 2433 4640 similiter
2462 4587 2519 4638 et
2547 4582 2850 4637 credentes
2881 4597 2950 4636 ex
2978 4581 3276 4652 gentibus,
3299 4578 3569 4635 Paulum.
3589 4576 3664 4625 ΔΟ
3690 4575 3773 4637 Per

403 4667 573 4723 traho
596 4671 1070 4738 Ρνεεοθεεοΐίὺιιεν
1094 4687 1282 4742 neque
1305 4688 1514 4727 accuso
1542 4674 1816 4744 majores,
1849 4675 1948 4729 sed
1981 4675 2048 4728 ἢ·
2082 4691 2128 4757 D
2160 4673 2270 4728 hoc
2288 4688 2467 4743 super
2493 4671 2656 4726 varia
2675 4670 3075 4726 observatione
3097 4686 3213 4725 non
3244 4668 3466 4740 dispar,
3497 4661 3592 4720 sed
3614 4663 3768 4713 unum

405 4756 714 4812 ducialiter
734 4757 862 4813 dico
887 4757 1024 4828 quia
1046 4759 1186 4814 Deus
1209 4776 1503 4829 personam
1522 4762 1762 4817 hominis
1780 4778 1891 4818 non
1914 4764 2054 4817 acci-

474 4920 622 4990 (855)
643 4918 895 4974 Verbum
929 4936 1102 4990 neque
1132 4937 1313 4991 supra
1331 4921 1573 4975 verbum
1605 4921 1695 4990 ad,
1729 4922 1931 4976 eodem
1964 4927 2053 4978 ta-

406 5007 538 5044 men
570 4995 862 5046 caractere
877 4992 1133 5063 positum
1167 4992 1497 5063 inspicitur.
1516 4991 1825 5064 Videbitur
1841 5010 1942 5064 per
1963 5010 2050 5064 ea,

399 5067 533 5133 quae
566 5068 905 5133 sequentur,
941 5069 1236 5117 auctorem
1271 5069 1540 5118 nostrum
1564 5063 2054 5133 pluribus’lectio-

407 5133 601 5206 nibus,
635 5134 1005 5203 potissimum
1041 5135 1265 5189 scilicet
1294 5141 1349 5189 et
1381 5135 1584 5188 Latina
1640 5135 1838 5197 veteri,
1874 5153 2053 5206 quam

408 5201 666 5277 italicarn
698 5212 925 5277 vocant,
959 5212 1015 5259 et
1046 5224 1132 5270 ea,
1168 5223 1295 5277 quae
1328 5223 1395 5260 ex
1427 5201 1968 5277 Graeciscodicibus
1997 5212 2056 5262 et

408 5275 634 5347 Latinis
666 5275 870 5347 verior,
905 5281 959 5328 et
989 5275 1440 5347 Hieronymiana
1497 5276 1844 5347 appellatur,
1880 5295 2052 5333 usum

411 5344 631 5418 fuisse:
668 5345 800 5418 huic
831 5354 1023 5399 autem
1060 5344 1251 5418 potius
1283 5366 1343 5403 se
1365 5344 1861 5403 accommodassc.
1913 5374 1932 5378 ··

484 5414 631 5482 (856)
681 5415 824 5492 Loco
874 5420 1010 5470 certi
1037 5414 1277 5473 essemus
1307 5420 1619 5492 legendum
1652 5419 1854 5492 censui
1887 5437 1899 5475 :
1943 5436 2054 5475 ces-

410 5487 682 5559 sissemus,
721 5489 783 5537 ut
817 5502 1031 5559 paucos
1065 5497 1195 5559 post
1223 5487 1446 5558 versus,
1481 5491 1579 5544 ubi
1613 5491 1765 5545 idem
1790 5493 2055 5559 verbum,

373 5559 380 5564 ”
413 5556 737 5632 eademque
767 5556 1080 5632 occasione
1099 5563 1396 5631 repetitur,
1430 5556 1672 5632 arguere
1704 5568 1809 5618 est.

486 5626 634 5696 (857)
663 5626 840 5704 Divus
877 5626 1256 5704 Hieronymus
1314 5626 1391 5686 in'
1430 5626 1581 5687 hanc
1638 5635 1842 5704 Epist.,
1877 5651 1911 5688 a
1940 5649 2056 5703 quo

415 5699 728 5770 desumpta
758 5696 876 5770 haec
899 5696 1317 5770 interpretatio.
1352 5705 1430 5758 ita
1445 5705 1651 5759 habet:
1680 5696 1784 5760 λιιι
1799 5696 1851 5759 si
1867 5696 2058 5759 Latini

415 5768 750 5838 exemplaris
779 5767 949 5822 alicui
977 5767 1115 5838 ﬁdes
1140 5771 1335 5844 placet,
1394 5775 1692 5829 secundum
1719 5778 2054 5847 superiorem

2160 4764 2316 4817 esset
2336 4758 2736 4831 Evangelium.

2160 4937 2381 4976 sensum
2411 4921 2661 4990 accipere
2688 4918 2963 4987 debemus,
2993 4922 3055 4973 ut
3093 4919 3174 4990 ad
3228 4919 3420 4990 horam
3473 4911 3648 4990 668359:

2161 4970 2589 5048 nisainsa;
2602 4970 2767 5058 ’Ῠίὲὲζ
2789 4970 2935 5045 es"
2949 4970 3168 5045 an?
3181 4970 3569 5060 leniamus
3603 4970 3764 5060 (atrii;

2164 5047 2276 5133 Quo
2304 5063 2510 5118 scilicet
2568 5047 2774 5117 idcirco
2825 5063 3153 5131 subjectioni
3211 5047 3468 5133 cesserint
3494 5047 3690 5133 Pauli“

2163 5111 2451 5190 ἴςᾶἶηῖὁᾶἇ
2463 5111 2649 5187 ὀὲηήἇὲ
2662 5111 3376 5205 ὖείῖοεόὶῇἦᾱὶγὶζῖςὲάὶιὶὸῆέ
3391 5111 3649 5205 adlegat?!
3676 5111 3764 5205 Af;

2161 5205 2380 5262 tiocliiee
2408 5207 2696 5270 concitata,
2731 5208 2790 5258 ut
2814 5193 2911 5275 per
2941 5193 3247 5275 Epistolam
3281 5193 3765 5275 apostolorumAﬁ“

2162 5259 2449 5352 sententia;
2464 5259 2885 5344 ﬁmare'turﬁet
2911 5259 3159 5352 mitteret
3184 5259 3332 5348 apud
3389 5270 3604 5352 Galatas,

2161 5351 2296 5421 gelii
2334 5334 2554 5415 veritas,
2576 5365 2702 5446 'quae
2726 5334 2836 5403 non
2866 5356 2999 5446 esset
3026 5349 3085 5402 in
3118 5334 3327 5446 littera,
3353 5343 3444 5446 scd
3473 5334 3760 5446 innspgzttil

2164 5437 2273 5446 μλ..
2308 5422 2364 5446 έ...
2402 5437 2563 5446 nun“.
2594 5422 2616 5446 ,η
2647 5436 2798 5446 ΗΜ-..
2860 5434 2912 5446 ,Δ
2979 5421 3033 5446 _._
3093 5422 3151 5446 ἔῃ
3184 5435 3208 5446 Δ
3262 5421 3385 5446 bu“.
3415 5431 3469 5446 Μ
3500 5427 3522 5446 ο
3721 5428 3760 5446 Ι.

2164 5404 2278 5476 non
2308 5422 2368 5475 in
2396 5404 2616 5474 carnali
2641 5436 2826 5486 sensu,
2854 5419 2944 5474 sed
2979 5421 3038 5473 in
3093 5404 3471 5487 intelligentia
3495 5404 3760 5481 spiiitualt.

2162 5509 2259 5546 nec
2287 5494 2344 5545 in
2373 5490 2669 5563 manifesto
2698 5491 2997 5563 Iuda-istnc,
3031 5494 3126 5546 sed
3155 5494 3226 5563 in"
3246 5487 3464 5563 occulto.

2237 5564 2385 5648 (858)
2419 5532 2598 5648 ρὶνίιε
2630 5560 2955 5648 Hierom'in
2983 5532 3134 5648 hanc
3190 5562 3373 5648 Epist.
3433 5572 3491 5622 II,
3539 5549 3589 5613 3,
3635 5540 3679 5608 4,
3714 5532 3760 5596 δ’

2165 5635 2304 5688 edit.
2333 5633 2605 5702 Vallars.,
2639 5639 2782 5688 tom.
2815 5633 2913 5687 VII
2945 5636 3160 5690 colum.
3192 5633 3315 5689 401.

2236 5705 2381 5776 (859)
2413 5705 2584 5776 Vulg.
2613 5705 2705 5760 sed
2733 5713 2978 5760 econtra.

2236 5777 2382 5849 (860)
2409 5781 2621 5849 Autog.
2650 5777 2940 5850 praevium.
