3902 6438
106 426 220 486 51⁸7

699 419 1122 482 EXPOSITIO
1167 423 1242 482 IN
1289 423 1720 484 EPISTOLAS
1769 421 2031 484 PAULI.
2074 453 2153 468 —
2186 422 2262 483 IN
2311 420 2561 483 EPIST.
2607 424 2710 481 AD
2759 423 2934 483 GAL.

3411 419 3532 484 518

107 558 214 624 Qui
248 557 354 614 hoc
384 553 475 611 vel
506 553 650 610 illud
671 553 895 620 fecerit,
928 558 1118 610 marte
1147 555 1433 611 moriatur
1455 557 1632 628 (889);
1665 560 1758 611 et:
1791 560 1848 626 Α
1877 557 2033 611 citur
2052 556 2251 625 hoc,et
2268 554 2402 623 alio,
2427 556 3113 630 illud,quemadmodum
3131 555 3300 612 aliter
3315 557 3531 612 dicitur

111 649 216 716 Qui
244 646 443 702 coierit
466 660 595 700 eum
641 643 892 698 masculo
923 658 1130 698 sommo
1153 644 1414 714 femineo,
1445 654 1617 701 morte
1643 661 1765 700 mo-

108 738 295 792 riatur
323 734 494 806 (890).
536 732 606 787 Et
654 735 794 787 sunt
832 730 1046 786 iterum
1079 733 1178 804 qui
1202 733 1630 804 justiﬁcantur,
1665 733 1789 788 sed‘

111 825 268 898 apud
303 823 512 891 Deum,
536 820 595 874 id
617 825 728 885 est,
758 817 844 873 illi
868 820 992 891 qui,
1016 821 1310 876 credendo
1333 822 1393 876 in
1415 820 1769 888 illum,nibil

1879 645 2082 717 lingua
2105 646 2461 712 membrum,
2487 647 2642 718 quod
2667 651 2932 702 movetur
2961 647 3019 701 in
3043 647 3256 716 capite,
3289 652 3345 702 et
3365 646 3533 702 aliter

1880 733 2078 803 lingua
2109 735 2328 800 Graeca,
2363 737 2620 803 Hebraea,
2645 741 2701 790 et
2731 737 2885 790 sicut
2916 735 3084 790 aliter
3106 753 3316 792 manus
3347 753 3531 791 mem-

1881 821 2055 877 brum
2087 823 2370 894 corporis,
2404 829 2461 877 et
2518 825 2688 878 aliter
2717 825 2978 895 scriptio,
3031 829 3095 879 ut
3145 825 3193 879 si
3245 825 3533 880 dixerim:

114 911 274 968 aliud
307 910 621 982 requirunt
652 912 860 978 praeter
888 908 1106 980 ipsum.
1141 911 1210 964 Et
1237 909 1437 966 volens
1467 911 1773 966 ostendere
1880 911 2036 966 Aﬁ'er
2066 928 2306 966 manum
2339 917 2526 979 tuam,
2561 912 2677 966 vel:
2712 913 2796 967 Da
2828 914 2969 967 mihi
3007 929 3248 968 manum
3276 919 3459 969 tuam.

113 1002 248 1076 quis
278 1004 434 1056 esset
454 999 659 1069 justus
681 996 837 1068 apud
863 995 1416 1068 Deum,eubjunxit:
1450 1000 1771 1069 Manifesta-

112 1099 231 1146 tum
261 1089 407 1160 (891)
440 1092 544 1157 est,
588 1089 696 1140 etc.
729 1088 852 1139 Hoc
876 1084 1092 1140 etenim
1126 1085 1185 1140 in
1237 1087 1510 1143 Habacuc
1561 1087 1776 1158 legitur

114 1177 340 1251 (Hebae.
370 1175 474 1247 11);
536 1174 638 1230 sed
671 1173 731 1229 in
786 1172 1144 1244 quibusdam
1202 1176 1635 1248 exemplaribus
1680 1191 1771 1230 se-

115 1267 378 1322 cundum
405 1261 794 1336 Septuaginta.
812 1262 1134 1318 invenitur:
1158 1280 1228 1319 ea:
1248 1264 1354 1333 ﬁde
1384 1281 1536 1326 mea;
1558 1263 1776 1336 Aquila

114 1372 252 1412 vero
282 1356 400 1427 ejus
431 1352 595 1421 dicit,
621 1351 996 1420 subauditur,
1023 1353 1123 1408 Dei
1143 1353 1309 1425 (892).
1344 1354 1409 1409 In
1431 1371 1497 1410 eo
1520 1370 1777 1426 namque

117 1445 276 1518 quod
324 1442 506 1499 dicit:
539 1442 622 1497 Ex
651 1440 756 1512 ﬁde
783 1442 918 1496 vivit
955 1441 1161 1513 justus,
1215 1443 1470 1498 ostendit
1509 1443 1648 1515 quia
1679 1442 1776 1498 ille

111 1535 321 1607 justus
349 1532 452 1604 qui
484 1531 632 1604 (893)
665 1547 782 1586 non
812 1529 992 1586 habet
1019 1530 1217 1598 ﬁdem,
1242 1548 1359 1586 non
1386 1531 1545 1601 vivit,
1571 1549 1775 1602 quem-

123 1623 448 1680 admodum
473 1619 733 1675 Paulue:
784 1618 910 1690 ipse
950 1635 1205 1691 namque
1227 1621 1430 1691 justus
1463 1625 1605 1690 erat,
1641 1620 1781 1692 quia

121 1712 253 1769 sine
277 1709 518 1784 querela
545 1708 774 1766 vivebat
793 1707 853 1763 in
877 1708 1039 1780 lege;
1065 1709 1166 1764 sed
1190 1713 1388 1766 tamen
1410 1727 1526 1765 non
1555 1710 1782 1765 vivebat

125 1819 196 1858 ex
251 1801 392 1867 ﬁde,
415 1798 557 1871 quia
573 1814 690 1854 non
737 1797 992 1854 habebat
1011 1796 1179 1854 illum
1203 1799 1303 1870 qui
1335 1799 1508 1855 dixit:
1533 1801 1640 1871 Ego
1658 1815 1782 1854 sum

121 1892 244 1947 vita
271 1891 454 1958 (Joan.
483 1905 600 1942 XIV.
632 1887 710 1957 6).
744 1885 830 1942 lta
858 1889 1056 1942 autem
1085 1885 1300 1943 dicitur
1321 1905 1335 1943 :
1357 1891 1541 1944 Justus
1579 1904 1648 1944 ex
1675 1887 1781 1958 ﬁde

126 1982 286 2047 vivit,
322 1976 826 2051 quemadmodum
848 1975 963 2030 dici
995 1980 1223 2048 potest:
1249 1976 1478 2043 Castus,
1503 1977 1782 2050 prudens,

127 2075 492 2140 temperans,
525 2082 596 2122 ex
625 2065 738 2121 ﬁde
767 2064 923 2131 vivit,
959 2081 1095 2120 nam
1125 2070 1318 2138 potest
1348 2067 1482 2137 quis
1515 2067 1628 2122 ista
1657 2083 1788 2122 om-

130 2159 235 2215 nia
283 2156 499 2212 habere
531 2155 659 2210 sine
719 2153 853 2209 ﬁde.
885 2158 1086 2211 Potest
1142 2161 1198 2209 et
1253 2155 1421 2211 aliter
1467 2156 1786 2228 distingui:

131 2250 322 2305 Justus
348 2261 418 2302 ea:
444 2244 551 2316 ﬁde
583 2246 754 2307 vivit;
784 2243 842 2298 id
873 2247 981 2310 est,
1015 2243 1113 2300 ille
1151 2245 1253 2316 qui
1283 2261 1351 2300 ex
1399 2246 1514 2302 ﬁde
1544 2252 1652 2317 est,
1692 2244 1792 2300 ille

128 2337 291 2394 vivit.

202 2455 321 2509 Lex
349 2459 539 2508 autem
566 2465 678 2506 non
705 2453 783 2506 est
810 2466 881 2505 ea:
907 2450 1032 2520 ﬁde.
1087 2450 1425 2506 Notandum
1467 2452 1620 2507 enim
1657 2451 1796 2522 quia

137 2545 314 2599 homo
333 2540 625 2614 perﬁdem
648 2538 936 2611 spiritalia
948 2539 1100 2594 bona
1117 2539 1793 2613 prestolatur,quoniam

135 2631 284 2687 ﬁdes
314 2629 551 2686 illarum
583 2645 778 2685 rerum
810 2633 899 2685 est
927 2645 1059 2700 quae
1088 2645 1204 2684 non
1246 2630 1555 2698 videntur;
1581 2630 1640 2684 in
1671 2629 1798 2703 lege

133 2735 274 2776 vero
308 2736 425 2776 non
475 2723 567 2775 est
613 2719 778 2789 ﬁdes,
829 2718 969 2790 quia
1022 2719 1150 2774 suis
1191 2721 1685 2789 observatoribus,
1710 2719 1797 2776 vel

139 2807 642 2880 contemporibus,
677 2807 833 2878 quod
862 2806 1090 2875 tribuit,
1114 2808 1434 2881 temporale
1455 2813 1546 2864 est
1575 2815 1633 2864 et
1662 2808 1798 2864 visi-

138 2899 279 2954 bile.
303 2897 450 2953 Nam
483 2897 531 2952 si
558 2912 789 2968 pmnam
819 2895 995 2951 infert
1025 2895 1801 2970 contemptoribus,visibilis

135 2993 266 3056 est;
302 2986 352 3043 si
382 3002 516 3042 vero
547 2986 1020 3042 observatoribus
1049 2986 1294 3054 donum,
1343 2987 1664 3060 temporale
1693 2991 1800 3044 est.

209 3112 317 3168 Sed
347 3111 526 3184 (894):
576 3111 681 3179 Qui
707 3111 908 3182 fecerit
939 3126 1063 3166 eam
1116 3112 1287 3184 (895),
1340 3117 1449 3169 etc.
1483 3113 1632 3168 Nota
1662 3112 1803 3184 quia

141 3220 278 3260 cum
314 3202 562 3257 dixisset
591 3217 730 3268 eam,
762 3200 1088 3272 subjunxit,
1139 3218 1256 3257 non
1306 3203 1365 3256 in
1411 3218 1555 3268 eam,
1603 3202 1704 3258 sed
1743 3203 1806 3257 in

1956 1005 2022 1053 Et
2041 1000 2181 1070 quia
2201 1001 2416 1054 durum
2444 1001 2749 1056 videbatur
2762 1003 2914 1073 quod
2936 1002 3181 1066 dixerat,
3205 1003 3406 1057 volens
3428 1003 3536 1058 hoc

1884 1089 2221 1144 testimonio
2253 1089 2621 1153 conﬁrmare,
2647 1091 2952 1160 subjunxit
2975 1108 2988 1144 :
3013 1090 3334 1146 Maledictus
3364 1094 3541 1147 omnis

1885 1180 2068 1250 (Deut.
2101 1194 2216 1243 xxx,
2269 1177 2382 1244 2-3),
2417 1183 2526 1232 etc.
2561 1178 2710 1232 Nota
2742 1179 2880 1249 quia
2929 1195 3042 1233 non
3075 1179 3248 1234 dicit:
3295 1181 3540 1247 Quilibet

1886 1269 2003 1333 iste,
2036 1266 2124 1322 vel
2154 1267 2267 1332 ille,
2298 1282 2401 1321 nec
2431 1267 2606 1321 etiam
2652 1267 2936 1331 absolute,
2974 1268 3073 1323 sed
3126 1270 3307 1322 omnis
3327 1287 3349 1330 ;
3385 1269 3540 1324 unde

1891 1356 2033 1411 dicit
2061 1353 2458 1426 Augustinus:
2492 1355 2760 1410 Etiamne
2801 1356 3145 1411 Christum?
3168 1357 3318 1428 (897)
3350 1358 3539 1413 Etiam

1887 1460 2151 1516 prorsus,
2185 1443 2325 1513 qnia
2374 1445 2571 1508 omnis,
2612 1443 2756 1497 Dicit
2786 1444 2960 1498 etiam
2994 1445 3157 1514 ipse:
3191 1445 3234 1500 Ο
3262 1445 3538 1512 haeretici,

1889 1550 2005 1588 non
2021 1533 2219 1587 minus
2237 1531 2738 1604 praeviditMoyses
2762 1537 2998 1587 sanctos
3013 1533 3071 1587 in
3095 1550 3265 1588 cruce
3288 1534 3542 1600 futuros,

1890 1623 1991 1677 sed
2026 1623 2170 1676 bene
2200 1621 2464 1692 praevidit
2501 1621 2802 1676 htereticos
2831 1621 3044 1676 Christi
3071 1628 3321 1678 mortem
3365 1639 3542 1695 nega-

1890 1715 2093 1777 turos;
2127 1710 2298 1780 quasi
2347 1708 2600 1765 diceret:
2634 1710 2678 1764 0
2710 1709 2991 1776 haeretici,
3027 1727 3210 1781 quare
3241 1711 3546 1778 laboratis,

1892 1814 2072 1870 quare
2101 1797 2393 1853 conanimi
2426 1813 2562 1852 eum
2594 1814 2804 1869 negare
2829 1797 3225 1870 maledictum,
3249 1816 3424 1870 quem
3448 1816 3546 1854 ne-

1814 1929 1863 1993 B
1893 1904 2004 1958 que
2035 1887 2263 1958 Moyses
2294 1887 2636 1958 praaviderat
2659 1887 3013 1942 moriturum
3037 1888 3064 1941 ?
3097 1888 3158 1942 In
3191 1889 3548 1958 quibusdam

1897 1975 2639 2048 exemplaribusinvenitur
2655 1993 2666 2029 :
2684 1976 3000 2032 Maledictus
3041 1979 3220 2032 omnis
3243 1978 3346 2033 Deo
3371 1979 3543 2047 (898).

1898 2066 2014 2121 Nec
2045 2065 2152 2120 hoc
2174 2069 2263 2120 est
2292 2064 2968 2134 contrarium,quoniam
2993 2066 3105 2120 nisi
3129 2067 3275 2121 mori
3312 2067 3550 2121 habuis-

1900 2160 1990 2211 set
2020 2155 2166 2225 (899)
2198 2158 2457 2224 peccata,
2487 2157 2544 2207 et
2577 2158 2825 2208 mortem
2859 2159 3140 2221 nostram,
3175 2170 3548 2226 nequaquam

1901 2241 2109 2297 Filium
2142 2257 2315 2296 suum
2350 2241 2657 2296 direxisset
2689 2248 2937 2296 mortem
2962 2248 3222 2298 nostram
3256 2243 3554 2314 suscipere

1903 2337 1968 2387 ut
2019 2348 2124 2386 nos
2156 2347 2189 2385 a
2218 2330 2412 2385 debito
2462 2331 2672 2385 mortis
2716 2329 3013 2386 liberaret.
3049 2333 3208 2398 Quod
3243 2349 3377 2388 vero
3409 2332 3552 2386 dicit

1904 2422 2101 2490 omnis,
2135 2418 2486 2475 subauditur
2542 2421 2804 2486 moriens,
2857 2421 2950 2490 qui
2999 2421 3217 2491 pendet.
3267 2423 3586 2480 Conﬁtere

1905 2526 2063 2582 ergo,
2097 2526 2129 2564 o
2160 2508 2446 2575 haeretice,
2480 2507 2860 2563 maledictum
2887 2525 2900 2575 ;
2925 2509 3063 2580 quia
3084 2509 3132 2564 si
3166 2525 3344 2581 negas
3375 2509 3556 2564 male-

1907 2600 2018 2655 dici
2030 2616 2125 2654 um
2137 2613 2336 2670 ,negas
2351 2601 2672 2652 mortuum.
2693 2597 2762 2651 Et
2776 2613 2956 2668 quare
2980 2596 3358 2654 maledictum
3384 2600 3554 2670 (900),

1908 2689 2148 2745 subdit:
2186 2688 2249 2744 Ut
2279 2687 2338 2741 in
2382 2687 2639 2755 gentibus
2683 2686 2987 2741 benedictio
3034 2687 3281 2756 Abrahae,
3315 2692 3426 2743 etc.
3455 2707 3468 2751 ;
3501 2689 3560 2742 id

1909 2785 2018 2849 est,
2051 2782 2116 2833 ut
2173 2781 2374 2849 gentes
2431 2776 2720 2830 credendo
2778 2775 2838 2830 in
2895 2777 3179 2847 praeputio
3241 2794 3341 2848 per
3386 2777 3560 2831 ﬁdem

1877 2867 2127 2924 .Christi
2161 2865 2665 2921 benedicerentur.
2705 2865 2768 2920 Ut
2812 2865 3268 2935 pollicitationem
3299 2865 3560 2936 Spiritus,

1911 2962 2045 3024 etc.,
2079 2956 2137 3010 id
2168 2959 2277 3020 est,
2297 2955 2532 3025 utquod
2558 2953 2642 3007 illi
2665 2954 2975 3008 servabant
3000 2970 3103 3024 per
3134 2955 3429 3019 timorem,
3453 2955 3565 3008 hoc

1913 3063 2020 3102 nos
2051 3060 2152 3116 per
2178 3043 2311 3098 ﬁdei
2345 3057 2624 3097 amorem.
2660 3041 2899 3111 Spiritus
2927 3041 3088 3106 dicit,
3122 3041 3263 3112 quia
3292 3041 3404 3096 ista
3432 3057 3563 3113 gra-

1910 3135 1994 3190 tia
2025 3131 2436 3205 promissionis
2469 3146 2570 3200 per
2598 3129 2795 3200 ipsum
2824 3129 2975 3184 facta
3000 3135 3108 3185 est.

1987 3223 2133 3294 (901)
2167 3219 2462 3292 Sequitur.
2498 3219 2716 3273 Fratres
2743 3218 3069 3286 (secundum
3095 3218 3370 3275 hominem
3400 3220 3562 3291 dico).

146 3293 284 3360 illis,
320 3295 386 3345 ut
415 3290 688 3346 ostendat
737 3290 926 3363 legem
959 3290 1211 3362 positam
1244 3308 1347 3363 pro
1380 3290 1706 3363 praeceptis.
1733 3291 1801 3345 Et
1831 3292 1874 3359 C
1915 3290 2032 3368 Ho'c
2062 3316 2172 3376 est,
2206 3290 2320 3365 ηδη
2381 3309 2705 3362 secundum
2739 3307 2946 3375 Deum,
3007 3324 3194 3379 neque
3243 3290 3567 3364 secundum

139 3383 294 3440 bene
317 3380 462 3435 dicit
492 3380 632 3435 vivet
662 3379 801 3450 quia
831 3379 1231 3436 observatores
1282 3379 1428 3451 legis
1472 3379 1805 3452 protelatio-

138 3485 280 3526 nem
317 3465 684 3523 observando
715 3465 1048 3539 percipiunt
1077 3467 1222 3521 vitae.

218 3583 376 3656 (896)
406 3581 473 3636 Et
502 3580 643 3653 quia
671 3581 914 3648 dixerat,
941 3583 1216 3654 superius
1235 3598 1336 3639 eos
1366 3586 1475 3640 sub
1500 3583 1809 3639 maledicto

142 3672 302 3747 legis
334 3687 486 3736 esse,
519 3668 720 3726 volens
751 3671 1056 3726 ostendere
1079 3689 1194 3744 quo
1219 3672 1366 3728 eruti
1384 3673 1655 3740 fuissent,
1681 3673 1814 3728 sub-

139 3762 388 3836 junxit:
443 3759 692 3816 Christus
740 3776 836 3816 nos
883 3760 1139 3828 redemit,
1172 3767 1283 3818 etc.
1312 3781 1325 3830 ;
1358 3763 1526 3834 quasi
1559 3763 1811 3819 diceret:

146 3853 290 3909 Jam
325 3849 468 3922 quia
499 3849 572 3904 ad
600 3847 928 3904 libertatem
969 3851 1287 3919 transistis,
1319 3853 1487 3923 quasi
1521 3854 1713 3907 denuo
1744 3851 1814 3907 ad

153 3938 510 3997 servitutem
533 3936 784 3992 transire
806 3937 1102 3994 voluistis?
1123 3939 1196 3994 Ut
1216 3941 1548 3997 ostenderet
1567 3940 1820 4011 qualiter

151 4027 477 4099 redempti,
510 4026 852 4097 subjunxit:
881 4029 1075 4084 Factus
1115 4045 1214 4100 pro
1243 4029 1399 4085 nobis
1444 4030 1818 4085 maledictum.

150 4116 499 4175 Notandum
533 4115 673 4187 quia
687 4131 755 4172 eo
787 4116 960 4172 modo
982 4117 1197 4174 dicitur
1212 4118 1824 4190 maledictum,quem-

155 4209 229 4264 ad
239 4207 376 4263 mod
388 4222 490 4262 um
507 4205 724 4260 dicitur
735 4211 1060 4277 peccatum,
1081 4208 1181 4263 sed
1200 4207 1314 4264 alio
1330 4209 1502 4265 modo
1518 4212 1824 4281 peccatum

153 4296 292 4369 ipsa
325 4294 719 4366 transgressio
768 4295 860 4350 cui
893 4296 1140 4352 debetur
1185 4315 1378 4370 poena,
1424 4302 1482 4354 et
1511 4297 1625 4354 alio
1652 4297 1826 4352 modo

157 4385 386 4443 dicitur
416 4387 722 4456 peccatum
747 4401 929 4451 mors,
961 4385 1020 4441 id
1050 4389 1159 4453 est,
1192 4404 1364 4459 poena
1391 4387 1632 4459 peccati.
1665 4388 1736 4442 Et
1766 4385 1827 4442 in

153 4474 270 4532 hoc
303 4473 640 4530 ostenditur
669 4473 811 4546 quia
828 4475 1313 4547 transgrediendo
1336 4491 1667 4548 peccamus,
1701 4491 1826 4530 mo-

156 4565 372 4623 riendo
403 4578 538 4620 vero
560 4580 677 4620 non
711 4579 1062 4636 peccamus:
1096 4565 1178 4622 ita
1207 4565 1365 4622 enim
1390 4565 1503 4622 alio
1535 4565 1709 4622 modo
1741 4562 1832 4620 di-

1853 4667 1900 4732 D

235 4763 394 4835 (889)
421 4761 491 4835 in
530 4760 710 4818 Exod.
760 4765 820 4818 et
875 4762 1053 4819 Levit.
1088 4761 1308 4835 pluries
1353 4779 1532 4835 quam
1569 4765 1635 4817 ut
1661 4759 1830 4817 citari

159 4833 372 4894 textus
402 4833 632 4889 debeat.

237 4904 398 4979 (890)
434 4905 608 4979 Levit.
657 4921 752 4972 xx,
803 4907 891 4961 13.
941 4905 1114 4979 Vulg.
1147 4905 1364 4962 habet:
1399 4905 1504 4974 Qui
1532 4906 1832 4962 dormierit

159 4975 296 5038 cum
326 4975 574 5048 masculo
601 4979 749 5032 coitu
775 4979 1043 5048 femineo.

237 5050 394 5127 (89t)
427 5046 598 5127 Vulg.
630 5046 1014 5127 manifestum.
1204 5125 1209 5127 _
1302 5125 1306 5127 Α
1472 5119 1518 5127 __
1559 5119 1593 5127 __
1677 5117 1712 5127 ﬂ

239 5117 399 5194 (892)
446 5117 1147 5194 Δ(ἶοιὶειιιελῐυὶιῌἱζιμὶιιιιιο
1197 5125 1422 5177 textum
1472 5117 1738 5194 Vallartii
1769 5117 1832 5194 i_n

161 5189 325 5250 hanc
356 5189 542 5263 Epist.
586 5208 764 5264 super
794 5192 910 5247 divi
932 5191 1267 5264 Hieronymi
1291 5191 1717 5264 commentaria
1738 5189 1836 5244 ad-

166 5262 590 5336 notatio,_pag.
617 5262 744 5331 431,
776 5265 920 5336 tomi
950 5263 1051 5319 VII
1081 5262 1187 5336 0p.
1222 5265 1337 5319 divi
1368 5262 1725 5336 Hieronymi.

243 5336 399 5407 (893)
413 5330 671 5407 Verbum
694 5330 792 5405 qui
811 5330 1147 5391 addendum
1169 5352 1381 5392 sensus
1401 5330 1832 5407 gratia'censui.

243 5404 592 5477 (894)Levit.
625 5404 862 5476 xxm,5,
885 5407 1156 5463 custodite
1189 5407 1334 5477 leges
1363 5404 1530 5477 m'eas,
1563 5408 1725 5475 atque
1735 5404 1834 5474 ju-

162 5479 348 5540 dicio,
374 5492 503 5550 quae
524 5479 748 5550 faciens
778 5479 959 5541 homo,
992 5482 1134 5535 vivet
1164 5480 1224 5534 in
1253 5481 1352 5550 eis.

242 5547 395 5622 (895)
428 5547 598 5620 Vulg.
630 5551 725 5622 qui
754 5551 946 5622 fecerit
968 5567 1053 5606 ea.
1079 5552 1156 5605 Et
1184 5552 1268 5604 ita
1297 5549 1530 5604 divinus
1561 5547 1838 5618 Hierony-

167 5639 336 5684 mus.
369 5625 427 5676 et
457 5621 829 5692 Augustinus
853 5621 914 5676 in
947 5621 1098 5678 hanc
1128 5622 1470 5693 Epistolam.

267 5695 379 5747 896
433 5693 499 5748 In
531 5698 731 5765 autog.
768 5709 898 5748 mar
947 5736 960 5750 .
1001 5694 1096 5749 hic
1123 5692 1234 5766 leg.
1269 5692 1386 5747 XII.

244 5694 401 5855 (897)
434 5765 500 5823 In
531 5763 686 5826 hanc
714 5709 1034 5838 Epistulam
1064 5765 1320 5842 Operam
1339 5768 1386 5824 tc

269 5761 401 5842 897)
434 5765 500 5823 In
531 5761 1034 5838 banc‘Epistolam
1064 5761 1320 5842 Operam
1339 5768 1462 5824 tom
1486 5764 1608 5839 .III,
1640 5761 1836 5838 p.954.

1916 3400 2278 3458 reconditam
2311 3396 2681 3469 sapientiam,
2718 3400 2817 3451 aut
2867 3396 3120 3452 solidum
3166 3399 3301 3466 cibi,
3336 3399 3437 3454 sed
3481 3414 3571 3454 se-

1919 3491 2179 3547 cundum
2212 3486 2666 3542 teneritudinem
2695 3485 2854 3540 illius
2883 3485 2983 3557 qui
3014 3491 3253 3557 propter
3282 3487 3572 3544 stomachi

1920 3577 2322 3634 inﬁrmitatem
2353 3575 2499 3630 lacte
2535 3579 2590 3629 et
2619 3591 2747 3629 rore
2780 3574 3041 3646 pascitur
3071 3576 3241 3645 (902).

1994 3667 2305 3738 Sequitur:
2369 3667 2563 3719 Tamen
2605 3663 2844 3720 hominis
2890 3665 3036 3734 (903)
3087 3665 3470 3734 conﬁrmatum
3498 3669 3576 3720 te-

1923 3760 2251 3812 stamentum
2279 3771 2440 3809 nemo
2467 3755 2704 3825 spernit,
2741 3758 2847 3808 etc.
2873 3753 3183 3808 Terrenam
3204 3755 3400 3826 posuit
3421 3754 3581 3809 simi-

1927 3847 2259 3915 litudinem,
2295 3849 2353 3899 et
2400 3843 2551 3910 ideo,
2603 3847 2667 3897 ut
2701 3841 2968 3897 nonnulli
3017 3842 3202 3908 aiunt,
3246 3843 3580 3916 praemisit:

1927 3933 2239 3991 Secundum
2267 3933 2543 3987 hominem
2592 3931 2729 3986 dico.
2765 3931 2928 3986 Unde
2970 3931 3112 3985 dicit
3158 3931 3581 4003 Hieronymus:

1929 4025 1998 4079 Et
2029 4026 2266 4094 propter
2294 4020 2422 4088 hoc,
2459 4019 2599 4090 quia
2642 4019 2728 4073 illi
2757 4020 2960 4073 dicunt
2989 4019 3157 4090 (904),
3194 4020 3476 4090 praemisit
3502 4035 3584 4073 se-

1931 4112 2175 4169 cundum
2198 4112 2511 4170 hominem;
2534 4107 2787 4162 maxime
2807 4112 3001 4162 tamen
3033 4113 3270 4179 prepter
3291 4107 3399 4163 hoc
3431 4109 3588 4180 quod

1933 4201 2074 4259 dicit
2102 4200 2161 4254 in
2196 4198 2602 4270 sequentibus,
2635 4199 2692 4251 in
2743 4197 3049 4251 seminibus
3070 4216 3092 4261 ;
3132 4201 3316 4252 totum
3349 4197 3587 4269 quippe,

1935 4290 2128 4362 inquit
2156 4289 2324 4360 (905).
2383 4287 2567 4342 Vetus
2598 4291 2654 4341 et
2703 4301 2918 4340 novum
2969 4283 3412 4340 Testamentum
3461 4302 3591 4357 per-

1937 4379 2154 4453 agravi,
2185 4382 2242 4434 et
2289 4391 2478 4448 neque
2527 4377 2585 4430 in
2618 4375 2770 4429 bono
2829 4390 3014 4445 neque
3047 4373 3103 4427 in
3153 4372 3307 4428 malo
3365 4373 3594 4428 semina

1938 4467 2244 4541 pluraliter
2273 4466 2464 4538 posita
2521 4463 2762 4528 inveni;
2813 4462 2953 4532 sive,
3004 4463 3143 4533 quia
3191 4478 3305 4517 non
3355 4465 3594 4533 pactum

1939 4558 2110 4629 (906),
2144 4556 2246 4611 sed
2304 4556 2731 4610 testamentum
2781 4551 2997 4622 posuit.
3031 4555 3179 4606 Nam
3209 4551 3453 4606 verbum
3482 4553 3594 4606 He-

2010 4754 2169 4827 (898)
2186 4751 2332 4827 Vide
2362 4750 2423 4827 i_n
2453 4749 2604 4806 hanc
2622 4765 2745 4806 rem
2776 4749 2976 4805 divum
2998 4749 3332 4820 Hieronym.
3357 4747 3418 4803 in
3441 4763 3596 4803 com-

1941 4823 2122 4894 ment,
2141 4823 2335 4894 hujus
2367 4823 2468 4894 Ep.

2013 4891 2161 4968 (889)
2197 4891 2553 4968 Desiderater
2583 4893 2727 4949 forte
2757 4893 2853 4968 hic
2885 4891 3170 4963 particula
3199 4891 3417 4960 aliqua,
3453 4893 3597 4962 puta

1941 4965 2028 5038 ob,
2060 4975 2126 5024 ut
2146 4965 2368 5023 'sensus
2397 4966 2689 5037 perfectus
2717 4965 2941 5038 evadat.

2015 5031 2163 5112 (900)
2221 5031 2429 5112 Verba,
2481 5037 2679 5108 quia...
2749 5035 3131 5104 maledictum,
3192 5033 3250 5088 in
3311 5031 3598 5106 superiori

1944 5109 2128 5181 marg.
2165 5112 2290 5166 cod.
2325 5109 2618 5181 leguntur.

2017 5130 2071 5168 ar
2118 5157 2128 5166 .
2165 5129 2290 5166 cou.
2325 5129 2618 5181 leguntur.

2017 5129 2163 5254 (951)
2202 5185 2262 5237 In
2295 5188 2490 5254 autog.
2527 5195 2712 5249 marg.
2750 5177 2843 5233 hic
2875 5177 2986 5254 leg.
3021 5193 3156 5254 cap.
3185 5176 3332 5254 XIII.

2015 5249 2162 5325 (902)
2196 5254 2374 5308 Divus
2405 5249 2668 5325 Hieron;
2691 5267 2858 5325 aquo
2890 5250 3200 5325 desumpta
3230 5249 3346 5302 haec
3370 5263 3602 5319 compa-

1946 5322 2115 5393 ratio,
2148 5322 2320 5381 lectio
2353 5323 2710 5378 Vallartiana
2742 5322 2938 5389 habet,
2970 5322 3137 5375 lacteo
3171 5337 3312 5376 rore.

2017 5399 2164 5470 (903)
2195 5399 2381 5470 utog
2410 5395 2608 5470 omnis.

2017 5461 2168 5539 (904)
2206 5467 2319 5539 Illi,
2348 5461 2731 5539 scilicettqui
2765 5467 2975 5539 putant
3015 5462 3212 5539 divum
3255 5461 3602 5539 Paulumde

1948 5532 2567 5597 testam'ento'hominis
2580 5532 2817 5591 dixisse:
2835 5534 3142 5590 Secundum
3158 5534 3433 5588 hominem
3460 5532 3600 5588 dico.

2019 5613 2165 5682 (905)
2196 5610 2319 5664 Non
2353 5610 2527 5664 verba
2558 5609 2818 5679 quidem,
2853 5608 2953 5662 sed
2987 5608 3279 5664 sententia
3313 5603 3426 5658 divi
3469 5603 3601 5666 Hie-

1951 5683 2178 5755 ronymi
2201 5682 2476 5755 refertur.

2022 5745 2168 5835 (906)
2200 5753 2307 5811 Per
2335 5765 2591 5812 errorem
2630 5749 2726 5812 bic
2754 5748 2970 5828 ﬁctum,
3003 5749 3055 5808 ei
3105 5747 3280 5825 paulo
3329 5745 3483 5804 intra
3506 5746 3601 5822 (a1
