3902 6416
399 418 522 481 519

1420 412 1762 473 ATTONIS
1810 412 1858 472 V
1871 411 2398 470 ERCELLENSIS
2444 405 2794 472 EPlSCOPI
3684 413 3784 474 59.0

405 549 627 603 breum
659 547 812 618 quod
844 546 1061 600 dicitur
1091 545 1270 600 berith
1298 559 1412 599 non
1432 543 1851 615 (907)hominis
1873 546 2048 598 testa-
2078 543 2132 609 Α
2162 557 2472 608 annorum,
2497 541 2699 613 genuit
2725 538 2941 610 Joseph
2975 537 3124 609 (911)
3149 555 3162 606 ;
3195 539 3512 596 centesimo
3539 553 3668 597 vero
3695 545 3780 598 tri-

407 645 693 705 mentum,
726 635 826 690 sed
875 640 1112 706 pactum
1165 636 1311 704 (908)
1362 639 1549 688 sonat.
1597 631 1804 687 Nullus
1835 632 2049 686 etenim

399 725 686 796 interpres
717 723 884 778 aliter
914 722 1234 778 transtulit.
1262 721 1476 776 Verum
1500 721 1638 792 quia
1658 737 1774 776 non
1811 721 2051 790 profun-

399 814 687 875 dioribus,
722 812 821 867 sed
855 811 1022 882 quasi
1054 810 1395 881 vulgaribus
1426 827 1523 864 eos
1572 809 1762 864 verbis
1793 808 2047 879 alleque-

401 904 597 969 batur,
621 902 746 956 ideo
770 899 1050 972 praemisit
1069 899 1368 957 secundum
1389 900 1680 953 hominem.
1701 899 1850 953 Sane
1871 898 2052 953 scien-

404 992 547 1046 dum
600 990 758 1060 quia,
792 989 1050 1059 quandiu
1101 987 1274 1042 homo
1317 987 1458 1041 vivit
1495 1004 1629 1041 cum
1675 992 2048 1053 testamento,

401 1083 595 1150 potest
623 1076 820 1148 sperni
869 1083 1042 1146 atque
1097 1076 1433 1146 corrumpi;
1489 1076 1538 1130 si
1579 1092 1710 1129 vero
1744 1075 2048 1140 moriatur,

403 1184 519 1222 non
553 1164 848 1236 corrumpi
890 1181 1078 1235 neque
1110 1164 1327 1219 mutari
1358 1163 1529 1219 valet.

473 1255 616 1326 (909)
649 1253 957 1323 Sequitur:
1010 1253 1248 1309 Abrahae
1277 1252 1441 1309 dictae
1476 1261 1605 1307 sunt
1641 1254 2050 1324 promissiones,

396 1348 502 1399 etc.
524 1342 836 1396 Sciendum
871 1341 1010 1412 quia
1031 1343 1187 1412 quod
1207 1358 1366 1396 mors
1387 1342 1510 1411 agit
1530 1342 1588 1395 in
1611 1341 2052 1395 conﬁrmatione

397 1431 756 1496 testamenti,
788 1429 897 1484 hoc
920 1427 1411 1500 agitinviolabilis
1432 1429 1528 1484 Dei
1558 1429 1888 1500 promissio,
1913 1427 2053 1499 quia

399 1520 448 1574 si
477 1519 620 1573 illud
649 1518 948 1589 corrumpi
982 1534 1097 1572 non
1130 1523 1341 1587 potest,
1374 1518 1485 1572 hoc
1524 1518 1695 1572 verbo
1727 1517 1912 1572 multo
1943 1517 2051 1571 mi-

400 1625 532 1664 nus.
566 1608 698 1662 Sive
729 1607 868 1678 quia
892 1610 1074 1661 morte
1104 1606 1363 1662 hominis
1394 1611 1812 1662 testamentum
1844 1606 2054 1660 conﬁr-

401 1701 613 1760 matur,
648 1700 839 1768 potest
869 1695 952 1750 sic
1006 1695 1274 1766 intelligi,
1308 1700 1373 1750 ut
1415 1699 1598 1750 morte
1655 1695 1877 1752 Domini
1911 1695 2052 1750 Jesu

400 1783 654 1854 impletae.
688 1784 808 1837 sint
833 1782 1253 1853 promissiones
1283 1788 1458 1853 atque
1489 1784 1863 1838 confirmatas.
1903 1781 2050 1836 Illud

400 1877 596 1927 autem
628 1871 954 1937 sciendum,
987 1870 1126 1941 quia
1163 1888 1298 1926 cum
1337 1873 1721 1940 promissiones
1752 1870 2054 1942 pluraliter

400 1960 698 2032 posuisset
736 1975 936 2014 semen
978 1974 1110 2014 vero
1144 1957 1525 2030 singulariter
1581 1960 1777 2030 posuit
1817 1959 2050 2027 idcirco,

400 2049 539 2120 quia
565 2065 678 2102 non
710 2047 1014 2118 aqualiter
1044 2047 1126 2100 illi
1159 2047 1257 2118 qui
1293 2047 1637 2118 spiritaliter
1687 2048 1890 2102 vivunt
1919 2065 2051 2103 cum

399 2137 605 2208 bisqui
621 2135 884 2191 carnales
909 2141 1049 2190 sunt
1081 2136 1517 2190 benedicentur.
1538 2136 1681 2190 Nam
1697 2136 2054 2207 quicumque

397 2224 520 2280 vult
538 2223 799 2279 benedici
820 2240 1055 2279 necesse
1073 2229 1161 2278 est
1176 2230 1239 2278 ut
1259 2224 1490 2279 Christo
1508 2225 2054 2295 conjungatur.0m-

399 2330 504 2368 nes
519 2313 676 2368 enim
691 2313 838 2382 justi
854 2311 932 2365 illi
958 2313 1366 2383 conjunguntu
1377 2317 1484 2378 r,et
1499 2329 1722 2368 omines
1739 2313 1897 2369 illius
1911 2319 2053 2370 sunt

403 2402 690 2465 membra,
711 2417 962 2472 quorum
985 2400 1160 2455 etiam
1188 2402 1312 2472 ipse
1334 2405 1495 2456 estet
1514 2406 1707 2472 caput.
1736 2402 1881 2457 Nam
1907 2403 2054 2458 solet

401 2487 711 2561 Apostolus
741 2492 917 2560 caput
945 2493 1004 2543 et
1035 2489 1297 2543 membra
1321 2506 1504 2544 unum
1538 2507 1797 2546 asserere
1817 2509 2050 2562 corpus.

474 2579 580 2633 Hoc
611 2579 788 2631 autem
837 2577 960 2631 dico
1009 2580 1387 2631 testamentum
1427 2579 1818 2646 conﬁrmatum
1863 2597 1897 2634 α
1926 2581 2050 2635 Deo.

401 2668 474 2721 Et
497 2671 586 2721 est
619 2682 830 2720 sensus
855 2665 882 2718 ’ἶ
913 2665 1050 2720 Illas
1074 2665 1495 2737 promissiones
1516 2683 1645 2736 quae
1667 2668 1737 2721 ad
1759 2669 2051 2724 Abraham

404 2755 565 2810 factae
598 2758 758 2820 sunt,
791 2755 1230 2808 Testamentum
1263 2754 1392 2808 dico
1422 2771 1454 2808 a
1485 2755 1598 2810 Deo
1619 2757 2050 2813 confirmatum.

405 2844 851 2898 Testamentum
893 2858 1149 2912 namque
1211 2841 1466 2897 hominis
1516 2844 1926 2900 confirmatum
1961 2846 2054 2902 Dei

404 2930 898 3003 promissionibus
929 2929 1301 2984 assimilavit.

472 3019 785 3089 Sequitur:
821 3019 954 3086 Quae
978 3023 1097 3088 post
1150 3019 1577 3089 quadringentos
1603 3026 1653 3075 et
1681 3024 1912 3091 triginta
1951 3040 2050 3076 an-

402 3123 520 3162 nos.
556 3107 666 3162 Sed
701 3124 734 3160 a
763 3106 966 3177 paucis
993 3113 1081 3162 est
1110 3107 1409 3162 inventum
1435 3112 1601 3180 (910).
1634 3110 2051 3166 Verumtamen

406 3195 714 3252 sciendum
743 3195 880 3264 quia
911 3194 1076 3249 facile
1107 3201 1297 3266 potest
1323 3197 1559 3268 agnosci
1591 3197 1698 3252 hoc
1731 3199 1922 3254 modo.
1958 3200 2051 3254 Se-

2164 629 2386 702 gesimo
2406 629 2688 700 anno,qui
2715 629 2769 684 fu
2782 629 2825 682 it
2838 628 3177 698 trigesimus
3191 645 3381 684 nonus
3399 630 3548 696 (912)
3569 632 3778 702 Joseph,

2163 719 2467 791 ingressus
2507 723 2597 773 est
2634 717 2691 771 in
2733 718 3062 788 lEgyptum.
3116 715 3219 771 His
3255 717 3532 773 omnibus
3563 719 3778 789 junctis,

2164 809 2316 862 fiunt
2345 806 2581 862 ducenti
2610 806 2967 877 quindecim.
2993 804 3254 861 Totidem
3285 807 3461 860 etiam
3493 807 3658 863 annis
3684 824 3781 863 mo-

2164 897 2271 951 rati
2305 900 2446 952 sunt
2474 895 2575 948 filii
2608 894 2781 950 Israel
2813 894 2872 947 in
2904 895 3145 964 Aigypto
3170 910 3182 948 :
3207 895 3362 965 quod
3386 895 3615 965 probari
3630 895 3776 952 etiam

2162 986 2270 1040 hoc
2299 985 2491 1052 modo,
2527 988 2733 1054 potest.
2757 983 2896 1037 Post
2917 983 3250 1053 ingressum
3273 999 3530 1055 namque
3547 984 3715 1040 Jacob
3730 986 3775 1040 in

2160 1075 2470 1145 Egyptum
2501 1073 2644 1127 vixit
2669 1071 2885 1142 Josepb
2917 1087 3102 1126 annos
3132 1071 3578 1143 septuagintaet
3598 1089 3772 1129 unum;

2163 1165 2310 1234 (913)
2344 1164 2500 1216 Inter
2546 1166 2791 1216 mortem
2825 1174 3080 1230 namque
3108 1159 3324 1232 Joseph
3357 1165 3415 1215 et
3443 1161 3623 1233 Moysi
3655 1161 3775 1217 nati-

2161 1251 2396 1306 vitatem
2429 1251 2668 1304 fuerunt
2710 1249 2845 1303 anni
2896 1249 3197 1320 sexaginta
3252 1254 3310 1304 et
3347 1254 3600 1320 quatuor
3626 1249 3775 1321 (914);

2163 1341 2390 1412 Moyses
2422 1345 2616 1394 autem
2649 1337 3055 1409 octogenariae
3077 1342 3222 1402 erat,
3255 1339 3492 1408 quando
3525 1338 3778 1394 Pharaoni

2161 1427 2434 1500 apparuit
2458 1429 2580 1483 :his
2604 1425 3122 1496 omnibusjunctis
3143 1426 3292 1481 ﬁunt
3313 1427 3547 1482 ducenti
3570 1427 3779 1498 quinde

2162 1519 2275 1572 cim
2311 1535 2323 1572 :
2357 1533 2425 1572 ac
2455 1532 2558 1588 per
2581 1515 2690 1570 hoc
2721 1531 2856 1570 vera
2907 1529 3036 1570 esse
3085 1520 3452 1570 monstratur
3491 1515 3780 1587 apostolica

2161 1605 2471 1671 sententia,
2505 1620 2624 1675 qua
2666 1603 2755 1660 lex
2803 1608 2936 1675 post
2983 1603 3446 1675 quadringentos
3476 1607 3536 1658 et
3571 1603 3780 1675 triginta

2163 1711 2348 1749 anno
2382 1695 2531 1748 facta
2561 1692 2794 1747 dicitur.
2845 1692 2956 1748 Sed
2989 1690 3146 1759 huic,
3179 1691 3526 1762 narrationi,
3557 1701 3668 1762 qua
3691 1690 3777 1745 ﬁlii

2163 1782 2338 1838 Israel
2373 1781 2580 1837 morati
2611 1782 2892 1836 dicuntur
2907 1779 3078 1836 annis
3100 1779 3368 1836 ducentis
3387 1779 3709 1851 quindecim
3731 1780 3777 1833 in

2162 1875 2428 1944 Egypto.
2459 1871 2689 1925 videtur
2738 1869 2881 1924 illud
2921 1869 3302 1935 contrarium,
3335 1869 3494 1940 quod
3530 1870 3777 1924 Dominus

2165 1961 2246 2015 ait
2275 1959 2601 2016 Abraham:
2663 1959 2806 2014 Scito
2852 1972 3202 2024 praenoscens
3257 1959 3390 2028 quia
3443 1959 3776 2031 peregrinum

2163 2050 2270 2104 erit
2301 2064 2483 2103 semen
2514 2051 2670 2102 tuum
2723 2050 2782 2101 in
2811 2057 2966 2102 terra
3015 2063 3127 2102 non
3153 2062 3274 2111 sua,
3323 2053 3374 2102 at
3399 2047 3648 2116 afﬂigant
3674 2059 3780 2101 eum

2162 2140 2326 2193 annis
2355 2137 2769 2208 quadringentis
2799 2137 2953 2206 (Gen.
2986 2149 3077 2201 xv,
3114 2135 3222 2206 13).
3255 2135 3416 2198 Quod
3449 2141 3640 2191 autem
3668 2150 3780 2206 qua-

2163 2227 2489 2298 dringentis
2521 2225 2693 2279 annis
2727 2223 3097 2296 peregrinum
3146 2235 3276 2278 esse
3308 2223 3544 2290 dicitur,
3578 2237 3685 2279 non
3712 2228 3782 2277 est

2161 2315 2541 2380 contrarium,
2577 2314 2624 2368 si
2656 2318 2712 2368 et
2741 2312 2901 2367 illam
2931 2311 3228 2384 intelligas
3258 2312 3778 2384 peregrinationem,

2163 2420 2278 2475 qua
2299 2403 2356 2458 in
2389 2408 2544 2458 terra
2573 2401 2870 2466 Chanaan,
2913 2401 3266 2472 peregrinati
3298 2406 3459 2472 sunt,
3492 2400 3632 2474 quia
3655 2406 3781 2458 terra

2163 2492 2434 2548 Chanaan
2461 2507 2577 2546 non
2599 2489 2834 2545 illorum
2859 2488 2988 2556 fuit,
3012 2489 3126 2544 nisi
3150 2494 3461 2562 postquam
3481 2507 3609 2546 eam
3633 2489 3782 2546 Joauo

2163 2581 2445 2636 sortiente
2478 2581 2829 2651 acceperunt
2874 2582 3061 2646 (Josue
3100 2580 3245 2649 xm).
3293 2577 3444 2634 Illud
3476 2579 3648 2634 etiam
3688 2593 3779 2638 non

2162 2674 2252 2723 est
2284 2669 2663 2738 contrarium,
2715 2667 2870 2738 quod
2915 2666 3150 2739 legitur.
3200 2667 3460 2738 afﬂigant
3493 2683 3623 2724 eum
3647 2668 3780 2723 annis

2163 2759 2599 2830 quadringentis,
2632 2757 2772 2828 quia
2817 2773 2919 2829 per
2970 2757 3332 2829 hyperbaton
3380 2758 3570 2830 accipi
3601 2762 3778 2830 potest,

2163 2855 2228 2905 ut
2259 2849 2335 2904 sit
2364 2863 2575 2903 sensus
2600 2864 2612 2901 :
2638 2845 3017 2918 Peregrinum
3040 2845 3148 2900 erit
3168 2862 3366 2901 semen
3390 2850 3560 2902 tuum
3584 2847 3640 2904 in
3656 2852 3782 2901 terra

2163 2955 2276 2994 non
2297 2954 2405 2993 sua
2420 2936 2589 2991 annis
2603 2934 3406 3006 quadringentis,etafﬂigent
3420 2951 3557 2991 eum
3580 2934 3783 3004 (subau-

2163 3028 2344 3092 ditur,
2380 3026 2436 3079 in
2466 3030 2721 3079 extrema
2748 3029 2912 3095 parte
2933 3024 3262 3093 annorum).
3289 3024 3451 3086 Quod
3475 3023 3647 3080 etiam
3667 3023 3784 3078 Scri-

2161 3121 2336 3186 ptura
2363 3111 2718 3178 manifestat,
2754 3128 2880 3181 quae
2914 3111 3056 3166 dicit
3086 3112 3223 3182 quia
3255 3113 3518 3182 quandiu
3551 3112 3682 3167 vixit
3706 3111 3784 3166 Jo-

2159 3202 2327 3273 seph,
2360 3205 2418 3256 et
2446 3199 2531 3255 illi
2564 3201 2662 3271 qui
2697 3205 2981 3254 noverunt
3010 3215 3143 3255 eum
3165 3213 3280 3255 non
3306 3203 3449 3256 siint
3480 3199 3674 3256 afflicti
3705 3197 3784 3254 ﬁlii

404 3287 713 3356 ptuaginta
733 3300 987 3354 namque
1004 3289 1062 3338 et
1083 3283 1340 3356 quinque
1361 3292 1485 3340 erat
1506 3303 1793 3342 annorum
1811 3289 2048 3356 Abram,
2082 3272 2124 3338 C
2164 3272 2338 3347 Israel
2370 3289 2562 3357 (Exod.
2598 3290 2710 3360 ι,7)
2737 3305 2748 3342 :
2784 3290 2958 3344 refert
2987 3289 3164 3343 eitam
3195 3290 3334 3360 quia
3364 3289 3614 3362 Moyses,
3632 3289 3720 3361 qui
3740 3288 3783 3341 in

404 3371 896 3442 quandojubente
921 3377 1032 3426 Deo
1055 3388 1326 3443 egressus
1343 3379 1431 3428 est
1458 3375 1528 3429 de
1550 3374 1627 3429 Ur
1647 3375 2050 3431 Chaldteorum

401 3460 554 3531 (Gen.
587 3477 686 3526 xu,
721 3462 790 3515 lt:
845 3465 976 3532 post
1030 3461 1150 3515 haec
1197 3462 1471 3518 vicesimo
1503 3464 1708 3533 quinto
1741 3481 1913 3533 anno,
1947 3467 2048 3536 qui

398 3549 509 3604 fuit
523 3549 788 3619 ejusdem
811 3550 1420 3621 centesimus,accepit
1441 3556 1602 3606 Isaac
1633 3553 1786 3622 (Gen.
1823 3570 1939 3620 xxi,
1957 3556 2046 3625 5);

400 3637 560 3693 Isaac
590 3654 744 3704 vero,
775 3655 908 3692 cum
961 3645 1116 3694 esset
1155 3640 1458 3711 sexaginta
1507 3657 1816 3708 annorum,
1851 3645 2053 3713 genuit

396 3724 574 3780 Jacob
605 3725 757 3796 (Gen.
788 3743 917 3791 xxv,
948 3728 1040 3794 26)
1065 3745 1078 3782 :
1103 3727 1560 3797 quibusjunctis
1581 3729 1729 3784 ﬁunt
1759 3731 2051 3800 octoginta

400 3814 699 3884 quinque:
733 3813 911 3868 Jacob
928 3830 1079 3878 vero,
1104 3831 1237 3868 cum
1271 3821 1424 3871 esset
1441 3817 1759 3888 nonaginta
1789 3822 1846 3873 et
1873 3819 2048 3876 unius

396 3943 566 4005 ctum,
599 3937 834 4014 legitur.
868 3942 970 4014 Ast
1015 3955 1119 4014 nec
1166 3939 1377 4008 ﬁctum,
1425 3956 1529 4014 nec
1558 3943 1785 4014 factum,
1821 3943 1918 3998 sed
1949 3960 2046 4014 pa-

396 4015 563 4086 ctum,
597 4010 1050 4086 utrobiquelegi
1085 4012 1293 4086 debere
1324 4013 1531 4086 probat
1559 4010 1682 4086 divi
1714 4010 2048 4086 Hieronymi

398 4082 805 4152 interpretatio
838 4083 895 4136 in
915 4082 1069 4135 hunc
1097 4082 1310 4152 locum,
1344 4083 1442 4138 ubi
1474 4085 1777 4139 Hebrzeum
1803 4082 2046 4142 verbum

401 4154 603 4219 berith,
635 4162 875 4222 pactum,
911 4170 1025 4206 non
1056 4156 1440 4209 testamentum
1470 4172 1676 4210 sonare
1709 4158 1939 4211 asserit.

471 4242 619 4311 (907)
651 4241 858 4294 Partic.
911 4242 1261 4312 negativam,
1313 4259 1438 4312 quae
1470 4243 1687 4305 deerat,
1745 4250 1807 4298 ut
1847 4246 2048 4300 sensui

398 4316 455 4366 et
485 4312 616 4367 divo
647 4312 996 4383 Hieronymo
1028 4313 1410 4377 satisfaciam,
1445 4315 1777 4370 addendum
1812 4332 1957 4370 reor.

468 4401 617 4469 (908)
645 4402 854 4477 Autog.
877 4404 1104 4472 factum.
1131 4407 1362 4456 Pactum
1394 4401 1704 4474 legendum
1724 4419 1792 4458 ex
1809 4404 1901 4460 his
1923 4422 2048 4477 qua:

399 4471 556 4526 dicta
585 4473 858 4541 superius
878 4471 1050 4527 sunt.

397 4543 712 4684 120290193721?
745 4550 939 4614 autog.
981 4560 1166 4615 marg.
1209 4544 1304 4599 hic
1360 4544 1610 4616 legitur:
1663 4547 1953 4602 Dominica
1985 4549 2050 4602 13

469 4686 616 4763 (910)
648 4684 1243 4763 Divusilieronymus
1274 4686 1344 4740 de
1377 4686 1485 4741 hac
1508 4703 1795 4744 annorum
1829 4706 2051 4762 suppu-

398 4757 619 4810 tatione
652 4757 768 4810 ita:
829 4757 945 4810 Non
976 4760 1123 4810 enim
1181 4772 1351 4827 parva
1409 4773 1494 4810 res
1549 4764 1645 4827 est,
1707 4770 1820 4815 eta
1858 4757 2055 4817 multis

395 4829 651 4896 quesita,
685 4830 866 4881 nescio
897 4844 969 4880 an
1004 4831 1071 4882 ab
1101 4827 1293 4897 aliqua
1323 4829 1395 4880 sit
1420 4830 1657 4884 inventa.

467 4914 614 4988 (911)
654 4919 726 4968 Ut
755 4919 913 4986 patet
944 4931 1011 4970 ex
1038 4915 1178 4969 Gen.
1213 4930 1392 4979 vau,
1426 4915 1478 4968 9.
1507 4917 1726 4988 Joseph
1760 4921 1914 4976 enim
1948 4922 2053 4976 tri-

397 4987 689 5058 gesimum
715 5003 933 5041 annum
967 4987 1193 5058 agebat,
1229 5002 1360 5039 cum
1386 4987 1544 5040 stetit
1574 4987 1769 5055 coram
1804 4990 2050 5047 Pharao-

397 5072 493 5128 ne;
517 5057 656 5128 Fen.
689 5074 800 5121 xu,
824 5059 908 5112 46.
942 5057 1074 5112 Jam
1109 5064 1333 5128 septem
1367 5058 1501 5110 anni
1536 5058 1820 5115 ubertatis
1852 5070 1906 5116 et
1937 5065 2052 5120 duo

398 5126 572 5200 famis
604 5130 949 5197 IEgyptiacaz
980 5128 1162 5200 elapsi
1180 5126 1370 5192 erant,
1396 5144 1528 5182 cum
1551 5129 1727 5184 Jacob
1751 5147 1883 5187 cum
1918 5134 2054 5190 filiis

400 5195 462 5248 in
492 5195 802 5268 .rEgyptum
838 5195 1092 5254 venisset
1121 5218 1133 5267 ;
1186 5203 1327 5255 Gen.
1361 5213 1486 5275 va.
1584 5206 1641 5254 et
1674 5203 1758 5275 141.
1796 5204 2052 5275 Trigesi-

402 5281 565 5350 mum
593 5283 819 5350 nonum
843 5286 976 5350 ergo
1008 5288 1227 5325 annum
1280 5272 1486 5350 agebat
1513 5271 1750 5350 Joseph,
1786 5271 1927 5350 cuni
1952 5277 2048 5332 Ja-

401 5336 507 5389 cob
541 5338 612 5391 ad
645 5354 780 5391 eum
811 5336 988 5405 venit,
1030 5348 1084 5395 et
1115 5359 1174 5395 se
1219 5336 1628 5415 cen'tissimum
1653 5336 2051 5415 'trigesimum

401 5423 622 5486 gnum
659 5424 830 5486 agere
859 5427 1051 5465 coram
1085 5429 1216 5483 rege
1261 5413 1454 5486 aiebat
1503 5415 1601 5469 cit.
1634 5413 1964 5486 capfxnvu,
1994 5419 2048 5472 9.

398 5476 457 5555 _S_i
490 5476 914 5555 subtrahantur
945 5499 976 5535 a
1001 5476 1232 5537 centiim
1257 5484 1499 5555 triginta
1527 5476 1898 5543 annisUacob
1915 5476 2051 5545 aeta-

400 5548 482 5601 tis
510 5548 725 5618 Joseph
759 5549 1232 5631 trigintanovem
1267 5548 1428 5631 ιιιιῖιὶ2
1455 5559 1830 5631 nonagesimo
1862 5561 2050 5631 primo

400 5634 514 5678 suo
545 5635 698 5673 anno
731 5623 1024 5676 constabit
1049 5624 1226 5677 Jacob
1257 5626 1530 5695 genuisse
1560 5623 1799 5701 steph.

475 5705 621 5796 (912)
652 5708 799 5771 L000
830 5725 1004 5770 nonus
1025 5709 1084 5768 in
1108 5712 1235 5768 cod.
1268 5711 1481 5792 legitur
1496 5720 1840 5794 natus,quod
1858 5736 2054 5779 emen-

2162 3380 2447 3452 principic
2480 3377 2815 3433 afﬂictionis
2856 3382 3027 3432 natus
3059 3382 3165 3439 est.
3198 3376 3498 3449 octoginta
3527 3391 3782 3434 annorum

2161 3475 2281 3526 erat
2313 3468 2548 3539 quando
2579 3466 2850 3538 apparuit
2873 3466 3158 3522 Pharaoni
3191 3467 3379 3537 (Exod.
3399 3483 3501 3534 vn,
3532 3468 3609 3538 7).
3640 3466 3782 3520 Vide-

2159 3564 2256 3612 tur
2284 3565 2342 3612 ct
2380 3555 2524 3611 illud
2567 3555 2956 3610 nihilominus
2983 3556 3363 3625 contrarium,
3394 3555 3554 3627 quod
3589 3553 3783 3626 Moyse!

2160 3648 2277 3702 ait:
2311 3648 2441 3702 Fuit
2488 3649 2669 3700 autem
2726 3646 2937 3700 mansio
2985 3645 3240 3715 ﬁliorum
3267 3645 3462 3710 Israel,
3495 3661 3604 3717 qua
3646 3659 3781 3698 man-

2158 3737 2347 3790 serunt
2379 3736 2439 3788 in
2464 3732 3264 3805 Egypto,quadringentorum
3287 3733 3520 3804 triginta
3544 3743 3783 3789 annorum

2161 3825 2331 3893 (915),
2353 3828 2460 3877 etc.
2486 3822 2594 3877 Sed
2620 3839 2735 3877 non
2756 3827 2846 3877 est
2865 3822 3246 3889 contrarium,
3269 3823 3406 3893 quia
3429 3837 3536 3894 per
3555 3827 3779 3894 tropum,

2161 3945 2420 4000 dandum
2454 3949 2578 3999 tum
2630 3961 2860 4010 sensus,
2914 3950 3041 4001 tum
3099 3945 3541 4019 supputationis
3582 3945 3781 4010 veritas,

2160 4024 2286 4072 tum
2318 4033 2444 4088 quas
2476 4023 2801 4088 sequuntur
2833 4033 3090 4072 suasere.

2233 4085 2377 4158 (913)
2407 4085 2634 4153 Gen."L,
2661 4090 2729 4142 22
2753 4094 2810 4143 et
2827 4090 2916 4156 25,
2937 4089 3036 4142 ubi
3063 4089 3279 4160 legitur
3299 4092 3604 4144 mortuum
3629 4085 3782 4160 misse

2160 4156 2377 4230 Joseph
2410 4161 2728 4215 centesimo
2750 4161 2974 4216 decimo
2995 4156 3149 4216 anno
3179 4160 3367 4216 astatis
3397 4177 3526 4216 suae
3549 4179 3563 4226 ;
3584 4160 3630 4215 si
3655 4156 3782 4230 enim

2163 4225 2875 4302 subtrahanturgtriginta
2922 4248 3126 4287 novem
3183 4232 3320 4286 anni
3354 4225 3781 4298 aetatisJosepb.

2163 4318 2310 4373 quos
2333 4302 2458 4374 jam
2491 4301 2840 4373 expleverat,
2872 4309 2934 4358 ut
2963 4319 3140 4374 supra
3171 4301 3392 4357 dictum
3417 4307 3530 4370 est,
3558 4318 3683 4357 cum
3707 4313 3781 4371 pa-

2159 4378 2246 4428 ter
2278 4375 2349 4428 ad
2394 4388 2527 4446 eum
2587 4375 2764 4446 venit,
2805 4378 3154 4446 supererunt
3209 4374 3587 4446 septuaginta
3637 4379 3783 4446 supra

2158 4462 2401 4514 annum,
2435 4443 2506 4500 ad
2539 4441 2946 4516 complendam
2988 4450 3214 4502 atatem
3247 4441 3398 4516 ejus,
3423 4441 3680 4501 'centum
3705 4441 3780 4494 de-

2161 4533 2283 4571 cem
2317 4532 2626 4571 annorum.

2237 4587 2381 4658 (914)
2419 4588 2477 4640 In
2511 4589 2638 4641 cod.
2689 4586 2902 4658 legitur
2934 4605 3001 4642 Lx
3033 4593 3089 4643 et
3117 4605 3192 4655 v1,
3227 4588 3381 4659 quod
3415 4592 3613 4643 tamen
3645 4598 3781 4659 sexa-

2084 4643 2129 4707 D
2166 4643 2328 4730 ginta
2351 4643 2717 4740 _'quhatu.or_e.x
2746 4643 3467 4740 supputatione'nsequenti
3501 4656 3780 4740 legendum

2165 4727 2399 4785 censui.
2423 4729 2652 4785 Scilicet
2669 4727 2983 4785 tacillimus
3000 4745 3161 4786 error
3181 4727 3296 4784 fuit
3321 4730 3446 4786 loco
3483 4727 3782 4786 majoribus

2166 4772 2652 4881 uitasset;
2665 4772 3051 4881 ἷξῖίᾶἑέἶῖῥὶῖ
3065 4772 3296 4881 iatn;
3314 4772 3779 4881 ξιῖιὶίὲᾄόἱῇιῖἶρ

2167 4873 2419 4946 adventu
2450 4871 2895 4946 patrisgpartem
2941 4871 3383 4946 supputationis
3408 4871 3780 4946 certissimam

2165 4943 2768 5066 Eraebent.Octo_ginta
2785 4945 2973 4999 aetatis
2997 4943 3200 5066 magis,
3216 4959 3348 4998 eum
3369 4944 3600 5066 Mcyses
3617 4949 3779 4996 coram

2212 5015 2463 5066 haraone
2488 5020 2668 5066 stetit.
2702 5022 3066 5066 asseruntur-
3144 5016 3274 5066 xod.
3313 5031 3411 5066 vn.
3495 5032 3507 5066 :
3539 5029 3662 5066 qua
3690 5009 3778 5064 duo

2212 5015 2463 5068 baraone
2488 5009 2668 5078 stetit,
2702 5022 3066 5084 asseruntur,
3093 5009 3274 5070 Exod.
3313 5031 3411 5082 vn,
3443 5009 3507 5068 '7:
3539 5029 3662 5084 qua
3686 5009 3778 5084 duo

2167 5087 2358 5156 spatia
2387 5085 2672 5140 circulum
2722 5081 3084 5158 componunt
3113 5093 3348 5142 centum
3382 5081 3780 5158 quinquaginta

2164 5153 2229 5212 su
2240 5173 2344 5228 pra
2361 5173 2544 5210 unum
2566 5173 2808 5212 annum.
2831 5153 3200 5214 Probandum
3220 5153 3778 5227 remaneret—spatium

2165 5231 2466 5309 sexaginta
2488 5234 2740 5309 quatuor
2768 5247 3080 5309 annorum,
3113 5230 3275 5309 quod
3291 5231 3636 5309 superesset
3655 5235 3780 5309 mot‘:

2164 5305 2279 5353 tem
2315 5298 2467 5372 inter
2493 5298 2732 5370 Josephi
2765 5308 2820 5355 et
2865 5298 3224 5355 nativitatem
3257 5298 3460 5372 Moysi,
3509 5298 3664 5372 et__de
3686 5304 3779 5372 911°

2164 5375 2249 5426 tot
2272 5371 2584 5444 cpiniones
2615 5365 2756 5441 quot
2785 5374 2995 5444 capita.
3029 5372 3172 5426 Vide
3200 5365 3521 5444 Josephum
3552 5365 3779 5444 Flaviutn

2165 5442 2346 5512 antiq.
2378 5441 2514 5495 Jud.
2544 5458 2669 5512 cap.
2705 5460 2825 5497 xm.
2861 5441 3002 5497 Mihi
3037 5448 3188 5498 certe
3219 5441 3436 5498 arridet
3460 5456 3658 5512 eorum
3683 5441 3781 5512 Op“

2165 5512 2260 5567 nio
2291 5511 2391 5583 qui
2424 5511 2655 5584 longius
2685 5519 2918 5584 tempus
2951 5520 3284 5581 assumunt,
3318 5515 3401 5570 uti
3434 5514 3597 5567 mira:
3625 5511 3782 5565 Juda-

2165 5584 2842 5657 oru_m_wmgultiplicationi
2873 5586 3014 5641 satis
3043 5587 3257 5657 aptius.

2240 5655 2381 5725 (915)
2416 5655 2594 5729 Exod.
2626 5671 2729 5723 xu,
2761 5657 2846 5729 40,
2877 5659 2976 5712 ubi
3009 5653 3134 5713 tuin
3161 5661 3331 5729 juxta
3355 5655 3653 5729 Hebraeum
3684 5653 3778 5728 ῐθξο

2168 5715 2319 5798 tum,
2340 5715 2469 5783 tum
2497 5715 2900 5802 Septuaginta,
2933 5733 3059 5788 tum
3081 5715 3532 5808 juxta-codicem
3556 5715 3778 5798 Samari'
