3902 6398
391 445 507 504 523

1408 431 1743 492 ATTONIS
1788 426 2373 489 VERCELLENSIS
2421 423 2773 486 EPISCOPI

3679 420 3785 478 524

464 569 743 641 Sequitur
775 585 788 623 :
822 569 1005 638 Itaque
1035 567 1126 621 lex
1151 564 1469 636 paedagogus
1525 564 1709 617 noster
1747 561 1872 631 fuit.
1921 561 2036 613 Pae-
2068 561 2122 624 Α
2151 563 2241 613 est
2270 558 2422 629 quod
2455 557 2624 612 nobis
2655 553 3054 611 necessarium
3086 555 3176 607 est
3206 550 3271 641 in
3297 549 3405 606 hac
3433 549 3575 641 vita,
3629 552 3786 641 quasi

394 639 630 730 dagogus
659 655 804 728 (922)
837 655 1100 710 Grecum
1133 655 1376 707 verbum
1408 654 1498 705 est
1527 650 1922 719 compositum
1975 663 2043 702 ex
2152 650 2211 700 in
2243 646 2353 714 via,
2387 651 2442 700 et
2471 645 2625 700 aliud
2660 648 2750 698 est
2782 642 2954 698 nobis
2985 639 3405 730 necessarium,
3433 639 3504 694 ad
3529 640 3682 710 quod
3710 639 3786 730 vel

398 747 648 812 duobus,
681 742 949 798 videlicet
985 759 1051 797 eo
1103 741 1256 812 quod
1302 755 1514 810 pueros
1536 741 1690 810 agat.
1724 734 2047 804 Restringit

398 849 651 904 namque
681 832 1073 888 lascivientem
1107 834 1428 894 aatatem,ut
1458 844 1601 898 puer
1624 830 1694 882 ab
1720 826 1813 881 his
1831 842 1893 880 se
1916 823 2044 895 qui-

400 923 742 991 buscunque
761 919 1054 974 abstineat
1076 934 1202 988 quae
1220 904 1592 987 cupit,donec
1622 915 1694 969 ad
1729 913 2041 984 perfectam

400 1016 628 1067 aetatem
658 1009 971 1080 perveniat.
1006 1009 1371 1078 QuaprOpter
1400 1006 1546 1060 bene
1593 1005 1684 1060 lex
1731 1005 2043 1075 paedagogo

401 1097 781 1161 assimilatur,
815 1096 952 1167 quia
981 1096 1109 1150 ideo
1142 1097 1280 1150 data
1308 1100 1415 1158 est,
1451 1098 1515 1147 ut
1547 1092 1733 1148 malos
1763 1092 2043 1162 restinge-

400 1186 880 1257 ret,lascivientes
911 1186 1184 1248 frenaret,
1215 1185 1399 1238 donec
1427 1184 1760 1237 veniremus
1791 1182 1863 1235 ad
1885 1181 2046 1235 Chri-

402 1281 582 1331 stum.
619 1278 686 1328 Et
714 1275 823 1329 hoc
853 1280 942 1329 est
972 1275 1127 1345 quod
1155 1274 1318 1338 dicit,
1351 1276 1410 1327 in
1441 1273 1675 1338 Christo,
1722 1271 1781 1324 id
1832 1276 1938 1339 est,
1973 1271 2044 1324 ad

399 1363 794 1430 Christum,ut
822 1378 888 1416 ex
920 1363 1034 1417 ﬁde
1063 1358 2049 1431 ejusjustilicaremur.Adveniente

401 1467 658 1522 namque
677 1450 931 1519 Christo,
963 1450 1297 1506 recedentes
1330 1467 1363 1503 a
1393 1449 1726 1519 paedagogo,
1759 1448 1831 1501 ad
1874 1445 2047 1501 liber-

401 1544 585 1595 tatem
611 1537 993 1594 transivimus
1022 1537 1239 1610 gratiae.
1269 1537 1338 1591 Et
1386 1537 1493 1591 hoc
1542 1541 1632 1592 est
1663 1535 1819 1606 quod
1851 1533 2045 1604 sequi-

401 1631 502 1683 tur
531 1643 545 1682 :
578 1627 644 1682 At
672 1627 769 1681 ubi
796 1627 942 1681 venit
972 1626 1121 1696 ﬁdes,
1148 1631 1259 1682 etc.

475 1715 750 1786 Sequitur
781 1731 794 1770 :
828 1716 1022 1770 Omnes
1067 1716 1218 1770 enim
1265 1716 1394 1768 estis
1434 1713 1550 1782 ﬁlii
1577 1714 1694 1781 Dei,
1722 1715 1833 1765 etc.
1868 1711 1937 1764 Et
1965 1713 2055 1765 est

407 1818 619 1858 sensus
647 1819 660 1856 :
694 1802 738 1856 Ο
769 1801 1061 1868 ῦαὶαῐω,εἱ
1087 1803 1320 1871 nos,qui
1352 1802 1462 1855 sub
1496 1801 1807 1870 paedagogo
1830 1799 2053 1852 fuimus

407 1891 592 1944 donec
621 1889 918 1944 adveniret
947 1889 1231 1951 Christus,
1267 1888 1364 1942 illo
1396 1888 1756 1956 adveniente,
1782 1887 2050 1942 receden-

406 1983 496 2034 tes
527 1995 562 2034 a
590 1977 1288 2050 padagogo,credidimus
1315 1976 1372 2030 in
1406 1975 1719 2032 Dominum
1748 1976 1976 2039 Jesum,
2000 1981 2058 2029 et

406 2083 512 2139 per
542 2069 712 2122 fidem
743 2067 873 2136 ejus
894 2066 1226 2136 justificati,
1275 2065 1374 2120 ﬁlii
1429 2065 1565 2120 facti
1610 2081 1841 2134 sumus,
1873 2080 2057 2135 quare

408 2173 533 2223 vos,
565 2155 664 2226 qui
697 2155 755 2209 in
787 2154 1068 2226 praeputio
1098 2154 1422 2223 credentes,
1455 2171 1660 2210 omnes
1691 2153 1794 2207 ﬁlii
1827 2153 1927 2208 Dei
1971 2154 2053 2207 fa-

411 2245 487 2299 cti
519 2244 678 2310 estis,
711 2244 820 2300 sub
853 2244 1167 2315 paedagogo
1198 2259 1326 2298 esse
1356 2243 1576 2298 vultis?

486 2333 634 2405 (923)
659 2333 939 2404 Sequitur
971 2349 984 2386 :
1021 2332 1337 2402 Quicunque
1365 2333 1515 2386 enim
1545 2333 1605 2386 in
1638 2331 1849 2386 Christo
1879 2332 2056 2402 bapti-

412 2423 527 2478 καιὶ
557 2423 706 2491 estis,
741 2426 872 2487 etc.,
907 2420 1076 2490 quasi
1108 2421 1322 2477 diceret
1353 2437 1365 2474 :
1399 2421 1466 2474 Et
1498 2420 1546 2474 si
1576 2437 1698 2486 vos,
1740 2437 1772 2474 ο
1821 2419 2054 2489 Galatea,

411 2526 518 2583 per
545 2509 791 2582 gratiam
823 2509 1010 2564 sancti
1039 2507 1377 2580 Spiritus,et
1422 2525 1638 2580 aquam
1682 2508 2058 2579 baptismatis

409 2599 599 2656 renati
633 2600 908 2654 Christum
937 2596 1218 2664 induistis,
1244 2613 1424 2668 quare
1467 2615 1501 2651 a
1545 2596 1813 2652 libertate
1859 2597 2056 2668 gratia:

408 2689 482 2744 ad
512 2687 659 2760 legis
689 2687 1027 2742 servitutem
1060 2685 1311 2740 transire
1344 2685 1558 2741 vultis?
1589 2686 1813 2751 Quibus
1863 2685 2055 2740 verbis

406 2775 666 2832 ostendit
693 2773 1007 2846 Apostolus
1029 2775 1184 2845 quod
1205 2772 1473 2829 Christus
1494 2773 1760 2829 omnium
1791 2772 2054 2827 fidelium

407 2863 486 2920 sit
532 2863 969 2929 indumentum,
1001 2867 1057 2917 et
1087 2878 1202 2916 non
1245 2861 1434 2916 solum
1467 2862 1580 2929 hic,
1615 2863 1715 2918 sed
1747 2862 1922 2916 etiam
1955 2862 2056 2916 ubi

407 2951 489 3006 ait
535 2967 547 3007 :
599 2951 910 3006 Induimini
965 2951 1261 3005 Dominum
1311 2952 1498 3006 Jesum
1550 2950 1822 3006 Christum
1881 2951 2053 3021 (Rom.

405 3055 528 3105 xm,
560 3039 667 3111 lli).
699 3038 840 3094 Vult
871 3039 1047 3094 etiam
1095 3039 1410 3110 Apostolus
1459 3038 1706 3094 latenter
1752 3039 2057 3094 ostendere

411 3127 551 3200 quia
583 3128 632 3183 si
673 3127 755 3182 illi
803 3127 904 3198 qui
947 3127 1316 3198 baptizantur
1357 3127 1652 3182 Christum
1704 3127 2053 3199 induuntur,

409 3215 497 3270 illi
528 3231 664 3287 ergo
695 3214 796 3287 qui
827 3231 938 3270 non
966 3214 1340 3270 bantizantur
1388 3214 1685 3270 Christum
1728 3232 1840 3270 non
1890 3215 2056 3271 indui

411 3309 731 3361 merentur.

484 3393 670 3457 Quare
702 3391 802 3464 qui
835 3392 891 3447 in
923 3391 1148 3446 Christo
1201 3392 1574 3463 beptizantur
1622 3392 1916 3448 Christum
1966 3394 2054 3448 in-

411 3480 594 3538 duant
624 3480 828 3552 aperit,
861 3496 993 3535 cum
1028 3481 1333 3552 subjungit
1364 3498 1376 3535 :
1411 3481 1527 3536 Non
1555 3485 1634 3536 est
1663 3482 1908 3552 Judwus,
1955 3498 2056 3537 ne-

409 3586 513 3642 que
544 3573 787 3626 ercus.
812 3568 1078 3624 Ostendit
1107 3570 1262 3622 enim
1294 3569 1449 3639 quod
1485 3587 1598 3624 non
1635 3570 1825 3640 magis
1848 3571 2058 3625 habeat

409 3657 798 3713 circumcisus
830 3673 1008 3728 quam
1041 3656 1459 3728 praeputiatus,‘
1481 3660 1712 3710 tantum
1759 3658 1809 3713 si
1861 3659 2058 3713 credat

410 3745 471 3799 in
503 3745 799 3799 Christum
832 3749 887 3800 et
915 3745 1261 3815 baptizatur.
1295 3743 1438 3797 Hinc
1471 3748 1559 3798 est
1589 3745 1745 3814 quod
1773 3743 1909 3799 alibi
1943 3745 2050 3800 ait:

409 3834 591 3906 Neque
617 3834 984 3901 circumcisio,
1031 3848 1202 3903 neque
1244 3833 1586 3903 praeputium
1633 3832 1847 3902 aliquid
1893 3835 2052 3902 valet,

409 3927 518 3978 etc.
547 3923 593 3994 (Ι
619 3921 740 3977 Cor.
772 3937 875 3986 vn,
908 3921 1015 3989 19).

483 4011 761 4082 Sequitur
805 4027 818 4065 :
852 4010 967 4065 Non
1014 4013 1090 4064 est
1117 4024 1325 4078 servus,
1356 4025 1531 4079 neque
1581 4007 1760 4071 liber;
1792 4009 2059 4065 videlicet

413 4100 553 4174 quia
578 4115 693 4155 non
725 4099 1138 4154 discernuntur
1166 4097 1518 4165 conditione,
1551 4098 1651 4152 sed
1684 4097 1817 4152 fidei
1851 4097 2057 4153 merito

414 4195 589 4260 atque
618 4185 1010 4242 ratione.Hinc
1025 4191 1114 4240 est
1135 4187 1289 4257 quod
1320 4202 1472 4256 sape
1493 4185 1678 4258 magis
1709 4185 1930 4256 aliquid
1954 4187 2056 4244 ha-

413 4280 512 4334 bet
540 4291 742 4332 servus
773 4290 950 4345 quam
983 4272 1277 4328 dominus.
1311 4273 1586 4344 Sequitur
1615 4291 1627 4328 :
1661 4278 1781 4330 Non
1810 4277 1886 4329 est
1933 4293 2055 4331 ma-

408 4364 620 4434 sculus,
652 4377 826 4433 neque
854 4361 1086 4434 femina.
1121 4362 1433 4417 Sciendum
1467 4363 1608 4433 quia
1651 4363 1951 4419 masculus
2001 4371 2055 4420 et

409 4453 632 4510 femina
661 4451 1075 4506 discernuntur
1103 4466 1240 4505 sexu
1275 4455 1448 4521 atque
1480 4449 1810 4522 fragilitate,
1830 4468 2057 4507 verum-

409 4546 608 4598 tamen
640 4556 755 4594 non
785 4539 1124 4593 dividuntur
1155 4538 1214 4593 in
1243 4538 1376 4604 fide,
1409 4538 1548 4609 quia
1580 4539 1726 4594 ﬁdes
1757 4539 2054 4597 interioris

2155 752 2257 806 per
2286 736 2440 806 quod
2469 733 2776 788 veniamus
2810 731 2881 785 ad
2914 745 3182 801 regnum.
3210 728 3271 782 ln
3294 728 3404 782 hac
3430 743 3664 799 quoque
3684 727 3788 783 vita

2155 823 2494 879 necessariae
2536 827 2676 876 sunt
2706 819 3107 887 discretiones,
3157 822 3213 871 et
3267 816 3482 871 idcirco
3529 816 3788 888 specialia

2155 914 2440 968 dederunt
2471 916 2773 983 praecepta,
2809 925 2879 962 ne
2913 923 3123 962 nomen
3155 906 3505 972 Christi,aut
3534 905 3786 973 Caesaris,

2155 1002 2418 1056 doctrina
2448 1000 2973 1069 blasphemaretur.
3030 995 3175 1050 Hinc
3213 999 3302 1049 est
3331 995 3487 1065 quod
3519 994 3788 1050 Dominus

2156 1092 2237 1144 ait
2282 1091 2447 1143 Petro
2490 1106 2502 1142 :
2549 1089 2622 1142 Ne
2668 1091 2854 1140 autem
2901 1083 3345 1139 scandalizemus
3396 1098 3504 1149 eos,
3552 1082 3686 1138 vade
3729 1081 3790 1136 ad

2158 1195 2329 1245 mare,
2377 1184 2488 1231 etc.
2541 1176 2744 1242 (Matth.
2785 1192 2924 1241 xvn,
2957 1176 3070 1240 ‘26),
3103 1177 3160 1227 et
3189 1173 3326 1227 item
3362 1189 3376 1226 :
3412 1171 3635 1227 Reddite
3680 1185 3792 1242 qua:

2155 1272 2281 1321 sunt
2334 1268 2563 1320 Cwsaris
2609 1265 2828 1320 Caesari
2874 1262 3081 1333 (Matth.
3133 1278 3273 1329 χχιι,
3329 1262 3428 1327 21;
3478 1261 3645 1316 Marc.
3701 1274 3792 1326 xu,

2161 1360 2253 1424 l7;
2289 1358 2417 1410 Luc.
2448 1371 2542 1421 xx,
2575 1355 2695 1424 25);
2729 1357 2787 1407 et
2816 1357 3024 1408 Petrus
3055 1368 3068 1405 :
3103 1350 3335 1419 Subditi,
3377 1350 3592 1421 inquit,
3623 1357 3794 1415 estote,

2159 1451 2268 1500 etc.
2321 1446 2365 1513 (Ι
2405 1449 2554 1498 Petr.
2590 1461 2649 1511 ii,
2686 1444 2804 1511 l8);
2837 1445 2894 1496 et
2923 1441 3077 1495 idem
3127 1439 3346 1494 Paulus
3395 1457 3408 1494 :
3460 1437 3670 1507 Omnis,
3719 1437 3794 1492 in-

2161 1533 2308 1602 quit,
2338 1533 2528 1586 anima
2558 1530 2909 1601 potestatibus
2929 1529 3344 1584 sublimioribus
3361 1527 3579 1583 subdita
3593 1527 3686 1594 sit,
3699 1531 3796 1581 etc.

2161 1622 2334 1689 (llam.
2366 1636 2493 1686 xm,
2527 1620 2603 1686 1.)
2632 1621 2820 1684 Quare
2867 1617 3030 1672 nulla
3077 1617 3156 1671 sit
3204 1615 3412 1672 divisio
3456 1615 3517 1670 in
3557 1614 3796 1683 Christo,

2162 1708 2438 1771 ostendit,
2491 1708 2630 1761 dum
2676 1707 2984 1778 subjungit
3015 1721 3028 1759 :
3065 1705 3259 1760 Omnes
3307 1707 3456 1760 enim
3496 1719 3590 1760 vos
3637 1719 3799 1758 unum

2162 1797 2290 1851 estis
2322 1798 2380 1850 in
2410 1795 2666 1859 Christo;
2713 1795 2822 1850 hoc
2869 1799 2978 1862 est,
3030 1811 3214 1849 unum
3262 1810 3496 1865 corpus,
3528 1792 3795 1864 quoniam

2164 1889 2352 1940 mater
2381 1884 2639 1940 Ecclesia
2669 1900 2873 1939 omnes
2902 1883 2962 1938 in
2995 1899 3174 1937 unam
3209 1883 3362 1954 parit
3390 1883 3723 1938 infantiam.

2237 1974 2383 2044 (925)
2415 1974 2690 2044 Sequitur
2723 1990 2735 2027 :
2769 1972 2832 2026 Si
2851 1979 3042 2028 autem
3069 1986 3160 2026 vos
3192 1971 3414 2039 Christi,
3449 1976 3559 2026 etc.
3611 1971 3684 2025 Et
3727 1974 3796 2025 est

2165 2079 2377 2118 sensus
2411 2079 2423 2117 :
2454 2062 2511 2117 Si
2545 2078 2669 2128 vos,
2700 2078 2732 2116 ο
2762 2060 2997 2127 Galatae,
3028 2059 3128 2129 qui
3161 2060 3218 2113 in
3250 2060 3532 2131 praeputio
3567 2059 3796 2116 credidi-
3861 2051 3864 2060 ’

2165 2152 2293 2222 stis,
2321 2150 2593 2222 baptizati
2616 2149 2912 2205 Christum
2944 2147 3244 2215 induistis,
3263 2153 3322 2204 et
3351 2147 3457 2202 filii
3485 2149 3622 2217 ejus
3642 2148 3795 2204 estis:

2163 2257 2288 2310 ergo
2332 2241 2559 2294 Abrahw
2604 2254 2783 2294 semen
2835 2240 3000 2300 estis;
3049 2237 3188 2308 quia
3215 2241 3273 2292 et
3301 2236 3426 2307 ipse
3472 2253 3543 2293 ex
3571 2236 3798 2294 Abrahae

2166 2329 2410 2385 semine.
2433 2328 2778 2398 Quicunque
2809 2327 2962 2382 enim
2997 2330 3269 2397 suscepto
3293 2325 3646 2398 evangelica
3676 2343 3798 2398 prte-

2167 2417 2475 2473 dicationis
2507 2418 2730 2472 semine
2759 2417 2817 2470 in
2852 2415 3149 2470 Christum
3175 2415 3603 2480 credunt,dum
3632 2416 3799 2488 bapti-

2165 2508 2277 2562 zati
2309 2505 2604 2562 Christum
2638 2505 2910 2571 induunt,
2939 2505 3067 2574 ejus
3098 2505 3354 2575 profecto
3383 2508 3440 2558 et
3467 2504 3719 2559 Abrahaa
3746 2503 3799 2556 ﬁ-

2165 2596 2250 2664 lii,
2284 2595 2392 2650 hoc
2423 2604 2530 2662 est,
2565 2611 2762 2650 semen
2795 2595 2866 2648 de
2896 2593 3120 2648 semine
3150 2592 3502 2648 efficiuntur.
3537 2592 3688 2649 Illud
3713 2609 3799 2648 au-
3858 2651 3864 2668 ε

2165 2690 2284 2740 tem
2316 2683 2642 2750 sciendum,
2680 2682 2817 2754 quia
2845 2682 3114 2738 Christus
3134 2681 3363 2752 quoties
3394 2681 3579 2736 Filius
3605 2682 3800 2737 dicitur

2163 2772 2427 2837 Abrahae,
2461 2771 2774 2826 carnaliter
2801 2770 3218 2842 intelligendus
3247 2775 3363 2840 est;
3398 2771 3634 2842 quoties
3683 2787 3799 2827 vero

2166 2859 2402 2927 Galatae,
2433 2860 2521 2916 vel
2554 2859 2740 2914 caeteri
2775 2859 3020 2932 gentiles
3051 2859 3353 2914 credentes
3402 2858 3505 2914 filii
3554 2860 3688 2930 ejus
3725 2859 3798 2915 di-

2166 2953 2401 3014 cuntur,
2436 2965 2551 3002 non
2584 2948 2915 3013 carnaliter,
2943 2948 3045 3002 sed
3077 2945 3691 3020 spiritaliterintelligi
3721 2948 3802 3004 de-

2166 3037 2324 3092 bent.
2380 3036 2527 3092 Illud
2577 3038 2752 3092 etiam
2797 3039 3145 3104 notandum,
3183 3035 3321 3107 quia
3367 3037 3800 3108 promissiones,

2167 3142 2301 3180 cum
2332 3126 2401 3179 ad
2428 3124 2724 3180 Christum
2750 3125 2910 3180 factae
2933 3124 3228 3192 dicuntur,
3259 3123 3567 3195 pluraliter
3589 3142 3803 3197 ponun-

2165 3216 2294 3279 tur;
2329 3213 2484 3268 unde
2517 3229 2696 3283 supra
2727 3229 2740 3267 :
2775 3213 3005 3268 Abrahae
3033 3214 3191 3268 dicta
3219 3217 3368 3279 sunt,
3400 3218 3689 3280 etc.;cum
3710 3231 3804 3270 au-

2088 3287 2130 3353 C
2171 3306 2288 3356 tem
2321 3303 2392 3356 ad
2427 3301 2649 3372 fideles,
2679 3301 3057 3374 singulariter
3087 3302 3400 3374 promissio
3450 3303 3710 3374 ponitur.
3749 3302 3805 3356 Et

2165 3389 2409 3462 pulchre
2441 3391 2677 3463 quidem
2711 3408 2744 3446 a
2779 3390 2987 3462 plurali
3022 3408 3265 3446 numero
3296 3391 3587 3448 transitur
3607 3393 3678 3448 ad
3701 3392 3805 3446 sin-

2165 3480 2451 3552 gularem,
2486 3480 2626 3552 quia
2671 3478 3102 3535 ecclesiasticus
3153 3477 3404 3552 populus
3455 3495 3526 3534 ex
3577 3477 3804 3536 diversis

2165 3569 2462 3640 gentibus,
2497 3569 2734 3624 sexibus
2767 3573 2942 3640 atque
2973 3568 3241 3624 aetatibus
3269 3568 3550 3625 collectus
3575 3574 3684 3626 est.

2237 3656 2383 3726 (0'36)
2417 3655 2577 3727 (Cap.
2623 3655 3045 3728 1V.)Sequitur
3095 3674 3108 3711 :
3159 3659 3290 3714 Dico
3336 3661 3525 3713 autem
3555 3679 3575 3714 .-
3609 3661 3802 3730 quanto

2165 3746 2399 3814 tempore
2431 3743 2608 3799 ha’res
2637 3745 2899 3815 parvulus
2926 3749 3026 3812 est,
3059 3749 3169 3800 etc.
3205 3750 3336 3800 Haec
3364 3745 3690 3802 similitudo
3714 3761 3801 3801 no-

2165 3832 2399 3887 tissima
2421 3848 2549 3887 esse
2571 3837 2795 3903 poterat
2816 3833 3172 3900 Galatis,nec
3194 3851 3307 3890 non
3333 3839 3389 3891 et
3410 3835 3804 3892 omnibus.Pa-

2165 3925 2253 3976 ter
2281 3920 2608 3992 enim,cum
2641 3921 2729 3976 vel
2760 3921 2817 3976 in
2852 3922 3237 3994 longinquam
3265 3925 3564 3996 regionem
3589 3921 3801 3997 proﬁci-

2167 4007 2535 4077 scitur,unde
2556 4007 2643 4062 vel
2667 4008 3139 4079 credendum,vel
3154 4015 3304 4066 certe
3319 4027 3434 4066 non
3465 4028 3597 4068 esse
3616 4015 3804 4066 ventu-

2167 4101 2430 4164 rum,aut
2449 4099 2764 4163 certe,cum
2787 4113 2946 4153 mors
2968 4097 3019 4153 ei
3041 4099 3401 4172 apprOpriat,
3420 4099 3610 4155 tilium
3645 4112 3804 4156 suum

2165 4184 2461 4239 tutoribus
2479 4189 2656 4255 atque
2673 4184 2967 4240 actoribus
2985 4187 3382 4252 committit,et
3395 4192 3633 4260 tempus
3645 4187 3806 4244 etiam

2165 4273 2502 4338 constituit;
2539 4271 2929 4344 qui,quandiu
2958 4275 3070 4330 sub
3100 4277 3396 4332 tutoribus
3427 4275 3803 4347 est,nihitdif-

2163 4363 2270 4430 fert
2297 4377 2334 4415 a
2359 4376 2530 4427 servo,
2562 4360 2701 4431 quia
2731 4361 2908 4417 simul
2958 4363 3360 4435 convivantur,
3411 4365 3595 4420 simul
3644 4364 3802 4420 etiam

2155 4450 2450 4519 jocantur,
2483 4454 2658 4520 atque
2680 4451 2790 4505 sub
2815 4467 2932 4506 una
2957 4452 3274 4524 disciplina
3303 4458 3726 4519 tenentur,cum
3744 4450 3803 4504 sit

2163 4538 2416 4593 dominus
2441 4539 3080 4610 omnium(subauditur
3109 4543 3599 4614 futurus),quoad
3632 4551 3799 4612 usque

409 4628 668 4684 hominis
698 4632 806 4696 est,
839 4631 896 4681 et
925 4627 1004 4681 ibi
1033 4631 1122 4682 est
1151 4627 1318 4691 ﬁdes,
1351 4627 1450 4682 ubi
1486 4627 1686 4682 nullus
1724 4632 1812 4682 est
1857 4646 2051 4686 sexus.
2085 4650 2131 4715 D
2161 4627 2714 4698 veniat,prazﬁnitum
2741 4632 2948 4699 tempus
2978 4638 3211 4700 apatre.
3246 4634 3390 4685 Cum
3431 4635 3625 4685 autem
3665 4634 3801 4684 tem-

409 4717 556 4773 Hinc
586 4720 674 4771 est
702 4716 856 4787 quod
885 4731 1035 4785 saepe
1066 4715 1171 4768 viri
1202 4715 1518 4770 trahuntur
1548 4717 1616 4770 ad
1652 4716 1900 4772 salutem
1953 4735 2055 4788 per
2164 4731 2274 4786 pus
2307 4717 2690 4770 constitutum
2711 4717 2962 4783 advenit,
2987 4717 3113 4789 ipse
3133 4719 3344 4775 trabsit
3367 4720 3437 4774 ad
3462 4718 3803 4781 libertatem,

408 4804 702 4870 mulieres,
736 4807 792 4857 et
820 4808 1057 4856 econtra
1108 4801 1382 4856 mulieres
1416 4820 1515 4873 per
1541 4804 1694 4858 viros
1729 4822 1740 4859 :
1778 4806 1931 4876 quod
1966 4805 2049 4862 1a-

408 4892 527 4948 tius
557 4893 615 4946 in
648 4889 909 4960 Epistola
948 4890 1019 4943 ad
1051 4889 1382 4943 Corinthios
1411 4891 1577 4945 docet
1605 4892 1795 4960 (lbid.,
1833 4894 1939 4961 14).

481 4982 842 5052 Quapropter
871 4978 1049 5049 quaeri
1071 4981 1260 5049 potest
1306 4992 1487 5047 quare
1535 4980 1690 5033 dicat
1721 4981 1869 5050 (924)
1900 4984 2054 5053 quod

411 5085 599 5139 neque
627 5068 862 5123 Judwus
895 5083 1083 5138 neque
1115 5067 1346 5121 Graecus
1380 5067 1455 5120 sit
1485 5066 1705 5122 divisus
1729 5069 1784 5122 in
1805 5071 2052 5138 Christo,

412 5160 544 5224 etc.,
577 5171 710 5210 cum
740 5159 862 5209 tam
896 5155 1020 5226 ipse
1052 5171 1228 5225 quam
1262 5159 1316 5208 et
1346 5154 1537 5208 caeteri
1571 5157 1816 5226 apostoli
1837 5159 2056 5227 specia-

411 5242 492 5297 lia
521 5243 742 5296 monita
780 5243 1042 5297 dederint
1068 5242 1281 5297 Judaeis
1336 5247 1392 5296 et
1439 5243 1735 5312 gentibus,
1777 5246 1957 5301 servis
1987 5263 2053 5302 ac

413 5329 690 5384 dominis.
725 5329 835 5383 Sed
866 5329 973 5384 hoc
1005 5347 1118 5384 non
1149 5335 1238 5385 est
1267 5331 1651 5399 contrarium,
1707 5332 1844 5402 quia
1891 5333 2050 5390 aliud

483 5470 629 5540 (922)
661 5467 892 5524 Scilicet
917 5465 1264 5542 Παῖδάγωγος
1323 5490 1357 5528 a
1385 5476 1502 5539 παῖ,
1537 5489 1701 5544 puer,
1725 5479 1782 5530 et
1805 5474 2047 5548 ἀγωγος,

409 5541 630 5696 “iis;
660 5610 1172 5696 la,a‘{t°s-_,ms?8:
1204 5611 1297 5667 hic
1323 5612 1538 5696 ιςείιμιτ
1567 5631 1692 5696 cap-
1725 5617 1864 5672 xw-

483 5678 630 5759 (924)
660 5678 868 5748 Verba,
901 5678 1298 5752 Quapropter...
1330 5678 1492 5752 dicat,
1525 5687 1580 5741 in
1631 5678 1750 5744 ima
1800 5705 1902 5748 ora
1950 5705 2046 5748 co-

2162 4810 2433 4859 manente
2463 4820 2626 4860 servo
2657 4805 2714 4859 in
2749 4806 3212 4862 servitute.Hanc
3239 4811 3451 4862 etenim
3476 4802 3800 4862 similitudi-

2168 4909 2301 4948 nem
2329 4893 2454 4964 ipse
2483 4894 2721 4966 exponit
2751 4895 3091 4966 Apostolus,
3126 4912 3260 4951 cum
3294 4896 3435 4951 dicit
3468 4915 3480 4952 :
3514 4897 3594 4951 Ita
3627 4904 3678 4951 et
3696 4908 3800 4960 nos,

2165 4997 2292 5035 cum
2322 4997 2556 5036 essemus
2581 4985 2825 5054 parvuli,
2862 4999 3039 5039 sensu
3083 4985 3351 5040 videlicet
3397 4989 3455 5040 et
3498 4983 3802 5043 intellectu,

2165 5069 2312 5141 (927)
2340 5073 2438 5125 sub
2469 5072 2748 5126 elementis
2781 5073 2982 5127 mundi
3019 5090 3256 5129 eramus.
3290 5073 3591 5129 Elementa
3620 5077 3800 5128 autem

2164 5158 2429 5213 nonnulli
2463 5160 2902 5230 prophetas,alii
2935 5162 3342 5235 angelos,quia
3363 5161 3704 5234 angelorum
3727 5157 3798 5213 of-

2164 5246 2292 5301 ﬁcio
2307 5246 2572 5303 homines
2598 5255 2900 5321 reguntur;
2918 5253 3071 5306 unde
3096 5251 3608 5322 DominuszAngeli
3624 5263 3801 5305 eorum

2159 5352 2378 5406 semper
2406 5337 2587 5392 vident
2608 5341 2808 5408 faciem
2839 5341 3022 5394 Patris
3056 5344 3183 5396 mei.
3209 5347 3320 5397 etc.
3375 5341 3600 5413 (Matth.
3654 5351 3798 5400 xvm,

2161 5479 2307 5534 dicis
2342 5480 2636 5536 leguntur.

2231 5553 2378 5626 (92.5)
2411 5553 2472 5626 ln
2505 5559 2702 5624 autog.
2738 5569 2924 5626 marg.
2957 5554 3052 5610 hic
3084 5553 3298 5626 legitur
3327 5571 3454 5626 cap.
3487 5553 3660 5626 ξένῃ,

2230 5623 2375 5701 ($323.9)
2408 5624 2471 5701 in
2506 5623 2700 5701 autog.
2737 5623 2923 5697 marg.
2946 5625 3051 5701 _h_ic
3071 5623 3295 5701 legitur
3325 5623 3453 5698 cap.
3475 5624 3690 5701 _)_(_Y_III.

2229 5693 2374 5766 (927)
2411 5695 2469 5749 In
2503 5693 2698 5767 autog.
2729 5693 2915 5770 marg.
2945 5695 3040 5754 hic
3071 5693 3285 5771 legitur
3314 5693 3440 5773 cap.
3473 5694 3610 5767 ΧΙΧ.
