3902 6406
101 438 196 498 525

682 434 1098 501 EXPOSITIO
1144 440 1221 500 IN
1269 442 1698 504 EPISTOLAS
1745 443 2006 506 PAULI.
2041 446 2219 505 -ΙΝ
2267 447 2512 508 EPIST.
2562 450 2666 509 AD
2715 451 2888 512 GAL.

3379 457 3497 515 526

103 569 197 639 10),
225 565 311 622 alii
343 564 606 660 litteram
639 566 1090 660 legis,nonnulli
1107 573 1373 644 ejusdem
1397 575 1734 648 intelligunt
1762 581 1818 643 Α
1847 577 1975 632 nias
2007 578 2152 651 legis
2187 579 2504 637 nonnullos
2534 581 2858 656 intelligere
2887 586 3166 656 diximus,
3201 588 3358 660 quia,
3391 589 3499 644 sic-

104 654 478 722 caremonias,
513 655 621 712 hoc
652 662 760 729 est,
795 658 1330 732 circumcisionem,
1364 669 1422 720 et
1461 666 1732 721 sabbato-

102 761 215 801 rum
242 743 596 811 custodiam,
631 749 740 802 eto.
776 747 886 803 Sed
943 748 1199 806 litteram
1258 751 1402 824 legis
1444 754 1733 827 intelliga-

101 850 215 889 mus
241 831 704 906 elementa,quia
735 839 792 890 et
836 835 1050 894 littera
1097 839 1387 897 elementa
1429 841 1730 898 dicuntur.

95 921 260 986 Queri
280 926 473 993 potest
495 939 676 994 quare
697 923 856 980 dicat
882 927 1101 994 mundi,
1148 928 1353 985 Mundi
1395 931 1558 998 dicit,
1593 931 1734 1002 quia

98 1011 228 1066 ﬁunt
253 1010 308 1065 in
340 1011 586 1068 mundo.
610 1012 756 1068 Nam
791 1017 1050 1072 mundus
1090 1034 1244 1090 saepe
1282 1018 1432 1075 solet
1462 1019 1596 1092 poni
1628 1035 1732 1092 pro

99 1099 180 1155 bis
207 1117 325 1171 quae
359 1099 513 1155 fiunt
542 1099 603 1156 in
637 1102 860 1158 mundo
886 1121 898 1171 ;
935 1105 1090 1161 unde
1120 1111 1210 1161 est
1241 1106 1383 1162 illud
1414 1125 1427 1162 :
1461 1108 1580 1164 Non
1607 1109 1735 1163 veni

91 1191 143 1243 ut
159 1187 390 1260 judicem
425 1195 704 1245 mundum
738 1191 918 1261 (Joan.
951 1209 1053 1262 xu,
1086 1195 1174 1266 47)
1203 1213 1216 1264 ;
1264 1200 1322 1251 et
1364 1196 1505 1252 item
1533 1213 1546 1252 :
1579 1197 1731 1252 Mun-

84 1277 179 1332 dus
203 1293 323 1332 eum
353 1294 470 1333 non
500 1281 752 1348 cognovit
779 1281 960 1348 (Joan.
997 1300 1036 1350 ι,
1064 1283 1174 1353 10).

143 1366 200 1420 At
227 1367 321 1420 ubi
352 1368 507 1421 venit
523 1367 816 1438 plmitudo
830 1371 1558 1442 temporis.Plenitudinem
1580 1377 1728 1429 tem-

88 1455 228 1527 poris
258 1455 567 1526 praefixum
598 1460 837 1530 tempus
869 1476 902 1514 a
931 1459 1102 1515 Patre
1129 1465 1446 1534 vocat,quo
1478 1464 1730 1535 prmdes-

86 1543 351 1598 tinaverat
386 1542 599 1599 Filium
631 1562 806 1602 suum
839 1563 944 1618 pro
975 1547 1168 1605 salute
1193 1551 1427 1621 generis
1482 1551 1729 1606 humani

87 1631 148 1688 de
175 1631 329 1688 ccelis
363 1633 602 1690 mittere
634 1635 708 1690 ad
739 1639 947 1692 terras.

145 1722 281 1791 (9‘38)
314 1721 632 1790 Sequitur:
667 1725 814 1780 Misit
872 1727 1013 1781 Deus
1063 1728 1276 1784 Filium
1302 1745 1493 1784 suum.
1527 1728 1728 1784 Missio

84 1809 186 1864 ista
209 1809 535 1868 incarnatio
559 1816 650 1868 est
671 1812 1053 1886 intelligenda
1080 1833 1092 1870 :
1121 1833 1257 1872 nam
1282 1834 1408 1889 quae
1431 1817 1510 1873 sit
1540 1817 1727 1873 mani-

80 1896 414 1966 festat,cum
447 1899 566 2000 ait:
599 1903 832 2012 Factum
861 1919 932 1958 ex
977 1906 1234 1961 muliere.
1283 1909 1512 1962 Factum
1565 1906 1727 1975 dicit,
1758 1946 1807 2012 Β

79 1992 302 2058 propter
320 1989 522 2045 carnis
545 1996 759 2046 nostrae
783 1991 1260 2064 fragilitatem.Et
1281 2000 1422 2050 nota
1444 1995 1584 2066 quia
1610 2011 1724 2051 non

79 2074 206 2129 dicit
234 2093 338 2148 per
361 2077 942 2152 mulierem,pr0pter
964 2083 1269 2139 haereticos
1303 2084 1474 2155 (929),
1526 2085 1627 2140 sed
1658 2100 1729 2139 ea:

78 2164 316 2231 muliere,
343 2167 456 2222 hoc
478 2173 589 2233 est,
614 2184 684 2223 ex
713 2169 1050 2226 substantia
1075 2177 1132 2226 et
1181 2172 1409 2227 semine
1441 2171 1726 2228 mulieris.

78 2251 367 2310 Mulierem
384 2272 589 2311 sexum
605 2257 843 2328 quidem
860 2258 1118 2330 intellige
1138 2276 1254 2314 non
1269 2261 1726 2331 corruptionem.

77 2339 357 2398 Hebraicae
392 2361 629 2416 quoque
659 2344 874 2419 linguae
901 2347 1229 2419 proprietas
1281 2352 1372 2404 est
1422 2347 1729 2404 mulierem

77 2444 266 2486 vocare
288 2437 541 2504 propter
561 2449 739 2488 sexus
762 2433 1202 2506 discretionem,
1236 2435 1392 2491 sicut
1429 2437 1565 2507 Eva,
1598 2453 1732 2492 mox

79 2520 133 2570 ut
157 2523 243 2573 est
274 2525 502 2585 creata,
538 2519 751 2575 mulier
779 2525 868 2576 est
897 2527 1102 2577 vocata
1132 2524 1285 2594 (Gen.
1320 2541 1385 2589 ιι,
1410 2525 1523 2595 22).

134 2604 456 2678 Sequitur:
491 2607 717 2663 Factum
745 2609 850 2666 sub
881 2611 1014 2681 lege.
1050 2610 1170 2666 Sub
1224 2612 1350 2684 lege
1391 2612 1582 2668 factus
1621 2618 1730 2682 est,

78 2693 198 2764 quia
229 2695 634 2751 circumcisus
664 2701 720 2752 et
747 2695 960 2770 legalia
981 2717 1227 2755 munera
1245 2717 1348 2771 pro
1369 2717 1435 2756 eo
1455 2700 1734 2771 oblata,et

75 2787 299 2840 ceteras
342 2781 568 2856 legales
619 2787 998 2842 caeremonias
1043 2790 1329 2842 servavit:
1387 2790 1733 2860 parentibus

75 2871 238 2926 etiam
272 2888 473 2938 usque
505 2872 577 2928 ad
603 2873 971 2930 tricesimum
987 2877 1174 2932 aetatis
1200 2893 1319 2933 suae
1341 2893 1564 2932 annum
1586 2878 1732 2933 sub-

74 2957 218 3016 ditus
239 2959 644 3032 legitur(Luc.
669 2979 731 3032 ιι,
754 2963 868 3033 51).
894 2964 1002 3019 Sed
1055 2964 1173 3020 haec
1223 2966 1444 3034 omnia,
1478 2967 1732 3022 maxime

74 3045 320 3105 instante
346 3055 616 3122 tempore
641 3068 760 3108 suae
783 3051 1097 3123 passionis,
1121 3053 1261 3126 quia
1276 3055 1466 3126 gratia
1478 3059 1733 3110 eratma-

77 3135 425 3206 nifestanda,
451 3138 962 3204 destruxit.Quare
987 3143 1097 3197 sub
1120 3141 1250 3214 lege
1281 3143 1474 3199 factus
1513 3144 1610 3210 sit,
1645 3160 1734 3199 os-

71 3227 281 3282 tendit:
309 3229 377 3284 Ut
408 3243 522 3294 eos,
557 3230 655 3299 qui
684 3230 784 3284 sub
817 3231 934 3299 lege
991 3240 1171 3300 erant,
1216 3231 1528 3287 redimeret.
1586 3232 1733 3296 Quid

1844 670 1910 721 ut
1939 667 1998 721 in
2031 667 2195 723 cultu
2229 668 2522 725 idolorum
2574 673 2825 729 servitus
2884 679 3028 746 erat,
3060 675 3144 732 sic
3202 682 3260 732 et
3288 677 3347 731 in
3380 677 3497 732 ritu

1843 754 2124 827 legalium
2156 759 2658 815 czeremoniarum.

1915 844 1973 899 Si
2005 851 2202 901 autem
2236 846 2359 902 haec
2388 846 2968 917 similitudo,sicutet
2997 853 3282 924 superior,
3297 854 3367 909 ad
3390 853 3494 909 Ju-

1842 932 1998 988 dwos
2031 934 2337 1004 referatur,
2374 936 2630 992 maxime
2659 938 2798 1009 quia
2827 940 2898 994 de
2935 941 3383 997 circumcisione
3410 941 3495 996 lo-

1842 1021 2152 1092 quebatur,
2187 1039 2258 1078 ne
2289 1024 2436 1080 forte
2465 1025 2805 1082 viderentur
2833 1027 3082 1099 gentiles
3107 1029 3495 1098 exclusi,sub-

1841 1109 2072 1180 iunxit:
2109 1112 2381 1180 Quoniam
2409 1117 2594 1170 autem
2622 1117 2752 1171 estis
2781 1132 2964 1173 omnes
2979 1119 3126 1188 (931)
3156 1119 3305 1188 ﬁlii;
3327 1117 3497 1190 quasi

1842 1197 2080 1254 diceret:
2108 1199 2274 1256 Sicut
2296 1217 2463 1268 nos,o
2477 1202 2754 1274 Galatae,q
2766 1205 2822 1260 ui
2843 1205 2955 1260 sub
2967 1204 3272 1261 elementis
3291 1204 3497 1261 mundi

1841 1304 2080 1344 eramus
2111 1290 2456 1361 servientes,
2487 1293 2626 1362 quia
2655 1295 3011 1349 recessimus
3043 1295 3115 1349 ab
3147 1295 3254 1360 eis,
3285 1298 3344 1349 et
3381 1309 3499 1349 cre-

1841 1377 2033 1433 dendo
2067 1378 2204 1432 facti
2239 1395 2449 1434 sumus
2481 1378 2585 1433 filii
2619 1380 2754 1447 Dei;
2789 1381 2872 1436 sic
2903 1386 2960 1436 et
2987 1398 3090 1438 vos
3119 1381 3180 1437 in
3213 1381 3495 1454 praeputio

1841 1466 2170 1534 credentes,
2197 1482 2404 1522 omnes
2437 1467 2540 1522 ﬁlii
2574 1467 2674 1523 Dei
2707 1469 2894 1524 effecti
2915 1470 3077 1526 estis.
3111 1472 3300 1535 Quare
3359 1484 3496 1540 ergo

1839 1555 1910 1609 ad
1945 1554 2091 1626 legis
2127 1554 2464 1616 servitutem
2498 1557 2751 1613 transire
2776 1557 3000 1614 vultis?

1913 1643 2174 1706 Qualiter
2206 1644 2339 1699 facti
2373 1645 2593 1701 fuerint
2623 1645 2727 1700 ﬁlii
2761 1647 3038 1711 ostendit,
3068 1663 3202 1702 cum
3245 1646 3495 1716 subjun-

1839 1730 1961 1803 git:
1997 1730 2148 1786 Misit
2180 1731 2456 1802 Spiritum
2513 1734 2645 1789 Filii
2688 1737 2800 1798 sui,
2832 1739 2942 1790 etc.
2994 1735 3145 1790 Sane
3191 1733 3496 1790 sciendum

1839 1813 1978 1890 quia
2009 1821 2372 1876 consuetudo
2404 1827 2530 1876 erat
2560 1821 2618 1876 in
2651 1821 2973 1893 primordio
2994 1821 3264 1877 Ecclesiae
3287 1825 3352 1876 ut
3372 1837 3495 1876 cre-

1841 1908 2116 1964 dentibus
2160 1909 2646 1966 manifestissime
2693 1911 2932 1966 daretur
2978 1910 3213 1982 aliquod
3248 1907 3497 1981 speciale

1841 1998 2062 2052 donum
2097 1997 2286 2052 sancti
2308 1997 2588 2068 Spiritus.
2613 1998 2730 2053 Hoc
2752 1999 2983 2054 donoet
3003 1998 3194 2070 gratia
3228 2012 3494 2068 compes-

1840 2086 1963 2152 cuit
1993 2086 2203 2140 beatus
2235 2085 2439 2140 Petrus
2469 2086 2680 2140 fratres
2737 2091 3178 2141 murmurantes
3209 2101 3390 2157 quare
3420 2085 3493 2138 ad

1838 2172 2029 2230 virum
2078 2172 2431 2242 praeputium
2489 2172 2802 2228 habentem
2868 2173 3192 2228 introierit:
3242 2174 3370 2244 Ego,
3403 2174 3493 2228 in-

1842 2261 1988 2332 quit,
2008 2261 2130 2331 quis
2161 2275 2334 2329 eram,
2367 2261 2464 2330 qui
2489 2276 2698 2331 possem
2727 2261 3013 2332 prohibere
3042 2262 3212 2316 Deum
3241 2262 3376 2332 (Act.
3408 2279 3489 2332 xi,

1846 2348 1955 2418 17),
1989 2351 2054 2402 ut
2085 2363 2197 2402 non
2233 2347 2673 2417 baptizarentur
2701 2347 2759 2402 hi
2792 2350 2892 2420 qui
2915 2347 3199 2420 Spiritum
3222 2354 3492 2404 sanctum

1848 2433 2232 2507 acceperant?
2261 2435 2356 2490 His
2384 2435 2611 2500 auditis,
2633 2440 2938 2502 tacuerunt,
2960 2440 3071 2492 etc.
3091 2437 3260 2507 (Ibid.
3287 2437 3492 2508 18).Ρὶ-

1846 2525 1914 2579 lii
1945 2523 2216 2595 Spiritum
2251 2522 2391 2578 dicit
2433 2524 2716 2579 adversus
2765 2523 3087 2594 haereticos,
3119 2531 3185 2580 ut
3224 2525 3496 2581 ostendat

1846 2612 1986 2683 quia
2018 2611 2174 2667 sicut
2203 2628 2236 2666 a
2270 2612 2434 2667 Patre
2466 2612 2746 2684 procedit,
2779 2613 2863 2668 sic
2893 2613 3068 2668 etiam
3102 2629 3137 2668 a
3165 2612 3335 2669 Filio.
3369 2614 3494 2669 Cla-

1843 2705 2090 2754 mantem
2119 2699 2345 2769 dicit,id
2370 2705 2460 2754 est
2481 2699 2734 2756 clamare
2757 2702 3086 2756 facientem.
3119 2701 3268 2756 Abba
3297 2719 3492 2758 sermo

1845 2788 2122 2844 Hebraeus
2148 2792 2257 2853 est,
2288 2793 2462 2860 atque
2492 2788 2708 2858 Syrus;
2744 2795 2909 2861 pater
2955 2806 3089 2846 vero
3127 2790 3362 2846 Graecus
3407 2796 3493 2846 at-

1845 2892 1959 2947 que
1994 2875 2258 2934 Latinus.
2292 2875 2546 2947 Ideoque
2575 2880 2893 2948 utrumque
2925 2876 3125 2950 posuit
3153 2876 3494 2950 Apostolus,

1845 2965 1985 3036 quia
2012 2964 2363 3036 praevidebat
2392 2981 2598 3020 omnes
2629 2971 2833 3036 gentes
2863 2967 3213 3034 crediturae,
3247 2971 3310 3020 ut
3348 2983 3495 3021 una-

1846 3068 2094 3124 quaeque
2116 3052 2528 3123 proprietatem
2544 3052 2756 3126 linguee
2770 3059 3193 3124 agnosceret,et
3210 3053 3268 3109 in
3291 3054 3494 3110 eadem

1845 3141 2031 3198 Deum
2063 3139 2348 3196 laudaret.

1917 3229 2228 3300 Sequitur:
2263 3230 2450 3299 Itaque
2495 3230 2618 3299 jam
2645 3245 2755 3285 non
2778 3241 2858 3284 est
2913 3246 3122 3301 servus,
3151 3230 3243 3286 sed
3296 3231 3494 3286 Filius.

74 3313 302 3383 mirum,
336 3316 386 3372 si
425 3318 622 3373 factus
655 3323 746 3373 est
799 3319 909 3375 sub
967 3317 1114 3391 lege,
1147 3325 1214 3374 ut
1271 3321 1584 3376 redimeret
1629 3320 1734 3392 qui
1765 3305 1808 3372 C
1846 3317 2024 3382 Quasi
2056 3316 2314 3372 diceret:
2347 3316 2391 3371 Ο
2420 3315 2655 3383 Galatae,
2701 3318 2842 3388 quia
2886 3318 3168 3389 Spiritum
3224 3323 3496 3374 sanctum

74 3403 172 3458 sub
201 3403 328 3476 lege
362 3410 558 3472 erant,
595 3423 731 3462 cum
787 3407 980 3463 factus
1029 3411 1108 3464 sit
1147 3408 1439 3475 mortalis,
1472 3415 1536 3465 ut
1565 3427 1674 3466 nos
1703 3427 1738 3466 a

77 3498 252 3548 morte
283 3493 629 3551 liberaret?

140 3581 419 3654 Sequitur
449 3601 462 3639 :
497 3585 561 3641 Ut
578 3584 937 3656 adoptionem
957 3587 1208 3656 ﬁliorum
1230 3588 1609 3658 reciperemus.
1635 3588 1739 3642 His

80 3670 262 3726 verbis
286 3677 563 3728 nostram
595 3673 941 3745 dignitatem
973 3677 1045 3731 ab
1079 3675 1238 3731 illius
1261 3676 1742 3748 distinguit,quia

77 3755 170 3813 ille
186 3761 370 3817 Filius
396 3761 683 3835 proprius
705 3763 1082 3834 quidem,nos
1105 3771 1300 3820 autem
1321 3766 1574 3836 adoptivi
1604 3783 1616 3832 ;
1644 3764 1742 3819 ille

80 3851 302 3916 natura,
329 3867 443 3906 nos
466 3849 684 3924 gratia.
710 3851 777 3907 Et
799 3857 938 3908 nota
960 3853 1099 3924 quia
1129 3871 1243 3909 non
1277 3853 1420 3908 dicit
1450 3855 1739 3926 accipere~

80 3939 331 4006 mus,sed
356 3941 761 4012 reciperemus.
788 3942 1017 4012 Accipit
1045 3942 1201 3998 enim
1233 3942 1410 3998 homo
1440 3944 1592 4011 quod
1625 3959 1742 3998 non

79 4022 262 4098 habet,
289 4029 514 4100 recipit
546 4030 702 4101 quod
735 4030 955 4085 amisit.
985 4031 1135 4103 Ergo
1177 4033 1545 4102 reciperemus
1577 4031 1741 4102 dicit,

82 4110 233 4170 illam
263 4117 502 4174 scilicet
538 4118 890 4190 dignitatem
913 4135 1091 4190 quam
1116 4120 1175 4174 in
1201 4121 1387 4175 Adam
1410 4120 1741 4176 amisimus.

84 4201 136 4254 8i
165 4209 359 4261 autem
395 4207 526 4262 haec
559 4205 887 4263 similitudo
920 4208 1207 4264 referatur
1235 4209 1303 4264 ad
1355 4210 1623 4281 gentiles,
1656 4212 1747 4264 est

86 4288 472 4352 alterexitus.
507 4295 691 4353 Paulo
724 4297 998 4368 superius
1028 4296 1214 4369 legem
1257 4297 1608 4353 assimilavit
1632 4315 1746 4370 poe-

89 4378 560 4455 dagogo,deinde
585 4387 814 4441 tutores
844 4390 902 4440 et
932 4390 1158 4442 actores
1183 4387 1386 4441 mundi
1419 4385 1744 4442 elementis.

89 4465 192 4525 Iste
204 4487 340 4545 ergo
355 4471 1619 4546 minorpOpulus,idestecclesiasticus,quiu
1632 4490 1747 4529 non

90 4573 153 4612 ex
177 4564 423 4630 uno,sed
457 4581 531 4619 ex
562 4563 818 4628 duobus,
873 4563 1153 4620 collectus
1196 4570 1284 4620 est
1315 4564 1586 4637 pupulus,
1620 4564 1749 4619 ideo

89 4653 316 4720 propter
330 4651 362 4707 J
372 4653 581 4708 udaeos
595 4651 783 4725 legem
809 4654 1256 4725 paedagogo,pro
1263 4659 1387 4724 pter
1398 4653 1644 4724 gentiles
1658 4658 1749 4708 tu-
1783 4671 1829 4735 D

89 4740 234 4794 tores
255 4741 622 4798 assimilavit
638 4740 1110 4814 elementis,quia
1139 4741 1446 4798 elementis
1472 4742 1754 4798 deservie-

94 4831 237 4894 rant,
273 4830 326 4885 id
363 4835 481 4900 est,
519 4829 632 4887 soli
664 4835 722 4887 et
751 4831 927 4896 lunae,
961 4836 1016 4887 et
1046 4831 1289 4887 caeteris.
1314 4831 1531 4886 Verum
1552 4831 1600 4886 si
1629 4831 1752 4886 haec

90 4915 151 4968 ad
184 4919 438 4990 gentiles
473 4921 788 4991 referatur,
823 4937 941 4976 non
975 4921 1148 4976 debet
1181 4919 1362 4975 videri
1395 4920 1751 4975 contrarium

95 5006 240 5074 quod
271 5007 441 5076 dicit,
479 5011 567 5064 ita
599 5012 650 5063 et
677 5025 795 5076 nos,
831 5009 967 5080 quia
998 5009 1123 5082 ipse
1154 5011 1358 5066 doctor
1385 5015 1444 5064 et
1472 5008 1756 5080 magister

98 5107 254 5150 suam
287 5114 618 5169 personam
653 5098 922 5170 personis
951 5098 1191 5154 sociavit
1248 5099 1609 5153 auditorum.
1642 5097 1755 5152 Nec

94 5177 252 5239 debet
281 5186 467 5242 etiam
503 5185 652 5241 illud
685 5185 866 5242 videri
899 5187 1284 5253 contrarium,
1313 5187 1468 5257 quod
1519 5186 1757 5242 nomine

93 5267 518 5331 elementorum
556 5275 768 5330 mundi
813 5275 964 5348 (930)
1023 5275 1278 5330 litteram
1337 5281 1438 5330 aut
1493 5291 1760 5331 caeremo-

156 5433 393 5508 (928)1711,
423 5440 637 5508 autog.
676 5451 870 5508 marg.
886 5435 992 5508 hic
1022 5435 1237 5508 legitur
1268 5451 1398 5506 cap.
1430 5434 1540 5508 XX.

167 5506 310 5575 (929)
344 5505 718 5563 Marcionem
771 5505 996 5563 scilicet
1049 5505 1106 5562 et
1163 5505 1463 5577 alios,’qui
1493 5505 1764 5561 volebant

107 5577 431 5646 putativam
468 5578 694 5634 Christi
727 5595 963 5634 carnem
997 5578 1199 5643 fuisse,
1233 5594 1483 5649 quorum
1519 5578 1767 5633 haereses

114 5652 426 5722 praevenire
460 5652 618 5706 forte
646 5649 831 5722 voluit
859 5650 1194 5722 Apostolus.

173 5719 318 5802 (939)
347 5722 577 5791 Verba,
609 5721 819 5798 quod...
850 5719 1070 5798 mundi,
1100 5719 1371 5784 addenda
1397 5733 1611 5781 sensus
1635 5733 1768 5794 gra-

1849 3406 2185 3478 accepistis,
2217 3408 2273 3460 et
2303 3404 2408 3459 filii
2438 3405 2540 3460 Dei
2571 3405 2755 3461 effecti
2787 3406 2948 3474 estis,
2978 3423 3159 3478 quare
3188 3423 3223 3462 a
3263 3406 3499 3462 liberta-

1846 3499 1903 3550 te
1936 3495 2007 3550 ad
2041 3493 2389 3549 servitutem
2421 3493 2673 3548 transire
2721 3493 2949 3549 vultis?
2979 3494 3086 3556 Qui
3118 3494 3390 3562 etiam,si
3429 3496 3496 3549 fi-

1846 3584 1911 3638 lii
1945 3584 2086 3639 estis
2117 3586 2174 3637 et
2206 3582 2489 3650 haeredes,
2524 3582 2662 3654 quia
2693 3582 2828 3638 filiis
2883 3583 3130 3638 debetur
3165 3582 3496 3638 hereditas.

1849 3673 1962 3729 Sed
1995 3676 2061 3727 ut
2092 3670 2291 3726 omnia
2338 3669 2670 3726 excluderet
2724 3671 3061 3743 Apostolus,
3095 3676 3336 3742 excepta
3364 3688 3498 3743 gra-

1848 3763 1950 3832 tia,
1986 3759 2218 3816 addidit
2242 3776 2347 3830 per
2376 3765 2597 3822 Deum;
2628 3761 2796 3831 quasi
2831 3760 3086 3816 diceret:
3119 3759 3245 3815 Non
3290 3759 3500 3816 vestris

1851 3850 2098 3917 meritis,
2136 3865 2325 3919 neque
2356 3853 2548 3904 vestro
2606 3854 2842 3916 conatu,
2893 3865 3083 3920 neque
3129 3865 3231 3920 per
3287 3847 3496 3919 legem,

1851 3941 1952 3996 sed
1984 3955 2087 4010 per
2115 3937 2365 4010 gratiam
2399 3937 2518 3992 Dei.

1923 4027 2028 4082 Sed
2058 4030 2189 4080 tunc
2219 4025 2462 4095 quidem,
2496 4030 2607 4081 etc.
2669 4025 2844 4088 Quasi
2902 4027 3154 4081 diceret:
3216 4030 3354 4080 Cum
3397 4041 3501 4080 vos

1852 4118 2192 4189 ignorantes
2226 4113 2409 4169 Deum
2439 4114 2847 4181 essetis,idolis
2867 4114 3226 4183 serviebatis,
3250 4119 3307 4170 et
3327 4113 3501 4168 idcir-

1854 4223 1919 4262 co
1953 4209 2092 4259 tunc
2126 4203 2292 4258 facile
2323 4202 2752 4274 indulgentiam
2793 4202 3306 4275 promerebamini.
3339 4207 3503 4258 Atro-

1855 4295 1982 4350 cius
2011 4292 2093 4347 illi
2128 4292 2466 4364 punientur,
2499 4292 2599 4363 qui
2632 4293 2883 4348 scienter
2913 4298 3368 4363 peccant,quam
3401 4291 3506 4360 qui

1856 4383 2215 4455 ignoranter.
2252 4381 2321 4435 Et
2348 4380 2462 4435 tale
2519 4384 2608 4435 cst
2663 4381 2771 4435 hoc
2803 4380 2974 4452 quale
3006 4385 3063 4435 et
3093 4379 3239 4433 illud
3266 4378 3505 4433 Abime-

1856 4469 1982 4525 lech
2017 4468 2358 4539 accipientis
2391 4468 2594 4522 Suram
2629 4484 2866 4522 uxorem
2891 4467 3154 4534 Abrahae,
3179 4466 3348 4535 cujus
3380 4464 3504 4520 vul-

1857 4575 1990 4614 vam
2023 4558 2237 4612 domus
2268 4572 2402 4610 eum
2436 4556 2825 4624 percussisset
2856 4555 3282 4626 Deus(932),ait
3305 4572 3317 4610 :
3341 4555 3504 4624 Num,

1861 4649 2107 4710 Domine,
2140 4648 2354 4713 gentem
2400 4645 2611 4714 justam
2665 4649 2718 4698 et
2777 4646 3127 4715 ignorantem
3166 4643 3508 4712 interﬁciens?

1864 4737 2017 4807 (Gen.
2050 4751 2143 4801 xx,
2177 4733 2256 4800 4.)
2286 4731 2462 4798 Quasi
2492 4732 2746 4788 diceret:
2776 4734 2830 4787 Si
2887 4733 3226 4805 ignoranter
3253 4731 3507 4803 peccavi,

1864 4842 1993 4897 quae
2019 4821 2250 4894 justitia
2282 4829 2389 4891 est,
2422 4826 2486 4876 ut
2513 4821 2943 4895 indulgentiam
2977 4838 3090 4878 non
3130 4818 3508 4893 promerear?

1865 4914 2028 4980 Quod
2063 4929 2178 4968 non
2213 4910 2403 4966 solum
2436 4912 2507 4967 de
2537 4911 2667 4981 hac,
2699 4912 2770 4967 de
2803 4926 3156 4983 unaquaque
3186 4925 3246 4964 re
3296 4906 3508 4963 intelli-

1861 5003 2119 5074 gendum
2151 5006 2260 5057 est.

1937 5091 2218 5165 Quomodo
2249 5091 2643 5148 convertimini
2669 5092 2894 5154 iterum,
2929 5093 3039 5144 etc.
3093 5087 3375 5159 Superius
3422 5086 3511 5141 di-

1870 5187 2031 5238 xerat
2055 5197 2066 5237 :
2093 5182 2390 5246 Elementa,
2415 5184 2472 5235 et
2491 5179 2877 5249 subjunxerat
2900 5197 2912 5245 ;
2939 5177 3125 5232 Mundi
3149 5194 3161 5244 ;
3186 5192 3342 5231 nunc
3381 5192 3514 5230 vero

1867 5287 2044 5326 vacua
2075 5270 2254 5325 dicit:
2280 5270 2352 5324 ob
2376 5268 2504 5335 hoc,
2523 5267 2662 5338 quia
2680 5266 2938 5339 primum
2970 5265 3308 5338 ignorantes
3331 5265 3516 5319 Deum

1869 5432 1954 5487 tia
1983 5430 2344 5486 censuimus.

1946 5503 2093 5572 (931)
2130 5502 2382 5555 Verbum
2416 5514 2600 5572 omnes
2632 5498 2689 5572 in
2722 5495 2892 5570 Vulg.
2928 5515 3044 5572 non
3078 5497 3311 5572 legitur.

1946 5567 2096 5642 (933)
2142 5576 2284 5627 Gen.
2343 5588 2435 5636 xx,
2474 5570 2582 5642 718,
2643 5567 2900 5642 fortasse
2939 5567 3251 5642 legendum
3302 5567 3520 5639 perclu-

1873 5640 2049 5702 δίεπε.
2081 5640 2438 5702 Concluserat
2469 5641 2647 5699 habet
2670 5640 2843 5713 Vulg.
2875 5640 2989 5699 Sed
3003 5640 3076 5698 'et
3103 5641 3184 5706 ita
3214 5644 3386 5698 recte.
