3902 6394
416 465 534 528 597
1444 456 1783 516 ATTONIS
1831 453 2411 515 VERCELLENSIS
2457 452 2808 514 EPISCOPI
3698 447 3800 509 528

419 598 591 654 idolis
621 595 972 658 serviebant,
1030 589 1404 663 postmodum
1463 604 1596 642 vero
1657 586 1925 642 notitiam
1969 585 2066 641 Dei
2097 591 2152 657 Α
2181 585 2423 640 tentatio
2457 599 2586 640 esse
2617 582 2838 640 Galatis
2869 579 3221 636 dicentibus.
3255 580 3390 642 Quae
3437 578 3542 648 vis,
3597 578 3678 634 vel
3715 577 3799 652 qui

419 686 722 753 habentes,
758 683 829 738 ad
866 680 1146 753 pristinos
1177 693 1401 732 errores
1459 677 1916 730 revertebantur.
1961 677 2072 730 Imo
2182 674 2406 730 fructus
2438 674 2496 728 in
2532 673 2628 728 tali
2661 670 2946 737 doctrina,
2982 686 3116 724 cum
3149 667 3337 740 ipsius
3369 667 3699 738 praedicator
3731 672 3800 722 tot

419 775 629 842 cogniti
657 774 786 828 sitis
813 771 984 842 (933),
1017 773 1125 823 etc.
1163 769 1275 821 Hoc
1305 766 1483 831 enim,
1544 765 1702 836 quod
1763 765 1922 834 dicit,
1955 781 2070 818 non
2182 763 2541 818 cruciatibus
2574 759 2915 832 affligatur?
2943 758 3001 813 In
3033 773 3199 814 carne
3255 773 3398 825 mea,
3461 757 3612 828 quod
3663 757 3801 822 dicit,

426 860 879 932 intelligendum
913 861 1002 912 est
1030 857 1206 910 Deum
1241 870 1307 908 ex
1339 853 1682 924 improviso,
1731 851 1819 906 vel
1851 853 2069 918 subito,
2184 850 2316 906 talis
2348 857 2438 907 est
2469 867 2702 918 sensus,
2736 848 2905 921 quasi
2938 848 3133 902 dicat:
3171 846 3442 916 Humilis,
3502 845 3800 917 despectus,

427 952 527 1002 aut
551 964 655 1019 per
684 952 947 1016 tempora
976 942 1200 1014 aliquid
1235 942 1576 1012 cognovisse
1603 959 1614 996 :
1652 941 1752 995 sed
1785 956 1850 994 eo
1901 939 2072 994 modo
2183 944 2241 994 et
2262 936 2736 1010 contemptibilis,
2759 936 2908 991 nihil
2940 939 3150 1006 sciens,
3180 934 3293 990 nisi
3318 933 3802 990 ChristumJesum

427 1035 660 1103 dicitur,
694 1050 808 1105 quo
827 1033 1085 1087 Joannes
1107 1029 1451 1098 :Diligamus
1473 1030 1639 1084 Deum
1663 1028 1926 1099 (Joan.1v,
1961 1027 2070 1096 19),
2182 1029 2226 1098 (1
2258 1028 2378 1083 Cor.
2410 1045 2469 1093 II,
2501 1029 2578 1098 2),
2607 1043 2740 1081 cum
2773 1042 2986 1092 essem,
3022 1041 3137 1080 non
3192 1019 3480 1095 respuistis
3509 1041 3522 1091 ;
3577 1022 3663 1079 sed
3687 1025 3806 1078 sicut

428 1137 543 1176 non
567 1121 704 1191 quia
730 1119 1039 1175 dileximus
1057 1118 1320 1185 eum,sed
1354 1117 1492 1188 quia
1525 1118 1648 1188 ipse
1676 1119 1836 1186 prior
1870 1115 2076 1169 dilexit
2182 1119 2440 1187 angelum
2470 1117 2584 1181 Dei,
2618 1115 2676 1170 id
2710 1114 3110 1181 est,nuntium
3144 1115 3431 1168 donorum
3485 1111 3806 1183 caelestium,

427 1224 546 1263 nos.
571 1207 796 1279 Cogniti
811 1206 968 1261 enim
991 1223 1200 1262 sumus
1212 1205 1557 1277 priusquam
1573 1205 2072 1277 cognovissemus,
2183 1208 2468 1276 accepistis
2489 1222 2510 1267 ;
2535 1210 2590 1260 et
2611 1221 2726 1259 non
2749 1202 2940 1259 solum
2967 1202 3066 1269 ita,
3099 1203 3199 1258 sed
3233 1206 3294 1256 ut
3328 1201 3602 1258 Christum
3625 1203 3802 1257 Jesum.

428 1295 708 1367 quoniam
741 1295 813 1350 ab
845 1295 973 1366 ipso
1003 1295 1176 1349 tracti
1211 1295 1432 1351 fuimus
1461 1297 1638 1364 (Joan.
1673 1311 1750 1364 v1,
1783 1294 1893 1363 44).
2183 1297 2253 1349 Et
2284 1299 2422 1350 nota
2453 1294 2595 1365 quia
2625 1293 2924 1348 Christum
2949 1289 3097 1363 (937)
3147 1291 3380 1362 prafert
3438 1291 3657 1364 angelo,
3691 1306 3804 1345 cum

496 1385 620 1440 Dies
648 1384 985 1444 observatis;
1015 1383 1073 1436 id
1131 1387 1241 1449 est,
1300 1383 1722 1451 Sabbatorum;
1758 1386 1814 1438 et
1841 1397 2071 1450 menses,
2187 1388 2419 1439 econtra
2470 1381 2784 1438 Psalmista
2815 1381 3090 1452 angelum
3121 1379 3371 1447 Christo,
3403 1386 3468 1434 ut
3522 1378 3700 1435 illud:
3729 1380 3807 1434 Mi-

429 1473 899 1540 neomeniarum,
935 1472 1043 1527 hoc
1074 1476 1185 1540 est,
1217 1483 1373 1527 nova:
1405 1471 1595 1527 lunas:
1631 1487 1766 1527 nam
1791 1485 2076 1525 mensesa
2183 1475 2363 1527 nuisti
2390 1488 2512 1527 eum
2533 1470 2700 1542 paulo
2720 1472 2912 1524 minus
2931 1469 3109 1538 (Psal.
3137 1469 3350 1539 vm,6);
3371 1469 3473 1524 sed
3495 1468 3574 1523 ibi
3597 1471 3810 1540 propter

422 1561 566 1617 luna
595 1562 1052 1633 computabant;
1086 1565 1144 1616 et
1173 1564 1450 1632 tempora;
1483 1562 1541 1615 id
1575 1565 1683 1626 est,
1753 1561 1865 1615 tria
1913 1558 2071 1623 anni,
2183 1559 2630 1627 humanitatem,
2663 1558 2756 1612 hic
2786 1574 2963 1613 caua
2993 1555 3334 1614 divinitatis.

423 1649 573 1722 (934)
604 1650 662 1704 in
696 1649 913 1722 quibus
943 1649 1208 1707 diversas
1239 1650 1675 1706 observationes
1702 1647 2076 1704 celebrabant
2260 1649 2357 1702 Ubi
2382 1651 2458 1702 est
2487 1663 2613 1714 ergo
2645 1646 2921 1701 beatitudo
2968 1649 3189 1701 vestra?
3231 1645 3407 1710 Quasi
3440 1646 3688 1701 diceret:
3717 1643 3809 1699 Ubi

422 1738 620 1809 (Exod.
652 1754 815 1803 xxm,
851 1739 960 1808 17),
991 1738 1228 1808 quando
1260 1738 1434 1794 etiam
1460 1741 1814 1809 praeceptum
1833 1739 1974 1800 erat,
2009 1738 2077 1788 ut
2184 1740 2273 1791 est
2302 1735 2549 1802 devotio,
2584 1735 2956 1805 religiositas,
2991 1739 3049 1790 et
3079 1734 3322 1790 affectus
3361 1734 3665 1790 charitatis
3693 1748 3813 1805 erga

427 1841 622 1880 omme
643 1824 1036 1880 masculinum
1057 1810 1363 1897 appareret
1383 1826 1443 1878 in
1466 1827 1781 1895 conspectu
1803 1823 2030 1878 Domini
2055 1840 2071 1875 :
2185 1839 2299 1889 me,
2332 1839 2507 1894 quem
2541 1821 2833 1878 habuistis
2857 1822 2885 1876 ?
2915 1821 3012 1897 Ut_
3043 1822 3126 1878 eis
3182 1824 3467 1896 pudorem
3509 1823 3810 1888 incuteret;

427 1916 486 1968 et
503 1928 698 1980 annos,
730 1912 790 1967 id
820 1917 928 1978 est,
952 1893 1257 1984 septi—nius,
1282 1913 1390 1968 hoc
1420 1915 1510 1969 est
1531 1893 1843 1968 sabbatum
1865 1912 2074 1966 sabba-
2110 1959 2155 2024 Β
2185 1893 2488 1966 audientes
2512 1910 2714 1982 quales
2736 1909 2969 1978 fuerint,
2986 1893 3043 1966 et
3062 1928 3124 1966 se
3145 1893 3637 1983 reprehensibiles
3662 1924 3811 1982 agno.

430 2006 620 2024 1----..
683 2005 733 2024 ,ι
764 2000 1060 2024 .‘.-L:|_--_.
2188 2003 2414 2024 --Α-1.-..
2441 2017 2452 2024 .
2487 1996 2683 2024 ι..12ι-..
2712 1997 3063 2024 ι--..,.ῑ,.-ι.-..
3119 1998 3178 2024 τ..
3217 2015 3326 2024 -..Α
3353 1998 3498 2024 ι’...ιλ
3526 2003 3811 2024 ...Α-Δηιπ-

430 2006 646 2067 torum,
679 2005 736 2056 et
757 2000 1086 2070 jubilaaum.
2110 1996 2155 2024 ”
2187 2003 2454 2066 scentes;
2487 1996 2683 2054 taliter
2712 1997 3081 2070 loquebatur.
3118 1998 3182 2052 In
3215 2015 3329 2070 quo
3353 1998 3500 2053 facto
3526 2003 3813 2053 monentur

509 2089 684 2143 Timeo
713 2103 827 2153 vos,
859 2092 970 2144 etc.
1011 2087 1154 2141 Vide
1211 2103 1388 2158 quam
1447 2091 1766 2158 temperate
1796 2086 2074 2158 loquitur.
2188 2087 2614 2159 pradicatores,
2649 2093 2713 2141 ut
2745 2086 2938 2141 taliter
2963 2103 3131 2159 agere
3163 2087 3441 2141 studeant
3497 2103 3639 2157 erga
3679 2101 3809 2140 suos.

354 2231 379 2249 κ
431 2181 558 2231 Νοη
591 2176 748 2231 enim
779 2175 927 2230 dixit
952 2192 965 2231 :
1000 2176 1129 2231 sine
1159 2193 1339 2231 causa
1368 2173 1644 2241 laboravi,
1679 2192 1750 2231 ne
1781 2176 1928 2230 forte
1951 2175 2078 2229 fun-
2260 2178 2645 2231 Testimonium
2665 2178 2814 2231 enim
2835 2176 3088 2248 perhibeo
3119 2177 3288 2243 vobis,
3319 2180 3427 2231 etc.
3462 2173 3811 2248 Hyperbolice

435 2265 593 2320 ditus
614 2281 713 2320 eos
734 2264 1010 2334 abjieeret
1035 2291 1050 2332 -,
1082 2265 1182 2320 sed
1217 2264 1364 2319 dixit
1393 2282 1404 2320 :
1431 2266 1508 2320 Ne
1564 2266 1704 2335 forte
1723 2266 1842 2318 sine
1870 2279 2037 2318 causa
2057 2279 2079 2324 ,·
2187 2265 2343 2321 enim
2366 2264 2477 2320 iste
2497 2265 2660 2320 locus
2687 2264 3100 2336 intelligendus
3129 2268 3217 2320 est
3242 2280 3254 2319 :
3283 2280 3418 2319 nam
3441 2262 3811 2336 exaggeratio-

433 2353 710 2425 quoniam
735 2369 839 2408 nec
860 2353 1125 2408 funditus
1145 2369 1244 2408 eos
1269 2354 1518 2424 abjicere
1542 2352 1746 2418 voluit,
1775 2369 1881 2408 noc
1904 2353 2078 2407 etiam
2191 2371 2323 2408 nem
2347 2352 2650 2408 cbaritatis
2673 2352 2797 2408 vult
2821 2353 3126 2408 ostendere
3147 2352 3207 2407 in
3231 2350 3552 2424 primordio
3570 2350 3810 2424 praedica-

431 2442 787 2496 ineorrectos
817 2457 1091 2509 manere;
1125 2442 1426 2512 quoniam,
1460 2441 1508 2495 si
1535 2441 1823 2505 funditus,
1874 2443 2080 2512 despe-
2189 2442 2712 2498 tionisGalatarum
2733 2440 3388 2512 ;ideotaliterloquitur,
3409 2439 3811 2512 quasidiceret:

432 2533 684 2594 rassent,
718 2528 766 2584 si
795 2529 1146 2585 incorrectos
1175 2530 1344 2601 (935),
1377 2529 1509 2585 aliis
1564 2531 1898 2600 exemplum
1947 2545 2082 2600 per-
2191 2531 2347 2586 Adeo
2380 2547 2473 2586 me
2503 2530 2813 2598 dilexistis,
2845 2536 2910 2585 ut
2942 2530 2990 2586 si
3023 2530 3630 2602 recompensationem
3653 2529 3811 2583 Evan-

431 2617 608 2673 cundi
639 2617 1008 2673 tribuissent.
1043 2617 1313 2673 Ostendit
1339 2617 1496 2672 enim
1550 2618 1644 2672 his
1701 2618 1893 2672 verbis
1922 2633 1983 2672 se
2011 2618 2083 2673 de
2193 2619 2342 2691 gelio
2372 2619 2630 2674 tribuere
2662 2618 3022 2690 potuissetis,
3047 2618 3256 2674 vestris
3280 2618 3606 2674 luminibus
3625 2615 3813 2672 voluis-

435 2705 672 2760 illorum
705 2706 1084 2761 conversione
1114 2722 1231 2761 non
1263 2705 1563 2761 dubitare:
1597 2706 1774 2762 etiam
1807 2723 1904 2762 eos
1933 2707 2084 2761 resi-
2194 2707 2334 2763 setis
2356 2707 2655 2780 privari,et
2675 2713 2933 2764 vestrum
2962 2709 3247 2764 damnum
3272 2724 3468 2764 meum
3495 2706 3721 2763 lucrum
3742 2704 3815 2758 de-

437 2793 662 2866 piseere
693 2793 859 2849 velle.
2196 2800 2419 2868 putare.
2453 2796 2601 2862 Quid
2633 2796 2787 2852 enim
2842 2795 3080 2852 charius
3138 2797 3541 2852 membrorum
3590 2793 3745 2851 oculo
3769 2791 3815 2845 in

509 2884 688 2938 Estote
714 2884 856 2938 sicut
885 2890 936 2937 et
963 2897 1082 2954 ego.
1122 2882 1297 2946 Quasi
1331 2882 1549 2938 diceret
1579 2901 1591 2939 :
1627 2884 1785 2956 Rogo
1813 2900 1915 2940 vos
1970 2885 2085 2940 fra-
2196 2885 2384 2955 capite
2405 2885 2432 2938 ‘2
2457 2884 2720 2941 Nullum.
2751 2887 2938 2951 Quare
2966 2901 3102 2958 ergo
3134 2885 3242 2940 hoc
3290 2884 3480 2940 dicit?
3540 2885 3653 2940 Iste
3683 2881 3817 2938 enim

441 2975 562 3026 tres
591 2985 815 3041 omnes,
873 2969 1089 3043 legales
1147 2972 1583 3027 observationes
1641 2971 1971 3044 relinquite,
2032 2977 2089 3028 et
2195 2989 2368 3029 verus
2399 2974 2765 3045 praedicator,
2799 2978 2857 3029 et
2916 2973 3240 3046 discipulus
3297 2973 3560 3029 veritatis
3607 2967 3819 3027 mentiri

440 3059 765 3114 imitatores
795 3059 909 3114 mei
938 3063 1152 3115 estote:
1189 3059 1467 3129 quoniam
1499 3076 1626 3131 ego,
1653 3060 1754 3131 qui
1786 3061 2086 3132 quondam
2197 3077 2567 3134 nequaquam
2599 3067 2812 3134 potest.
2834 3062 2969 3132 Sed,
2994 3067 3060 3118 ut
3083 3063 3364 3132 diximus,
3385 3066 3458 3118 ad
3491 3074 3819 3135 exaggeran-

445 3146 753 3202 aemulator
771 3163 930 3202 eram
957 3146 1194 3218 legis,et
1221 3147 1491 3202 defensor
1513 3152 1891 3218 paternarum
1913 3149 2090 3204 tradi-
2197 3149 2332 3204 dam
2365 3151 2708 3206 charitatem
2740 3151 2823 3207 ita
2851 3150 3129 3222 loquitur.

445 3238 696 3301 tionum,
719 3235 916 3290 omnia
945 3235 1065 3302 illa,
1099 3235 1266 3306 quasi
1298 3240 1705 3307 purgamenta,
1731 3243 1787 3292 et
1807 3242 2086 3308 stercora,
2269 3240 2408 3309 Ergo
2459 3242 2719 3295 inimicus
2774 3241 2923 3296 vobis
2971 3243 3151 3312 factus
3206 3244 3374 3296 sum?
3419 3245 3536 3297 etc.
3568 3233 3818 3296 Nonnulli

415 3329 623 3402 atque
645 3323 994 3395 quisquilias
1016 3324 1309 3395 deputavi.
1342 3325 1484 3392 Quia
1512 3333 1563 3380 et
1588 3342 1684 3394 ego
1712 3328 1854 3382 sicut
1883 3343 1992 3396 vos,
2026 3329 2083 3383 id
2116 3318 2159 3384 C
2199 3325 2647 3399 interrogative:
2710 3329 2949 3400 quidam
3009 3331 3187 3386 etiam
3245 3330 3541 3385 narrative
3598 3322 3818 3402 proferri

443 3418 551 3484 est,
583 3413 738 3468 sicut
766 3429 867 3468 vos
897 3412 1185 3483 homines,
1245 3414 1325 3468 ita
1380 3418 1436 3468 et
1489 3430 1594 3487 ego
1652 3415 1827 3471 homo
1888 3417 1959 3471 ab
1990 3416 2083 3473 his
2194 3417 2394 3473 volunt
2415 3417 2570 3472 hunc
2593 3418 2960 3484 locumzsed,
2986 3418 3487 3490 siinterrogative,
3513 3419 3622 3475 hoc
3644 3415 3814 3482 modo,

437 3519 730 3575 egressus,
760 3506 818 3557 et
844 3517 944 3557 vos
975 3503 1170 3573 egredi
1202 3503 1490 3573 poteritis.
2195 3507 2362 3578 quasi
2387 3506 2642 3561 diceret:
2677 3508 2865 3571 Quare
2920 3507 3196 3563 inimicus
3252 3507 3416 3564 vobis
3450 3509 3641 3563 factus
3681 3519 3813 3567 sum,

507 3591 655 3664 (936)
674 3592 891 3645 Fratres
921 3590 1132 3646 obsecro
1161 3606 1273 3656 vos,
1332 3595 1440 3646 etc.
1505 3591 1643 3647 Post
1697 3593 1914 3648 multas
1957 3611 2082 3650 cor-
2193 3612 2395 3650 verum
2421 3594 2664 3650 dic-endo
2685 3595 2713 3649 ?
2733 3594 3030 3652 Narrative
3043 3613 3176 3653 vero
3199 3597 3317 3652 ita:
3345 3595 3630 3653 Inimicus
3651 3595 3814 3651 factus

438 3679 728 3734 rectiones
757 3683 816 3734 et
842 3678 1292 3749 increpationes,
1325 3679 1576 3748 pristina
1632 3681 1783 3734 bona
1840 3682 1912 3735 ad
1963 3699 2083 3738 me-
2194 3701 2347 3752 sum,
2379 3699 2580 3738 verum
2612 3684 2857 3739 dicendo
2882 3683 3067 3740 vobis.

440 3768 689 3823 moriam
722 3771 970 3836 revocat,
1030 3766 1268 3822 dicens:
1329 3767 1478 3821 Nihil
1527 3784 1613 3822 me
1671 3769 1910 3841 (arsistis,
1971 3775 2080 3827 etc.
2263 3772 2409 3843 (938)
2457 3773 2951 3844 /Emutanturvos,
2984 3778 3140 3841 etc.;
3199 3775 3256 3830 id
3316 3779 3425 3843 est,
3460 3771 3815 3830 invidentiam

440 3855 617 3921 Quasi
639 3854 1103 3910 dicat:Recotite
1122 3855 1334 3925 quiain
1369 3856 1845 3926 primordiomeae
1877 3859 2082 3929 praedi-
2193 3860 2428 3928 habent,
2463 3860 2601 3932 quia
2649 3862 2872 3933 absque
2929 3861 3380 3919 circumcisione
3435 3865 3512 3920 ad
3573 3860 3816 3919 notitiam

438 3944 707 4012 cationis,
731 3960 864 3998 cum
887 3943 1130 3998 minoris
1149 3943 1354 3999 essetis
1375 3944 1793 4017 intelligentiae,
1823 3947 1967 4002 nihil
1990 3965 2083 4004 me
2192 3949 2406 4004 Christi
2427 3951 2692 4006 transitis
2719 3969 2731 4018 ;
2766 3951 2838 4006 ob
2857 3951 3141 4024 boc,quia
3173 3951 3292 4008 illis
3323 3953 3652 4024 promissus
3672 3946 3817 4022 (939),

436 4032 706 4089 lmsistis:
734 4048 913 4104 quare
931 4049 1257 4098 nunc,cum
1272 4032 1856 4106 magisintelligatis?
1874 4037 1941 4090 Et
1974 4037 2082 4094 hoc
2191 4037 2308 4093 illis
2330 4038 2682 4110 praedicavit,
2714 4056 2782 4094 ex
2811 4039 2957 4111 ipsis
2987 4041 3166 4096 etiam
3219 4057 3456 4098 carnem
3502 4039 3731 4114 accepit.
3761 4034 3817 4089 Et

435 4122 590 4189 ideo,
623 4126 689 4175 ut
718 4121 852 4192 ipsi,
885 4121 1136 4192 pristina
1163 4122 1316 4177 bona
1364 4123 1684 4190 audientes,
1720 4141 1833 4178 non
1876 4125 2080 4197 despe-
2191 4144 2372 4198 quare
2389 4143 2505 4184 non
2531 4129 2683 4198 bene,
2706 4128 2832 4200 ipse
2854 4129 3112 4201 exponit.
3144 4131 3452 4188 Excludere
3499 4148 3588 4188 vos
3632 4127 3816 4190 volunt,

436 4214 651 4266 rarent.
680 4211 741 4264 In
767 4225 883 4279 quo
907 4209 1053 4264 facto
1077 4214 1391 4264 monentur
1415 4212 1914 4282 praedicatores,ut
1944 4230 2078 4269 cum
2188 4221 2248 4269 ut
2271 4217 2400 4270 illos
2418 4217 2800 4279 aemulemini;
2827 4217 2886 4272 id
2917 4222 3025 4290 est,
3059 4218 3395 4276 imitemini.

434 4315 574 4354 suos
604 4297 929 4368 increpant,
962 4298 1215 4369 pristina
1244 4299 1397 4354 bona
1428 4299 1499 4354 ad
1529 4300 1871 4356 memoriam
1916 4319 2077 4358 revo-
2258 4309 2478 4361 Bonum
2501 4311 2687 4361 autem
2713 4307 3068 4363 (emulamini
3096 4309 3157 4362 in
3189 4310 3344 4379 bono,
3408 4309 3465 4364 id
3521 4313 3630 4375 est,
3678 4306 3813 4360 bona

431 4390 582 4454 cent,
612 4401 684 4441 ne
745 4386 877 4457 ipsi,
937 4387 1324 4458 desperando,
1387 4388 1803 4444 abundantiori
1843 4390 2080 4448 tristitia
2187 4391 2593 4460 intentione,et
2614 4410 2729 4449 non
2751 4395 2823 4450 ad
2847 4399 3100 4467 tempus,
3125 4396 3225 4452 sed
3246 4397 3563 4468 θείημεν-λη
3585 4391 3811 4466 singulis

428 4473 876 4530 absorbeantur.
2188 4497 2442 4552 namque
2463 4482 2653 4538 verbis
2680 4483 2932 4555 percutit
2956 4483 3322 4558 Galatas,qui
3341 4487 3553 4542 imitati
3569 4487 3682 4558 iam
3703 4481 3809 4537 fue-

499 4562 664 4617 Scitis
691 4567 896 4630 autem,
929 4568 1040 4619 etc.
1103 4564 1513 4621 Infirmitatem
1572 4583 1828 4638 namque
1884 4570 2076 4626 carnis
2188 4577 2320 4626 rant
2351 4573 2503 4626 bona
2524 4571 2864 4640 intentione,
2895 4573 2998 4628 sed
3028 4578 3222 4630 tamen
3256 4592 3370 4632 non
3403 4591 3655 4648 semper,
3688 4568 3808 4641 quia

425 4666 629 4751 eorum
661 4668 904 4751 parvum
937 4652 1193 4751 appellat
1240 4653 1607 4751 intellectum
1631 4674 1642 4723 ;
1677 4657 1846 4727 quasi
1877 4658 2066 4714 dicat:
2102 4687 2150 4751 D
2187 4665 2522 4715 recesserat.
2550 4662 2616 4715 Et
2636 4660 2744 4715 hoc
2773 4665 2881 4732 est,
2903 4663 3058 4733 quod
3083 4664 3323 4720 subdit:
3358 4666 3424 4721 Ει
3451 4682 3563 4722 non
3593 4670 3805 4722 tantum,

424 4739 550 4795 Non
579 4741 958 4812 profundiore.
977 4742 1283 4812 praedicavi
1310 4744 1610 4812 vobis,sed
1639 4760 1841 4818 eaquae
1869 4763 2073 4819 capere
2102 4739 2145 4751 ”
2182 4766 2307 4803 cum
2330 4764 2580 4820 presseris
2607 4766 2732 4804 sum
2790 4751 2937 4821 apud
2992 4768 3081 4807 vos
3101 4771 3124 4817 ;
3176 4753 3347 4824 quasi
3405 4754 3656 4810 diceret:
3697 4748 3806 4803 Non

422 4829 718 4899 potuistis.
750 4830 817 4885 Et
837 4831 1198 4884 ten-tationem
1226 4838 1482 4902 vestram,
1543 4839 1651 4888 etc.
1712 4836 1874 4899 Quod
1908 4836 2066 4906 dicit,
2183 4844 2409 4892 tantum
2443 4855 2537 4894 me
2567 4839 2883 4894 imitamini
2915 4856 3050 4895 cum
3082 4843 3293 4897 adsum
3326 4844 3426 4898 sed
3485 4843 3658 4898 etiam
3688 4849 3806 4893 cum

421 4920 1132 4984 tentationem,notandum
1157 4918 1295 4990 quia
1316 4920 1372 4973 in
1397 4920 1719 4990 primordio
1733 4927 2068 4995 sumprmdi-
2179 4928 2406 4982 desum.

418 5005 664 5062 cationis
719 5007 1036 5079 Apostolus
1095 5007 1315 5062 multas
1371 5009 1607 5078 pertulit
1665 5012 2063 5086 adversitates,
2248 5018 2394 5088 (9/10)
2426 5017 2736 5088 Sequitur:
2765 5019 2952 5074 Filioli
2995 5021 3125 5085 mei,
3150 5037 3280 5092 quos
3323 5023 3526 5077 iter-um
3552 5015 3802 5093 periurio,

415 5094 736 5166 multisque
767 5096 1250 5152 tribulationibus
1270 5101 1360 5151 est
1375 5097 1627 5152 afﬂictus
1651 5114 1664 5152 :
1691 5115 1817 5169 quae
1840 5108 2065 5173 poterat
2175 5109 2283 5160 etc.
2308 5105 2458 5160 Sane
2479 5107 2802 5161 notandum
2828 5108 2969 5179 quia
2990 5125 3104 5164 non
3127 5109 3270 5166 dicit
3295 5127 3308 5167 :
3334 5113 3492 5177 Quos
3523 5104 3801 5183 parturioz

461 5283 1196 5380 ἶ(933)-ξεῗς-εξιζνιςξιὶεῗξηιξοοο
1223 5293 1432 5380 cogniti
1455 5294 1578 5347 sitis
1625 5291 1838 5365 legitur
1865 5312 2058 5368 cogno-
2242 5303 2388 5380 (923(3)
2419 5302 2522 5380 {lic
2555 5302 2612 5356 in
2645 5308 2840 5380 autog.
2879 5321 3063 5380 marg.
3096 5306 3313 5380 legitur
3339 5324 3468 5380 cap.
3504 5305 3648 5362 XXI.

413 5358 1458 5452 τ’ίὶἕῶΡξηῗὲλίηξῗῗὲφνῑίσμε,Ρείέεέβίι·
1681 5358 1729 5452 ἶ
2239 5358 3646 5452 (9375ExsequenﬁuslﬁgéEleusinia
3689 5373 3798 5428 ιοοο

488 5425 1028 5518 φξλξῖξξάί-ξξῃι,
1060 5433 1148 5518 l4,
1182 5425 1239 5486 et
1271 5451 1480 5514 .seqq.,
1509 5434 1738 5518 scilicet
1779 5438 2057 5518 solemni-
2165 5425 2628 5515 spiritu/militia

409 5500 590 5549 tatem
620 5498 991 5581 ᾼᾎΥῐξιοιζυῐην
1019 5496 1078 5581 ρῖ
1108 5496 1317 5581 messis
1350 5496 1800 5581 p'rimitivorum,
1821 5514 1878 5566 et
1918 5529 2054 5568 con-
2166 5496 2454 5572 divitis;
2486 5496 2540 5500 Ἦ
2566 5496 2624 5500 ’ἡ
2649 5496 2843 5518 ἡπσ
2869 5496 3182 5518 "omum
3207 5496 3298 5507 “”’
3320 5496 3505 5523 mm"

403 5567 924 5667 suirgggatti‘qp‘ieninn‘
946 5567 1648 5667 exitiamanniln:
1701 5653 1712 5667 ‘
1786 5567 1800 5581 ’
1865 5653 1878 5667 ‘
1964 5567 1970 5568 ⁷
2034 5658 2043 5667 ‘
2513 5592 2706 5667 autog.
2741 5603 2926 5667 marg.
2962 5589 3056 5646 hic
3087 5590 3303 5666 legitur
3332 5611 3460 5667 cap.
3496 5590 3670 5648 XXII.

473 5637 621 5707 (935)
654 5638 926 5692 Fortasse
969 5644 1020 5721 si
1065 5645 1358 5700 incorrecti
1385 5650 1733 5729 mansissent,
1793 5653 1881 5708 vel
1919 5658 2053 5724 post
2238 5637 2381 5744 ‘9395
2411 5637 2995 5718 Christus-videliiieti

473 5715 730 5769 correctos
755 5707 1256 5785 subaudiendum,
1289 5718 1620 5788 reliquisset.
2231 5661 2379 5809 E940)
2410 5731 2473 5787 In
2504 5733 2702 5804 autog.
2737 5747 2924 5809 marg.
2956 5734 2994 5792 h

401 5709 730 5770 incorrectos
755 5707 1256 5785 subaudiendum,
1289 5718 1620 5788 reliquisset.
1721 5707 1731 5719 ’
1842 5707 1848 5708 ί
1919 5707 1938 5724 ⁸
1967 5707 1981 5709 ﬁ
2007 5707 2048 5709 Π
2231 5707 2379 5809 (9ξὸ)
2410 5707 2702 5804 Inimici.
2722 5707 3050 5814 margin-ie
3081 5732 3298 5814 legitur
3323 5752 3452 5818 cap.
3483 5731 3688 5796 XXIII.
