3902 6396
412 455 524 522 531

1437 457 1772 522 ATTONIS
1816 449 2400 520 VERCELLENSIS
2447 452 2798 518 EPlSCOPI

3717 458 3834 523 532

482 588 793 662 Sequitur:
831 590 958 660 Qum
985 595 1116 647 sunt
1141 607 1243 664 per
1272 592 1595 661 allegoriam
1624 591 1794 656 dicta,
1825 588 2061 658 etc,Hoc
2092 589 2145 654 Α
2176 585 2430 656 gendum
2459 587 2558 652 sit,
2588 603 2699 642 vos.
2723 588 2793 642 Et
2820 586 2933 642 hoc
2962 602 3076 643 non
3120 591 3210 644 est
3266 590 3651 660 contrarium,
3699 595 3832 665 quia

409 679 537 736 loco
568 680 826 735 ostendit
871 680 1283 752 allegorizandi
1335 687 1392 735 et
1449 681 1667 753 figuras
1728 676 2066 750 requirendi
2175 673 2489 744 Apostolus
2521 675 2729 746 spiritu
2767 676 3104 748 prophetico
3135 678 3475 750 praeviderat
3499 680 3738 738 Galatas
3767 685 3830 739 ad

409 766 764 838 exemplum.
800 772 908 823 Per
939 774 1158 825 matres
1203 785 1476 840 namque,
1537 774 1595 823 et
1655 767 1804 823 filios
1861 782 2064 822 earum

411 855 669 912 ostendit
698 855 947 928 intelligi
967 858 1175 913 debere
1188 859 1304 912 duo
1326 860 1762 926 testamenta,et
1805 857 1954 911 duos
1971 871 2068 926 po-

413 943 624 1015 pulos:
658 945 716 999 in
747 961 861 1016 quo
892 963 1096 1001 omnes
1130 947 1503 1002 consentiunt
1533 950 1826 1010 auctores,
1879 960 2070 1015 quan-

415 1047 591 1103 quam
625 1033 936 1104 Apostolus
967 1052 1081 1090 non
1115 1040 1312 1107 aperte
1341 1036 1774 1106 interpretetur,
1799 1034 1899 1088 sed
1933 1036 2068 1086 tan-

414 1122 541 1176 tum
569 1121 881 1194 vestigium
912 1123 1332 1196 interpretandi
1377 1124 1667 1180 ostendat.

488 1210 804 1281 Sequitur:
836 1211 973 1267 Sina
1028 1215 1181 1267 enim
1216 1229 1374 1268 mons
1433 1221 1511 1268 est
1559 1213 1620 1266 in
1675 1212 1902 1276 Arabia,
1959 1214 2069 1266 etc.

415 1301 710 1362 Quantum
732 1300 800 1354 ad
821 1300 1126 1356 historiam
1151 1301 1658 1372 pertinet,Arabici
1675 1305 1903 1355 montes
1941 1316 2075 1354 con—

410 1387 603 1458 juncti
635 1391 777 1442 sunt
803 1388 1750 1462 JerosolymitanisMysticevero,
1774 1405 1875 1460 per
1895 1388 2076 1442 diver-

419 1475 655 1531 sitatem
689 1475 951 1532 locorum
984 1479 1243 1534 ostendit
1264 1479 1604 1533 distantiam
1621 1478 1870 1532 duorum
1891 1480 2074 1531 testa-

421 1569 778 1621 mentorum.
813 1565 1059 1622 Pulchre
1079 1583 1336 1638 namque
1352 1566 1441 1622 lex
1464 1567 1786 1621 transitura
1804 1582 1903 1637 per
1922 1566 2078 1636 Agar

422 1651 788 1725 designatur,
822 1659 880 1708 et
907 1657 1060 1726 Agar
1090 1655 1512 1726 interpretatur
1540 1655 1834 1720 incolatus,
1860 1669 1961 1708 seu
1984 1668 2077 1722 pe-

421 1742 723 1809 regrinatio
753 1743 922 1810 (945).
941 1743 1084 1806 Quis
1114 1745 1270 1797 enim
1302 1742 1533 1814 ignorat
1559 1743 1712 1813 quod
1746 1739 2077 1812 peregrina-

420 1827 502 1884 tio
531 1827 702 1901 longe
732 1829 912 1884 distat
940 1847 973 1885 a
999 1836 1277 1902 perpetua
1301 1831 1636 1886 haereditate
1657 1831 1684 1884 ‘2
1708 1831 1880 1885 Recte
1900 1830 2076 1884 etiam

422 1915 552 1987 ipsa
581 1915 673 1971 lex
702 1917 760 1972 in
792 1917 932 1972 Sina
958 1921 1016 1972 et
1044 1918 1102 1972 in
1127 1919 1336 1973 Arabia
1365 1919 1576 1985 datur;
1611 1917 1750 1989 quia
1771 1917 1912 1972 Sina
1960 1925 2076 1972 ten-

419 2006 571 2060 tatio.
605 2005 822 2060 Arabia
850 2021 983 2061 vero
1014 2007 1239 2061 occidua
1263 2006 1844 2078 interpretatur.ldeo
1877 2010 2072 2061 autem

425 2091 604 2148 dicit:
668 2094 1008 2164 Conjunctus
1065 2100 1146 2150 est
1201 2097 1272 2161 ei,
1306 2110 1432 2166 quae
1500 2112 1648 2150 nunc
1729 2096 2072 2162 Jerusalem;

422 2181 564 2252 quia
612 2181 710 2237 ille
766 2183 1038 2254 populus,
1067 2183 1168 2254 qui
1225 2182 1381 2240 circa
1433 2183 1630 2238 Sinam
1718 2183 1905 2254 legem
1976 2198 2077 2237 ac-

422 2269 596 2340 cepit,
628 2269 920 2326 habitator
974 2271 1268 2327 terrestris
1313 2271 1638 2327 Jerusalem
1699 2272 2076 2344 postmodum

423 2357 666 2414 exstitit.

495 2446 806 2516 Sequitur:
843 2448 943 2502 Illa
974 2451 1177 2512 autem,
1209 2463 1335 2519 qua:
1361 2465 1581 2504 sursum
1608 2457 1710 2515 est,
1740 2449 2076 2518 Jerusalem,

425 2534 603 2590 libera
633 2543 709 2590 est
737 2538 846 2590 etc.
880 2534 1204 2607 Distinguit
1230 2541 1569 2592 terrestrem
1590 2536 2079 2607 Jerusalem,qum

422 2624 598 2680 servit
625 2639 751 2677 cum
778 2624 915 2693 ﬁliis
944 2625 1082 2687 suis,
1113 2625 1184 2680 ab
1216 2623 1317 2678 illa
1347 2625 1567 2679 cmlesti
1592 2642 1605 2679 :
1641 2625 2080 2696 namqueJeru-

423 2711 606 2768 salem
637 2716 841 2767 sancta
871 2711 1128 2768 Ecclesia
1157 2717 1248 2768 est
1274 2712 1673 2784 intelligenda,
1707 2730 1832 2784 quae
1867 2714 2081 2784 partim

423 2799 830 2870 peregrinatur
858 2799 916 2854 in
950 2801 1494 2870 terra,partimcum
1531 2803 1641 2856 Deo
1666 2812 1867 2874 regnat
1893 2803 1949 2857 in
1975 2820 2083 2857 cce-

424 2885 536 2942 lis:
570 2891 627 2942 et
658 2886 792 2942 licet
817 2888 875 2942 in
906 2893 1063 2944 terra
1083 2888 1586 2953 habitet,coelestis
1607 2892 2082 2962 est,tamen,quia

426 2975 556 3045 ejus
585 2976 946 3031 conversatio
980 2976 1037 3031 in
1070 2976 1230 3032 caelis
1252 2982 1342 3032 est
1369 2994 1380 3032 :
1417 2994 1542 3047 quae
1574 2979 1753 3033 etiam
1781 2979 1926 3034 bene
1955 2997 2080 3035 om-

427 3079 593 3120 nium
625 3064 885 3120 fidelium
911 3071 1099 3120 mater
1121 3066 1503 3138 dieitur,quia
1518 3084 1721 3123 omnes
1740 3084 1842 3139 per
1866 3085 2080 3140 aquam

426 3152 872 3224 baptismatisin
904 3171 1081 3209 unam
1104 3153 1412 3210 infantiam
1431 3161 1596 3227 partu
1607 3157 1774 3212 rit.Et
1794 3159 1933 3229 quia
1947 3159 2083 3213 dua-

431 3257 566 3296 rum
601 3244 858 3296 matrum
918 3243 1133 3298 fecerat
1171 3245 1550 3309 mentionem,
1604 3245 1786 3301 voluit
1813 3248 2080 3319 exemplo

2178 762 2488 834 pristinam
2513 764 2688 818 fidem
2717 781 3048 821 reversuros
3079 784 3092 834 ;
3123 767 3378 823 maxime
3408 770 3547 840 quia
3568 787 3686 827 non
3720 778 3832 828 stu-

2177 851 2293 914 dio,
2327 851 2427 906 sed
2460 851 2791 924 ignorantia
2812 861 3229 926 peccaverunt.

2247 939 2560 1011 Sequitur:
2644 943 2756 998 Sed
2810 943 3075 1012 quomodo
3134 952 3260 1000 tunc
3352 948 3655 1004 secundum
3713 967 3832 1006 car-

2179 1043 2305 1082 nem
2331 1033 2494 1082 natus
2545 1031 2750 1099 fuerat,
2808 1036 2921 1086 etc.
2963 1035 3082 1086 Hoc
3113 1049 3229 1086 non
3260 1031 3476 1106 legitur
3503 1035 3562 1090 in
3596 1037 3835 1095 historia

2180 1113 2311 1170 libri
2341 1117 2618 1183 Genesis;
2650 1118 2921 1174 videlicet
2951 1121 3104 1190 quod
3137 1122 3346 1177 Ismael
3385 1131 3730 1194 persecutus
3770 1130 3838 1185 sit

2183 1203 2379 1258 Isaac:
2413 1211 2816 1262 verumtamen
2847 1207 3081 1279 legitur,
3145 1211 3324 1280 quod,
3384 1229 3518 1268 cum
3573 1209 3838 1271 luderent

2183 1292 2355 1347 ambo
2387 1293 2586 1348 simul.
2634 1295 2889 1366 graviter
2919 1297 3027 1352 hoc
3080 1299 3301 1370 accepit
3347 1301 3509 1368 Sara,
3559 1309 3617 1358 et
3679 1304 3834 1359 dixit-

2183 1381 2328 1451 Ejice
2384 1383 2645 1437 ancillam
2699 1388 2753 1438 et
2798 1386 2981 1454 ﬁlium
3024 1387 3141 1456 ejus
3187 1393 3298 1444 etc.
3349 1391 3505 1460 (Gen.
3561 1408 3682 1460 XXI,
3738 1394 3838 1461 10)-

2185 1469 2351 1524 lllum
2387 1487 2644 1544 namque
2673 1471 2871 1529 lusum
2893 1475 3210 1546 Apostolus
3241 1480 3707 1548 persecutionem
3740 1498 3836 1552 ap-

2187 1559 2402 1630 pellat;
2437 1561 2536 1616 sed
2582 1561 2900 1617 videndum
2959 1569 3050 1619 est
3105 1581 3308 1636 quare.
3369 1567 3649 1624 Videlicet
3698 1569 3836 1641 legis

2186 1649 2388 1702 doctor
2416 1654 2539 1703 erat
2559 1665 2728 1705 secus
2760 1652 2935 1722 pedes
2985 1653 3324 1709 Gamalielis
3383 1656 3564 1725 legem
3623 1655 3837 1712 didice-

2188 1742 2309 1802 rat;
2341 1741 2398 1791 et
2425 1737 2565 1808 quia
2594 1737 2880 1793 intellexit
2915 1739 3031 1794 vim
3062 1739 3209 1813 legis
3242 1741 3439 1814 ipsum
3472 1742 3674 1798 lusum
3732 1761 3837 1800 non

2190 1824 2374 1880 fuisse
2404 1825 2733 1897 simplicem
2760 1845 2773 1891 ;
2808 1827 3056 1899 ideoque
3088 1831 3553 1900 persecutionem
3599 1833 3834 1887 vocavit.

2189 1914 2333 1969 Sara
2365 1930 2600 1986 quoque
2623 1914 2907 1970 intellexit
2929 1918 3084 1988 quod
3115 1918 3263 1973 forte
3276 1919 3445 1975 vellet
3464 1935 3598 1976 eum
3620 1921 3836 1977 trahere

2188 2003 2258 2056 ad
2292 2001 2807 2074 scurrilitatemut
2835 2004 3048 2060 similis
3079 2006 3192 2060 sibi
3219 2007 3402 2074 fieret,
3427 2013 3486 2064 et
3515 2009 3577 2064 in
3600 2009 3828 2066 haeredi-

2185 2096 2304 2146 tate
2335 2093 2585 2162 praaferri
2619 2099 2814 2164 posset
2842 2097 2976 2160 ;aut
2994 2099 3147 2149 certe
3161 2094 3340 2150 vellet
3360 2111 3500 2151 eum
3524 2097 3756 2154 trahere
3775 2099 3830 2152 ad

2185 2179 2408 2236 idolum
2435 2199 2447 2248 ;
2482 2185 2600 2245 aut,
2623 2182 2777 2253 quod
2802 2182 2992 2254 magis
3013 2183 3683 2256 doctoresjsuspicantur
3702 2187 3828 2257 (949)

2188 2269 2576 2342 primogenita
2648 2270 2761 2326 sibi
2817 2270 2991 2326 vellet
3042 2271 3374 2328 vindicare:
3425 2277 3484 2329 et
3539 2273 3676 2330 ideo
3726 2292 3831 2347 gra-

2186 2358 2332 2412 viter
2360 2357 2600 2431 accepit.
2636 2362 2854 2414 Verum
2879 2360 3036 2431 quod
3087 2360 3205 2415 ait:
3274 2363 3356 2416 Ita
3411 2365 3464 2416 et
3510 2378 3690 2428 nunc,
3746 2379 3832 2435 po-

2187 2450 2303 2502 test
2384 2447 2582 2502 referri
2667 2449 2738 2502 ad
2799 2448 3057 2514 Galatas,
3117 2453 3174 2503 et
3230 2449 3377 2522 legis
3447 2451 3828 2516 amulatores,

2190 2551 2295 2590 nec
2353 2553 2468 2591 non
2525 2537 2597 2591 ad
2652 2541 2833 2592 totam
2890 2536 3209 2592 Ecclesiam
3287 2543 3346 2593 et
3429 2555 3640 2596 omnes
3721 2557 3828 2596 car-

2192 2621 2378 2678 nales.

2263 2712 2576 2783 Sequitur;
2612 2713 2720 2768 Sed
2747 2713 2882 2784 quid
2912 2713 3049 2769 dicit
3085 2713 3436 2786 Scriptura?
3493 2716 3830 2773 Deterrentis

2189 2805 2278 2856 est
2307 2817 2519 2856 sermo.
2555 2802 2639 2856 Ad
2673 2803 3051 2858 deterrendos
3077 2803 3297 2875 quippe
3319 2804 3555 2860 Galatas
3583 2806 3694 2862 hoc
3717 2806 3831 2861 sub-

2183 2890 2380 2960 junxit
2408 2889 2740 2960 exemplum
2770 2907 2784 2957 ;
2813 2891 2985 2961 quasi
3016 2890 3234 2946 diceret
3259 2881 3278 2946 :'
3316 2897 3433 2948 Vos
3458 2909 3472 2960 ;
3493 2894 3600 2965 qui
3624 2895 3834 2950 ﬁliien-

2190 2977 2338 3032 cilia
2367 2993 2496 3032 esse
2526 2977 2724 3043 vultis,
2759 2995 2940 3050 quare
2984 2997 3100 3036 non
3159 2981 3465 3038 attenditis
3495 2983 3646 3054 quid
3703 2983 3834 3038 dicat

2191 3065 2540 3137 Scriptura?
2571 3069 2892 3138 Quatenus,
2925 3068 3069 3122 dum
3108 3068 3194 3122 illi
3249 3069 3522 3126 audirent
3581 3071 3831 3126 ancillam

2189 3155 2525 3224 ejectam,et
2556 3155 2742 3210 ﬁlium
2770 3157 2922 3227 ejus,
2952 3161 3309 3213 terrerentur
3337 3167 3391 3214 et
3420 3159 3702 3216 timerent
3730 3175 3791 3215 ne
3811 3175 3834 3212 a

2192 3249 2470 3314 perpetua
2501 3243 2836 3299 haereditate
2859 3245 3484 3303 sxcluderentur.lllud
3509 3265 3654 3305 sane
3671 3249 3831 3305 scien-

427 3344 597 3384 suam
629 3331 976 3386 confirmare
1008 3332 1436 3399 narrationem;
1461 3333 1708 3404 ideoque
1739 3315 2080 3405 subjunxit:
2114 3315 2156 3381 Ο
2195 3331 2336 3386 dum
2370 3332 2527 3402 quia,
2561 3349 2902 3404 quanquam
2935 3334 3216 3406 iniquitas
3247 3335 3610 3402 sublevetur,
3669 3353 3830 3410 quan-

424 3415 703 3488 Scriplum
731 3421 810 3472 est
838 3427 919 3486 (in
955 3418 1104 3474 Isaia
1142 3418 1382 3490 scilicet)
1411 3439 1424 3489 ;
1460 3423 1688 3490 Laetare,
1718 3424 1942 3478 sterilis.
1972 3429 2082 3479 etc.

425 3504 578 3575 (Isai.
613 3523 722 3572 LIV,
750 3505 800 3576 1)
835 3506 1134 3562 Hortantis
1148 3513 1238 3563 est
1261 3512 1839 3566 sermo.Hortabatur
1869 3511 2088 3583 quippe

427 3593 732 3664 propheta,
767 3599 830 3649 ut
859 3593 1172 3660 laetaretur,
1201 3601 1259 3650 et
1291 3604 1644 3668 erumperet,
1678 3604 1735 3654 et
1765 3599 2083 3655 clamaret:

430 3682 578 3748 Quia
598 3683 763 3735 mulli
787 3682 896 3749 ﬁlii
924 3682 1164 3752 desertae,
1198 3689 1306 3746 etc,
1341 3685 1578 3741 Desertae
1621 3685 1778 3754 dicit,
1815 3703 1847 3740 a
1901 3687 2086 3757 primo

436 3767 662 3822 scilicet
689 3767 926 3823 homine
955 3775 1250 3839 peccante,
1283 3771 1382 3841 qui
1417 3787 1549 3826 mox
1580 3777 1644 3827 ut
1679 3774 1952 3844 peccavit,
1987 3793 2085 3830 su-

433 3871 752 3927 pernorum
782 3855 994 3911 civium
1017 3858 1376 3914 consortium
1391 3859 1808 3918 deseruit.Sive
1836 3863 2084 3932 desertae,

431 3942 574 4014 quia
601 3948 840 4014 tempus
870 3945 1133 4015 pariendi
1161 3963 1273 4001 non
1325 3947 1610 4016 habebat;
1637 3966 1933 4022 synagoga
1953 3968 2087 4009 vero

431 4030 641 4087 habuit
667 4033 944 4099 virum,et
974 4035 1235 4105 pariendi
1261 4040 1580 4108 tempus,et
1612 4039 1829 4094 multos
1852 4046 2088 4098 sanctos

431 4119 825 4192 peperit.Nam
849 4121 1150 4178 sciendum
1175 4125 1313 4194 quia
1335 4125 1517 4181 donec
1542 4127 1835 4183 Abraham
1859 4146 2088 4203 nonge-

431 4208 564 4263 nuit
594 4208 776 4275 Isaac,
807 4209 866 4264 id
893 4215 982 4265 est
1018 4212 1164 4266 Deus
1197 4217 1367 4268 Pater
1395 4231 1498 4284 pro
1555 4215 1796 4270 humani
1858 4219 2088 4288 generis

430 4295 621 4351 salute
653 4295 865 4352 Filium
897 4314 1071 4353 suum
1115 4300 1185 4354 ad
1216 4304 1400 4356 terras
1433 4318 1548 4356 non
1573 4303 1758 4370 misit,
1793 4322 2090 4379 synagoga

430 4384 684 4440 fecunda
712 4385 822 4440 fuit
844 4404 857 4453 ;
883 4387 1229 4444 adveniente
1253 4405 1386 4444 vero
1417 4389 1671 4462 illo,qu¢e
1692 4398 1817 4448 erat
1845 4395 2084 4463 sterilis,

430 4473 582 4528 facta
607 4478 702 4530 est
734 4474 1002 4530 fecunda.
1036 4476 1174 4548 quia
1205 4494 1306 4550 per
1336 4479 1512 4534 ﬁdem
1543 4480 1771 4537 Christo
1821 4483 2084 4539 inhaesit:

431 4561 532 4616 illa
559 4578 715 4627 vero,
750 4580 876 4634 quae
901 4569 1026 4620 erat
1055 4566 1322 4622 fecunda.
1355 4567 1654 4624 inﬁrmata
1683 4572 1950 4643 est,quia
1987 4589 2090 4644 per

2195 3436 2372 3490 quam
2405 3420 2686 3488 haeretici,
2722 3428 2825 3476 aut
2855 3427 3122 3494 potentes
3153 3425 3436 3481 adversus
3466 3425 3743 3496 humiles,
3790 3428 3831 3479 et

2197 3525 2482 3580 pauperes
2514 3510 2818 3581 inﬂentur,
2848 3517 3255 3568 verumtamen
3287 3514 3434 3569 servi
3469 3520 3632 3582 sunt,
3662 3520 3717 3571 et
3744 3530 3830 3569 sn-

2195 3596 2344 3652 cillze
2376 3598 2503 3652 filii.
2789 3587 2796 3592 “

2267 3685 2474 3756 Itaque,
2518 3689 2740 3757 fratres,
2800 3705 2912 3744 non
2966 3705 3159 3745 sumus
3209 3690 3436 3746 ancilla
3494 3694 3628 3762 ﬁlii,
3659 3691 3752 3747 Vel
3779 3690 3828 3744 de

2196 3789 2279 3841 se,
2312 3774 2555 3845 suisque
2586 3776 2881 3834 similibus
2911 3779 3075 3844 dicit,
3108 3783 3172 3833 ut
3201 3796 3381 3851 supra
3411 3782 3564 3851 (950)
3586 3781 3672 3837 vel
3704 3785 3828 3836 certe

2197 3879 2366 3918 suam
2399 3881 2706 3934 personam
2739 3866 2960 3923 Galatia
2989 3868 3312 3940 conjungit,
3337 3869 3476 3941 quia
3506 3869 3828 3942 pravidebat

2196 3968 2292 4007 eos
2354 3969 2711 4009 reversuros.
2772 3957 2841 4010 Et
2898 3962 2962 4010 ut
3015 3958 3348 4012 ostenderet
3404 3975 3439 4013 a
3470 3975 3610 4030 quo,
3640 3958 3722 4014 vel
3751 3972 3827 4028 per

2197 4056 2369 4111 quem
2406 4041 2557 4096 facta
2588 4043 2798 4098 fuisset
2825 4043 2955 4115 ipsa
2985 4044 3246 4101 libertas.
3297 4045 3617 4103 excludens
3660 4045 3828 4102 omnia

2197 4134 2405 4200 praeter
2433 4131 2707 4201 gratiam,
2739 4133 3050 4202 subjunxit
3076 4151 3088 4188 :
3125 4135 3242 4202 Qua
3268 4135 3516 4191 libertate
3543 4153 3641 4193 nos
3697 4132 3826 4189 Citrio

2195 4226 2310 4272 stus
2343 4218 2636 4286 liberavit;
2670 4221 2841 4290 quasi
2875 4221 3097 4277 diceret
3115 4239 3136 4283 ;
3171 4222 3295 4279 Non
3329 4223 3562 4294 merita,
3600 4241 3709 4279 non
3737 4221 3823 4287 lex,

2199 4322 2386 4376 neque
2418 4307 2810 4371 circumcisio,
2862 4310 2962 4364 sed
3015 4309 3307 4379 Christus,
3367 4311 3477 4367 hoc
3535 4317 3644 4382 est,
3698 4306 3825 4382 quod

2198 4395 2323 4466 ipse
2379 4396 2494 4459 ait;
2586 4396 2647 4451 Si
2731 4398 2888 4467 ﬁlius
2972 4415 3068 4454 vos
3153 4399 3435 4470 liberavit,
3494 4405 3606 4456 etc.
3664 4401 3819 4470 (Joan.

2196 4500 2318 4548 vm,
2352 4485 2462 4550 36).

2271 4575 2421 4641 (CAP.
2456 4573 2547 4642 V.)
2579 4574 2726 4630 State
2753 4574 2900 4638 Quia
2937 4593 3051 4631 non
3106 4594 3174 4632 ex
3228 4582 3349 4634 toto
3405 4579 3744 4634 ceciderant.
3775 4572 3822 4628 Et

430 4649 837 4745 infidelitatem
868 4669 902 4706 a
930 4653 1158 4709 Christo
1190 4657 1450 4722 recessit,
1481 4662 1539 4712 et
1569 4659 1850 4715 virtutum
1877 4678 2085 4733 propo-
2121 4681 2165 4745 υ
2199 4661 2350 4728 ideo,
2383 4662 2612 4733 quoties
2641 4663 2949 4733 sermo,vel
2981 4665 3308 4722 admonitio
3325 4668 3397 4722 ad
3421 4668 3606 4722 bonos
3637 4667 3717 4733 ﬁt,
3736 4663 3821 4717 isto

431 4739 610 4795 situm
643 4739 878 4828 amisit;
917 4741 1069 4796 unde
1127 4744 1448 4814 propheta:
1509 4747 1972 4818 Exspectanlibus
2002 4767 2090 4807 me
2121 4739 2158 4745 —
2202 4755 2404 4805 utatur
2435 4767 2742 4818 sermone;
2777 4753 2848 4808 ad
2880 4753 3069 4810 malos
3103 4771 3255 4810 vero.
3290 4771 3549 4828 surgere.
3602 4756 3665 4811 Et
3693 4748 3820 4824 quod

429 4828 622 4884 multis
694 4827 884 4884 diebus
941 4831 1111 4901 (946],
1143 4836 1256 4886 etc.
1286 4832 1433 4888 Hinc
1465 4839 1553 4890 est
1578 4838 1731 4906 quod
1763 4839 1845 4893 ait
1875 4845 2082 4895 Anna:

431 4916 650 4973 Sterilis
675 4920 890 4989 peperit
918 4923 1121 4988 septem
1151 4920 1324 4989 (947),
1355 4927 1463 4976 etc.

499 5005 954 5076 Sequitur:Nos
981 5010 1165 5062 autem
1218 5009 1444 5080 fratres,
1495 5015 1604 5066 etc.
1665 5013 1744 5068 De
1803 5029 1865 5068 se
1916 5017 2085 5088 (948),

431 5091 671 5162 suisque
701 5093 998 5151 similibus
1030 5096 1484 5170 dicit.0rigenes
1511 5115 1646 5154 vero
1665 5100 1806 5156 dicit
1827 5105 1979 5172 quod
2006 5104 2086 5160 le-

431 5229 581 5314 hanc
614 5231 1488 5314 Epistolamexpositione,hunc
1515 5245 1737 5298 textum
1762 5243 2081 5314 adducens,

432 5305 852 5358 testamentum
884 5305 1066 5362 voca—t.

503 5371 650 5440 (945)
685 5372 878 5429 Grece
906 5377 1178 5440 παροινία.

508 5396 650 5440 (νέω)
685 5396 878 5429 ιιι-ωδε
906 5396 980 5429 πα
1019 5398 1178 5433 οινια.

688 5441 818 5526 pse,
853 5461 936 5510 ιιι,
967 5396 1028 5526 ἔξ
1053 5450 1178 5526 dies
1212 5450 1431 5526 multos
1463 5455 1793 5526 expectabis
1826 5473 1938 5512 me.

689 5513 870 5600 1.388;
906 5533 965 5600 ιι.
998 5520 1070 5600 5)
1099 5519 1217 5600 Jer.
1253 5539 1340 5600 15y,
1373 5525 1427 5592 9,
1462 5512 1744 5600 numerus
1773 5533 1976 5600 septem
1997 5528 2084 5584 le-

433 5583 592 5701 gitur
621 5583 676 5634 in
707 5583 904 5665 Jerzin
933 5583 1086 5642 textu
1121 5590 1218 5646 cit.
1262 5583 1426 5664 Régf
1451 5601 1647 5652 autem
1699 5583 1842 5655 loco.
1872 5583 2084 5672 septem

459 5656 649 5701 emtur
678 5653 959 5701 plurimos-

459 5653 649 5717 egitur
675 5653 959 5720 plurimos.

509 5720 653 5794 (9’18)
686 5722 1320 5788 Pronomenseintextu
1354 5751 1469 5790 non
1493 5735 1704 5809 legitur
1733 5741 2080 5798 Addendum

2197 4843 2352 4894 stare
2381 4841 2453 4895 ad
2486 4841 2691 4906 bonos,
2718 4841 3035 4912 propheta:
3077 4845 3211 4898 Vivit
3255 4845 3543 4910 Dominus,
3605 4845 3663 4898 in
3689 4839 3821 4909 cujus

2194 4932 2481 4999 conspectu
2509 4935 2594 4984 sto
2627 4931 2719 5000 (IV
2747 4931 2871 5001 Reg.
2904 4949 2959 4998 ν,
2995 4932 3122 5002 16);
3156 4937 3212 4987 et
3243 4932 3530 4988 Dominus
3577 4932 3647 4987 ad
3697 4933 3823 4997 Moy-

2197 5032 2298 5069 sen
2330 5033 2342 5070 :
2379 5017 2472 5070 Sla
2501 5025 2561 5070 tu
2581 5017 2670 5072 hic
2698 5034 2910 5074 mecum
2939 5016 3132 5090 (Deut.
3157 5037 3245 5087 ιιι,
3303 5022 3394 5091 31)
3421 5045 3435 5088 ς
3494 5026 3552 5076 et
3605 5016 3818 5089 Stepha-

2196 5120 2346 5159 nus:
2386 5105 2542 5161 Video
2569 5107 2742 5160 Jesem
2771 5110 3008 5162 stantem
3040 5109 3176 5179 (Act.
3220 5126 3320 5176 νιι,
3352 5111 3482 5181 35);
3539 5107 3674 5181 quia
3726 5108 3818 5158 sta-

2193 5252 2392 5325 tamen
2423 5249 2552 5301 tum
2586 5251 2775 5325 textus
2807 5248 2955 5320 ipse,
2986 5254 3112 5304 tum
3145 5250 3318 5307 divus
3367 5251 3741 5325 Hieronymus
3765 5245 3812 5300 in

2194 5318 2349 5373 hunc
2380 5324 2598 5372 textum
2634 5318 2778 5373 mihi
2813 5318 3151 5377 suaserunt.

2264 5390 2412 5459 (949)
2459 5390 2682 5462 Supino
2739 5407 2934 5448 errore
2989 5392 3048 5447 in
3108 5393 3214 5448 cod
3274 5392 3489 5466 legitur
3545 5389 3816 5461 suscipian-

2194 5468 2299 5516 tur.

2263 5531 2407 5608 (959)
2432 5533 2495 5608 Ut
2516 5548 2684 5602 supra
2706 5531 3018 5608 legendum
3048 5534 3248 5590 censui
3273 5534 3674 5608 compendiose
3697 5524 3812 5584 scri-

2193 5607 2322 5678 ptas
2353 5602 2584 5678 litteras
2614 5620 2733 5674 usp.
2753 5602 3191 5678 .7_potissirr.~um
3252 5623 3383 5660 cum
3405 5602 3422 5608 ⁷
3445 5605 3616 5678 paulo
3665 5613 3811 5678 surpe-

2194 5673 2316 5756 rius
2365 5674 2448 5756 de
2508 5675 2630 5756 {ilio
2682 5673 2931 5746 ancillae,
2993 5682 3049 5732 et
3109 5677 3325 5756 liberte,
3405 5673 3462 5733 et
3543 5678 3612 5732 de
3662 5675 3808 5756 inter-

2191 5745 2518 5814 pretatione
2543 5746 2655 5816 sui,
2689 5745 3052 5820 suorumque
3084 5748 3368 5806 similium
3399 5765 3590 5807 sermo
3635 5745 3720 5803 sit.
