3902 6392
136 446 243 512 531
725 444 1142 513 EXPOSITIO
1183 447 1738 513 IN'EPISTULAS
1784 446 2145 515 PAULL—
2176 450 2256 513 ΙΝ
2302 449 2555 514 EPIST.
2602 448 2707 512 AD
2752 446 2931 512 GAL.
3421 440 3539 506 538

199 585 332 657 Eam
356 585 688 639 evacuatus:
715 583 864 655 (967)
889 587 975 639 est
998 583 1352 655 scandalum,
1375 588 1486 640 ete.
1509 585 1776 657 Namque
1805 588 1859 655 Α
1889 584 2181 642 similiter.
2216 586 2285 641 Et
2316 584 2455 658 quia
2478 586 2604 654 jam
2636 600 2755 639 una
2783 583 2999 655 pendet
3030 598 3098 638 ex
3128 580 3331 651 altera,
3365 594 3547 652 quare

138 672 478 751 praedicabat
508 671 830 745 Apostolus
856 672 1156 728 Christum
1185 672 1390 729 Jeeum
1413 674 1780 740 crucifixum,
1894 692 2007 731 non
2034 676 2381 747 proponitur
2402 674 2633 730 dilectio
2660 672 2755 729 Dei
2780 676 2791 729 l
2820 673 2904 728 Ob
2934 673 3065 737 hoc,
3110 670 3247 743 quia
3270 668 3545 743 probabi-

140 762 285 839 quod
311 760 522 819 Iudaeis
551 760 1127 834 quidemscandalum
1149 767 1293 829 erat,
1316 764 1575 833 gentibus
1593 768 1785 819 autem
1892 764 2002 819 lior
2030 764 2294 819 redditur
2321 764 2497 819 homo
2527 762 2836 819 dilectione
2884 760 3156 834 proximi,
3207 776 3385 832 quam
3418 758 3539 815 Dei.

140 852 371 911 statutio
398 850 447 921 (ι
475 850 600 906 Cor.
634 867 673 917 1,
705 851 820 921 23),
853 866 970 906 non
1001 851 1404 907 credentibus.
1440 853 1508 907 Et
1537 853 1669 907 ideo
1694 852 1783 907 di-
1893 854 2039 909 Nam
2073 859 2263 925 potest
2293 852 2427 925 quis
2458 852 2687 909 dicere:
2740 852 2929 925 Diligo
2982 851 3202 919 Deum;
3235 854 3311 911 et,
3345 847 3393 904 si
3426 864 3539 903 non

142 943 246 1000 cit:
275 943 417 1013 Ergo
443 948 774 996 evacuation
826 942 934 1007 est,
989 945 1101 995 etc.
1154 940 1303 1004 Quia
1332 941 1383 996 si
1413 940 1784 997 circumcisio
1894 942 2105 1014 diligit,
2139 942 2482 1013 ignoratur;
2516 942 2565 997 si
2596 958 2729 996 vero
2754 940 3016 1013 proximo
3048 938 3278 1003 dixerit,
3312 937 3543 993 facilius

142 1047 249 1088 non
276 1030 487 1098 salvat,
526 1029 749 1085 frustra
805 1027 1056 1101 pradico
1103 1029 1618 1086 circumcisionem
1650 1046 1783 1103 pro-
1894 1032 2129 1104 probari
2163 1036 2369 1103 potest,
2405 1031 2707 1102 quoniam,
2736 1030 2783 1084 si
2818 1029 2973 1085 mala
3022 1046 3149 1100 quae
3181 1030 3372 1100 potest
3395 1026 3543 1081 irro-

140 1122 320 1178 desse.
1893 1126 2014 1193 gat,
2046 1126 2104 1176 et
2143 1122 2295 1177 bona
2324 1138 2451 1192 quae
2485 1125 2674 1193 potest
2702 1136 2817 1175 non
2847 1119 3202 1190 impertitur,
3254 1119 3449 1188 aperte
3482 1132 3543 1171 se

205 1210 423 1267 Utinam
448 1216 502 1263 et
528 1208 907 1275 absciduntur,
938 1212 1049 1263 etc.
1096 1207 1209 1263 Sed
1243 1223 1426 1279 quare
1454 1209 1568 1264 iste
1599 1208 1783 1264 disci-
1895 1211 2234 1267 manifestat
2256 1227 2369 1265 non
2398 1211 2636 1282 diligere
2658 1208 3013 1281 proximum.
3038 1208 3106 1261 Et
3126 1207 3255 1262 ideo
3282 1203 3543 1260 dilectio-

137 1296 305 1373 pulus
329 1295 601 1354 veritatis
631 1296 813 1364 illius,
847 1296 949 1368 qui
980 1297 1206 1352 dixerat
1233 1315 1246 1352 :
1281 1297 1441 1353 Orata
1469 1313 1565 1369 pro
1594 1312 1780 1369 perse-
1896 1316 2030 1355 nem
2067 1300 2311 1371 proximi
2347 1300 2562 1371 posuit,
2596 1315 2711 1354 non
2743 1299 2866 1355 Dei.

135 1386 418 1460 quentibus
472 1395 527 1442 et
579 1386 1056 1441 calumniantibus
1111 1401 1202 1442 vos
1260 1385 1469 1458 (Matth.
1520 1403 1576 1451 v,
1634 1386 1725 1457 44)
1769 1403 1783 1455 ;
1966 1389 2118 1457 Quod
2150 1391 2209 1443 in
2242 1389 2477 1444 invicem
2522 1387 2810 1453 mordetis,
2844 1392 2954 1442 etc.
2988 1386 3066 1441 Ex
3098 1386 3343 1441 diversis
3373 1399 3543 1438 nam-

135 1481 187 1533 et
221 1476 376 1532 idem
436 1474 788 1547 Apostolus:
849 1475 1163 1531 Benedicite
1214 1476 1665 1548 persequentibus
1699 1491 1788 1531 vos
1896 1494 2010 1549 que
2040 1478 2561 1549 disputationibus,
2587 1476 2717 1531 aliis
2741 1475 3074 1531 dicentibus
3095 1473 3393 1529 meliorem
3417 1487 3545 1527 esse

135 1566 298 1637 (Rom.
330 1579 437 1629 sn,
472 1564 605 1632 14);
636 1567 733 1620 et:
767 1566 960 1635 Neque
982 1563 1253 1620 maledici
1280 1580 1512 1635 regnum
1535 1566 1633 1620 Dei
1657 1580 1787 1636 ρος·
1896 1565 2081 1638 legem
2115 1566 2323 1638 gratia,
2357 1565 2487 1621 aliis
2516 1565 2817 1621 meliorem
2867 1580 2994 1619 esse
3025 1562 3279 1618 litteram
3311 1559 3545 1633 spiritu,

130 1653 457 1724 sidebant“
511 1654 640 1709 Cor.
698 1668 780 1720 vr,
836 1654 966 1721 10);
1024 1668 1207 1725 quare
1256 1654 1614 1725 imprecetur
1641 1652 1787 1709 istos
1896 1655 2028 1711 aliis
2058 1654 2359 1710 meliorem
2384 1659 2649 1726 apertum
2671 1651 3223 1716 Judaismum,aliis
3243 1649 3546 1706 meliorem

134 1741 352 1799 abscidi
369 1741 401 1797 ‘l
428 1742 544 1799 Sed
566 1740 841 1798 solvitur.
892 1741 1086 1798 Potuit
1127 1741 1284 1798 enim
1319 1742 1443 1797 ﬁeri
1472 1747 1539 1798 ut
1568 1743 1787 1799 condo-
1896 1744 2215 1806 occultum,
2237 1748 2370 1812 etc.,
2394 1743 2566 1797 variae
2589 1742 2929 1797 oriebantur
2950 1741 3411 1797 contrarietates.
3433 1737 3544 1793 Sed

132 1829 252 1887 lens
280 1830 853 1902 Galatasdeoeptos,
885 1830 987 1901 qui
1018 1829 1274 1902 pretioso
1302 1831 1591 1903 sanguine
1620 1831 1785 1887 Chrio
1888 1834 2014 1905 jam
2047 1831 2315 1888 nonnulli
2348 1833 2477 1887 ideo
2509 1848 2569 1887 se
2600 1830 3116 1896 circumcidebant,
3151 1833 3217 1883 ut
3245 1827 3377 1883 aliis
3410 1842 3552 1898 pra:-

135 1919 205 1976 sti
233 1919 471 1975 fuerant
521 1919 834 1992 redempti,
893 1918 1300 1975 stomachatus
1357 1925 1414 1975 et
1438 1920 1788 1993 indignatus
1818 1955 1868 2020 B
1898 1923 2207 1991 ferrentur,
2241 1926 2298 1976 et
2340 1921 2448 1975 hoc
2500 1920 2764 1976 faciendo
2816 1916 3180 2003 invidebant,
3214 1922 3273 1972 et
3300 1915 3446 1971 alios
3477 1915 3548 1970 ad

134 2008 388 2065 diceret:
424 2008 1039 2070 Ulinansabsidantur:
1068 2009 1128 2064 id
1176 2013 1288 2075 est,
1320 2008 1549 2064 utinam
1583 2009 1788 2081 perde-
1819 2005 1866 2020 "
1898 2010 2281 2066 invidentiam
2298 2008 2824 2075 trahebant,ethoc
2839 2008 3100 2062 faciendo
3120 2005 3549 2061 consumebam

133 2102 352 2163 rentur,
382 2098 490 2170 qui
522 2113 627 2154 vos
653 2098 1027 2165 conturbant,
1059 2097 1132 2152 de
1161 2096 1355 2152 medio
1381 2098 1581 2162 vestri,
1607 2104 1670 2154 ut
1688 2113 1791 2153 vos
1898 2104 2015 2154 tur.
2041 2100 2112 2153 Et
2132 2099 2262 2153 ideo
2281 2096 2982 2167 bocdicebatApostolus.
3005 2094 3131 2150 Alio
3164 2110 3342 2149 sensu
3370 2092 3553 2162 :Quod

132 2185 533 2242 salvaremini.
568 2186 700 2242 Alio
729 2201 910 2243 ηοω
937 2201 951 2239 :
1002 2185 1240 2241 Utinam
1280 2185 1698 2253 abscidantur;
1730 2186 1791 2240 id
1900 2190 1953 2243 si
1980 2189 2219 2243 invicem
2245 2187 2506 2241 mordelis
2527 2203 2548 2246 ,-
2577 2186 2637 2239 id
2669 2189 2777 2249 est,
2813 2185 2860 2238 si
2894 2184 2965 2239 ad
2988 2183 3278 2238 carnalem
3304 2182 3550 2237 circum-

129 2278 232 2341 eat,
254 2274 309 2329 si
332 2274 540 2347 aliqua
557 2274 801 2331 salvatio
836 2278 929 2329 est
965 2274 1025 2328 in
1057 2273 1527 2339 circumcisione,
1564 2273 1789 2329 utinam
1903 2277 2185 2332 eisionem
2221 2275 2367 2346 legis
2397 2273 2774 2341 transieritis,
2803 2272 3050 2327 invicem
3084 2270 3385 2336 niordetis,
3419 2269 3556 2341 quia

129 2363 544 2420 abscideretur
560 2362 710 2419 illud
736 2362 1091 2425 membrum.
1113 2362 1174 2416 in
1191 2378 1308 2433 quo
1329 2365 1421 2416 est
1440 2363 1704 2431 salvatio,
1728 2367 1793 2417 ut
1902 2364 2222 2421 vindictam
2278 2362 2541 2435 exigatis.
2605 2362 2751 2417 Nam
2811 2360 2901 2417 lex
2960 2362 3139 2416 dicit:
3202 2360 3429 2416 Oculum
3456 2374 3557 2430 pro

126 2452 504 2509 eunuchizati
560 2451 981 2518 redderentur;
1041 2451 1198 2506 unde
1227 2450 1553 2506 Dominus:
1588 2453 1791 2507 Melius
1903 2454 2080 2522 oculo,
2112 2457 2223 2507 etc.
2256 2454 2447 2519 (Levit.
2482 2468 2628 2518 xxw,
2658 2453 2749 2517 20,
2778 2469 2791 2519 ;
2826 2457 2883 2506 et
2925 2451 3068 2505 dum
3100 2448 3421 2503 vindictam
3454 2463 3558 2502 ex-

129 2544 201 2596 est
253 2557 394 2597 cum
449 2556 562 2598 uno
615 2540 791 2606 oculo,
851 2543 959 2596 etc.
1020 2539 1231 2610 (Matth.
1290 2556 1454 2607 xvm,
1509 2542 1587 2607 9;
1628 2540 1790 2596 Marc.
1904 2542 2122 2614 petitis,
2157 2541 2609 2603 consumamini,
2644 2540 2923 2612 quoniam
2956 2556 3070 2594 non
3098 2538 3224 2609 jam
3256 2554 3433 2604 unus,
3458 2538 3553 2592 sed

127 2645 200 2696 IX.
230 2630 351 2700 46)-
1904 2631 2020 2686 duo
2052 2634 2316 2702 pereunt.
2350 2631 2461 2685 Sed
2486 2632 2782 2701 quomodo
2833 2626 3309 2701 poterantJudaei
3359 2627 3432 2682 ab
3464 2626 3557 2680 his

196 2722 301 2774 Vos
332 2716 496 2772 enim
538 2717 602 2771 in
659 2717 970 2772 libertatem
1024 2717 1199 2772 vocali
1253 2718 1409 2786 estis,
1441 2721 1549 2773 etc.
1578 2735 1590 2785 ;
1623 2718 1793 2790 quasi
1904 2720 2180 2776 omnibus
2215 2718 2506 2792 praedictis
2552 2735 2614 2773 se
2671 2735 2893 2784 eruere,
2943 2717 3057 2773 nisi
3103 2714 3444 2789 spiritaliter
3473 2715 3558 2769 vi-

128 2805 387 2862 diceret:
450 2806 558 2869 Qui
621 2805 695 2860 ad
751 2804 1089 2860 libertatem
1147 2806 1439 2871 transitis,
1499 2807 1689 2861 videte
1720 2822 1796 2863 ne
1902 2808 2148 2864 verent?

129 2899 364 2967 propter
392 2893 731 2951 libertatem
752 2892 1336 2949 secundumlibitum
1356 2899 1616 2950 vestrum
1643 2896 1796 2951 viva-
1976 2897 2125 2968 (971)
2159 2899 2221 2952 Et
2252 2898 2382 2952 ideo
2442 2898 2787 2969 subjungit:
2844 2897 3064 2965 Spiritu
3116 2894 3421 2951 ambulate.
3456 2893 3562 2949 Ille

129 2981 224 3039 tis.
262 2983 403 3042 Sive
457 2981 601 3053 quia
658 2982 729 3036 ad
789 2980 1124 3037 libertatem
1180 2983 1469 3053 transitis,
1501 2984 1691 3039 videte
1725 3001 1796 3041 ne
1906 2988 2062 3041 enim
2092 2986 2300 3058 epiritu
2325 2987 2613 3055 ambulat,
2638 2987 2737 3058 qui
2761 3003 2935 3058 opera
2956 2985 3150 3040 carnis
3169 3001 3285 3039 non
3301 2982 3556 3054 perficit;

128 3070 304 3127 libere
333 3070 409 3127 ad
443 3069 961 3127 circumcisionem
984 3071 1324 3140 transeatis,
1347 3072 1518 3143 (968),
1542 3077 1597 3128 et
1620 3090 1792 3144 pseu-
1907 3078 1966 3129 et
1984 3072 2083 3128 ille
2103 3090 2279 3128 carne
2300 3091 2413 3129 non
2441 3074 2727 3137 ambulat,
2752 3074 2851 3145 qui
2886 3089 3063 3144 opera
3084 3072 3278 3127 carnis
3300 3088 3413 3126 non
3436 3084 3563 3144 per:

130 3159 501 3233 doapostolis
531 3160 811 3231 parcatis,
842 3164 910 3238 ut
945 3158 1087 3215 illis'
1112 3159 1486 3227 subdamini;
1543 3177 1678 3217 nam
1708 3161 1796 3217 illi
1909 3162 2052 3227 ficit,
2076 3163 2400 3217 reluctante
2422 3162 2654 3233 spiritu.
2690 3164 2831 3217 Item
2854 3166 2994 3217 tunc
3020 3176 3198 3233 opera
3218 3159 3415 3215 carnis
3446 3176 3562 3215 non

132 3248 255 3305 ideo
284 3248 507 3306 volunt
524 3265 631 3305 vos
648 3249 721 3304 ad
752 3248 1265 3305 circumeisicnem
1286 3251 1561 3318 transire,
1585 3256 1649 3306 ut
1679 3251 1798 3308 illis
1846 3321 1871 3324 _
1912 3252 2323 3324 perﬁciuntur,
2346 3268 2481 3306 cum
2505 3251 2830 3306 reluctatur
2850 3251 3128 3324 spiritus;
3152 3254 3211 3304 et
3232 3253 3372 3305 tunc
3393 3264 3567 3318 opera

131 3337 822 3410 subdamini,quatenus
836 3337 1359 3409 quodimpenditis
1380 3354 1484 3410 per
1500 3340 1800 3410 timorem,
1831 3321 1876 3388 (ἶ
1912 3321 2160 3411 spiritus
2192 3340 2598 3411 perficiuntur,
2633 3357 2767 3395 cum
2800 3321 3004 3395 nullus
3041 3346 3238 3395 motus
3270 3337 3566 3393 reluctans

128 3423 493 3498 impendatis
514 3441 918 3497 peramorem.
942 3427 1013 3482 Et
1038 3426 1169 3483 ideo
1195 3426 1506 3500 subjungit
1529 3446 1541 3483 :
1567 3428 1678 3484 Sed
1704 3445 1806 3500 per
1912 3428 2110 3483 carnis
2140 3428 2200 3482 in
2246 3428 2417 3484 nobis
2476 3429 2790 3483 invenitur.
2846 3429 3008 3495 Quod
3068 3430 3226 3483 enim
3258 3427 3353 3482 hic
3384 3426 3564 3481 dicit:

127 3515 485 3583 charitatem,
520 3519 635 3571 etc.
1913 3518 2197 3571 Desideria
2217 3519 2406 3571 carnis
2433 3532 2543 3572 non
2560 3519 2880 3588 perﬁcietis,
2902 3515 3020 3571 tale
3041 3522 3131 3571 est
3152 3513 3323 3587 quale
3344 3518 3400 3570 et
3418 3513 3565 3568 illud

195 3604 353 3675 (969)
404 3604 575 3661 Dicit
629 3603 790 3660 enim
847 3604 1056 3660 beatus
1109 3605 1464 3676 Gregorius:
1498 3607 1666 3662 Tunc
1697 3622 1806 3663 nos
1913 3605 1973 3660 in
1997 3604 2251 3676 Epistola
2272 3606 2343 3661 ad
2376 3607 2689 3667 Romanos.
2732 3606 2831 3661 ubi
2876 3604 3053 3661 dicit:
3086 3604 3224 3661 Nam
3255 3603 3393 3658 velle
3417 3600 3572 3672 adja-

127 3690 379 3750 charitas
407 3710 445 3750 a
463 3694 624 3765 jngo
653 3691 955 3749 servitutis
984 3693 1276 3765 perfectos
1329 3695 1543 3763 reddit,
1572 3696 1805 3767 quoties
1913 3700 1996 3750 cet
2023 3694 2187 3761 mihi,
2220 3695 2488 3765 perﬁcere
2517 3705 2705 3750 autem
2750 3696 2949 3750 bonum
2996 3710 3112 3748 non
3143 3695 3364 3749 invenio
3396 3693 3569 3765 (Rom.

129 3796 231 3837 nos
244 3786 451 3839 nostro
468 3781 747 3839 vicissim
768 3797 875 3853 per
892 3796 1155 3838 amorem
1174 3783 1411 3839 servitio
1429 3784 1633 3841 subdit
1653 3785 1806 3851 ;sive
1915 3799 2013 3850 v11,
2050 3784 2158 3853 18).
2193 3784 2359 3841 Sicut
2381 3785 2538 3839 enim
2561 3784 2641 3839 ibi
2680 3785 2750 3840 de
2778 3784 2972 3852 bonis,
3002 3784 3085 3839 ita
3104 3788 3162 3839 et
3183 3782 3278 3838 hic
3308 3779 3574 3855 loquitur

132 3870 269 3925 tunc
291 3886 403 3928 nos
433 3886 473 3927 a
496 3871 647 3943 jugo
678 3869 982 3925 servitutis
1008 3870 1295 3942 perfectos
1326 3872 1540 3943 reddit,
1574 3874 1805 3944 quoties
1916 3871 1988 3926 de
2018 3871 2215 3927 malis.

134 3972 237 4014 nos
258 3964 468 4016 nostra
495 3959 658 4015 bona
679 3957 813 4014 aliis
841 3957 1302 4030 impertimus,et
1322 3960 1576 4016 aliorum
1599 3966 1806 4019 nostra
1986 3961 2097 4015 Sed
2131 3962 2457 4017 notandum
2517 3962 2656 4033 quia
2681 3960 2842 4017 aliud
2900 3967 2991 4017 est
3024 3962 3212 4016 facere
3242 3961 3481 4025 bonum,
3515 3963 3573 4015 et

136 4045 514 4119 deputama.
1916 4048 2076 4104 aliud
2108 4051 2408 4120 perficere.
2447 4051 2653 4104 Facere
2684 4065 2941 4121 namque
2987 4049 3205 4104 bonum
3238 4053 3326 4103 est
3364 4064 3575 4103 concu-

200 4136 587 4194 Omnisem'm
638 4152 763 4205 rex,
818 4139 927 4191 etc.
986 4136 1167 4201 Quasi
1218 4137 1457 4193 diceret.
1490 4137 1533 4192 Ο
1564 4138 1805 4209 Galatea,
1917 4137 2220 4210 piscentiis
2252 4138 2563 4205 resistere;
2622 4139 2919 4209 perficere.
2962 4156 3075 4193 non
3135 4137 3570 4210 concupiscere.

139 4238 312 4295 quare
340 4226 420 4283 ad
450 4223 685 4300 legales
714 4225 1159 4282 observationes
1173 4227 1428 4284 transire
1445 4226 1646 4294 vultis,
1670 4243 1805 4283 cum
1918 4228 2078 4283 Sicut
2100 4228 2258 4283 aliud
2284 4233 2374 4283 est
2404 4245 2519 4283 non
2542 4244 2806 4300 peccare,
2829 4233 2887 4285 et
2909 4227 3069 4283 aliud
3092 4228 3315 4299 absque
3339 4230 3573 4298 peccato

139 4314 333 4371 omnia
362 4331 497 4372 uno
523 4329 803 4371 sermone
829 4313 1289 4385 compleantur?
1340 4317 1407 4371 Et
1436 4316 1571 4387 quis
1602 4316 1680 4371 sit
1710 4316 1811 4372 ille
1916 4332 2065 4373 esse.
2097 4316 2220 4371 Non
2255 4334 2493 4389 peccare
2528 4333 2869 4389 possumus,
2894 4316 2953 4371 id
2976 4321 3064 4372 est
3085 4314 3574 4387 concupiscentiis

138 4415 344 4475 sermo,
373 4402 1290 4476 subjungit:Diiigesproximum
1314 4410 1496 4471 tuum,
1519 4409 1627 4460 etc.
1646 4404 1813 4461 Sicut
1916 4407 2190 4461 resistere
2216 4430 2230 4472 ;
2254 4406 2478 4476 absque
2499 4409 2734 4475 peccato
2756 4420 2885 4461 esse
2916 4420 3031 4459 non
3064 4419 3406 4476 possumus,
3435 4401 3576 4473 quia

138 4489 287 4549 enim
316 4492 387 4550 in
408 4491 692 4567 Epistula
718 4492 797 4548 ad
827 4492 1131 4551 Romanos
1157 4493 1332 4549 dicit:
1362 4493 1807 4565 Dilectioproxi-
1918 4493 2414 4565 concupiscimus.
2473 4492 2755 4547 Similiter
2811 4498 2869 4547 et
2913 4493 3009 4547 hic
3054 4492 3211 4546 aliud
3245 4495 3331 4547 est
3358 4490 3574 4545 habere

135 4582 594 4641 mime
618 4586 887 4653 operatur
912 4583 1091 4654 (Rom.
1146 4599 1273 4650 xm,
1327 4584 1454 4653 10);
1488 4588 1582 4638 et:
1611 4584 1806 4638 Pleni-
1917 4582 2207 4638 desideria
2239 4581 2454 4647 carnis,
2486 4585 2543 4636 et
2573 4579 2732 4636 aliud
2766 4597 2880 4635 non
2934 4580 3231 4652 perficere.
3273 4578 3575 4635 Desideria

138 4669 261 4728 tudo
285 4672 426 4743 legis
482 4676 573 4729 est
627 4671 855 4728 dilbetio
912 4671 1040 4741 (Id.,
1098 4672 1263 4743 ibid.)
1289 4690 1303 4738 ;
1337 4672 1419 4727 ita
1446 4676 1506 4728 et
1538 4671 1650 4729 hic.
1695 4673 1807 4729 Sed
1840 4689 1888 4755 ι)
1919 4682 2177 4743 namQue
2194 4670 2388 4725 carnis
2406 4686 2521 4725 non
2547 4669 2762 4724 habere
2783 4686 2895 4725 non
2924 4685 3265 4741 possumus,
3290 4668 3423 4739 quia
3443 4683 3577 4722 con-

139 4773 310 4830 quere
346 4760 743 4818 schmmnde
768 4759 831 4815 ia
861 4760 1179 4819 dilectione
1209 4760 1459 4832 proximi
1492 4760 1812 4833 plenitudi-
1922 4760 2317 4832 cupiscimus;
2344 4760 2443 4815 sed
2469 4764 2667 4816 tamen
2690 4777 2804 4815 non
2832 4758 3188 4832 perlicimus,
3214 4758 3353 4830 quia
3366 4773 3575 4812 concu-

137 4861 263 4905 nem
291 4849 453 4907 dicat
478 4865 627 4907 esse
650 4847 821 4922 legis,
849 4865 986 4905 cum
1019 4850 1176 4905 dicat
1207 4848 1585 4922 Evangelium
1619 4851 1767 4922 (970)
1792 4868 1808 4907 :
1921 4848 2229 4922 piscentiis
2260 4849 2627 4915 resistimus;
2653 4850 2751 4904 sed
2784 4855 2927 4904 tunc
2947 4848 3219 4920 perfecte,
3239 4863 3374 4903 cum
3392 4848 3575 4901 absor-

137 4935 240 4993 ιω
259 4939 484 5011 pudet,
512 4942 573 4995 et
599 4938 928 5011 prophetae?
957 4938 1125 5006 Ideo,
1187 4939 1326 5010 quia
1383 4955 1496 4994 una
1526 4955 1596 4994 ex
1626 4938 1810 4996 altera
1915 4942 2013 5011 pta
2041 4940 2221 5010 fuerit
2249 4953 2398 4995 more
2444 4941 2506 4994 in
2564 4940 2805 4995 victoria
2854 4939 2906 5008 (Ι
2932 4937 3057 4992 Cor.
3087 4953 3179 5001 xv,
3212 4936 3325 5006 54),
3358 4939 3418 4991 et
3445 4951 3575 4990 cum

140 5027 360 5101 pendet,
394 5034 457 5086 et
490 5044 618 5085 una
645 5027 774 5085 sine
812 5026 997 5084 altera
1025 5044 1157 5084 esse
1192 5044 1308 5084 non
1355 5032 1566 5100 potest.
1600 5030 1680 5083 Ac
1708 5046 1810 5101 per
1917 5028 2152 5083 mortale
2181 5032 2282 5083 hoc
2310 5027 2555 5082 induerit
2584 5028 3057 5082 immortalitatem
3088 5026 3212 5098 (ld.,
3247 5024 3429 5097 ibid).

139 5111 237 5171 hoc
264 5117 365 5192 qui
395 5112 603 5191 diligit
631 5116 991 5189 proximum,
1026 5117 1215 5173 Deum
1248 5116 1460 5191 diligit,
1496 5118 1635 5189 quia
1657 5135 1806 5190 prie-
1992 5117 2133 5173 Caro
2164 5119 2318 5172 enim
2346 5118 2702 5189 concupiscit,
2736 5121 2843 5170 etc.
2865 5117 2999 5181 Quae
3024 5114 3321 5183 nolumus,
3345 5128 3413 5170 ea
3434 5113 3574 5171 faci-

141 5200 536 5281 c’eptumgeius
572 5204 787 5281 diligit.
813 5208 1178 5280 Praeceptum
1203 5223 1458 5279 namque
1478 5206 1579 5264 Dei
1603 5212 1693 5263 est
1714 5207 1805 5264 di-
1919 5224 2055 5263 mus
2084 5207 2261 5279 (Rom.
2295 5224 2395 5276 v11,
2431 5208 2539 5277 16),
2570 5211 2628 5262 et
2678 5203 3176 5277 concupiscimus.
3211 5205 3323 5260 Isto
3356 5203 3573 5260 etenim

140 5288 307 5367 ligare
332 5295 723 5370 proximum:
757 5299 817 5353 et
846 5294 950 5369 qui
986 5297 1170 5354 Deum
1220 5296 1435 5369 diligit,
1467 5296 1804 5368 proximum
1918 5298 2092 5354 modo
2123 5296 2477 5368 generaliter
2505 5297 2775 5351 doctores
2822 5295 2892 5350 ad
2945 5294 3452 5350 confirmationem
3482 5292 3577 5349 sui

200 5400 344 5475 (967)
376 5405 443 5461 In
494 5403 632 5460 cod.
692 5403 1125 5472 evadendum;
1188 5404 1346 5475 quod
1391 5404 1563 5476 juxta
1596 5420 1803 5461 omnes
1988 5404 2137 5510 (969)
2170 5404 2229 5458 In
2266 5406 2461 5473 autog.
2491 5418 2678 5483 marg.
2711 5401 2806 5457 hic
2839 5401 3056 5474 legitur
3095 5418 3223 5473 cap.
3257 5399 3503 5483 XXVIII.

200 5478 321 5510 τι...
374 5480 506 5510 4......
568 5474 800 5510 an...“
878 5479 1005 5510 4......
1068 5475 1307 5510 r..4:......
1366 5474 1798 5510 ,ωοηλοηιιηηι
1987 5475 2116 5510 τοττι
2175 5474 2443 5510 magna"
2470 5490 2809 5510 ηοηοηιηπηα
2834 5475 3001 5510 vani“.
3028 5474 3174 5510 ιιι-ρηθ
3200 5472 3503 5510 ι’..ηηηριηιι

142 5472 345 5548 textus,
374 5480 507 5533 tum
568 5474 820 5548 Greece,
878 5479 1008 5532 tum
1068 5472 1309 5531 Latinos
1366 5472 1801 5533 emendandum
1986 5472 2137 5548 (970)
2158 5472 2448 5548 Addenda
2470 5472 2811 5548 censuimus
2834 5472 3006 5548 verba
3028 5472 3175 5548 dicat
3196 5472 3574 5548 Evangeliam,

143 5547 356 5603 censui.
804 5543 817 5548 ⁷
1914 5545 2166 5602 Matthaai
2202 5544 2423 5600 scilicet
2452 5562 2593 5608 χχιι,
2647 5547 2737 5613 40,
2800 5548 2858 5600 in.
2892 5545 2977 5602 his
3032 5546 3243 5601 duobus
3272 5543 3572 5608 mandatis,

208 5618 352 5691 (968)
377 5614 873 5691 dcimam
890 5616 1071 5675 habet
1094 5618 1274 5673 codex
1296 5634 1311 5686 ;
1337 5618 1492 5691 quod
1517 5621 1801 5675 utemen-
1914 5617 2136 5691 scilicet
2164 5616 2234 5691 in,
2257 5615 2563 5691 dilectione
2598 5616 2692 5672 Dei
2724 5621 2779 5673 et
2813 5617 3079 5691 proximi,
3112 5624 3224 5673 etc.

144 5683 399 5765 {lavimus
427 5683 753 5764 legendum
786 5706 915 5765 quae
946 5683 1646 5763 immediate'séquuntur
1667 5707 1799 5764 pro-
1915 5762 1931 5765 _
1986 5689 2141 5765 (9'11)
2170 5688 2373 5765 Hicin
2398 5693 2603 5765 autog;
2658 5683 2844 5762 marg.
2905 5683 3119 5762 legitur
3148 5705 3276 5761 cap.
3315 5684 3483 5744 XXIX
3511 5684 3569 5737 et

146 5754 294 5818 bant.
486 5754 524 5764 “’
801 5754 821 5765 ’
1392 5754 1412 5763 ’
1668 5754 1684 5764 ’
1915 5754 2217 5819 υόωὶιιῖοα
2249 5760 2374 5817 XIV
2407 5754 2734 5834 post'Pent.
