3902 6424
271 453 389 517 539

1291 456 1629 519 ATTONIS
1671 455 2255 520 VEBCELLENSIS
2302 457 2652 522 EPISGOPI

3566 451 3730 516 540

270 588 381 646 hoc
413 588 743 661 exemplum
774 594 1004 648 tranere
1034 591 1243 648 solent.
1294 592 1402 647 Sed
1444 590 1608 646 valde
1639 591 1911 676 laboran-
1941 592 1997 658 Α
2028 591 2305 648 venisset.
2339 593 2406 648 Et
2459 609 2574 648 non
2608 597 2700 648 est
2758 589 3120 647 contrarium
3176 587 3334 661 quod
3368 584 3512 644 dicit
3538 584 3727 644 vobis

272 679 436 748 dum,
470 695 540 734 ne
571 679 841 736 videatur
868 681 1181 753 Apostolus
1210 700 1243 736 a
1272 686 1460 752 empta
1491 681 1807 736 intentione
1830 697 1917 734 re-

273 769 520 824 cessisse
553 769 806 825 insolite.
840 772 983 826 Nam
1019 772 1165 826 solet
1187 771 1282 825 ille
1305 769 1656 842 praelibando
1681 785 1919 825 causam

275 861 536 929 tangere,
563 877 740 930 quam
769 861 828 914 in
862 860 1242 930 sequentibus
1293 865 1620 931 exaggerat.
1654 860 1762 914 Sed
1792 858 1924 914 talis

281 952 369 1002 est
392 947 654 1002 intentio.
679 949 938 1019 Coeperat
958 950 1257 1003 destruere
1279 948 1540 1003 carnales
1562 947 1707 1019 legis
1729 949 1923 1002 obser-

279 1035 540 1090 vationes
568 1054 580 1101 ;
613 1037 804 1091 adhuc
833 1037 892 1090 in
943 1037 1261 1092 intentione
1313 1053 1711 1108 perseverans,
1745 1036 1920 1090 dicit:

277 1126 480 1193 spiritu
503 1125 808 1191 ambulate;
831 1125 882 1178 id
905 1130 1013 1191 est,
1031 1126 1374 1196 spiritaliter
1389 1126 1573 1196 legem
1596 1125 1926 1196 intelligite,

281 1213 418 1282 quia
441 1213 486 1265 si
524 1213 795 1280 feceritis,
829 1214 1116 1268 desideria
1147 1216 1340 1270 carnis
1371 1232 1484 1269 non
1511 1216 1840 1285 perﬁcietis,
1868 1215 1926 1268 id

281 1305 368 1354 est
391 1300 702 1354 vindictam
729 1319 842 1356 non
866 1303 1128 1373 exigetis.
1171 1304 1314 1359 Caro
1356 1304 1734 1374 concupiscit,
1761 1303 1816 1356 i'l
1840 1306 1929 1358 est

283 1405 527 1443 carneus
579 1407 793 1444 sensus
851 1392 1133 1446 adversus
1180 1392 1527 1463 spiritalem,
1561 1397 1619 1447 et
1647 1391 1928 1464 spiritalis

282 1478 561 1532 adversus
593 1479 907 1534 carnalem.
934 1480 1003 1533 Et
1032 1479 1078 1534 si
1103 1481 1413 1551 contigerit
1452 1485 1517 1534 ut
1542 1480 1793 1535 carnalis
1825 1496 1927 1534 su-

285 1571 520 1636 peretur
549 1569 695 1637 (97:2)
729 1586 762 1622 a
784 1567 1052 1638 spiritali,
1079 1573 1238 1624 totus
1265 1568 1439 1624 homo
1461 1569 1677 1623 dicitur
1702 1568 1931 1640 spirita-

289 1654 399 1721 lis;
426 1655 699 1710 similiter
723 1662 777 1711 et
801 1656 1042 1712 alterno.
1069 1659 1229 1722 Quod
1256 1675 1369 1714 non
1394 1658 1585 1714 solum
1618 1659 1674 1712 in
1699 1658 1930 1712 duobus

285 1744 648 1811 hominibus,
685 1742 786 1801 sed
819 1746 878 1800 in
913 1763 1068 1813 uno;
1104 1764 1237 1802 nam
1288 1746 1431 1802 solet
1479 1746 1706 1800 evenire
1738 1752 1802 1800 ut
1826 1746 1930 1800 ali-

285 1834 518 1903 quando
543 1833 808 1904 przeferat
829 1835 975 1904 (973)
1017 1834 1298 1904 spiritalis
1337 1835 1577 1901 carnali,
1605 1839 1662 1889 et
1681 1834 1932 1890 carnalis

2037 679 2178 751 quia
2206 682 2484 736 omnibus
2512 681 2788 736 Ecclesiis
2816 697 2956 735 suas
2985 679 3224 750 scripsit
3253 677 3563 750 Epistolas.

2107 772 2335 826 Fructus
2366 774 2550 826 autem
2577 771 2833 842 spiritus,
2855 773 2965 832 etc.
3012 769 3159 823 Nota
3187 767 3329 838 quia
3346 767 3490 822 vitia
3511 782 3724 839 opera

2034 859 2229 914 carnis
2259 859 2535 930 appellat.
2556 859 2803 929 spiritus
2826 858 2998 928 (976),
3020 856 3286 923 virtutes,
3311 855 3452 926 quia
3468 853 3569 910 illa
3586 855 3721 910 de-

2035 949 2182 1002 strui
2207 952 2475 1018 poscunt,
2503 947 2618 1002 ista
2664 963 2799 1002 vero
2823 945 3155 1018 proficiunt.
3209 945 3478 1000 Adversus
3501 944 3721 1014 hujus-

2033 1037 2184 1092 modi
2210 1055 2321 1091 non
2351 1045 2426 1092 est
2451 1037 2562 1103 lex,
2589 1053 2703 1091 non
2727 1036 2870 1090 dicit
2890 1035 3172 1090 adversus
3193 1033 3336 1100 hac,
3361 1049 3432 1088 ne
3452 1033 3720 1088 videan-

2037 1131 2134 1181 tur
2151 1131 2356 1180 ceztera
2376 1125 2628 1180 exclusa.
2654 1125 2950 1179 Adversus
2972 1123 3315 1194 bujusmodi
3337 1138 3453 1178 non
3471 1120 3716 1188 estlex,

2039 1215 2199 1282 dicit,
2225 1215 2364 1286 quia
2398 1213 2482 1268 illi
2505 1214 2603 1285 qui
2625 1213 2685 1268 in
2707 1213 2927 1268 talibus
2952 1215 3260 1268 morantur
3279 1226 3394 1265 non
3419 1215 3559 1265 sunt
3580 1209 3720 1264 sub

2039 1303 2186 1375 lege,
2212 1303 2351 1374 quia
2369 1303 2457 1358 lex
2478 1320 2593 1357 non
2625 1307 2714 1358 est
2737 1302 3142 1373 positajustis,
3167 1300 3269 1356 sed
3289 1298 3548 1369 injustis,
3571 1299 3722 1352 sive

2040 1393 2407 1465 spiritalibus
2429 1397 2485 1447 et
2507 1390 3194 1462 spiritaliterviventibus
3205 1405 3324 1444 non
3343 1393 3434 1444 est
3451 1387 3564 1442 lex.
3580 1387 3719 1442 Sed

2040 1482 2344 1538 sciendum
2373 1482 2514 1552 quia
2535 1481 2811 1552 superius
2839 1479 3155 1551 praeposuit
3175 1478 3336 1543 vitia,
3358 1476 3569 1532 deinde
3587 1475 3726 1530 vir-

2041 1575 2220 1626 tutes.
2256 1571 2323 1626 Et
2352 1587 2588 1626 necesse
2617 1574 2707 1625 est
2737 1573 2804 1624 ut
2833 1568 3090 1639 primum
3119 1567 3262 1622 vitia
3290 1567 3720 1631 destruantur,

2041 1659 2257 1715 deinde
2291 1661 2441 1715 bona
2469 1663 2845 1730 peragantur,
2905 1661 2971 1712 ut
3027 1655 3378 1712 Psalmista:
3408 1653 3645 1709 Declina
3677 1670 3722 1707 a

2040 1751 2206 1816 malo,
2239 1752 2350 1804 etc.
2383 1749 2559 1812 (Psal.
2611 1764 2806 1812 xxxvi,
2834 1746 2926 1816 27)
2979 1749 3037 1801 et
3085 1743 3373 1800 Jeremias
3402 1759 3416 1799 :
3447 1744 3626 1799 Ροεηί
3653 1746 3722 1797 te

2042 1847 2103 1893 ut
2131 1837 2355 1906 evellas,
2387 1840 2496 1892 etc.
2530 1836 2654 1906 (Job
2687 1853 2724 1901 1,
2761 1836 2849 1902 10)
2874 1853 2886 1903 ;
2912 1838 2970 1889 et
2987 1833 3242 1890 Jacobus
3266 1849 3279 1887 :
3305 1833 3538 1902 Propter
3555 1829 3723 1901 quod

285 1920 556 1990 spiritali.
592 1925 714 1976 Non
745 1937 1084 2020 quaecunque
1111 1925 1297 1989 vultis,
1348 1929 1482 1991 etc.;
1517 1925 1572 1978 id
1605 1929 1712 1987 est,
1746 1924 1932 1978 vindi-
1964 1957 2012 2020 B
2043 1927 2357 1998 abjicicntes
2381 1942 2601 1981 omnem
2631 1924 3053 1980 immunditiam
3082 1924 3218 1993 (Jac.
3252 1939 3292 1992 ι,
3322 1922 3433 1991 21).

282 2016 434 2064 ctam
471 2028 584 2065 non
615 2012 916 2081 expetatis.

355 2100 505 2168 Quod
532 2102 584 2154 si
611 2103 815 2171 spiritu
867 2101 1156 2167 ducimini,
1187 2107 1339 2169 etc.,
1403 2103 1461 2156 id
1493 2108 1600 2168 est,
1634 2102 1681 2157 si
1710 2101 1934 2173 Spiritu

286 2189 385 2242 Dei
413 2188 717 2260 agitamini
751 2194 807 2244 et
838 2191 1172 2255 movemini,
1203 2207 1309 2246 non
1340 2194 1472 2246 estis
1500 2193 1600 2246 sub
1625 2193 1778 2262 lege;
1799 2191 1937 2262 quia

287 2276 377 2332 lex
394 2294 505 2332 non
530 2283 618 2332 est
639 2277 1061 2348 positajustis;
1088 2279 1206 2334 sive
1238 2279 1454 2350 Spiritu
1483 2281 1579 2335 Dei
1605 2280 1935 2352 agitamini,

287 2365 336 2420 si
369 2365 709 2436 spiritaliter
736 2365 923 2437 legem
959 2366 1317 2438 intelligetis,
1353 2384 1458 2423 non
1511 2371 1643 2424 estis
1671 2369 1769 2424 sub
1801 2369 1935 2436 lege,

291 2454 430 2525 quia
453 2453 733 2509 ultionem
760 2472 873 2510 non
897 2456 1234 2526 exquiretis,
1261 2474 1396 2511 nam
1420 2474 1551 2512 caro
1578 2458 1775 2513 afficta
1797 2457 1938 2528 quid

289 2542 448 2598 aliud
483 2543 798 2606 desiderat,
831 2544 942 2599 nisi
975 2545 1291 2600 vindictam
1312 2546 1340 2599 ?
1367 2547 1474 2601 Sed
1497 2546 1837 2617 spiritaliter
1857 2547 1942 2600 in-

288 2630 592 2702 telligetis,
626 2649 738 2686 non
775 2634 1082 2704 expetatis.

361 2722 645 2791 Manifesta
671 2725 855 2776 autem
881 2725 1006 2776 sunt
1035 2739 1203 2792 opera
1248 2725 1450 2790 carnis,
1498 2728 1608 2778 etc.
1643 2725 1751 2779 Sed
1784 2741 1940 2795 quie-

295 2810 541 2864 rendum
565 2815 655 2864 est
677 2827 856 2880 quare
877 2811 1033 2865 dicat
1053 2811 1366 2882 Apostolus
1389 2813 1500 2867 ista
1535 2813 1732 2868 omnia
1751 2813 1945 2868 carnis

297 2915 446 2964 esse,
480 2915 614 2953 cum
646 2900 914 2970 quaedam
958 2900 1201 2971 spiritus
1251 2917 1378 2956 esse
1407 2902 1734 2968 videantur,
1768 2903 1824 2957 id
1857 2908 1946 2957 est

296 2985 718 3057 aemulationes,
753 2988 1108 3056 inflationes,
1139 2994 1247 3044 etc.
1283 2990 1390 3045 Sed
1417 2990 1539 3045 hac
1559 2991 1802 3061 qumstio
1825 2991 1947 3046 sol-

293 3075 450 3130 vitur
469 3092 573 3146 per
594 3080 826 3146 tropum
851 3094 965 3148 quo
989 3095 1124 3148 pars
1149 3083 1371 3148 partem
1396 3080 1857 3150 comprehendit,
1883 3085 1949 3135 ut

294 3180 427 3219 caro
458 3181 562 3235 pro
594 3169 713 3220 toto
742 3165 978 3220 homine
1011 3167 1349 3238 accipiatur,
1391 3173 1682 3239 quatenus
1705 3169 1842 3224 talis
1873 3169 1950 3224 sit

297 3270 508 3309 sensus
535 3270 546 3307 :
582 3253 878 3325 Manifesta
907 3259 1034 3309 sunt
1071 3272 1233 3326 opera
1262 3259 1468 3327 carnis,
1491 3257 1549 3312 id
1574 3265 1662 3313 est
1683 3257 1947 3329 cujusvis

298 3341 577 3396 hominis.
603 3343 709 3396 Sed
740 3343 1004 3397 nonnulli
1038 3344 1241 3399 dicunt
1278 3363 1508 3402 carnem
1542 3363 1670 3402 esse
1701 3319 1944 3402 invcenti-
1979 3319 2022 3386 Ο

299 3448 438 3486 vum
457 3436 514 3486 et
537 3431 819 3503 originem
844 3433 1108 3488 omnium
1137 3435 1430 3490 vitiorum.
1452 3435 1563 3490 Sed
1584 3437 1724 3492 dicit
1745 3437 1951 3492 beatus

302 3520 704 3591 Augustinus:
741 3520 828 3575 Illi
856 3523 954 3592 qui
983 3522 1088 3577 hoc
1115 3522 1404 3590 dixerunt,
1430 3542 1544 3580 non
1569 3526 1832 3580 ordinem
1859 3541 1955 3580 na-

301 3614 444 3664 turae
463 3609 877 3665 intellexerunt
901 3629 913 3676 ;
940 3628 1075 3665 nam
1111 3628 1225 3666 non
1247 3629 1379 3667 caro
1403 3613 1802 3683 corruptibilis
1826 3614 1953 3667 ani-

307 3715 464 3754 mam
491 3699 623 3752 fecit
643 3715 770 3753 esse
793 3699 1195 3768 peccatricem,
1241 3702 1342 3755 sed
1385 3701 1581 3756 anima
1600 3702 1822 3756 exstitit
1850 3719 1955 3756 au-

308 3786 457 3842 ctrix
504 3791 721 3855 peccati
782 3787 975 3841 carnis
1034 3788 1450 3858 corruptibilis,
1512 3807 1640 3861 quae
1671 3795 1760 3845 est
1789 3807 1959 3861 pcena

311 3874 552 3945 peccati.
609 3874 828 3928 Tamen
889 3875 1062 3930 habet
1144 3893 1277 3932 caro
1361 3877 1576 3932 fastum
1635 3879 1958 3950 gravitatis,

313 3979 427 4035 quo
461 3962 609 4033 (974)
643 3962 841 4017 anima
869 3970 1162 4034 gravetur,
1223 3969 1287 4020 ut
1344 3966 1502 4021 aliud
1539 3985 1552 4022 :
1587 3967 1792 4039 Corpus
1821 3968 1962 4039 quod

312 4053 711 4122 corrumpitur,
771 4063 1037 4121 aggravat
1091 4056 1360 4122 animam,
1411 4061 1516 4111 etc.
1551 4058 1700 4128 (Sap.
1738 4075 1812 4127 ix,
1849 4059 1960 4129 45.)

315 4140 465 4195 Dicit
497 4140 651 4194 enim
685 4141 811 4211 ipse
839 4159 851 4196 :
887 4142 1243 4197 Ascribenda
1265 4149 1405 4199 sunt
1427 4145 1547 4200 haec
1568 4147 1707 4201 vitia
1729 4148 1960 4215 animae,

318 4247 389 4284 ne
419 4229 685 4284 videatur
713 4229 981 4284 diabolus
1014 4247 1218 4286 carens
1250 4249 1422 4288 carne
1460 4235 1532 4288 ab
1564 4234 1656 4290 his
1689 4238 1965 4292 omnibus

316 4316 565 4374 excludi.
593 4318 738 4372 Nam
758 4318 970 4373 dicitur
986 4319 1234 4385 adulter,
1254 4320 1568 4392 homicida,
1589 4324 1660 4377 ob
1680 4323 1808 4390 hoc,
1829 4325 1968 4395 quia

318 4412 520 4463 auctor
541 4413 600 4463 et
621 4408 887 4464 incentor
915 4413 1004 4463 est
1036 4409 1325 4479 omnium,
1357 4416 1412 4466 et
1443 4410 1536 4466 bis
1567 4411 1804 4467 similia.
1841 4413 1966 4468 Non

318 4497 472 4551 enim
498 4497 641 4552 dicit
668 4497 786 4551 haec
811 4499 977 4569 (975),
1003 4515 1074 4554 ne
1093 4499 1404 4554 videantur
1441 4500 1540 4555 illa
1563 4501 1811 4573 excludi,
1840 4519 1966 4573 quas

319 4584 588 4639 homines
618 4601 652 4637 a
681 4599 858 4655 regno
890 4592 1183 4656 separant.

2113 2015 2286 2071 Plura
2309 2015 2506 2085 posuit
2527 2013 2667 2068 vitia
2687 2029 2867 2084 quam
2890 2012 3160 2080 virtutes,
3186 2009 3327 2081 quia
3350 2009 3521 2081 plura
3535 2012 3721 2064 sunt.

2047 2105 2157 2159 Sed
2183 2103 2316 2174 quis
2339 2119 2453 2158 non
2479 2102 2912 2157 animadvertat
2931 2099 3164 2172 singula
3179 2097 3592 2170 vitiasing‘ulis
3607 2097 3726 2152 de-

2049 2193 2198 2247 strui
2219 2186 2538 2247 virtutibus
2558 2192 2586 2245 ?
2606 2189 2931 2246 Fornicatio
2955 2203 3214 2258 namque
3237 2186 3377 2258 quid
3398 2185 3559 2240 aliud
3587 2189 3722 2254 est,

2047 2281 2158 2336 nisi
2178 2281 2246 2335 ad
2258 2280 2508 2336 ulterina
2520 2279 2793 2350 cogitatio
2807 2295 2933 2349 quae
2964 2277 3234 2332 homines
3247 2278 3528 2347 separata
3542 2278 3669 2328 Deo
3690 2272 3722 2328 ἵ

2048 2370 2158 2425 Sed
2179 2368 2340 2424 nulla
2357 2369 2573 2424 virtute
2594 2367 2806 2423 melius
2847 2365 3174 2422 destruitur
3210 2363 3425 2418 virtute
3445 2361 3724 2417 Charita-

2049 2459 2147 2514 tis.
2172 2457 2578 2526 lmmunditia,
2598 2454 3058 2526 etimpudicitia,
3075 2456 3510 2523 etcaitera,quaa
3525 2450 3727 2521 pudet

2050 2546 2346 2618 apostolos
2377 2545 2684 2601 nominare
2713 2545 2930 2616 (Ephes.
2963 2560 3019 2610 v,
3050 2544 3122 2610 3;
3173 2542 3382 2598 Coloss.
3411 2557 3498 2608 ιιι,
3527 2539 3613 2610 5),
3652 2544 3726 2594 ut

2051 2635 2132 2690 illi
2160 2635 2443 2706 pudentes
2470 2634 2828 2688 verecundos
2850 2633 3106 2687 facerent
3132 2630 3280 2700 (977)
3310 2628 3464 2684 filios
3506 2626 3721 2697 Israel,

2053 2741 2170 2780 non
2201 2722 2414 2777 melius
2442 2723 2832 2777 destruuntur
2864 2735 3044 2792 quam
3076 2718 3272 2792 gladio
3304 2713 3578 2788 spiritali.

2127 2814 2236 2881 Qui
2261 2819 2441 2867 autem
2471 2819 2602 2867 sunt
2644 2810 2874 2878 Christi,
2931 2814 3038 2865 etc.
3099 2808 3378 2880 Origenes
3408 2805 3566 2861 enim
3597 2803 3725 2860 hoc

2057 2902 2229 2957 modo
2271 2900 2428 2955 hunc
2473 2899 2666 2955 locum
2720 2898 3006 2971 superiori
3062 2895 3405 2968 conjungit:
3439 2893 3727 2949 Adversus

2055 2988 2370 3060 hujusmodi
2398 3005 2508 3044 non
2537 2992 2620 3043 est
2649 2989 2758 3054 lex,
2791 2989 2887 3060 qui
2915 3003 3142 3042 carnem
3181 2985 3392 3040 Christi
3418 2984 3725 3054 cruciﬂce-

2058 3088 2207 3134 runt.
2241 3078 2581 3133 Notandum
2612 3077 2769 3132 enim
2809 3076 2952 3147 quia
2979 3075 3235 3131 Verbum
3269 3073 3392 3140 Dei,
3421 3072 3724 3127 sumendo

2058 3185 2316 3232 carnem,
2348 3184 2454 3223 nos
2486 3165 2598 3222 sibi
2627 3165 2906 3222 sociavit:
2963 3181 3102 3220 nam
3132 3179 3266 3219 caro
3310 3165 3514 3218 nostra
3543 3160 3721 3215 illius

2059 3263 2166 3327 est,
2194 3261 2251 3311 et
2275 3257 2544 3311 membra
2565 3260 2765 3311 nostra
2787 3254 2966 3310 illius.
2990 3255 3137 3325 Ergo
3159 3268 3294 3307 cum
3325 3250 3426 3306 illo
3449 3249 3725 3305 cruciﬁxi

2061 3363 2306 3412 sumus;
2341 3361 2478 3416 ergo
2509 3361 2625 3399 non
2655 3343 2903 3399 terrenis
2949 3343 3238 3398 debemus
3267 3339 3575 3405 inharere,
3612 3338 3722 3394 sed

2061 3433 2434 3507 spiritalibus
2451 3433 2774 3499 immorari,
2799 3433 2870 3487 ad
2885 3429 3402 3502 exemplumillius
3415 3425 3519 3499 qui
3530 3427 3723 3482 dixit:

2061 3526 2318 3579 Memento
2344 3524 2476 3580 mei,
2511 3523 2764 3590 Domine,
2797 3526 2906 3576 etc.
2949 3521 3104 3591 (Luc.
3156 3535 3317 3584 χχιιι,
3352 3518 3464 3586 42),
3494 3515 3550 3571 si
3581 3531 3724 3571 vero

2064 3611 2376 3682 separatim
2409 3611 2608 3666 dicas:
2643 3609 2878 3666 Carnem
2931 3625 3116 3674 suam,
3173 3611 3307 3672 etc.,
3357 3621 3472 3660 non
3501 3602 3725 3659 Christi

2065 3706 2154 3756 est
2175 3699 2645 3771 intelligendum,
2664 3699 2766 3754 sed
2787 3697 3028 3753 alterius
3049 3714 3063 3757 :
3089 3696 3257 3768 quasi
3284 3695 3532 3750 diceret:
3558 3696 3608 3748 Ο
3625 3708 3728 3748 vos

2067 3789 2305 3855 Galate,
2331 3804 2466 3843 cum
2487 3805 2589 3843 vos
2608 3789 2732 3859 jam
2757 3785 3156 3851 cruciﬁxistis,
3177 3800 3359 3856 quare
3380 3784 3454 3838 ad
3476 3781 3731 3837 circum-

2069 3878 2348 3933 cisionem
2381 3877 2632 3932 transire
2663 3875 2860 3941 vultis,
2893 3891 3029 3930 cum
3069 3873 3216 3928 nihil
3248 3871 3436 3944 prosit
3465 3870 3728 3926 circum-

2069 3967 2213 4022 cisio
2239 3966 2533 4022 crucifixis
2553 3965 2580 4020 ?

2143 4057 2294 4128 (978)
2329 4055 2390 4110 Si
2413 4057 2645 4109 vivimus
2671 4055 2894 4124 spiritu,
2927 4056 3037 4108 etc.
3071 4050 3216 4117 Quid
3252 4052 3342 4106 est
3370 4049 3526 4120 quod
3557 4047 3729 4112 dicit,

2071 4144 2158 4200 vel
2190 4145 2325 4215 quis
2357 4144 2500 4198 dicit
2529 4142 2684 4198 hoc?
2716 4141 2962 4198 interior
2992 4140 3191 4207 homo,
3222 4137 3395 4211 quasi
3413 4135 3731 4209 contigerit

2075 4238 2141 4288 ut
2166 4232 2264 4288 ille
2285 4233 2461 4288 homo
2486 4236 2822 4304 separetur:
2847 4247 2882 4285 a
2903 4229 3112 4302 spiritu
3140 4228 3356 4283 dicitur
3374 4224 3730 4299 spiritualis,

2077 4323 2230 4377 sicut
2251 4338 2284 4375 a
2306 4337 2478 4376 carne
2497 4319 2770 4376 carnalis.
2795 4323 2994 4374 Potest
3016 4316 3146 4387 quis
3168 4315 3254 4371 uti
3275 4315 3390 4371 isto
3417 4311 3729 4382 versiculo,

2077 4411 2126 4466 si
2158 4410 2368 4465 viderit
2396 4408 2652 4479 aliquem
2685 4405 3000 4462 carnaliter
3027 4403 3376 4461 conversari.

2148 4501 2262 4556 Non
2295 4499 2627 4568 efﬁciamur,
2657 4501 2790 4565 etc.,
2821 4512 2890 4551 ex
2909 4492 3312 4567 superioribus
3333 4491 3566 4564 pendet,
3595 4489 3734 4562 quia

2079 4589 2340 4644 dixerat:
2373 4587 2434 4642 Si
2479 4588 2717 4641 vivimus
2760 4586 2986 4656 spiritu,
3043 4593 3097 4639 et
3132 4582 3476 4638 ambulemus
3503 4581 3728 4651 spiritu,

397 4674 523 4740 Qum
551 4674 792 4744 practice
822 4676 993 4730 vobis.
1044 4676 1331 4744 Prmdixit,
1357 4694 1489 4732 cum
1513 4679 1746 4734 adesset
1767 4696 1972 4751 corpo-
2002 4686 2050 4750 D
2080 4695 2192 4734 non
2221 4679 2536 4747 efﬁciamur
2560 4675 2750 4729 inanis
2779 4673 2993 4744 glorise,
3022 4675 3131 4728 etc.
3155 4673 3544 4726 Provocantes
3570 4681 3734 4724 nam-

322 4762 430 4817 rali
452 4764 784 4834 przesentia,
808 4769 863 4819 et
885 4765 1145 4835 predicit
1169 4782 1270 4836 per
1292 4765 1442 4821 hanc
1463 4767 1784 4838 Epistolam
1816 4786 1828 4834 ;
1855 4768 1974 4824 sive
2085 4784 2197 4839 que
2217 4772 2276 4821 et
2296 4765 2685 4820 individentes
2711 4766 2898 4832 erant,
2922 4761 3054 4816 aliis
3077 4759 3409 4816 dicentibus
3429 4755 3731 4813 meliorem

323 4852 666 4922 praedixerat
685 4852 744 4907 in
769 4853 1023 4924 Epistula
1048 4855 1116 4907 ad
1145 4853 1496 4921 Corinthios,
1540 4857 1639 4911 ubi
1661 4858 1776 4912 ista
1797 4858 1970 4912 dinu-

323 4946 530 5008 merat,
555 4943 694 5013 quia
721 4941 913 5014 potuit
947 4941 1072 4997 ﬁeri
1105 4946 1169 4997 ut
1197 4944 1269 4998 ad
1301 4960 1514 4999 manus
1545 4945 1809 5016 ipsorum
1842 4963 1969 5018 per-

393 5104 541 5166 (972)
575 5104 636 5156 In
671 5107 866 5174 autog.
901 5112 1203 5174 separetur.

329 5184 332 5188 λ
393 5174 541 5241 (963)
570 5177 779 5244 Autog.
816 5181 1035 5242 referat.

399 5244 544 5319 (974)
580 5247 638 5319 in
673 5251 868 5313 autog.
904 5246 1154 5317 legitur:
1197 5246 1362 5319 Habet
1406 5262 1535 5301 caro
1563 5249 1769 5316 fastum
1797 5250 1979 5319 gravi-

325 5315 474 5390 tatis,
503 5316 702 5382 quibus
736 5315 1229 5390 animqgjravetur.
1268 5318 1412 5372 Loco
1445 5319 1638 5389 quibus
1661 5315 1975 5390 legendum

326 5385 604 5471 duximus
633 5401 736 5471 quo
761 5385 964 5465 ,‘Oquid’
984 5393 1177 5469 autem
1209 5405 1312 5471 pro
1327 5385 1480 5470 fastu
1502 5385 1977 5471 intelligendum,

326 5472 444 5534 non
476 5455 643 5509 valde
671 5455 930 5534 obvium,
964 5458 1076 5534 nisi
1099 5455 1420 5534 cum_Alin_o
1443 5477 1508 5514 ex
1533 5455 1753 5517 Latinis
1772 5455 1979 5534 fastum

323 5527 627 5605 ﬂicerepro
658 5529 745 5596 inj
753 5531 930 5605 ariam
953 5528 1210 5605 irrogare
1234 5530 1656 5603 intelligamus,
1681 5540 1746 5588 ut
1766 5527 1978 5590 sensus

327 5598 441 5650 sit:
483 5598 655 5674 liabet
689 5611 816 5674 caro
845 5598 1085 5665 fastum,
1110 5601 1167 5674 id
1200 5606 1292 5674 est
1325 5598 1547 5672 patitur
1577 5621 1702 5660 caro
1735 5608 1979 5674 iniurias

325 5669 624 5794 g'tgll'tl'latts
654 5667 810 5739 quod
846 5683 912 5720 ex
944 5675 1095 5725 textu
1128 5667 1373 5728 inferius
1405 5675 1579 5731 citato
1611 5667 1979 5749 comprobari

325 5757 376 5794 v1
427 5755 454 5793 e
487 5755 574 5793 ur.

322 5755 574 5796 νιαθιυι.

2082 4872 2212 4913 esse
2237 4854 2426 4926 legem
2445 4869 2624 4925 quam
2647 4850 2892 4923 gratiam
2905 4892 2920 4917 ,
2941 4854 3000 4906 et
3018 4853 3244 4914 caetera,
3263 4848 3417 4903 sicut
3436 4844 3730 4918 superius,

2082 4950 2141 5002 et
2163 4945 2272 5000 hoc
2294 4943 2587 4999 faciebant
2607 4941 2707 5012 qui
2730 4939 3092 4996 invidebant.
3122 4942 3202 4992 De
3223 4936 3336 4992 isto
3369 4935 3590 4991 etenim
3611 4947 3730 4990 sero

2157 5105 2305 5177 (975)
2337 5104 2400 5160 Id
2432 5107 2540 5177 est,
2571 5102 2861 5177 nonenim
2889 5100 3024 5177 dicit
3054 5099 3188 5177 haec,
3221 5096 3279 5152 id
3309 5100 3401 5177 e_st
3421 5112 3541 5177 n_on
3561 5107 3731 5166 opera

2083 5166 2317 5232 tantum
2349 5166 2543 5229 carnis
2574 5171 2993 5244 intelligendus
3019 5175 3108 5225 est
3135 5169 3308 5244 divus
3333 5166 3556 5244 Paulus
3581 5179 3734 5244 com-

2086 5263 2432 5310 memorare,
2462 5262 2532 5301 ne
2558 5238 2850 5299 videant'ur
2875 5243 2977 5298 illa
3022 5239 3266 5305 excludi,
3293 5240 3352 5295 id
3384 5245 3473 5296 est
3503 5238 3734 5311 peccata

2086 5321 2352 5391 spiritus,
2375 5318 2659 5391 superius
2690 5318 3172 5391 commemorata,
3204 5328 3324 5384 quae
3348 5312 3616 5375 homines,
3648 5321 3736 5362 nc-

2087 5389 2200 5463 q_ue
2231 5407 2297 5445 ac
2328 5389 2462 5463 illa,
2482 5406 2517 5443 a
2544 5404 2713 5463 regno
2743 5389 2842 5463 Dei
2868 5393 3176 5463 δςςραιθᾳηε.⁸
3353 5457 3362 5463 Δ
3455 5453 3470 5463 _
3495 5451 3510 5463 _
3614 5451 3630 5463 .
3657 5420 3662 5423 μ

2158 5463 2302 5543 (986)
2333 5451 2852 5530 Verbum'spiritus
2891 5451 3282 5526 desideratur,
3313 5457 3372 5509 et
3402 5451 3730 5508 addendum

2087 5551 2309 5589 CCDSUI.

2161 5606 2310 5674 (977)
2341 5605 2528 5661 Facite
2559 5601 2714 5674 quod
2744 5599 2870 5674 loco
2899 5600 3141 5674 facerent
3167 5595 3383 5674 legitur
3413 5595 3472 5674 in
3502 5593 3639 5662 col.,
3661 5590 3734 5647 ita

2088 5666 2479 5732 emendadum
2510 5666 2734 5730 censui.
2765 5673 2852 5727 An
2879 5666 3051 5739 recte,
3093 5666 3328 5736 videsis,
3359 5666 3562 5739 lector:

2163 5749 2310 5824 (978)
2342 5753 2407 5806 In
2441 5749 2637 5818 autog.
2670 5760 2858 5819 marg.
2891 5741 2986 5801 hic
3013 5737 3232 5816 legitur
3269 5756 3398 5814 cap.
3431 5737 3598 5799 XXX.
