3902 6424
189 458 300 526 BM

789 472 1206 538 EXPOSITIO
1242 466 1327 538 ἸΝ
1372 472 1802 538 EPID’TOLAS
1849 462 2104 536 PAULI.
2136 504 2214 517 --
2244 471 2323 534 ΙΝ
2367 466 2620 535 EPIST.
2669 474 2772 534 AD
2817 464 2991 534 GAL.

3480 461 3603 527 5H

193 606 380 672 mone,
415 617 532 675 quo
561 606 651 660 est
676 606 877 676 gloria,
912 608 1081 664 multi
1102 607 1236 665 libri
1260 613 1490 666 exstant
1509 608 1838 682 gentilium.
1875 612 1923 677 Α
1956 611 2066 673 est,
2101 623 2218 662 una
2247 623 2382 663 cum
2411 607 2505 663 Dei
2535 605 2829 678 adjutorio
2853 605 3002 675 (982)
3026 621 3040 672 ;
3062 606 3291 661 tentare
3318 616 3610 669 vero,non

193 690 494 747 Invenitur
521 692 699 749 etiam
731 695 876 751 etin
921 697 1152 754 divinis.
1186 699 1296 755 Sed
1331 699 1568 771 ponitur
1598 699 1655 754 in
1689 699 1843 754 bono

194 784 250 836 et
276 778 335 834 in
367 780 560 837 malo:
593 782 655 837 in
688 784 863 849 malo,
897 790 962 842 ut
991 791 1080 842 est
1107 786 1250 843 illud
1279 804 1291 843 :
1328 789 1525 845 Omnia
1553 803 1725 858 opera
1745 803 1845 841 sua

191 870 401 941 faciant
427 875 492 924 ut
509 871 918 943 gloriﬁcentur,
950 876 1097 948 (979)
1117 877 1187 932 ab
1216 876 1532 933 hominibus
1547 894 1568 939 ;
1599 878 1658 932 in
1690 877 1845 931 bono

194 962 353 1013 ntest
372 957 521 1014 illud
548 975 562 1014 :
586 961 696 1029 Qui
710 964 1079 1032 gloriatur,in
1104 969 1339 1022 Domino
1353 965 1628 1035 glorietur
1647 967 1697 1037 (I
1716 965 1841 1020 Cor.

194 1063 232 1112 ι,
262 1047 349 1113 31,
382 1048 434 1103 II
460 1047 583 1105 Cor.
617 1064 674 1117 χ,
734 1052 863 1121 17);
896 1059 989 1109 et:
1051 1057 1168 1127 Ego
1216 1056 1460 1122 gloriam
1518 1072 1701 1110 meum
1733 1070 1842 1109 non

192 1150 371 1207 quaero
397 1135 578 1207 (Joan.
608 1154 731 1209 vm,
762 1141 875 1211 50).
911 1143 979 1197 Et
1008 1142 1137 1198 ideo
1168 1144 1306 1215 quia
1348 1149 1408 1199 et
1436 1145 1493 1198 in
1524 1145 1674 1199 bono
1698 1148 1755 1199 et
1782 1144 1843 1199 in

190 1222 341 1278 malo
372 1225 633 1297 ponitur,
665 1242 800 1283 cum
832 1229 1158 1300 adjectione
1190 1233 1388 1303 posuit
1415 1234 1603 1287 inanis
1622 1253 1643 1299 ,-
1673 1232 1847 1287 debe-

191 1324 320 1368 mus
349 1328 609 1386 namque
638 1333 767 1372 esse
822 1319 1043 1389 cupidi,
1079 1321 1179 1375 sed
1232 1338 1347 1376 non
1395 1321 1589 1377 inanis
1619 1320 1838 1393 glorias.

188 1399 357 1456 Verbi
386 1404 578 1474 gratia
606 1405 745 1460 facit
774 1405 990 1479 aliquis
1038 1408 1466 1483 eleemosynam
1496 1427 1509 1464 :
1544 1410 1593 1466 si
1644 1409 1842 1465 studio

191 1488 455 1560 placendi
486 1491 849 1564 hominibus,
882 1495 1158 1565 inanem;
1194 1498 1242 1553 si
1268 1504 1400 1563 Deo,
1434 1498 1683 1554 solidam
1716 1496 1840 1568 glo-

191 1577 333 1634 riam
366 1580 734 1652 qumritAdit
758 1584 891 1655 quis
913 1587 1261 1659 martyrium
1291 1605 1303 1642 :
1333 1587 1379 1643 si
1405 1589 1533 1657 deo,
1568 1592 1631 1642 ut
1661 1604 1843 1642 mem-

193 1665 293 1722 hra
320 1666 485 1724 illius
508 1672 866 1727 venerationi
903 1673 1253 1741 habeantur,
1312 1680 1369 1731 et
1398 1681 1464 1731 ut
1490 1675 1588 1732 ille
1621 1680 1843 1747 martyr

190 1753 435 1823 dicatur,
469 1757 582 1813 iste
611 1758 847 1817 inanem
881 1761 1130 1834 gloriam
1155 1764 1382 1836 quaerit.
1404 1765 1569 1821 Unde
1600 1765 1699 1821 ubi
1733 1780 1841 1821 nos

188 1840 441 1901 dicimus
465 1862 479 1902 :
503 1846 565 1902 Si
584 1849 859 1907 tradidero
873 1866 1070 1923 corpus
1086 1869 1291 1923 meum,
1314 1856 1376 1908 ut
1401 1855 1625 1910 ardeam
1638 1855 1683 1927 (1
1712 1857 1837 1912 Cor.

1952 697 2183 767 tentati,
2218 698 2317 753 sed
2352 697 2626 752 testantis
2654 700 2746 751 est
2779 694 2838 750 in
2868 699 3180 767 potestate.

2024 786 2132 841 Sed
2166 787 2311 841 forte
2341 786 2487 841 dicit
2510 785 2869 858 aliquisjam
2899 784 3073 856 longo
3094 784 3257 839 senio
3286 782 3611 851 confectus,

1956 876 2055 930 sed
2088 875 2218 930 ideo
2250 876 2423 929 timet
2470 874 2686 930 acriter
2715 874 3006 945 corrigere
3037 873 3186 944 (983)
3213 890 3227 939 ;
3260 888 3367 944 ego
3389 873 3515 942 jam
3544 871 3604 926 in

1956 968 2122 1035 portu
2148 962 2594 1034 tranquillitatis
2625 962 3123 1028 consisto,acriter
3144 961 3454 1031 corrigere;
3481 976 3614 1032 pos-

1953 1052 2228 1108 sum.Sed
2260 1051 2309 1107 si
2331 1050 2433 1107 ille
2462 1052 2651 1120 timet,
2679 1069 2751 1106 ne
2771 1050 3272 1116 teutetur,acriter
3293 1050 3608 1121 corrigere,

1954 1140 2141 1195 multo
2174 1141 2361 1211 magis
2390 1140 2502 1195 iste
2533 1141 2705 1196 facit:
2757 1139 2896 1212 quia
2942 1138 3227 1211 cogniscit
3258 1155 3361 1209 per
3381 1143 3522 1209 quot
3552 1142 3611 1193 et

1953 1234 2175 1301 quanta
2196 1231 2454 1301 pericula
2474 1231 2544 1285 ad
2568 1229 3015 1302 tranquillitatis
3042 1232 3275 1300 portum
3308 1227 3608 1299 pervenire

1954 1310 2179 1389 potuit.
2200 1319 2333 1373 Adit
2361 1320 2494 1391 quis
2523 1320 2892 1391 martyrium,
2914 1323 2972 1374 et
2997 1317 3207 1387 evadit,
3229 1321 3286 1372 et
3312 1317 3469 1371 videt
3500 1315 3606 1372 ali-

1953 1424 2127 1480 quem
2160 1409 2407 1463 diversis
2455 1409 2818 1464 cruciatibus
2868 1408 3156 1463 afﬂictum
3204 1420 3457 1477 negare:
3490 1420 3606 1460 non

1952 1497 2205 1553 miratur
2234 1499 2390 1569 quod
2446 1497 2544 1553 ille
2577 1497 2831 1570 negavit,
2894 1497 2995 1552 sed
3041 1495 3334 1566 quomodo
3364 1494 3607 1550 evadere

1952 1587 2162 1658 potuit.

2022 1674 2178 1731 Alter
2206 1677 2456 1732 alterius.
2489 1676 2776 1733 Salutaris
2807 1680 2898 1731 est
2925 1674 3046 1729 haec
3076 1672 3422 1729 admonitio.
3441 1674 3608 1727 Tunc

1949 1764 2165 1819 etenim
2195 1782 2374 1821 onera
2406 1770 2730 1837 portamus,
2763 1781 2897 1820 cum
2926 1767 3131 1819 nostra
3160 1762 3438 1818 firmitate
3466 1760 3607 1816 alte-

1950 1852 2074 1908 rius
2105 1854 2531 1920 iuﬁrmitatem,
2552 1858 2609 1909 et
2632 1853 2924 1925 sapientia
2943 1851 3343 1923 insipientiam
3368 1854 3601 1905 susten-

182 1933 637 2044 xm,-3),‘mel'i‘us
660 1939 717 1993 in
742 1939 941 2044 Graeco
966 1940 1233 2009 habetur,
1276 1944 1338 1997 in
1376 1944 1564 2016 gloria
1585 1942 1737 2013 (980)
1757 1960 1769 1998 :
1789 1942 1837 1997 si
1873 1976 1920 2044 Β
1952 1946 2167 1998 tamus.
2199 1926 2276 1998 Et
2298 1946 2380 1999 sic
2429 1944 2822 2015 adimplebitis,
2853 1946 2965 1997 etc.
2998 1944 3198 2008 Legem
3258 1938 3470 1993 Christi
3498 1954 3605 2009 ap-

183 2034 330 2091 vero,
362 2027 431 2078 ut
460 2040 495 2078 a
523 2028 638 2081 Deo
670 2027 1115 2084 retributionem
1148 2030 1414 2102 accipiat,
1462 2030 1561 2086 ille
1592 2031 1841 2087 solidam

185 2107 432 2180 gloriam
469 2114 697 2185 quierit.

251 2198 405 2273 (981)
433 2203 589 2275 (CAP.
622 2204 743 2277 Vl.)
774 2207 1011 2273 Fratres,
1063 2209 1117 2263 el
1142 2210 1194 2263 si
1231 2217 1643 2281 praeoccupatus
1670 2211 1846 2280 fuerit

185 2285 720 2355 homo,etc.Fratres
734 2288 990 2366 appellat
1003 2295 1299 2367 spiritales
1316 2296 1634 2352 :bominem
1652 2296 1845 2369 appel-

183 2373 256 2430 lat
271 2375 570 2450 fragilem,
584 2385 642 2435 et
659 2381 719 2436 in
742 2381 871 2454 ipso
885 2384 1122 2439 nomine
1139 2385 1397 2441 ostendit
1416 2384 1584 2440 illum
1611 2385 1839 2441 veniam

183 2466 236 2518 et
259 2462 695 2539 indulgentiam
728 2471 1067 2541 promereri.
1102 2472 1247 2528 Nam
1282 2473 1582 2529 hominem
1613 2473 1841 2544 dicit,id

184 2556 287 2618 est,
323 2553 594 2627 fragilem
628 2562 687 2613 et
716 2563 1099 2629 peccatorem.
1130 2562 1198 2616 Et
1236 2566 1374 2618 nota
1400 2563 1539 2635 quia
1562 2579 1842 2633 praeoccu-

185 2644 339 2712 patus
369 2643 536 2699 dicit.
570 2644 671 2702 Ille
701 2652 1161 2720 praeoccupetur,
1194 2650 1294 2721 qui
1326 2667 1442 2706 non
1472 2651 1691 2721 studio,
1722 2667 1839 2706 non

189 2731 587 2801 meditatione,
621 2749 736 2790 non
770 2735 1192 2793 deliberatione
1222 2746 1440 2811 peccat,
1469 2741 1569 2796 sed
1603 2744 1842 2797 casu.Et

188 2824 339 2888 nota,
372 2822 516 2892 quia
544 2838 659 2879 non
689 2823 867 2879 dicit:
898 2826 961 2880 In
982 2828 1190 2893 multis,
1214 2829 1314 2883 sed
1342 2828 1399 2882 in
1439 2830 1627 2900 aliquo
1646 2847 1667 2891 ,·
1698 2831 1841 2903 quia

188 2906 301 2973 ille,
329 2910 431 2981 qui
470 2917 913 2984 praeoccupatur
939 2916 997 2969 in
1031 2914 1229 2987 aliquo
1259 2919 1321 2972 in.
1347 2920 1555 2989 spiritu
1588 2920 1839 2976 lenitatis

187 2996 389 3071 corrigi
421 2999 616 3057 debet.

254 3090 354 3143 llos
379 3090 480 3159 qui
534 3091 820 3161 spiritales
875 3094 1042 3159 estis;
1100 3094 1157 3149 id
1215 3099 1323 3164 est,
1370 3111 1491 3163 vos,
1547 3097 1650 3168 qui
1682 3096 1839 3153 ultra

188 3172 447 3233 homines
477 3178 643 3246 estis,
694 3183 957 3237 instruite
1014 3184 1075 3238 in
1102 3185 1306 3254 spiritu
1339 3184 1603 3252 lenitatis,
1636 3186 1693 3240 id
1724 3190 1833 3254 est,

190 3267 679 3335 mansuetudinis,
702 3274 768 3324 ut
798 3285 914 3325 non
938 3270 1020 3326 sis
1046 3270 1294 3343 rigidus,
1320 3272 1792 3338 saevus,crudelis
1816 3291 1832 3342 ;

1954 2030 2134 2103 pellat
2165 2037 2519 2104 praeceptum
2567 2031 2805 2095 Christi,
2857 2029 3001 2084 illud
3036 2029 3262 2099 utique,
3296 2027 3451 2082 unde
3480 2027 3606 2097 ipse

1954 2120 2096 2174 dicit
2120 2137 2133 2175 :
2166 2122 2277 2175 Hoc
2294 2130 2374 2176 est
2399 2128 2745 2191 praeceptum
2770 2135 2974 2187 meum,
3005 2124 3070 2172 ut
3089 2118 3341 2186 diligatis
3369 2117 3609 2170 invicem

1952 2209 2131 2278 (Joan.
2163 2226 2254 2278 xv,
2279 2210 2389 2281 12),
2423 2210 2588 2273 Quod
2620 2211 2976 2280 praeceptum
3008 2207 3066 2260 in
3099 2208 3429 2277 exaggerat,
3450 2209 3514 2258 ut
3542 2203 3604 2258 in

1952 2298 2339 2368 sequentibus
2368 2297 2525 2352 dicat
2580 2298 2764 2367 (984):
2824 2297 2883 2351 In
2918 2296 3015 2351 hoc
3041 2296 3361 2364 cognoscent
3401 2308 3603 2359 omnes,

1952 2387 2085 2456 quia
2112 2387 2225 2441 mei
2250 2386 2510 2457 discipuli
2539 2387 2690 2450 estis,
2720 2390 2828 2440 etc.

2022 2474 2162 2529 Nam
2189 2476 2246 2530 si
2274 2477 2417 2545 quis,
2451 2480 2559 2530 etc.
2579 2474 2752 2530 Verbi
2785 2473 2974 2545 gratia
2991 2472 3150 2527 videt
3171 2471 3385 2543 aliquis
3406 2487 3607 2542 quem-

1951 2561 2106 2634 piam
2138 2563 2540 2636 insipientem,
2564 2580 2632 2618 ex
2652 2562 2814 2618 illius
2836 2561 3178 2633 insipientia
3197 2560 3322 2615 vult
3351 2576 3482 2616 esse
3511 2577 3607 2615 sa-

1950 2651 2118 2722 piens
2143 2670 2156 2719 ;
2177 2652 2453 2708 similiter
2471 2653 2784 2723 injustum,
2806 2655 2915 2706 etc.
2941 2653 3085 2706 Cum
3103 2650 3200 2705 ille
3220 2648 3434 2720 aliquid
3451 2650 3605 2705 aesti-

1947 2748 2064 2794 mat
2089 2756 2147 2795 se
2172 2757 2303 2806 esse,
2364 2749 2416 2797 ct
2441 2741 2595 2795 nihil
2630 2750 2730 2805 est,
2785 2740 2994 2795 seducit
3048 2755 3145 2794 se:
3178 2742 3371 2810 potest
3400 2736 3601 2793 referri

1946 2829 2015 2884 ad
2050 2830 2442 2900 superiora,ut
2463 2831 2542 2887 sit
2560 2847 2772 2886 sensus
2795 2830 2872 2886 :Si
2896 2828 3031 2900 quis
3059 2827 3357 2884 existimat
3377 2825 3602 2898 aliquid

1946 2935 2076 2975 esse
2106 2919 2165 2974 in
2188 2920 2652 2987 circumcisione,
2678 2936 2812 2975 cum
2845 2919 2924 2973 sit
2946 2916 3114 2985 nihil,
3148 2916 3376 2973 seducit
3404 2931 3483 2972 se.
3509 2914 3595 2969 Ad

1946 3007 2248 3079 superiora
2262 3009 2466 3063 attinet
2480 3008 2633 3080 quod
2650 3008 2875 3063 subdit:
2898 3008 3044 3078 Opus
3053 3010 3234 3061 autem
3252 3020 3436 3069 suum,
3451 3009 3560 3060 etc.
3579 3024 3594 3070 ς

1946 3095 2112 3165 quasi
2147 3096 2400 3151 diceret:
2436 3097 2486 3151 si
2517 3097 2794 3151 interiora
2823 3111 2932 3150 sua
2964 3096 3370 3165 perscrutatus
3398 3092 3599 3157 fuerit,

1945 3199 2261 3255 agnoscere
2292 3190 2502 3255 potest,
2549 3199 2900 3256 cognoscere
2945 3181 3098 3238 valet
3127 3182 3188 3236 in
3220 3198 3304 3248 se,
3337 3180 3384 3237 si
3419 3180 3599 3236 habet

1948 3274 2103 3328 unde
2134 3272 2589 3344 glorietur.Nam
2641 3271 2840 3328 nullus
2893 3273 2942 3328 ei
2973 3271 3218 3327 vicinior
3245 3274 3336 3327 est
3361 3272 3513 3342 ipso,
3543 3273 3601 3325 et

190 3352 318 3423 quia
345 3354 395 3410 si
425 3370 672 3413 severus
725 3362 784 3414 et
811 3358 1069 3415 crudelis
1125 3360 1365 3427 existas,
1398 3377 1512 3418 non
1542 3379 1605 3418 es
1636 3362 1832 3418 imita-
1868 3346 1909 3411 α
1947 3361 2078 3418 ideo
2111 3363 2158 3417 si
2182 3366 2481 3418 scrutatus
2505 3362 2696 3428 fuerit,
2718 3378 2830 3418 non
2856 3378 2995 3417 suas
3014 3361 3168 3416 vires
3189 3360 3433 3416 alterius
3461 3359 3601 3415 viri-

189 3442 271 3495 tor
295 3440 591 3516 illius,qui
620 3446 694 3502 de
717 3445 862 3503 coelo
883 3447 1187 3504 descendit
1207 3451 1278 3506 ad
1311 3454 1496 3506 terras
1518 3467 1619 3520 pro
1645 3451 1835 3507 salute

190 3526 418 3587 humani
440 3534 818 3604 generis.8ed
867 3536 1055 3592 oritur
1102 3539 1347 3609 quaestio
1378 3556 1560 3611 quare
1590 3540 1745 3595 dicat
1774 3541 1833 3595 in

189 3618 379 3688 spiritu
411 3621 695 3679 lenitanis
725 3624 958 3698 corrigi,
991 3642 1128 3682 cum
1159 3627 1220 3683 in
1253 3628 1509 3700 Epistola
1528 3629 1601 3684 ad
1632 3628 1833 3684 Corin-

182 3706 328 3763 thios
355 3710 554 3768 dicat:
589 3715 656 3768 In
684 3715 852 3783 virga
894 3717 1113 3771 veniam
1150 3716 1221 3771 ad
1250 3732 1361 3783 vos,
1396 3720 1506 3773 etc.
1544 3718 1590 3789 (I
1619 3718 1726 3774 Cor
1755 3735 1831 3787 xv,

180 3796 289 3867 -2l).
317 3798 425 3856 Sed
455 3801 636 3857 facile
665 3801 930 3859 solvitur.
964 3804 1111 3870 Quia
1132 3804 1238 3873 illi,
1260 3806 1359 3878 qui
1391 3806 1607 3877 studio,
1642 3808 1833 3863 medi-

191 3886 395 3944 tatione
415 3894 475 3946 et
496 3890 926 3949 deliberatione
973 3898 1236 3965 peccant,
1289 3911 1528 3951 necesse
1557 3901 1647 3951 est
1669 3895 1835 3969 virga

195 3976 501 4035 severitatis
518 3980 899 4052 corrigantur
922 4000 934 4049 ;
960 3982 1045 4037 illi
1066 3984 1330 4055 vero,qui
1359 3985 1587 4051 casu,in
1620 3985 1833 4056 spiritu

193 4058 452 4123 lenitatis.
481 4069 685 4126 Potest
713 4069 916 4126 referri
947 4071 1021 4126 ad
1057 4073 1455 4143 superiora,ut
1476 4073 1553 4128 sit
1581 4090 1830 4129 sensus:

196 4147 248 4203 Si
274 4152 480 4227 aliquis
509 4158 720 4214 tardus
749 4174 818 4214 ex
838 4159 1165 4233 gentilitate
1196 4160 1284 4217 vel
1309 4178 1378 4217 ex
1404 4161 1713 4217 Judaismo
1743 4177 1836 4218 ve-

198 4243 427 4301 neritad
462 4246 664 4315 ﬁdem,
697 4248 1038 4304 tolerandus
1067 4255 1173 4318 est,
1201 4267 1513 4324 quousque
1544 4251 1829 4324 proﬁciat.

198 4327 260 4385 Et
282 4344 454 4404 quare
474 4336 706 4392 dixerat
729 4353 744 4392 :
769 4337 829 4392 In
846 4340 1051 4409 spiritu
1085 4338 1358 4404 lenitatis,
1382 4342 1613 4396 subdit:
1650 4342 1830 4397 Consi.

190 4416 382 4476 datam
408 4427 457 4479 te
485 4427 692 4497 ipsum,
748 4430 883 4493 etc.,
916 4428 1083 4499 quasi
1144 4428 1381 4484 diceret.
1432 4429 1749 4487 Considera
1776 4437 1833 4488 te

200 4502 471 4569 hominem
502 4528 637 4570 esse
656 4513 947 4588 fragilem,
972 4531 1212 4587 peccare
1238 4533 1428 4589 posse,
1461 4522 1519 4573 et
1547 4520 1828 4591 potuisse.

200 4592 260 4649 Bt
283 4603 411 4656 nota
435 4603 598 4675 quia,
630 4619 746 4659 non
777 4604 958 4660 dicit:
990 4605 1069 4660 Ne
1084 4609 1144 4660 tu
1163 4606 1349 4674 cadas,
1373 4608 1497 4676 sed,
1528 4623 1599 4663 ne
1626 4618 1686 4664 tu
1716 4613 1832 4665 ten-

1946 3451 2058 3506 bus
2084 3452 2381 3506 metiatur.

2019 3541 2415 3612 Unusquisque,
2448 3544 2559 3595 etc.
2622 3539 2990 3595 Contrarium
3048 3542 3139 3594 est
3167 3538 3275 3593 hoc
3304 3536 3601 3608 superiori

1944 3627 2096 3693 loco,
2130 3628 2228 3684 ubi
2278 3629 2540 3684 dixerat:
2576 3629 2724 3684 Alter
2778 3629 3029 3693 alterius,
3081 3632 3191 3683 etc.
3225 3626 3336 3682 Sed
3370 3642 3485 3682 non
3517 3629 3608 3681 est

1944 3718 2324 3785 contrarium,
2359 3718 2498 3789 quia
2530 3716 2610 3772 ibi
2657 3720 2727 3773 de
2757 3717 3034 3789 operibus
3078 3714 3312 3789 pietatis
3340 3722 3393 3771 et
3424 3714 3600 3771 casti-

1941 3806 2081 3863 tatis
2110 3806 2479 3877 loquebatur,
2511 3806 2605 3862 hic
2633 3822 2766 3862 vero
2796 3807 2868 3861 de
2895 3805 3123 3874 merito,
3146 3810 3212 3861 ut
3241 3805 3318 3860 sit
3347 3819 3558 3860 sensus
3584 3819 3598 3857 :

1946 3896 2326 3967 Unusquisque
2355 3912 2494 3951 onus
2537 3912 2701 3951 suum
2717 3897 2957 3966 portabit
2976 3912 2998 3958 ;
3037 3895 3096 3950 id
3128 3898 3238 3961 est,
3272 3894 3597 3965 unusquis-

1943 4002 2057 4057 que
2087 3985 2410 4048 secuudum
2469 3985 2770 4056 proprium
2831 3984 3109 4039 meritum
3154 3983 3402 4054 accipiet
3430 3982 3601 4037 retri-
3712 4058 3713 4061 η

1943 4074 2265 4128 butionem.
2320 4074 2517 4129 Potest
2546 4073 2747 4127 referri
2808 4073 2907 4127 ubi
2940 4072 3103 4135 dicit,
3157 4070 3312 4127 alter
3337 4072 3594 4139 alterius,

1943 4170 2009 4218 ut
2037 4162 2114 4218 sit
2144 4179 2390 4220 sensus:
2435 4163 2519 4217 Tu
2583 4162 2717 4232 quis
2775 4160 2882 4216 es?
2914 4177 3029 4216 non
3086 4160 3325 4216 dubitas
3355 4159 3599 4215 alterius

1942 4252 2347 4307 inﬁrmitatem
2380 4254 2730 4317 sustentare,
2755 4250 2898 4322 quia
2918 4266 3033 4306 non
3054 4249 3177 4305 vice
3206 4248 3372 4304 illius
3400 4248 3594 4319 inqui-

1942 4340 2197 4403 naberis,
2230 4340 2509 4411 quoniam
2560 4341 2936 4411 unusquisque
2980 4354 3114 4395 onus
3142 4355 3308 4393 suum
3332 4338 3593 4408 portabit.

1941 4433 2139 4485 Potest
2194 4430 2394 4484 referri
2450 4429 2521 4483 ad
2554 4428 2662 4483 hoc
2718 4429 2875 4498 quod
2935 4426 3076 4482 dicit
3100 4429 3160 4480 in
3192 4428 3392 4496 altero,
3426 4431 3490 4480 ut
3519 4426 3599 4481 sit

1942 4534 2187 4574 sensus:
2222 4517 2347 4572 Non
2380 4516 2655 4572 laudibus
2685 4515 2927 4571 alterius
2966 4513 3288 4581 extollaris,
3322 4518 3387 4568 ut
3415 4512 3594 4569 talem

1942 4609 2003 4661 tu
2036 4622 2166 4661 esse
2197 4605 2401 4661 credas
2450 4604 2643 4675 qualis
2684 4603 2918 4669 diceris,
2968 4603 3105 4675 quia
3137 4608 3195 4658 et
3222 4609 3285 4659 tu
3314 4606 3509 4671 tuum,
3539 4606 3598 4659 et

201 4687 327 4742 [πίε.
356 4689 496 4747 Nam
524 4692 853 4762 cadere,vel
882 4710 998 4750 non
1030 4695 1238 4751 cadere
1269 4700 1484 4752 nostra
1516 4698 1827 4769 potestatis
1858 4713 1905 4778 D
1938 4694 2035 4751 ille
2065 4711 2240 4750 suum
2271 4709 2421 4749 onus
2452 4693 2729 4765 portabit.

264 4829 400 4914 (979)
428 4834 601 4915 yulg,
614 4834 943 4915 fateantur.
976 4837 1106 4915 Ipse
1131 4841 1324 4915 autem
1358 4838 1527 4915 divus
1556 4840 1832 4915 Hierony-

206 4912 322 4956 mus
350 4906 404 4980 in
433 4906 965 4980 hancEpistolam,
994 4906 1154 4965 hunc
1178 4909 1409 4966 Mathaai
1438 4915 1659 4967 textum
1695 4906 1831 4970 alle-

206 4974 518 5051 Sﬂgqtlegit
544 4974 948 5051 gloriﬁcentur.

267 4993 351 5043 ns,
381 4993 430 5032 1e
472 4993 518 5036 it
544 4993 948 5051 gwrz/tcentur.

430 4993 556 5133 gon
602 5052 667 5106 in
706 5050 956 5133 _gloria,__
985 5051 1120 5133 sedA
1133 5053 1337 5133 glorier
1391 5052 1567 5133 habet
1597 5054 1830 5133 Graecus

207 5113 398 5200 textus,
426 5119 596 5200 facile
622 5113 835 5200 autem_
853 5113 966 5178 fuit
992 5113 1334 5200 κᾳυθῇσομαι
1385 5130 1443 5182 et
1473 5127 1827 5200 καρχήᾼσίομαι

207 5195 430 5269 ςμοιδυω
462 5191 711 5269 alterum
731 5194 983 5269 ardeam,
1003 5191 1213 5269 glorier
1238 5191 1482 5269 alterum
1515 5191 1825 5269 significat,

206 5259 254 5309 et
277 5272 391 5328 qua;
423 5280 536 5321 una
554 5268 786 5322 tantum
817 5259 1023 5323 littera
1042 5265 1375 5341 distinguit,
1401 5259 1597 5324 unum
1617 5286 1720 5341 pro
1751 5259 1832 5325 al;

209 5327 312 5382 tero
339 5334 609 5382 δικαίων-η,
742 5349 758 5357 ⁴

179 5365 188 5373 -
210 5343 312 5384 ιθιιο
339 5343 449 5389 acci
459 5352 610 5392 nere.
742 5349 758 5357 ”

265 5397 395 5483 (9331)
427 5397 530 5483 ﬂio
556 5408 621 5464 in
648 5411 844 5482 autog.
882 5407 1322 5483 margnlegitur
1350 5426 1477 5483 cap.
1511 5410 1704 5483 XXXI.

158 5524 161 5525 γ
268 5472 402 5552 (982)
428 5476 569 5535 Vide
624 5495 744 5552 qua
790 5472 1047 5538 διαιθΙὶ
1081 5472 1348 5537 hauserit
1402 5472 1627 5537 textum
1671 5482 1829 5539 hunc

212 5547 386 5629 illc‘tor
404 5554 600 5629 nos_te_r
614 5547 749 5629 vere
766 5551 1253 5629 Augustunianus
1275 5570 1308 5629 a
1328 5552 1461 5629 divo
1481 5554 1828 5629 Hieronymo

213 5611 262 5696 i313
289 5611 452 5696 huius
482 5622 770 5694 Epistolas,
790 5611 1079 5694 et‘éapitis
1111 5625 1504 5696 expositione:
1538 5626 1637 5680 ubi
1671 5611 1827 5681 e'nim

214 5679 676 5770 divus-Hieronym
687 5679 861 5757 us'ait
877 5715 894 5750 :
932 5679 1092 5753 l’inci
1105 5679 1323 5770 quippe,
1348 5679 1438 5770 uel
1452 5679 1830 5754 ivin’cereinon;

214 5766 465 5831 nunquam
492 5766 553 5822 in
589 5766 797 5825 nostra
848 5774 927 5824 est
972 5766 1262 5843 potestate,
1294 5768 1459 5827 addit
1512 5772 1681 5829 Atto:
1714 5785 1831 5827 una

1938 4855 2060 4894 cum
2096 4839 2195 4893 Dei
2221 4838 2520 4910 adjutorio.

2012 4911 2159 4981 (985)
2193 4905 2416 4965 Sensus
2446 4908 2539 4963 hic
2589 4907 2956 4980 aliquantum
2991 4908 3315 4965 obscurior.
3341 4905 3594 4981 Videtur

1941 4979 2085 5037 mihi
2103 4982 2237 5036 talis
2256 4997 2384 5037 esse
2407 4981 2547 5036 ordo
2566 4979 2958 5044 verborumst
2975 4996 3182 5035 sensus
3200 4998 3211 5036 :
3231 4979 3371 5036 Dicit
3384 4979 3593 5050 aliquis

1938 5056 2092 5109 senio
2106 5056 2412 5124 confectus,-
2430 5053 2550 5108 ideo
2565 5053 2719 5108 timet
2743 5053 3034 5123 Apostolus
3072 5055 3277 5108 acriter
3295 5053 3589 5121 corrigere,

1939 5127 2071 5197 quia
2100 5127 2305 5181 tentari
2334 5127 2487 5180 timet
2509 5144 2527 5180 :
2559 5140 2659 5195 ego
2686 5132 2867 5179 autem
2887 5125 3009 5194 jam
3038 5126 3101 5179 in
3126 5133 3287 5195 portu
3314 5125 3551 5179 consisto
3570 5139 3592 5184 .'

1936 5213 2155 5268 possum
2189 5198 2364 5267 igitur
2416 5198 2626 5252 acriter
2669 5198 2958 5265 corrigere,
3019 5197 3332 5268 respondet
3388 5200 3595 5250 auctor

1940 5266 2173 5324 noster:
2207 5266 2299 5323 sed
2328 5269 2425 5323 ille
2452 5270 2625 5338 timet,
2657 5266 2831 5323 multo
2861 5269 3036 5336 magis
3082 5266 3203 5338 iste,
3234 5283 3403 5324 senex
3430 5268 3588 5323 vide-

1940 5341 2087 5413 licet,
2119 5341 2255 5413 quia
2284 5342 2578 5411 cognoscit,
2610 5345 2717 5396 etc.
2748 5339 2915 5408 ;vide
2940 5338 3139 5395 divum
3174 5339 3591 5412 Hieronymum

1939 5411 1998 5466 in
2032 5411 2190 5466 hunc
2224 5415 2470 5467 textum.

2010 5484 2166 5554 (984)
2191 5483 2424 5554 Scilicet
2481 5482 2541 5536 in
2590 5483 2976 5554 sequentibus
3030 5499 3143 5538 non
3186 5486 3376 5538 textus
3406 5481 3595 5549 citati,

1939 5554 2039 5609 sed
2072 5553 2209 5609 bUic
2238 5553 2474 5619 similis,
2507 5554 2718 5622 xm,31t
2744 5569 2754 5607 :
2792 5553 3015 5609 scilicet
3042 5555 3373 5610 mandatum
3392 5570 3595 5609 novum

1938 5625 2003 5680 do
2038 5626 2208 5692 vobis,
2244 5634 2304 5679 ut
2334 5624 2593 5697 diligatis
2625 5626 2884 5679 invicem.
2921 5625 3024 5679 Cui
3062 5625 3319 5682 adhaeret
3350 5641 3499 5679 vers.
3531 5625 3603 5681 35

1939 5697 2299 5762 immediate,
2332 5694 2596 5769 sequenti
2627 5700 2819 5752 textus
2864 5697 3015 5752 infra
3045 5698 3257 5753 citatus
3286 5701 3347 5752 in
3374 5697 3473 5751 hoc
3501 5711 3591 5753 co-

1935 5772 2218 5839 gnoscent,
2241 5771 2349 5825 etc.
