3902 6390
374 425 490 489 M3

1389 429 1728 493 ATTONIS
1775 423 2364 490 VERGELLENSIS
2409 423 2760 489 EPISCOPI

3678 423 3796 491 ιιι

445 561 594 633 (985)
628 559 1002 620 Commuuicet
1031 568 1238 630 autem,
1271 568 1378 621 etc.
1401 565 1692 620 Hactenus
1725 563 1982 619 allocutu

2182 561 2194 612 ι
2223 559 2302 614 sit
2321 559 2683 624 sensuszoui
2711 576 2813 632 pro
2843 573 3042 616 amore
3070 555 3322 633 Spiritus
3342 556 3531 617 sancti
3561 557 3792 634 aliquid

374 651 561 706 fuerat
593 653 792 718 fortes,
827 653 926 725 qui
985 655 1270 724 patienter
1325 655 1574 709 aliorum
1621 653 2024 708 infirmitatem

374 745 646 813 poterant
677 742 944 798 tolerare.
980 744 1138 798 Func
1180 744 1502 815 alloquitur
1529 745 1847 814 subjectos,
1881 760 2023 814 qua-

374 827 508 884 liter
535 847 675 901 erga
723 849 862 886 suos
921 833 1324 902 praedicatores
1383 833 1700 887 consistere
1749 833 2020 888 debeant.

375 919 521 974 Nam
559 920 706 975 solet
736 921 962 975 evenire
1021 927 1105 985 ut,
1161 923 1301 976 dum
1362 923 1753 993 praedicationi
1786 939 2020 994 Operam

374 1008 536 1077 dant,
570 1009 830 1079 in0piam
857 1011 1252 1080 patiantur.Et
1281 1011 1410 1066 ideo
1431 1017 1750 1067 monentur
1779 1012 1849 1065 ab
1880 1015 2025 1082 Apo-

374 1097 545 1164 stolo,
580 1101 642 1152 ut
667 1098 1099 1154 communicent
1120 1116 1183 1154 se
1213 1099 1510 1155 auditores
1542 1101 2023 1172 praedicatoribus

371 1185 432 1240 in
465 1186 741 1241 omnibus
776 1188 966 1252 bonis,
1002 1189 1058 1242 id
1112 1195 1222 1253 est,
1253 1189 1469 1244 victum
1519 1195 1576 1245 et
1608 1191 2019 1245 vestimentum

371 1274 651 1328 tribuant.
712 1275 873 1337 Quod
932 1276 1086 1331 idem
1147 1277 1462 1348 Apostolus
1520 1279 1698 1334 alibi:
1756 1279 2024 1333 [labentes

371 1365 572 1417 victum
602 1372 654 1417 et
687 1367 1073 1420 vestimentum
1104 1367 1188 1420 his
1215 1369 1457 1422 contenti
1491 1383 1680 1424 sumus
1711 1369 1877 1438 (986).

443 1453 552 1506 Sed
585 1453 890 1508 sciendum
925 1455 1064 1524 quia
1103 1456 1256 1511 bona
1303 1457 1649 1527 temporalia
1679 1457 1830 1512 idem
1864 1463 2020 1527 Apo-

374 1540 584 1609 stolus,
620 1543 944 1597 secundum
978 1543 1298 1599 humanam
1333 1546 1837 1608 consuetudinem,
1873 1547 2022 1601 bona

375 1644 502 1684 esse
531 1629 692 1684 dicit.
753 1632 820 1685 Et
874 1631 1014 1702 quid
1075 1632 1290 1687 mirum
1350 1650 1484 1689 cum
1533 1634 1707 1689 etiam
1739 1633 2021 1690 Dominus

375 1718 623 1773 necdum
659 1721 926 1789 perfectis
966 1721 1272 1792 discipulis
1329 1724 1398 1778 ad
1431 1723 1648 1778 calcem
1683 1722 2018 1793 pervenien-

373 1806 534 1862 tibus
592 1809 737 1876 (987)
798 1809 990 1864 dicat:
1036 1810 1094 1864 Si
1149 1827 1298 1879 ergo,
1355 1829 1479 1866 cum
1536 1814 1660 1867 sitis
1718 1814 1877 1876 mali,
1909 1816 2017 1867 etc.

2136 648 2378 719 dederit,
2413 649 2483 705 ab
2532 648 2632 704 illo
2663 648 2906 720 accipiet
2955 648 3416 705 retributionem.
3468 649 3676 706 Potest
3706 669 3794 708 re-

2136 737 2270 794 ferri
2303 739 2373 794 ad
2409 738 2732 809 superiora,
2793 745 2854 792 ut
2884 738 2962 793 sit
2991 754 3244 794 sensus:
3303 738 3410 805 Qui
3447 739 3708 796 seminat
3737 741 3791 797 in

2136 843 2310 882 carne
2342 845 2470 894 sua,
2505 827 2560 882 id
2593 833 2700 896 est,
2753 826 2854 899 qui
2911 827 3222 883 carnaliter
3267 827 3455 900 legem
3487 828 3789 898 intelligit,

2137 922 2314 972 metet
2343 917 2796 988 corruptionem,
2853 918 2995 988 quia
3024 935 3150 989 qum
3199 917 3289 972 lex
3322 919 3618 990 promittit
3646 924 3787 976 tem-

2135 1005 2359 1077 poralia
2385 1011 2561 1073 sunt;
2595 1006 2695 1076 qui
2727 1010 2922 1062 autem
2955 1007 3210 1063 seminat
3239 1007 3296 1061 in
3319 1007 3554 1078 spiritu,
3590 1008 3652 1063 id
3681 1015 3788 1080 est,

2135 1094 2233 1165 qui
2265 1093 2611 1165 spiritaliter
2640 1093 2934 1165 intelligit,
2967 1095 3144 1150 vitam
3169 1099 3444 1152 aeternam
3477 1101 3682 1154 metet.

2205 1189 2625 1238 Bonumautem
2643 1186 2929 1253 facientes,
2955 1189 3067 1239 etc.
3091 1183 3374 1240 Salutaris
3403 1190 3496 1241 est
3521 1185 3786 1243 doctrina

2134 1270 2451 1342 apostolica
2476 1289 2488 1326 :
2521 1288 2659 1326 nam
2691 1272 2783 1327 his
2813 1272 3006 1328 verbis
3034 1271 3301 1328 hortatur
3319 1291 3428 1330 nos
3457 1274 3530 1330 ad
3565 1275 3782 1331 bonum

2133 1360 2595 1432 perseverantiae
2631 1361 2878 1416 Noverat
2920 1360 3017 1416 ille
3064 1361 3380 1419 nonnullos
3409 1363 3709 1428 inchoare,
3735 1370 3787 1422 et

2133 1467 2248 1506 non
2282 1453 2690 1520 perseverante
2722 1449 2834 1504 fide
2865 1449 3193 1522 complere;
3227 1451 3356 1508 ideo
3398 1452 3596 1510 taliter
3629 1453 3782 1509 dicit.

2132 1539 2202 1592 Et
2228 1539 2365 1609 quia
2395 1543 2536 1592 sunt
2589 1538 2882 1609 nonnulli,
2940 1540 3042 1611 qui
3091 1540 3163 1595 de
3222 1541 3372 1596 bono
3417 1543 3575 1612 quod
3609 1547 3786 1614 agunt

2132 1626 2226 1682 hic
2257 1627 2702 1682 retributionem
2726 1632 3086 1698 exspectant,
3110 1628 3238 1684 ideo
3267 1630 3578 1700 subjunxit
3607 1648 3620 1686 :
3655 1634 3783 1688 tem-

2127 1733 2258 1788 pore
2289 1717 2437 1771 enim
2468 1732 2564 1772 suo
2621 1721 2906 1784 metemus,
2960 1721 3070 1772 etc.
3106 1735 3119 1783 ;
3171 1719 3338 1788 quasi
3363 1719 3574 1776 'dicat:
3611 1720 3776 1776 Aliud

2131 1809 2221 1861 est
2249 1809 2482 1876 tempus
2537 1805 2803 1870 sationis,
2861 1810 2918 1861 et
2965 1805 3124 1861 aliud
3182 1807 3415 1872 messis,
3473 1825 3594 1870 non
3625 1811 3775 1866 enim

375 1896 584 1966 (Matth.
617 1913 714 1964 vn,
751 1899 838 1967 11)
861 1897 956 1952 ?Et
990 1899 1134 1954 forte
1154 1900 1266 1954 Job
1295 1901 1448 1956 bona
1477 1900 1702 1956 dixerat
1721 1917 1848 1956 esse
1873 1902 2023 1956 bona
2051 1928 2100 1993 B
2132 1911 2250 1950 uno
2279 1898 2542 1993 tempore
2601 1895 2967 1993 semianimus
2995 1900 3053 1950 et
3079 1895 3375 1954 metimus.
3417 1897 3698 1993 Similiter
3724 1903 3775 1956 et

371 1985 720 2056 temporalia
760 1987 832 2041 ad
893 1987 1273 2043 intentionem
1328 2006 1445 2044 suae
1506 1991 1701 2046 uxoris
1731 1990 2013 2044 dicentis:

373 2073 606 2128 Benedic
635 2074 738 2128 Deo
795 2082 846 2129 et
898 2091 1110 2130 morere
1175 2079 1310 2146 (Job,
1375 2096 1434 2144 ιι,
1494 2079 1968 2149 9);respondens
2001 2095 2051 2134 :-

373 2163 435 2216 Si
466 2164 604 2217 bona
631 2165 988 2234 suscepimus,
1049 2170 1152 2220 etc.
1217 2168 1408 2234 (Ibid.,
1467 2169 1574 2237 10).
1610 2168 1770 2222 Bona
1797 2167 2020 2222 dixerat

373 2251 562 2321 panis.
583 2255 760 2306 Erant
787 2251 939 2307 mala
963 2271 1087 2324 quas
1111 2256 1460 2310 sustinebat.
1485 2260 1842 2327 Cognoverat
1863 2255 2018 2312 enim

371 2339 469 2395 ille
498 2341 585 2394 vir
614 2341 733 2407 Dei,
767 2347 822 2396 et
878 2342 992 2397 Deo
1053 2343 1280 2414 plenus,
1314 2345 1467 2400 bona
1532 2346 1645 2400 dici
1679 2363 1792 2400 non
1828 2362 2018 2416 posse,

375 2428 486 2483 nisi
521 2428 791 2497 virtutes,
847 2447 974 2500 quae
1035 2447 1141 2487 nos
1198 2433 1402 2488 beatos
1461 2434 1732 2499 reddunt,
1757 2439 1812 2488 et
1845 2432 2018 2500 mala,

375 2534 502 2588 qua:
558 2516 825 2572 miseros.
865 2519 972 2574 Sed
1003 2522 1326 2576 secundum
1350 2521 1674 2577 humanam
1713 2526 2022 2577 consuetu-

375 2605 573 2661 dinem
603 2606 970 2677 loquebatur.
1033 2609 1178 2664 Nam
1229 2613 1462 2681 quando
1522 2627 1687 2666 sacra
1725 2611 2025 2682 Scriptura

374 2694 698 2750 secundum
733 2713 909 2750 suum
943 2699 1181 2752 modum
1215 2704 1273 2754 et
1303 2698 1564 2770 linguam
1602 2698 1882 2769 loquitur,
1909 2699 2021 2754 vir-

376 2787 532 2838 tutes
563 2789 665 2837 aut
695 2783 852 2850 vitia,
887 2785 1041 2840 bona
1065 2785 1154 2840 vel
1187 2787 1340 2842 mala
1371 2804 1499 2843 esse
1530 2789 1854 2842 conﬁrmat.

449 2871 629 2928 Nolite
657 2888 862 2937 errare,
896 2877 1002 2928 etc.
1028 2875 1096 2928 Et
1125 2875 1264 2946 quia
1290 2880 1512 2946 poterat
1541 2875 1753 2946 aliquis
1785 2893 2022 2946 respon-

375 2961 512 3015 dere
542 2965 598 3014 et
627 2961 854 3016 dicere:
890 2962 933 3017 Ο
963 2963 1256 3034 Apostole,
1278 2963 1386 3019 hoc
1420 2980 1588 3036 agere
1612 2983 1724 3020 non
1758 2982 2020 3035 possum,

375 3049 657 3119 quoniam
689 3065 827 3121 ager
858 3068 1023 3106 meus
1082 3052 1190 3106 hoc
1222 3070 1374 3108 anno
1419 3053 1680 3109 siccitate
1709 3054 1902 3121 aruit;
1935 3054 2022 3108 vi-

377 3155 550 3193 neam
589 3155 780 3194 meam
812 3142 1032 3210 grando
1074 3143 1474 3213 consumpsit;
1519 3159 1758 3198 censum
1804 3142 2024 3198 tributa

2133 1999 2290 2039 nunc
2319 1983 2601 2038 debemus
2655 1983 2881 2054 operari
2939 1983 3181 2049 bonum,
3237 1986 3617 2056 postmodum
3647 2002 3772 2043 vero

2127 2071 2569 2128 retributionem
2631 2073 2945 2143 percipere.
3006 2073 3151 2128 Nam
3184 2071 3280 2128 ille
3331 2074 3431 2144 qui
3464 2073 3562 2130 hic
3593 2077 3770 2146 perci-

2130 2161 2234 2233 pit,
2265 2161 2323 2214 in
2350 2161 2546 2216 futuro
2579 2161 2846 2216 mercede
2904 2161 3186 2232 privatur.
3247 2161 3411 2218 Unde
3452 2163 3771 2220 Dominus:

2128 2255 2467 2320 Receperunt
2517 2249 2820 2305 mercedem
2873 2266 3032 2306 suam
3078 2251 3296 2321 (Matth.
3355 2269 3430 2318 v1,
3475 2254 3532 2319 5,
3570 2255 3695 2324 16);
3724 2257 3772 2308 et

2131 2338 2407 2394 Salomon
2432 2355 2444 2392 :
2480 2339 2785 2396 [hereditas
2813 2339 2886 2396 ad
2914 2356 3077 2410 quam
3103 2341 3425 2411 festinatur,
3455 2343 3568 2397 etc.
3601 2342 3771 2413 (Prov.

2131 2445 2225 2494 xx,
2257 2429 2368 2494 21).
2428 2429 2498 2483 Et
2528 2433 2668 2483 nota
2718 2428 2859 2498 quia
2887 2443 2998 2484 non
3053 2428 3370 2497 deficiam
3397 2428 3563 2496 dicit,
3595 2437 3646 2485 et
3673 2445 3769 2485 nos

2130 2515 2467 2587 deﬁcientes,
2518 2517 2659 2586 quia
2713 2515 2798 2571 illi
2849 2516 2950 2587 qui
3008 2515 3408 2574 indelicienter
3459 2518 3622 2576 bona
3649 2533 3769 2590 ope-

2132 2609 2358 2668 rantur,
2390 2605 2794 2661 indeﬁcienter
2823 2603 3267 2662 retributionem
3297 2605 3642 2678 percipient.

2205 2695 2352 2763 (989)
2386 2693 2532 2757 Quia
2580 2693 2807 2748 dixerat
2833 2693 3143 2764 superius:
3195 2698 3336 2764 Quae
3363 2696 3512 2751 enim
3543 2697 3770 2752 sentina-

2135 2784 2269 2837 verit
2300 2783 2478 2849 homo,
2521 2786 2657 2848 etc.,
2711 2797 2936 2853 usque:
2970 2786 3095 2839 Non
3123 2783 3454 2851 deﬁcientes,
3485 2784 3618 2841 ideo
3645 2784 3768 2840 sub-

2125 2872 2362 2943 junxit:
2421 2875 2559 2942 Ergo
2617 2871 2749 2926 dum
2805 2880 3016 2943 tempus
3071 2873 3353 2939 habemus,
3412 2877 3568 2941 etc.;
3615 2871 3768 2946 quasi

2133 2961 2350 3015 diceret
2383 2978 2395 3015 :
2429 2960 2485 3014 Si
2515 2965 2654 3014 tunc
2686 2960 2967 3016 debemus
2989 2960 3460 3032 recipere,modo
3492 2963 3767 3019 seminare

2135 3050 2437 3114 debemus,
2471 3050 2572 3105 sed
2605 3049 2663 3104 in
2697 3049 2899 3121 pingui
2923 3067 3081 3121 arvo,
3105 3051 3432 3108 secundum
3465 3053 3625 3125 quod
3655 3067 3766 3124 pro-

2134 3139 2344 3210 pheta:
2401 3143 2607 3196 Novate
2659 3139 2878 3205 novate,
2956 3143 3088 3208 etc,,
3145 3148 3196 3196 et
3261 3141 3588 3198 circumdite
3641 3155 3765 3211 prie-

377 3227 539 3298 regia
567 3227 999 3295 exhauserunt;
1061 3229 1188 3294 hoc,
1244 3233 1400 3301 quod
1459 3232 1626 3299 dicis,
1682 3248 1853 3304 agere
1905 3248 2019 3286 non
2060 3297 2092 3304 _
2128 3231 2370 3300 putium,
2402 3233 2510 3283 etc.
2570 3230 2787 3298 (Jerem,
2845 3245 2920 3295 Iv,
2951 3229 3025 3294 3;
3086 3229 3203 3285 Ose.
3233 3246 3290 3293 x,
3333 3230 3443 3299 12).
3474 3231 3689 3296 Omnes,
3717 3227 3764 3282 id

374 3297 658 3387 possum;
702 3317 773 3372 ad
831 3317 938 3373 hoc
995 3297 1332 3390 respondit:
1396 3321 1573 3376 Nolite
1613 3297 1816 3376 errare
1847 3321 2018 3391 (988),
2052 3297 2095 3362 (ἶ
2128 3297 2370 3382 est,tam
2394 3333 2654 3389 paganos
2675 3297 3619 3388 quamJudeos,quoniam-omnia
3634 3323 3767 3374 tem-

377 3404 544 3476 quasi
579 3406 828 3462 diceret:
863 3407 1051 3463 Nolite
1084 3408 1189 3463 hoc
1221 3410 1430 3477 dicere,
1469 3409 1744 3479 quoniam
1776 3410 2021 3466 dicendo

374 3509 554 3559 erras,
590 3495 727 3564 quia
755 3495 813 3549 in
875 3495 1171 3552 hominem
1226 3495 1403 3565 fallis,
1463 3502 1643 3554 Deum
1679 3497 1878 3554 fallere
1907 3515 2021 3554 non

375 3586 560 3654 potes.
593 3585 762 3639 Novit
791 3584 945 3639 enim
974 3586 1098 3655 ipse
1120 3585 1420 3652 horreum,
1444 3587 1768 3656 cellarium,
1788 3604 2021 3642 omnem

375 3671 797 3741 supellectilem
829 3677 890 3727 tu
900 3691 1017 3728 am.

451 3761 518 3814 Et
546 3777 618 3815 ne
646 3760 743 3816 ille
774 3767 1007 3831 putaret
1035 3779 1096 3818 se
1129 3763 1368 3834 perdere
1399 3765 1551 3834 quod
1581 3764 1858 3831 dedisset,
1893 3765 2022 3821 ideo

379 3848 720 3918 subjunxit:
749 3854 891 3919 Quae
917 3852 1067 3906 enim
1094 3853 1446 3908 seminaverit
1475 3854 1654 3909 homo.
1687 3857 1821 3924 etc.,
1854 3853 2022 3924 quasi

380 3936 635 3993 diceret:
670 3938 751 3993 Ne
782 3943 950 4010 putes
980 3945 1036 3995 te
1066 3939 1334 3996 amittere
1374 3943 1527 4013 quod
1556 3943 1851 4008 concedis,
1878 3959 2022 4014 quo-

379 4026 538 4081 niam
572 4027 1016 4084 retributionem
1078 4030 1381 4101 percipies.
1443 4035 1511 4086 Et
1549 4031 1853 4086 sciendum
1885 4031 2025 4103 quia

377 4115 495 4170 duo
525 4120 664 4170 sunt
691 4117 852 4188 agri:
915 4123 1004 4172 est
1061 4118 1361 4188 spiritalis,
1422 4124 1511 4174 est
1568 4119 2023 4186 carnalis;cum

379 4203 666 4275 spiritalia
688 4205 1004 4276 agimus.in
1031 4207 1278 4277 spiritali
1301 4225 1440 4280 agro
1465 4227 1478 4275 ;
1513 4214 1569 4264 et
1590 4225 1722 4264 cum
1747 4207 2023 4276 carnalia,

377 4292 438 4347 in
470 4292 688 4348 carnali
721 4293 1105 4350 seminamus.

447 4382 514 4436 Et
546 4382 681 4454 quia
714 4383 816 4438 dat
844 4383 1294 4440 similitudinem
1327 4385 1836 4452 seminantis,vult
1868 4403 2026 4442 eam-

377 4471 508 4525 dem
541 4471 881 4527 dilucidare.
938 4473 1289 4543 Subjunxit:
1352 4475 1620 4542 Quoniam
1648 4477 1746 4546 qui
1783 4477 2029 4531 seminat

381 4561 441 4613 in
473 4575 636 4614 carne
663 4576 787 4626 sua,
847 4565 956 4616 etc.
1018 4563 1079 4617 In
1147 4580 1319 4618 carne
1373 4565 1687 4631 seminant,
1747 4564 1847 4635 qui
1902 4563 2027 4619 suis

2132 3406 2354 3478 poralia
2372 3407 2764 3463 communiter
2783 3408 3092 3464 concessit.
3112 3408 3350 3465 Maxime
3365 3418 3577 3474 autem,
3594 3408 3648 3464 id
3672 3411 3767 3471 est,

2133 3496 2232 3566 qui
2247 3497 2423 3552 unius
2437 3501 2574 3551 sunt
2587 3495 2884 3567 religionis
2895 3497 3222 3554 devotionis
3234 3503 3292 3554 et
3302 3497 3435 3554 fidei
3449 3497 3765 3561 nobiscum,

2131 3591 2188 3642 et
2216 3590 2378 3640 tuam
2413 3584 2719 3652 familiam,
2752 3589 2810 3640 et
2841 3602 3324 3658 unumquemque
3345 3587 3403 3642 in
3425 3604 3536 3644 suo
3560 3586 3764 3644 ordine.

2131 3677 2264 3728 Haec
2294 3673 2450 3730 enim
2474 3673 2742 3730 doctrina
2767 3673 3086 3746 apostolica
3105 3691 3222 3730 non
3239 3680 3329 3730 est
3359 3674 3766 3748 parvipenden-

2133 3763 2227 3828 da,
2263 3763 2363 3817 sed
2396 3778 2768 3834 summopere
2813 3763 3157 3834 appetenda.
3194 3764 3373 3820 Debet
3399 3764 3563 3820 enim
3595 3776 3762 3819 unus-

2133 3851 2385 3922 quisque
2416 3850 2708 3907 sollicitus
2736 3865 2868 3908 esse
2909 3851 3194 3918 laborare,
3226 3869 3299 3910 ne
3327 3857 3564 3926 tempus
3587 3848 3761 3910 indul-

2132 3944 2260 3996 tum
2290 3944 2466 4012 atque
2524 3957 2558 3996 a
2589 3945 2698 3997 Deo
2755 3956 3096 3998 concessum
3129 3942 3354 4012 perdat,
3397 3957 3614 4000 vacans
3638 3939 3761 3997 otio.

2134 4031 2282 4087 Nam
2313 4030 2456 4086 adeo
2489 4029 2736 4086 studiosi
2767 4031 3005 4086 fuerunt
3031 4031 3276 4102 quidem
3299 4045 3681 4104 paganorum,
3711 4028 3762 4082 ut

2133 4117 2459 4175 doluissent
2489 4134 2552 4172 se
2601 4135 2782 4172 unum
2813 4117 3142 4189 perdidisse
3180 4117 3360 4178 diem.
3392 4119 3602 4178 Fertur
3621 4115 3760 4176 enim

2133 4207 2300 4262 Titus
2326 4205 2670 4278 Vespasiani
2695 4205 3258 4279 ﬁlius,Jerosolymis
3281 4206 3764 4272 subversis,victor

2137 4297 2381 4354 Romam
2447 4299 2762 4364 revertens,
2823 4297 3080 4367 quadam
3125 4300 3293 4352 nocte
3321 4296 3544 4354 dixise
3571 4294 3690 4354 suis
3711 4291 3762 4346 in

2137 4401 2339 4442 ccena:
2373 4384 2417 4440 Ο
2447 4384 2640 4449 amici,
2679 4385 2905 4457 perdidi
2963 4384 3140 4452 diem,
3173 4384 3233 4440 Si
3264 4383 3361 4442 ille
3391 4387 3492 4457 qui
3523 4393 3763 4457 paganus

2137 4481 2280 4541 erat,
2311 4490 2428 4528 non
2460 4473 2683 4530 habens
2714 4472 2901 4545 legem
2950 4489 3143 4545 neque
3183 4473 3521 4546 prophetas,
3553 4468 3764 4529 dolebat

2138 4579 2200 4618 se
2230 4561 2556 4635 perdidisse
2586 4562 2741 4618 diem
2790 4562 2850 4616 in
2883 4579 2997 4633 quo
3055 4578 3172 4618 non
3215 4561 3439 4634 aliquid
3465 4578 3569 4637 pro
3598 4555 3762 4617 stabi-

377 4647 713 4703 carnalibus
744 4648 1231 4706 delectationibus
1288 4651 1680 4720 satisfaciunt,
1732 4653 1787 4708 id
1814 4656 1923 4723 est,
1956 4651 2026 4706 li-
2058 4667 2106 4734 Ι)
2138 4651 2300 4707 litate
2331 4651 2495 4723 regni
2549 4655 2653 4705 aut
2708 4654 2881 4721 gente
2926 4649 3270 4720 laborasset,
3320 4667 3440 4722 qua
3481 4653 3662 4708 fronte
3686 4649 3759 4709 ιιι,

377 4735 628 4806 bidines,
661 4743 770 4792 etc.
829 4737 1055 4794 Metunt
1110 4744 1556 4811 corruptionem,-
1615 4741 1671 4795 id
1729 4745 1836 4809 est,
1889 4757 2027 4810 sup-

379 4825 622 4896 plicium
655 4830 883 4882 aeterna:
927 4827 1349 4884 damnationzs.
1403 4830 1507 4897 Qui
1537 4838 1724 4884 autem
1753 4831 2030 4884 seminant

377 4914 436 4966 in
462 4914 687 4984 spiritu.
753 4913 837 4969 Illi
873 4914 931 4969 in
991 4915 1202 4986 spiritu
1259 4917 1571 4985 seminant,
1633 4917 1734 4988 qui
1782 4916 2028 4973 virtutes

377 4999 670 5056 seminant
696 5027 710 5065 ;
741 5005 798 5056 et
820 5001 1162 5058 seminando
1184 5003 1654 5070 virtutes,metent
1680 5005 1851 5059 vitam
1872 5009 2030 5061 aeter-

375 5089 603 5142 nam.Et
624 5093 762 5144 nota
782 5091 921 5160 quia
942 5108 1073 5146 cum
1096 5091 1421 5162 adjectione
1443 5093 1584 5147 dicit
1604 5109 1826 5148 carnem
1848 5110 2028 5160 suam,

380 5173 644 5230 absolute
674 5194 809 5230 vero
839 5181 1084 5246 spiritu;
1120 5180 1269 5246 ideo,
1304 5181 1444 5251 quia
1475 5180 1692 5236 nostris
1724 5183 2029 5237 conatibus

381 5277 615 5330 peccare
642 5280 978 5334 possumus,
1006 5269 1225 5323 bonum
1258 5286 1391 5324 vero
1429 5286 1599 5339 agere
1630 5285 2024 5341 nequaquam.

380 5349 657 5404 Nonnulli
707 5350 1018 5409 voluerunt
1066 5356 1390 5428 intelligere
1420 5358 1700 5429 Spiritum
1733 5365 2024 5415 sanctum.

635 5456 925 5536 ln__autog.
960 5476 1157 5536 marg.
1190 5461 1404 5536 legitur
1433 5482 1558 5536 cap.
1593 5465 1810 5521 XXXII.

452 5523 599 5607 (68(3)
634 5532 654 5578 1
689 5527 838 5607 'l‘im.
871 5523 945 5590 vi,
971 5531 1029 5607 8,
1065 5523 1199 5586 ubi:
1234 5523 1707 5592 Habentcs‘a-utem
1739 5539 2024 5607 alimenta,

380 5599 432 5650 et
463 5597 657 5664 quibus
688 5601 940 5664 tegamur
965 5603 1068 5666 his,
1101 5610 1208 5658 etc.

456 5667 868 5747 (987)8cilicet
900 5675 1135 5747 malitis,
1166 5674 1221 5727 in
1274 5677 1442 5744 cujus
1475 5678 1732 5734 culmine
1760 5680 2025 5747 sistebat,

381 5741 437 5793 et
467 5736 714 5797 docebat
743 5737 915 5795 Jesus
975 5736 1260 5815 Christus,
1306 5736 1472 5817 cujus
1525 5750 1739 5806 mentis
1771 5736 2022 5822 culmen,

2138 4740 2236 4811 qui
2259 4739 2630 4794 Christianus
2645 4755 2708 4794 es
2728 4739 2962 4793 ?Fertur
2981 4739 3158 4794 etiam
3181 4740 3336 4812 quod
3348 4735 3760 4802 Joanneslongo

2138 4828 2300 4884 senio
2332 4828 2653 4892 confectus,
2710 4844 2827 4884 non
2875 4827 3075 4884 valens
3133 4844 3463 4886 sermonem
3495 4828 3674 4883 facere
3697 4815 3759 4873 ad

2139 4917 2462 4983 collectam,
2497 4916 2743 4982 dicebat,
2776 4933 2910 4971 cum
2941 4933 2976 4972 a
3006 4916 3626 4985 manibus,del‘erretur
3649 4921 3762 4966 suo-

2139 5023 2268 5062 rum
2296 5024 2308 5062 :
2342 5006 2532 5062 Filioli
2549 5005 2769 5075 diligite
2800 5022 2887 5062 vos
2917 5007 3254 5062 alterutrum
3279 5027 3300 5071 ,-
3322 5005 3426 5076 qui
3449 5020 3583 5063 cum
3605 5000 3761 5056 inter-

2138 5098 2442 5167 rogaretur
2461 5110 2641 5166 quare
2663 5094 2819 5149 hunc
2840 5095 3062 5150 diceret
3080 5110 3434 5166 sermonem,
3461 5096 3760 5178 congrqu

2138 5185 2300 5240 dedit
2333 5199 2719 5256 responsum:
2758 5183 2968 5252 Filioli,
3002 5183 3142 5255 quia
3173 5189 3525 5257 praeceptum
3555 5171 3762 5234 Domini

2137 5273 2248 5328 hoc
2280 5272 2650 5327 solummodo
2683 5270 2921 5337 sufficit,
2953 5271 3003 5327 si
3037 5271 3371 5344 impleatur.

2211 5363 2357 5431 (990)
2394 5361 2580 5417 Videte
2633 5361 2894 5432 qualibus
2954 5362 3173 5429 litteris,
3221 5366 3331 5418 etc.
3380 5363 3468 5417 Ab
3491 5361 3597 5416 hoc
3622 5349 3754 5410 enim

2179 5467 2790 5542 erfectionisapicem
2825 5467 3019 5542 Adivus
3077 5468 3466 5542 Hieronymus
3521 5465 3579 5520 in
3628 5459 3757 5514 hanc

2186 5540 2454 5622 piﬁstplam
2488 5538 2793 5622 allegorice
2824 5538 3259 5622 interpretatur.

2388 5614 2451 5693 _ln
2484 5599 2676 5693 autog.
2714 5627 2898 5684 marg.
2920 5599 3273 5693 .h_ic_legitur
3301 5599 3692 5693 cap.ﬂX§§yI-

2209 5673 2355 5756 (989)
2388 5688 2452 5756 In
2483 5673 2678 5754 autog.
2711 5673 2896 5756 marg.
2920 5681 3014 5756 hic
3035 5673 3248 5756 legitur
3267 5673 3395 5756 cap'.

2209 5686 2334 5753 (989
2388 5688 2452 5738 In
2483 5691 2678 5754 autog.
2711 5699 2896 5756 marg.
2920 5686 3014 5738 hic
3035 5686 3248 5756 legitur
3267 5700 3395 5756 cap.
3427 5686 3660 5739 ΧΧΧιν.

2205 5686 2355 5828 (990i
2386 5755 2448 5810 In
2480 5760 2675 5826 autog.
2710 5771 2892 5826 marg.
2928 5755 3023 5814 hic
3052 5755 3268 5828 legitur
3303 5772 3430 5828 cap.
3462 5746 3660 5812 XXXV.
