3902 6400
130 437 234 498 545

663 431 1082 495 EXPOSITIO
1125 432 1206 493 IN
1251 433 1682 499 EPISTOLAS
1733 439 2087 501 PAULL—
2116 439 2192 500 IN
2241 441 2489 502 EPIST.
2537 443 2641 503 AD
2689 442 2962 507 EPHES.

3410 449 3528 508 546

129 570 245 626 loco
266 581 452 638 usque
472 565 545 620 ad
578 564 756 620 finem
779 564 904 620 suis
935 564 1212 622 manibus
1238 566 1475 639 scripsit
1495 583 1562 624 ea
1583 569 1767 625 inten-
1795 572 1850 638 Α
1880 573 2121 639 mundo,
2147 578 2204 628 et
2225 577 2495 628 mortuus
2517 578 2606 629 est
2631 574 2748 630 illis
2769 577 3049 632 mundus.
3067 582 3143 632 De
3165 577 3382 635 talibus
3405 585 3527 637 erat

129 660 292 721 tione,
323 655 462 727 quia
492 652 758 710 nonnulli
798 659 965 708 erant
1010 654 1108 726 qui
1164 655 1434 711 dicebant
1479 673 1614 712 eum
1649 673 1764 714 non

127 761 314 804 verum
362 759 492 800 esse
539 741 896 815 apostolum,
941 743 1081 814 quia
1135 743 1358 811 Petrus,
1406 745 1661 802 Jacobus
1710 751 1769 802 et

126 837 363 893 Joannes
381 831 698 888 carnaliter
713 831 1222 888 circumcisionem
1242 834 1560 905 praedicant
1579 841 1634 890 et
1651 853 1768 892 ser-

125 929 272 988 vant,
299 928 358 978 et
403 920 623 978 Paulus
672 937 849 977 suum
891 920 1247 992 discipulum
1289 922 1677 996 circumcidit,
1710 929 1769 980 et

126 1028 250 1071 cum
295 1011 516 1067 Judaais
567 1027 630 1066 se
682 1010 742 1064 in
793 1009 1011 1082 templo
1064 1011 1412 1082 puriticavit.
1445 1014 1564 1069 Isto
1609 1014 1765 1070 enim

127 1117 233 1161 uno
279 1101 519 1156 fuerunt
569 1098 655 1154 illi
705 1099 968 1170 decepti;
1021 1103 1078 1155 et
1128 1100 1237 1156 hoc
1285 1101 1509 1158 crimen
1565 1102 1767 1160 volens

127 1191 215 1248 ille
242 1195 487 1261 tergere,
521 1187 796 1244 manibus
827 1188 953 1243 suis
983 1187 1222 1256 scribit;
1255 1194 1313 1244 et
1356 1189 1609 1247 maxime
1648 1190 1766 1246 illis

125 1279 410 1338 scribebat
457 1277 733 1333 manibus
777 1276 924 1342 suis,
957 1277 1112 1332 inter
1158 1295 1306 1349 quos
1356 1285 1594 1335 noverat
1639 1296 1768 1337 esse

127 1368 264 1426 tales
291 1365 394 1440 qui
424 1371 629 1424 contra
657 1365 962 1422 veritatem
1012 1370 1069 1422 et
1115 1367 1443 1423 doctrinam
1486 1368 1647 1424 illius
1677 1368 1764 1423 di-

128 1457 423 1515 micarent.
457 1455 587 1516 Sive
636 1455 790 1525 ideo,
821 1461 885 1510 ut
926 1470 1096 1511 suam
1128 1455 1535 1513 auctoritatem
1566 1463 1768 1514 osten-

127 1548 278 1604 deret
318 1551 377 1602 et
426 1543 828 1605 manifestaret
872 1558 935 1600 se
983 1559 1123 1600 suos
1176 1544 1594 1601 obtrectatores
1651 1563 1767 1602 non

127 1637 342 1703 timere,
373 1634 546 1707 quasi
594 1633 814 1689 diceret
847 1649 859 1688 :
912 1633 957 1688 Ο
1004 1649 1110 1689 vos
1160 1632 1396 1705 Galam,
1428 1635 1491 1690 in
1529 1634 1640 1690 hoc
1670 1651 1767 1690 co-

124 1739 392 1796 gnosoere
414 1721 666 1795 potestis
687 1721 828 1793 quia
855 1737 993 1795 ergo
1025 1737 1187 1778 meos
1207 1723 1626 1781 obtrectatores
1653 1740 1767 1779 non

125 1813 314 1885 timeo,
354 1827 491 1869 cum
525 1811 800 1870 manibus
831 1811 979 1866 meis
1010 1811 1234 1868 litteras
1266 1812 1496 1884 scripsi.

190 1903 508 1972 Quicunque
534 1901 747 1967 volunt,
780 1904 890 1956 etc.
946 1902 1008 1955 In
1055 1916 1240 1967 carne,
1273 1916 1450 1972 quam
1485 1901 1647 1971 dicit,
1677 1899 1769 1958 vel

125 1990 379 2048 carnales
399 1990 658 2059 Judeos,
680 1987 769 2044 vel
791 1987 1114 2060 quemlibet
1132 1988 1449 2058 carnalem,
1473 1988 1562 2046 vel
1591 1991 1767 2046 etiam

124 2079 374 2136 carnalia
394 2079 532 2136 vitia
559 2079 705 2150 (991)
732 2076 1055 2150 intelligere
1075 2095 1415 2150 possumus.
1449 2080 1679 2134 Tantum
1709 2081 1770 2133 ut

121 2171 288 2225 crucis
310 2168 540 2235 Christi,
561 2172 668 2233 etc.
693 2167 1027 2224 Notandum
1051 2167 1194 2237 quia
1218 2166 1313 2222 Cai
1324 2184 1392 2222 us
1415 2167 1560 2239 (992)
1585 2171 1772 2223 Caesar

121 2265 172 2315 et
190 2258 544 2314 Octavianus
563 2259 891 2329 Augustus,
904 2260 960 2310 et
980 2272 1287 2312 successor
1306 2254 1768 2324 illiusTiberius,

120 2347 370 2420 publicis
392 2346 625 2421 legibus
648 2345 1031 2402 instituerunt
1047 2349 1112 2399 ut
1137 2344 1195 2399 in
1217 2349 1338 2400 toto
1356 2345 1493 2400 orbe
1507 2344 1770 2399 Romano

115 2436 301 2492 Judaei
323 2434 584 2508 propriis
603 2432 835 2506 legibus
861 2436 1195 2500 uterentur;
1225 2437 1280 2488 et
1307 2431 1438 2488 ideo
1469 2433 1770 2488 credentes

119 2524 390 2582 nonnulli
413 2525 486 2580 ad
509 2521 1017 2579 circumcisionem
1040 2522 1390 2588 transibant,
1417 2538 1487 2577 ne
1519 2521 1772 2576 scanda-

117 2613 229 2670 lum
252 2612 455 2668 crucis
481 2615 840 2684 paterentur.
863 2611 1043 2684 Neque
1068 2613 1218 2667 enim
1246 2613 1345 2681 qui
1363 2610 1768 2665 circumcidun-

117 2711 222 2771 tur,
249 2708 390 2773 etc.,
415 2701 585 2774 quasi
617 2701 872 2756 diceret:
909 2699 1034 2756 Non
1064 2699 1194 2754 ideo
1223 2699 1655 2754 circumcidunt
1683 2715 1767 2769 se,

119 2797 176 2847 ut
196 2791 388 2863 legem
411 2788 770 2858 custodiant,
793 2787 934 2859 quia
952 2786 1043 2843 lex
1063 2787 1379 2842 carnaliter
1398 2786 1629 2859 impleri
1653 2803 1768 2842 non

117 2884 330 2952 potest;
367 2876 716 2950 spiritaliter
742 2881 939 2932 autem
963 2875 1174 2931 nolunt
1195 2875 1540 2948 intelligere,
1566 2881 1630 2930 ut
1657 2875 1768 2930 im-

119 2968 326 3041 pleant.
351 2967 458 3024 Sed
481 2968 672 3023 volunt
692 2981 782 3022 vos
802 2963 1147 3035 circumcidi,
1171 2971 1283 3020 etc.
1313 2965 1494 3030 Quasi
1515 2965 1766 3021 diceret:

119 3059 241 3115 Ideo
271 3060 498 3132 cogunt
523 3072 626 3114 vos
656 3054 1021 3123 circumcidi,
1057 3059 1120 3109 ut
1149 3055 1220 3109 de
1259 3054 1428 3127 signo
1460 3053 1770 3110 circumci-

121 3146 293 3204 sionis
324 3147 386 3203 in
419 3144 712 3220 pudendis
745 3142 1028 3200 membris
1056 3143 1399 3216 glorientur.
1433 3144 1501 3198 Et
1539 3141 1654 3198 tale
1682 3146 1772 3198 est

123 3236 223 3292 hoc
244 3235 420 3309 quale
443 3235 504 3290 in
521 3233 780 3307 Epistola
801 3233 873 3289 ad
896 3233 1212 3300 Romanos,
1238 3232 1338 3288 ubi
1359 3231 1575 3304 legitur
1597 3249 1610 3288 :
1636 3232 1773 3300 Quo-

1877 660 2214 732 Apostolus.

1948 752 2007 805 In
2041 751 2252 806 Christo
2289 753 2443 806 enim
2482 754 2629 808 Iesu.
2666 755 2726 808 In
2775 754 2884 810 hoc
2934 754 3059 812 loco
3109 762 3304 828 aperte
3353 776 3524 814 suam

1875 840 2134 894 ostendit
2163 840 2568 907 intentionem,
2602 843 2771 913 quasi
2820 844 3039 899 diceret
3069 861 3082 899 :
3136 847 3254 917 Ego
3284 847 3524 913 Paulus,

1877 927 1975 998 qui
2025 929 2300 999 superius
2348 929 2640 998 dictando,
2685 932 2865 986 altero
2913 933 3192 1004 scibente,
3229 936 3368 1001 dixi,
3400 937 3526 1009 ipse

1875 1017 2152 1072 manibus
2174 1017 2320 1072 meis
2343 1017 2554 1084 scribo,
2573 1023 2636 1072 ut
2655 1021 3018 1092 cognoscatis
3041 1039 3132 1077 me
3155 1040 3316 1080 meos
3337 1027 3527 1081 obtreo

1876 1109 2125 1160 ctatores
2157 1121 2274 1160 non
2305 1106 2530 1162 timere.
2565 1109 2726 1171 Quod
2759 1123 2893 1164 vero
2934 1110 3074 1165 dicit
3105 1127 3120 1167 :
3174 1113 3361 1184 Neque
3411 1118 3525 1170 cir-

1875 1194 2138 1249 cumcisio
2168 1195 2330 1264 valet,
2364 1201 2494 1264 etc.,
2527 1196 2680 1250 sicut
2708 1199 2982 1268 superius
3009 1216 3022 1266 ;
3056 1216 3262 1256 novam
3293 1209 3526 1258 creatu-

1877 1298 2000 1336 ram
2020 1281 2275 1353 appellat
2295 1283 2754 1338 ecclesiasticum
2779 1287 3059 1357 populum
3081 1305 3184 1359 per
3199 1307 3527 1348 sacramen-

1875 1375 2002 1424 tum
2023 1370 2306 1440 baptismi
2334 1380 2696 1427 renovatum.
2723 1374 2832 1428 Sed
2863 1380 3004 1430 tunc
3033 1376 3184 1432 valet
3206 1377 3324 1434 haec
3358 1397 3525 1437 reno-

1876 1459 2052 1527 vatio,
2077 1459 2125 1514 si
2157 1460 2311 1530 quod
2336 1461 2669 1531 promiserit
2693 1467 2887 1518 servat
2911 1488 2924 1531 ;
2959 1481 3095 1520 nam
3122 1467 3171 1521 si
3196 1472 3522 1540 recesserit,

1876 1548 1936 1602 in
1967 1548 2076 1603 hac
2106 1549 2476 1604 renovatione
2505 1567 2621 1605 non
2653 1552 3003 1607 continetur.

1949 1637 2015 1690 Et
2035 1637 2346 1709 quicunque
2367 1639 2509 1694 hanc
2531 1641 2800 1711 regulam,
2825 1646 2933 1696 etc.
2960 1642 3105 1698 Nota
3127 1645 3266 1716 quia
3284 1648 3529 1719 Apostos

1879 1725 1973 1780 lus
1988 1730 2177 1780 totum
2197 1727 2267 1781 ad
2290 1727 2552 1799 regulam
2569 1729 2788 1800 dirigit,
2805 1734 2870 1784 ut
2890 1730 2940 1785 si
2956 1731 3178 1803 aliquid
3195 1738 3526 1792 tortuosum
3638 1762 3653 1774 ε

1877 1812 1966 1869 vel
1989 1829 2325 1885 perversum
2350 1816 2544 1883 fuerit,
2561 1817 2805 1872 auferat.
2822 1822 2968 1873 Nam
2991 1820 3254 1890 regulam
3274 1824 3529 1894 appellat

1799 1938 1846 2003 Β
1879 1903 2206 2003 doctrinam
2230 1904 2642 1976 apostolicam;
2669 1910 2727 1961 et
2747 1907 2805 1960 in
2839 1907 2947 1962 hoc
2971 1924 3194 1981 magnae
3216 1913 3526 1968 auctorita-

1880 1992 1956 2048 tis
1986 2007 2114 2048 esse
2144 1994 2492 2060 ostenditur,
2528 2011 2662 2048 curn
2694 1994 2874 2050 dicit:
2909 1996 3016 2064 Qui
3045 1998 3186 2053 hanc
3213 2001 3530 2058 doctrinam

1876 2083 2089 2152 fuerint
2117 2085 2307 2151 secuti,
2339 2084 2409 2136 sit
2456 2099 2620 2153 super
2656 2084 2781 2138 illos
2818 2101 2951 2154 pax,
2982 2090 3090 2140 etc.
3125 2087 3240 2142 Pax
3269 2095 3378 2155 est,
3414 2107 3532 2161 qua

1881 2169 2328 2224 reconciliamur
2341 2170 2456 2226 Deo
2472 2195 2486 2236 ;
2505 2171 2907 2226 misericordia
2929 2179 3036 2240 est,
3052 2190 3170 2245 qua
3191 2186 3428 2246 peccata
3447 2194 3533 2233 re-

1881 2257 2170 2314 laxantur.
2187 2259 2360 2330 Super
2381 2260 2551 2314 Israel
2566 2260 2662 2314 Dei
2683 2261 2846 2326 dicit,
2861 2262 2932 2316 ad
2959 2262 3388 2320 distinctionem
3411 2283 3534 2323 car-

1883 2347 2033 2402 nalis
2059 2347 2257 2414 Israel,
2289 2364 2423 2401 nam
2456 2353 2546 2402 est
2569 2349 2764 2415 Israel,
2793 2366 2907 2404 non
2934 2350 3034 2405 Dei
3059 2369 3072 2419 ;
3111 2354 3265 2408 unde
3296 2355 3353 2408 in
3378 2357 3530 2427 Apo-

1881 2435 2096 2507 calypsi
2129 2452 2140 2490 :
2176 2439 2281 2504 Qui
2307 2437 2494 2491 dicunt
2521 2453 2580 2491 se
2604 2439 2818 2492 Iudaeos
2842 2452 2977 2503 esse;
3000 2446 3107 2495 etc.
3134 2443 3318 2513 (Apoc.
3356 2462 3416 2512 ιι,
3451 2446 3529 2515 9).

1952 2525 2100 2596 (995)
2132 2526 2207 2580 De
2249 2535 2466 2592 extero,
2511 2529 2661 2592 etc.;
2703 2528 2871 2597 quasi
2905 2527 3124 2584 diceret
3159 2547 3172 2584 :
3224 2532 3534 2589 Manifesta

1881 2613 2346 2684 veritate,nullus
2364 2631 2456 2669 me
2473 2616 2543 2669 ad
2564 2615 3018 2686 disputationem
3034 2623 3399 2690 provocet.Et
3417 2623 3533 2678 tale

1881 2707 1970 2757 est
1995 2701 2103 2757 hoc
2125 2703 2296 2774 quale
2326 2704 2383 2757 in
2409 2703 2666 2776 Epistola
2691 2706 2761 2759 ad
2788 2705 3150 2764 Corinthios:
3186 2708 3247 2764 Si
3266 2713 3390 2782 quis
3410 2729 3535 2767 con-

1877 2793 2143 2846 tentiosus
2163 2799 2242 2848 est
2261 2794 2404 2847 inter
2424 2808 2511 2847 vos
2531 2794 2575 2862 (l
2587 2793 2706 2848 Cor.
2722 2811 2796 2860 x1,
2817 2795 2924 2865 16).
2943 2796 3104 2852 Unde
3121 2798 3298 2854 etiam
3323 2800 3535 2857 melius

1881 2881 1938 2934 in
1971 2881 2166 2936 Graeco
2195 2881 2446 2936 habetur
2477 2899 2490 2936 :
2523 2881 2691 2937 Nemo
2726 2884 2867 2938 mihi
2897 2884 3139 2941 laborem
3168 2889 3403 2958 ingerat.

1949 2970 2058 3039 Ego
2089 2971 2239 3024 enim
2267 2971 2552 3038 stigmata,
2585 2975 2692 3025 etc.
2730 2971 2879 3026 Nota
2908 2974 3048 3043 quia
3075 2977 3341 3043 stigmata
3369 2979 3532 3049 dicit,

1881 3075 1996 3112 non
2012 3059 2516 3123 circumcisionem;
2542 3063 2599 3111 et
2617 3060 2743 3113 Iesu
2763 3058 2925 3127 dicit,
2942 3077 3056 3115 non
3079 3062 3213 3133 legis
3234 3065 3531 3135 stigmata,

1881 3161 2138 3216 namque
2186 3151 2326 3200 sunt
2375 3151 2520 3200 notae
2551 3145 2702 3217 (995)
2751 3163 3079 3217 poenarum,
3113 3152 3330 3221 quibus
3381 3155 3534 3209 servi

1882 3235 2254 3289 denotantur.
2279 3235 2563 3304 Stigmata
2591 3233 2649 3288 in
2680 3250 2920 3305 corpore
2953 3254 3059 3292 suo
3089 3240 3344 3310 appellat
3374 3241 3532 3314 peri-

125 3341 236 3380 rum
431 3302 626 3380 venter
653 3331 751 3390 est,
775 3327 910 3390 etc.,
933 3322 1083 3393 (993)
1114 3302 1460 3377 Gaudebant
1487 3320 1642 3376 enim
1674 3319 1770 3376 isti
1803 3302 1846 3368 C
1887 3321 2018 3378 cula
2037 3302 2799 3393 carcerum/lapidationem—
2815 3329 2872 3378 et
2891 3302 3218 3399 naufragia,
3242 3334 3298 3384 et
3325 3302 3532 3390 caetera

128 3432 184 3472 se
211 3415 429 3475 multos
452 3414 668 3472 habere
695 3411 1037 3485 discipulos.
1063 3411 1207 3467 Nam
1235 3427 1353 3483 qua
1380 3409 1656 3466 aviditate
1688 3408 1774 3464 illi

127 3504 336 3564 vellent
351 3506 432 3562 ad
461 3502 970 3560 circumcisionem
996 3499 1248 3568 trahere,
1275 3500 1563 3556 Dominus
1585 3500 1772 3554 mani-

127 3594 311 3660 festat,
341 3595 596 3651 dicens:
653 3593 736 3648 Vm
780 3591 952 3662 vobis,
1001 3590 1205 3646 Scriba
1254 3598 1305 3646 et
1349 3589 1642 3660 Pharisaei,
1677 3588 1776 3660 qui

125 3683 365 3741 circuitis
393 3698 553 3740 mare
603 3687 654 3742 et
697 3680 938 3749 aridam,
970 3682 1030 3733 ut
1059 3677 1284 3751 faciatis
1329 3695 1503 3733 unum
1527 3678 1772 3749 prosely-

125 3781 251 3840 tum,
273 3778 383 3830 eto.
403 3771 620 3844 (Matth.
636 3786 798 3840 xxm,
823 3769 931 3840 15).
951 3768 1019 3823 Et
1039 3767 1089 3824 si
1111 3767 1410 3824 habebant
1431 3767 1770 3823 aviditatem

124 3877 296 3917 unum
313 3861 614 3931 trahendi,
641 3851 826 3915 multo
850 3857 1038 3930 magis
1063 3861 1244 3912 totam
1273 3856 1631 3928 provinciam
1659 3857 1770 3912 Ga-

122 3947 331 4007 latiam.

187 4041 325 4114 (994)
353 4037 498 4098 Mihi
526 4047 714 4096 autem
743 4037 910 4106 absit,
944 4039 1050 4091 etc.
1081 4034 1403 4106 Distinguit
1431 4034 1588 4089 enim
1614 4036 1764 4106 Apo-

125 4129 295 4186 stolus
328 4147 501 4188 suam
554 4127 966 4202 gloriationem
1014 4129 1072 4180 et
1120 4123 1357 4179 illorum
1407 4123 1502 4178 his
1550 4122 1764 4188 verbis,

124 4219 274 4288 quasi
301 4220 561 4276 diceret:
597 4216 684 4273 Illi
710 4217 767 4271 in
805 4213 1251 4271 circumcisione
1277 4212 1625 4284 gloriantur,
1659 4228 1764 4284 ego

122 4304 174 4361 in
203 4324 402 4377 cruce;
437 4313 504 4365 ut
537 4306 725 4361 illud:
759 4305 917 4359 Ibant
943 4302 1239 4372 gaudentes
1261 4304 1400 4372 (Act.
1435 4318 1486 4368 ν,
1517 4301 1626 4371 41),
1650 4306 1762 4356 etc.

125 4393 183 4449 Et
206 4395 261 4451 in
293 4398 464 4469 cujus
496 4410 671 4453 cruce
703 4392 1043 4449 manifestat
1072 4390 1273 4446 dicens
1306 4407 1318 4444 :
1370 4389 1433 4444 In
1469 4405 1628 4444 cruce
1659 4390 1762 4444 Do-

124 4486 267 4540 mini.
299 4485 643 4543 Notandum
695 4482 851 4539 enim
904 4481 1046 4552 quia
1097 4483 1237 4535 sunt
1289 4479 1389 4550 qui
1430 4478 1765 4534 moriuntur

181 4600 321 4675 (991)
354 4603 601 4675 Legitur
630 4600 690 4675 in
723 4599 849 4655 cod.
873 4615 885 4653 :
913 4597 1244 4675 carnalibus
1273 4595 1443 4675 vitiis.
1480 4593 1759 4675 Deditum,

120 4666 197 4742 vel
222 4666 791 4731 dediwsaddendum
824 4673 1150 4742 putassem,
1174 4666 1287 4742 nisi
1312 4668 1438 4735 jam
1471 4666 1756 4733 carnales,
1791 4671 1835 4735 D

121 4740 235 4810 hoc,
259 4751 321 4800 ut
349 4761 501 4811 reor,
537 4761 717 4801 sensu
749 4740 1132 4797 nominasset.
1166 4740 1528 4810 Quapropter
1555 4754 1753 4794 emen-

121 4812 360 4872 dandum
389 4817 620 4874 censui.

179 4887 322 4957 (992)
353 4890 538 4945 Divus
571 4888 826 4953 Hieron.,
861 4884 1046 4940 Caius.

1885 3428 2012 3483 qua;
2045 3411 2102 3464 in
2136 3409 2398 3481 catalogo
2428 3410 2660 3466 virtutis
2691 3411 2851 3468 illius
2885 3421 3218 3471 narrantur.

1956 3499 2165 3566 Gratia,
2211 3505 2320 3555 etc.
2353 3499 2478 3554 Non
2524 3500 2659 3570 legis
2705 3501 2867 3567 dicit,
2899 3503 2999 3557 sed
3032 3505 3296 3567 Domini;
3326 3511 3383 3562 et
3411 3525 3529 3566 non

1881 3605 2005 3644 cum
2057 3605 2241 3654 carne,
2293 3588 2395 3643 sed
2447 3605 2573 3643 cum
2620 3591 2826 3659 spiritu
2881 3591 3064 3659 dicit;
3121 3598 3178 3648 et
3234 3611 3348 3650 non
3377 3597 3528 3667 qui.

1883 3677 2248 3748 buscunque,
2283 3677 2380 3732 sed
2416 3677 2732 3744 fratribus;
2767 3683 2825 3734 et
2853 3696 2970 3734 non
3002 3680 3156 3749 aliis,
3190 3683 3292 3738 sed
3333 3685 3526 3743 veris:

1882 3767 2038 3830 quod
2070 3770 2159 3822 est
2186 3782 2389 3829 amen;
2419 3783 2558 3822 nam
2596 3783 2756 3823 amen
2795 3769 3210 3839 interpretatur
3236 3790 3380 3841 vere,
3411 3774 3532 3831 sive

1880 3855 2147 3911 ﬁdeliter.
2172 3856 2288 3911 Isto
2311 3872 2580 3912 sermone
2601 3857 2915 3928 Apostolus
2939 3876 3108 3915 suam
3132 3864 3531 3921 narrationem

1879 3944 2264 4014 conﬁrmavit,
2290 3943 2469 3998 veluti
2497 3945 2784 4002 Dominus
2805 3947 2866 4002 in
2892 3947 3082 4003 Veteri
3114 3951 3488 4008 Testamento
3513 3970 3530 4010 :

1883 4035 2008 4088 Vivo
2029 4051 2145 4104 ego,
2173 4032 2306 4087 dicit
2339 4035 2604 4088 Dominus
2634 4034 2820 4101 (Num.
2845 4052 2958 4100 xxv,
2981 4037 3108 4107 28);
3143 4043 3200 4092 et
3228 4039 3288 4093 in
3320 4040 3478 4095 Novo
3509 4057 3525 4097 :

1875 4123 2063 4178 Amem
2083 4138 2241 4177 amen
2263 4121 2382 4177 dico
2401 4123 2552 4177 vobis
2573 4124 2752 4189 (Joan.
2786 4141 2825 4190 1,
2855 4125 2966 4193 51).
2994 4125 3280 4182 Similiter
3309 4133 3366 4184 et
3394 4128 3527 4188 iste.

1877 4213 1944 4266 Et
1975 4212 2130 4283 quod
2161 4228 2263 4283 pro
2284 4227 2412 4266 vere
2435 4216 2708 4282 ponatur,
2733 4212 2792 4268 in
2816 4212 3076 4284 Epistola
3099 4216 3170 4271 ad
3196 4217 3527 4276 Corinthios

1873 4300 1954 4354 ibi
1987 4301 2138 4371 (997)
2189 4300 2376 4356 dicit:
2421 4301 2695 4368 Quomodo
2745 4302 2889 4357 dicet
2937 4319 3098 4359 amen
3152 4321 3319 4376 super
3371 4310 3528 4364 tuam

1873 4389 2301 4445 benedictionem
2321 4393 2346 4443 .9

2255 4479 2496 4548 Emplicit
2525 4479 2766 4549 Epistola
2796 4479 2867 4534 ad
2898 4480 3136 4537 Galatas.

1869 4595 2133 4655 serviunt.
2167 4594 2258 4648 sed
2286 4609 2384 4647 suo
2413 4595 2609 4648 ventri.

1958 4665 2084 4740 994)
2120 4665 2179 4740 In
2212 4670 2410 4734 autog.
2445 4681 2630 4736 marg.
2665 4665 2760 4740 hic
2791 4665 3004 4740 legitur
3031 4685 3157 4740 cap.
3192 4668 3435 4727 XXXVI.

1959 4738 2086 4812 995)
2119 4737 2180 4792 In
2213 4740 2410 4860 autog.
2447 4752 2632 4808 marg.
2669 4737 3011 4820 hiclegitur
3041 4737 3165 4813 cap.
3200 4743 3472 4824 XXXVII.

1959 4810 2081 4860 996)
2119 4810 2176 4860 In
2209 4811 2336 4860 cod.
2392 4814 2616 4860 ρειιυιε
2652 4811 2781 4860 nodi
2810 4826 3119 4860 mimarum-
3147 4815 3345 4860 nui/mg
3373 4818 3522 4860 m-mf

1934 4810 2081 4884 (996)
2119 4810 2176 4862 In
2209 4811 2336 4884 co_d.
2368 4810 2616 4879 legitur:
2652 4811 2784 4884 nodi
2806 4810 3128 4884 pennarum,
3147 4815 3345 4884 quibus
3372 4818 3519 4872 servi

1862 4878 2471 4958 t‘ler‘zodanturchatus
2496 4878 2860 4958 Augustinus
2891 4899 3024 4937 vero
3057 4882 3116 4958 in
3151 4878 3300 4940 hanc
3332 4887 3516 4958 Epist.

180 4941 320 5028 (993)
348 4941 698 5016 'I‘extusihic
729 4941 843 5012 non
876 4956 936 5010 in
979 4954 1167 5028 Epist.
1194 4952 1297 5028 ad”
1320 4952 1511 5017 Rom.,
1545 4953 1647 5028 sed
1683 4951 1753 5028 in
1865 4953 1946 5007 ait
1969 4969 1982 5005 :
2002 4941 2289 5028 Stigmata
2317 4954 2465 5028 enim
2495 4941 2756 5006 dicuntur
2784 4962 2925 5028 noue
2954 4956 3210 5026 quietiam
3233 4941 3520 5027 pwndrum

121 5023 207 5083 illa
233 5023 308 5104 ad
336 5031 592 5104 Philipp.
625 5029 840 5101 legitur
869 5044 964 5104 In,
990 5023 1076 5104 19.
1111 5023 1753 5104 Similisautemﬁhuic,

121 5103 177 5172 et
197 5103 261 5156 ad
294 5120 414 5159 rem
448 5094 714 5159 nostram
743 5115 907 5172 aeque
940 5098 1168 5172 faciens
1188 5097 1438 5172 habetur
1477 5095 1536 5172 in
1568 5094 1750 5167 Epist.

123 5169 182 5223 ad
214 5171 372 5230 Rom.
405 5192 522 5246 xw,
556 5174 644 5242 18,
689 5171 769 5226 ibi
806 5169 830 5226 τ’
873 5169 1083 5226 Christo
1135 5169 1364 5223 Domino
1415 5171 1598 5224 nostro
1644 5182 1755 5223 non

1863 5025 2326 5090 servilium,etc.;
2352 5024 2602 5094 ideoque
2624 5029 2846 5079 textum
2871 5025 2931 5080 in
2955 5024 3082 5082 cod.
3113 5024 3308 5084 nostro
3327 5045 3522 5094 emen-

1864 5096 2126 5150 dandum
2161 5091 2522 5150 censuimus:
3325 5091 3338 5118 ⁴

1937 5168 2084 5238 (997)
2118 5167 2382 5222 Fortasse
2411 5165 2577 5234 idem,
2609 5166 2696 5222 vel
2731 5167 2805 5222 id.
2840 5172 2863 5220 Ι
2903 5168 3032 5224 Cor.
3065 5187 3183 5238 xxv,
3217 5172 3301 5227 16.

629 5403 1095 5502 INCIPIT
1163 5402 1295 5496 IN
1363 5400 2076 5496 EPISTOLAM
2144 5401 2310 5492 AD
2370 5399 2990 5496 EPHESIOS

1600 5574 2024 5592 ﬂ

654 5649 1195 5714 ARGUMENTUM.

182 5745 400 5823 Ephesii
439 5754 586 5812 sunt
611 5747 829 5810 Asiani.
863 5743 956 5817 Hi,
989 5744 1228 5816 accepto
1259 5740 1434 5800 verbo
1462 5741 1750 5816 veritatis,

1864 5647 2248 5722 perstiterunt
2276 5647 2335 5703 in
2367 5648 2500 5705 Iide.
2537 5647 2653 5706 Hos
2684 5651 2978 5709 collaudat
3014 5653 3352 5727 Apostolus,
3375 5654 3520 5712 scri~

1863 5740 2010 5796 bene
2060 5737 2146 5801 eis
2189 5737 2374 5798 Roma
2403 5738 2476 5798 de
2507 5754 2758 5800 carcere.
2790 5741 3007 5802 Ferunt
3039 5741 3326 5818 nonnulli,
3362 5742 3517 5824 quod
