3902 6396
388 432 506 491 54Ἳ

1416 420 1755 482 ATTONIS
1798 416 2391 480 VERCELLENSIS
2435 418 2783 480 EPISCOPI

3680 429 3783 490 548

386 563 461 618 ab
492 560 603 617 alio
649 558 945 631 prmdicati
1000 558 1071 613 ab
1125 554 1402 628 Apostolo
1435 556 1574 608 sunt
1603 550 1879 607 roborati.
1912 548 2036 604 Non
2067 549 2125 616 Α
2151 546 2444 604 loeusiste
2460 548 2772 622 dupliciter
2790 549 2904 623 legi
2925 554 3136 623 potest,
3157 554 3223 607 ut
3237 552 3365 624 jam
3382 553 3782 615 adCorinthios

386 650 633 706 deerunt
666 648 768 720 qui
800 649 1017 711 dicant,
1042 645 1197 717 quod
1233 645 1305 698 ab
1330 641 1607 714 Apostolo
1638 641 1879 694 verbum
1904 637 2039 693 ﬁdei
2151 636 2373 692 dictum
2406 641 2515 693 est.

384 739 645 810 primum
678 736 1059 810 perceperint.
1094 734 1207 790 Sed
1240 732 1534 804 quomodo
1568 746 1661 784 res
1691 745 1753 784 se
1782 724 2040 782 habeat?

383 826 804 883 Verumtamen
828 824 1154 889 sciendum,
1181 821 1335 892 quod
1360 826 1476 874 tam
1505 836 1574 873 ex
1591 818 1832 882 Judaeis,
1856 832 2034 887 quam

383 932 453 972 ex
472 916 746 987 gentibus
768 912 1150 968 crediderant.
1177 909 1338 965 Unde
1363 907 1618 979 primum
1640 907 1875 962 Judaeos
1895 904 2035 960 allo-

383 1006 606 1076 quitur,
627 1017 920 1072 exponens
949 1000 1034 1054 eis
1054 998 1267 1052 Christi
1304 1000 1696 1062 sacramenta,
1724 994 1781 1049 id
1813 999 1922 1057 est,
1945 994 2035 1047 in-

383 1090 760 1159 carnationis,
774 1096 831 1144 et
845 1088 1088 1158 reliqua.
1111 1087 1325 1140 Deinde
1345 1084 1703 1140 convertitur
1719 1084 1788 1137 ad
1808 1087 2031 1154 gentes,

381 1186 441 1236 et
469 1181 738 1235 hortatur
794 1194 915 1240 eos,
947 1192 1019 1230 ne
1088 1175 1268 1230 tantis
1318 1173 1616 1229 beneﬁciis
1647 1172 1765 1227 sint
1796 1170 2029 1243 ingrati.

380 1268 758 1325 Postmodum
784 1264 1174 1320 communiter
1196 1266 1279 1319 ei
1308 1263 1489 1318 tradit
1512 1260 1862 1317 moralitatis
1883 1260 2029 1330 (998)

377 1360 683 1429 przecepta,
706 1371 834 1426 quae
867 1370 985 1408 non
1021 1352 1214 1407 solum
1247 1351 1385 1419 illis,
1414 1352 1512 1407 sed
1548 1351 1723 1405 etiam
1754 1350 2031 1404 omnibus

377 1448 711 1516 congruunt
735 1442 1106 1497 Christianis.
1137 1446 1294 1496 Inter
1314 1457 1438 1511 quae
1461 1441 1647 1506 docet,
1672 1438 1814 1509 quid
1842 1437 2027 1493 domi-

377 1550 485 1589 nos
533 1537 589 1588 et
640 1548 858 1601 servos,
902 1535 1094 1602 patres
1148 1534 1204 1584 et
1253 1529 1427 1598 ﬁlios,
1469 1528 1625 1583 viros
1676 1532 1734 1583 et
1780 1527 2029 1582 feminas

378 1626 642 1694 oporteat
670 1637 860 1693 agere.
893 1625 1137 1675 Summa
1166 1635 1298 1674 vero
1347 1618 1405 1673 in
1455 1616 1742 1689 principio
1774 1616 1889 1672 ista
1918 1620 2025 1682 est,

378 1717 445 1769 ut
493 1711 765 1767 ostendat
810 1710 1109 1766 Christum
1156 1712 1291 1763 ante
1322 1708 1612 1762 mundum
1645 1706 1847 1771 fuisse,
1881 1709 1939 1759 et
1968 1704 2026 1758 in

375 1801 505 1873 ipso
526 1817 691 1872 spem
713 1814 843 1854 esse
864 1797 1194 1853 locandam.
1213 1801 1287 1850 De
1311 1794 1728 1859 admonitione,
1745 1792 2024 1864 quoniam

2221 744 2539 816 Sequitur:
2574 746 2683 813 Qui
2701 746 2985 802 benedixit
3010 763 3128 818 nos,
3151 752 3260 804 etc.
3289 753 3368 805 Ds
3387 765 3477 819 eo,
3497 753 3651 823 quod
3676 769 3779 810 non

2149 833 2207 887 in
2243 850 2385 900 una,
2416 834 2517 889 sed
2549 834 2608 888 in
2635 834 2832 902 omni;
2865 834 2922 890 id
2954 839 3064 905 est,
3088 852 3203 892 non
3236 836 3577 910 aliquantis,
3599 842 3695 897 sed
3725 842 3776 899 in

2147 922 2462 989 omnibus;
2510 937 2617 977 nec
2658 922 2715 977 in
2747 925 3018 991 terrenis,
3052 926 3151 980 sed
3187 926 3246 981 in
3278 922 3660 998 spiritalibus.
3690 931 3783 988 Est

2144 1015 2377 1065 terrena
2408 1012 2756 1067 benedictio.
2792 1012 3125 1068 Benedictio
3168 1018 3402 1071 terrena
3448 1021 3539 1072 est
3582 1016 3779 1075 habere

2145 1098 2322 1164 ﬁlios,
2345 1099 2645 1155 abundare
2666 1100 2904 1167 divitiis,
2930 1102 3205 1171 sanitate,
3224 1108 3282 1158 et
3303 1103 3523 1161 honore
3542 1107 3780 1178 gaudere

2143 1190 2520 1255 (Levit.xxv1,
2551 1189 2629 1258 9),
2680 1206 2811 1260 qua:
2859 1189 2919 1244 in
2968 1189 3115 1246 libro
3166 1191 3417 1248 Levitico
3468 1194 3778 1252 cultoribus

2142 1273 2290 1347 legis
2324 1277 2748 1347 promittuntur
2774 1295 2787 1342 ;
2820 1278 2878 1332 id
2910 1283 3020 1341 est.
3042 1280 3297 1336 externis
3327 1282 3605 1353 gentibus
3634 1283 3777 1341 fene-

2142 1379 2292 1431 rare,
2318 1363 2493 1435 plena
2511 1381 2641 1420 esse
2664 1365 2871 1421 horrea
2895 1367 3206 1435 frumento,
3228 1374 3338 1424 etc.
3361 1369 3530 1426 Tales
3554 1373 3780 1428 benedi-

2142 1453 2366 1508 ctiones
2395 1469 2510 1508 non
2543 1459 2682 1508 sunt
2710 1454 3007 1524 spiritales
3029 1501 3044 1525 ,
3077 1457 3235 1513 unde
3267 1474 3381 1514 non
3412 1458 3523 1515 bas
3568 1459 3777 1517 habue-

2141 1545 2299 1606 runt,
2322 1542 2425 1612 qui
2452 1542 2509 1596 in
2538 1541 2791 1608 melotis,
2814 1542 2874 1597 in
2898 1543 3152 1615 pellibus
3171 1546 3782 1618 eapriniserraveruat

2136 1628 2197 1683 in
2220 1632 2495 1701 egestate.
2517 1630 2577 1684 in
2601 1629 2920 1702 speluncis,
2942 1638 3382 1703 persecutorum
3400 1635 3660 1708 impetus
3678 1637 3776 1693 de-

2138 1717 2423 1773 clinantes
2452 1718 2633 1789 (Hebr.
2666 1734 2746 1786 xi,
2768 1719 2881 1789 37).
2905 1721 3254 1792 Spiritaliter
3281 1738 3418 1796 ergo
3449 1724 3778 1797 accipienda

2137 1812 2277 1861 sunt
2318 1808 2536 1872 omnia,
2569 1812 2628 1863 et
2673 1808 2968 1879 spiritalia
3014 1824 3131 1865 non
3178 1811 3239 1867 in
3286 1812 3560 1881 terrenis,
3590 1814 3694 1870 sed
3721 1814 3775 1869 in

379 1890 594 1954 omnis,
624 1888 723 1960 qui
745 1887 974 1959 proﬁcit
995 1902 1195 1950 sensu,
1224 1886 1396 1938 debet
1418 1887 1477 1975 et
1505 1899 1703 1937 amore
1726 1882 2021 1953 proﬁcere,
2054 1911 2099 1975 B
2135 1895 2469 1950 οωιεειίδυε
2500 1902 2639 1950 sunt,
2666 1898 3078 1968 exspectanda.

375 1979 702 2036 secundum
734 1976 877 2031 illud
906 1992 918 2030 ε
957 1976 1063 2043 Qui
1092 1974 1316 2044 apponit
1344 1972 1653 2040 scientiam,
1675 1973 1899 2041 apponit
1926 1971 2019 2025 do-

375 2070 550 2125 lorem
580 2066 727 2137 (999)
762 2082 774 2120 :
818 2076 991 2136 qnem
1023 2062 1332 2118 dolorem?
1366 2062 1457 2116 Uti
1491 2060 1727 2115 sibimet
1754 2060 2020 2130 indigne-

372 2161 488 2228 tur,
524 2172 703 2227 seque
731 2157 1010 2217 coerceat,
1037 2156 1215 2222 atque
1245 2149 1438 2205 doleat
1468 2149 1623 2220 quod
1655 2148 1711 2201 in
1746 2146 2018 2220 periculis

373 2244 573 2302 saeculi
602 2244 916 2300 detinetur.
948 2240 1093 2295 Cum
1126 2240 1246 2294 haec
1276 2237 1607 2293 necessaria
1653 2237 1775 2292 sint
1827 2236 2019 2292 homi-

371 2335 548 2389 nibus
569 2328 1206 2399 Christianis,maxime
1226 2332 1422 2381 tamen
1447 2330 1778 2397 congruunt
1803 2330 2015 2397 myste«

370 2421 458 2478 ria
484 2421 911 2491 Scripturarum
948 2415 1444 2487 perquirentibus.

894 2505 1154 2560 INCIPIT
1194 2502 1493 2558 TEXTUS.

442 2599 599 2671 (CAP.
654 2596 725 2662 Ι.)
774 2597 983 2649 Paulus
1029 2593 1306 2664 apostolus
1356 2592 1569 2647 Christi
1614 2593 1761 2647 Jesu.
1817 2592 1895 2646 De
1949 2609 2015 2647 eo

371 2689 527 2760 quod
556 2686 738 2758 (1000)
772 2683 886 2738 tale
908 2682 1045 2737 facit
1074 2680 1400 2745 exordium,
1424 2685 1488 2733 ut
1516 2684 1573 2734 et
1600 2679 1897 2735 Christum
1926 2679 2012 2733 in-

372 2777 659 2837 sinuet,et
678 2789 814 2828 eum
832 2787 893 2826 se
916 2769 1310 2840 evangelizare
1329 2767 1683 2833 manifestet,
1701 2775 1838 2823 nota
1859 2770 2014 2839 quod

368 2865 443 2921 ad
474 2865 768 2919 Romanos
810 2859 1058 2914 scribit:
1109 2858 1320 2912 Paulus
1372 2872 1561 2911 servus
1613 2855 1822 2911 Christi
1863 2859 2010 2913 Jesu.

369 2953 579 3009 Confer
606 2951 739 3016 ista,
763 2947 1023 3003 invenies
1054 2945 1213 3000 illius
1243 2961 1369 3000 esse
1392 2961 1525 2999 eum
1559 2944 1887 3016 apostolum
1911 2962 2012 3000 cu-

360 3042 464 3112 jus
495 3045 585 3097 est
614 3054 837 3095 servus.
859 3038 965 3091 Per
994 3036 1327 3090 voluntatem
1355 3034 1453 3087 Dei
1481 3033 1642 3101 dicit,
1671 3033 1823 3087 sicut
1850 3038 1908 3089 et
1939 3034 2011 3088 ad

367 3129 623 3199 Galatas,
646 3131 713 3182 ut
741 3125 1029 3190 ostendat,
1054 3138 1115 3178 se
1149 3138 1262 3178 non
1294 3139 1421 3189 sua,
1447 3122 1547 3176 sed
1583 3122 1680 3176 Dei
1713 3121 2010 3177 voluntate

364 3223 698 3274 mutatum:
734 3230 921 3285 neque
950 3213 1104 3268 enim
1136 3217 1334 3267 nostro
1366 3216 1601 3279 conatu,
1636 3212 1735 3266 sed
1773 3211 1867 3266 Dei
1901 3211 2008 3265 mi-

362 3308 651 3364 seratione
672 3303 994 3360 salvantur.
1020 3301 1129 3356 Sed
1157 3317 1337 3372 quare
1358 3300 1499 3354 dicit
1521 3302 1725 3356 sanctis
1752 3305 1805 3355 et
1828 3303 2008 3372 ﬁdeli-

366 3397 482 3467 bus,
507 3393 619 3450 nisi
642 3393 782 3465 quia
802 3396 944 3447 sunt
964 3389 1186 3457 ﬁdeles,
1210 3389 1310 3461 qui
1345 3406 1459 3443 non
1486 3395 1623 3444 sunt
1654 3391 1865 3458 sancti,
1891 3392 2008 3448 vel-

366 3486 453 3541 uti
484 3481 909 3548 catechumeni,
943 3478 1043 3550 qui
1076 3478 1251 3533 ﬁdem
1282 3478 1521 3541 habent,
1555 3478 1654 3533 sed
1707 3495 1821 3534 non
1869 3486 2009 3536 sunt

364 3574 547 3629 renati
575 3574 601 3627 ?
644 3570 828 3625 Aliter
859 3586 872 3625 ε
928 3569 1050 3624 Non
1093 3567 1370 3622 omnibus
1400 3567 1623 3632 scribit,
1657 3569 1757 3623 sed
1790 3572 2004 3625 sancti-

359 3667 541 3718 tatem
583 3661 641 3715 in
688 3659 802 3714 ﬁde
843 3657 1235 3713 servantibus.
1268 3656 1464 3710 Potest
1510 3661 1568 3709 et
1615 3656 1849 3726 gentilis
1880 3675 2008 3714 esse

360 3749 573 3815 ﬁdelis,
595 3749 646 3804 si
679 3748 885 3803 reddat
910 3745 1386 3800 commendatum
1410 3745 1613 3810 (1001),
1639 3744 1686 3798 si
1719 3751 2004 3802 secretum

358 3855 476 3894 non
506 3837 749 3909 prodat;
781 3840 839 3890 et
867 3839 1064 3889 tamen
1097 3849 1210 3887 non
1241 3836 1498 3895 sanctus,
1526 3832 1663 3902 quia
1683 3849 1797 3887 non
1825 3835 2009 3889 credit

357 3928 418 3983 in
451 3927 770 3981 Christum.
802 3923 984 3977 Aliter
1017 3939 1030 3977 :
1084 3921 1310 3993 Ligavit
1341 3920 1473 3976 illos
1520 3921 1589 3975 ad
1623 3926 1840 3976 certam
1873 3922 2006 3978 reli-

360 4019 616 4089 gionem,
649 4031 783 4069 cum
816 4030 914 4068 eos
945 4017 1178 4066 sanctos
1228 4015 1286 4064 et
1339 4008 1538 4065 ﬁdeles
1584 4010 1726 4064 dicit
1771 4027 1899 4067 esse
1946 4012 2004 4067 in

361 4104 609 4171 Christo,
636 4120 709 4159 ne
739 4118 954 4158 novum
983 4100 1161 4165 aliud,
1186 4100 1338 4171 quod
1372 4116 1486 4153 non
1518 4100 1823 4155 conveniat
1841 4102 2004 4157 Chri-

363 4200 475 4261 sto,
495 4193 840 4264 suscipiant.
868 4189 1153 4254 Quoniam
1180 4188 1279 4259 qui
1304 4190 1361 4242 in
1382 4188 1606 4245 Christo
1633 4196 1873 4246 sanctus
1893 4198 2002 4255 est.

361 4282 532 4350 nihil,
566 4281 678 4337 nisi
709 4280 1029 4345 Christum,
1063 4278 1235 4332 debet
1281 4293 1478 4332 amare
1528 4282 1705 4348 atque
1738 4278 1998 4350 diligere.

357 4372 437 4429 De
468 4389 534 4427 eo
562 4371 715 4442 quod
744 4369 997 4442 gratiam
1030 4366 1145 4421 illis
1176 4365 1337 4435 dicil,
1368 4370 1425 4420 et
1454 4381 1653 4436 pacem
1682 4384 1695 4434 ;
1724 4369 1999 4438 quoniam

354 4461 542 4533 gratia
560 4459 750 4515 Patris
771 4462 876 4523 est,
893 4474 1027 4511 cum
1054 4454 1233 4510 mittit
1254 4454 1465 4510 Filium
1488 4470 1663 4509 suum
1686 4456 1757 4510 ad
1784 4462 1995 4527 terras;

353 4565 467 4621 pax
488 4566 619 4603 vero
642 4548 939 4613 Filii,cum
966 4563 1067 4616 per
1089 4545 1280 4615 ipsum
1306 4544 1592 4616 redempti
1619 4544 2000 4602 conciliamur

350 4643 468 4694 Deo
499 4636 673 4702 Patri,
706 4637 776 4690 de
816 4652 887 4697 eo
917 4634 1089 4704 ~quod
1135 4633 1391 4687 Trinitas
1422 4632 1477 4686 in
1511 4631 1800 4688 solutione
1831 4652 1999 4690 mon-
2030 4648 2076 4711 D

351 4729 592 4791 strator,
627 4724 905 4795 quoniam
938 4722 1191 4792 Spiritus
1220 4728 1460 4776 sanctus
1490 4721 1690 4792 gratia:
1722 4724 1999 4796 pacisque

350 4814 587 4872 nomine
604 4809 1250 4884 designatur,quoniam
1274 4809 1394 4880 ipse
1410 4809 1627 4864 donum
1642 4809 1741 4864 Dei
1761 4811 1995 4868 dicitur.

378 4908 385 4913 ’
424 4903 748 4974 Sequitur:
804 4900 1124 4956 Benedictus
1168 4899 1327 4966 Deus,
1379 4902 1488 4952 etc.
1532 4901 1712 4954 Aucte
1763 4898 1995 4971 ingenio

349 4992 421 5047 ad
454 4991 690 5047 laudem
711 4989 813 5046 Dei
843 4992 1116 5061 provocat
1136 5004 1275 5042 suos
1297 4986 1615 5042 auditores.
1640 4986 1720 5041 De
1750 5004 1816 5042 eo
1839 4989 1995 5058 quod

419 5133 565 5203 (998)
596 5132 1217 5203 Autog.rmortalitatis.
1253 5130 1515 5183 Errorem
1550 5131 1669 5182 tam
1718 5128 1993 5184 manifes-

346 5208 476 5259 tum
509 5202 940 5256 emendandum
972 5202 1194 5257 censui.

423 5273 569 5344 (999)
604 5272 755 5327 Eccl.
811 5289 851 5337 1,
910 5274 972 5325 18
1006 5289 1018 5326 :
1076 5274 1172 5344 qui
1216 5272 1366 5326 addit
1409 5273 1723 5341 scientiam,
1755 5270 1915 5326 addit
1944 5275 1996 5326 et

642 5412 712 5466 De
741 5426 801 5483 eo
830 5414 988 5480 quod.
1011 5415 1093 5467 Ad
1127 5414 1246 5467 haec
1276 5414 1405 5467 vide
1435 5430 1560 5483 qua:
1585 5412 1992 5467 adnotavimus

351 5486 415 5569 in
461 5499 587 5553 cap.
635 5498 697 5534 ιιι
724 5480 943 5569 ‘hu‘jfuns‘~
958 5484 1221 5553 Epistolas
1252 5484 1311 5537 in
1341 5500 1409 5539 ea
1436 5480 1611 5539 verba
1638 5483 1702 5538 de
1730 5485 1994 5555 exemplis

351 5559 609 5618 istorum,
643 5554 763 5605 not.
810 5552 964 5607 1037.
1002 5552 1016 5553 ί
1882 5552 1895 5555 ⁷

404 5618 881 5697 (1001)-8011ἰᾳθῐ-
900 5639 1015 5677 rem
1043 5624 1490 5697 commendatam,
1523 5630 1588 5679 ut
1616 5624 1792 5697 habet
1822 5624 1994 5681 divus

344 5688 594 5783 Hieron,
621 5691 737 5749 hoc
785 5688 909 5751 loco
943 5710 957 5752 :
1006 5693 1129 5749 sive
1174 5688 1509 5766 legendum,
1535 5695 1945 5769 commodatum
1971 5713 1992 5752 ,ο

2202 2000 2509 2072 Sequitur:
2533 2000 2685 2057 Sicut
2705 2002 2867 2071 elegit
2882 2019 2980 2058 nos
3017 2004 3078 2059 in
3098 2007 3235 2075 ipso,
3255 2010 3364 2061 etc.
3390 2007 3774 2079 Augustinus.

2128 2090 2288 2156 Quis,
2313 2091 2577 2161 inquam,
2601 2089 2721 2145 haec
2778 2091 2979 2147 audiat
3015 2091 3329 2165 diligenter
3355 2099 3415 2150 et
3445 2095 3773 2169 intelligen-

2128 2184 2239 2244 ter,
2262 2182 2319 2233 et
2347 2179 2557 2234 audeat
2588 2179 2658 2234 de
2688 2179 2818 2244 hac,
2843 2196 3019 2251 quam
3053 2181 3447 2248 defendimus,
3469 2189 3597 2239 tam
3624 2185 3775 2241 clara

2126 2266 2371 2321 writate
2421 2266 2738 2322 dubitare?
2786 2267 2971 2341 Elegit
3020 2270 3175 2324 enim
3227 2274 3379 2326 Deus
3410 2277 3549 2327 ante
3582 2273 3773 2329 mundi

2127 2354 2604 2410 constitutionem
2637 2357 2695 2411 in
2717 2356 2947 2413 Christo
2973 2359 3237 2414 membra
3261 2359 3450 2431 ipsius
3474 2362 3772 2433 praedesti-

2126 2446 2319 2500 nando
2359 2445 2563 2515 (1002).
2614 2444 2761 2514 Non,
2792 2449 2859 2500 ut
2886 2446 3155 2519 Pelagius
3186 2449 3287 2518 ait,
3320 2449 3459 2521 quia
3488 2451 3771 2522 pmscivit

2125 2539 2357 2589 sanctos
2390 2534 2637 2601 futuros,
2673 2534 2802 2590 ideo
2833 2534 3009 2604 elegit
3039 2535 3244 2608 (1003),
3296 2537 3419 2608 sed,
3455 2544 3523 2593 ut
3556 2543 3768 2608 essent,

2124 2622 2315 2694 elegit.
2340 2622 2435 2677 Sic
2457 2622 2610 2677 enim
2635 2622 2947 2694 Apostolus
2972 2622 3189 2679 clamat
3213 2641 3226 2679 :
3258 2625 3321 2681 Ut
3339 2640 3584 2683 essemus
3605 2646 3624 2684 :
3641 2644 3765 2683 cum

2123 2713 2279 2767 enim
2315 2727 2421 2766 nos
2444 2710 2886 2782 prmdeslinavit,
2920 2729 3067 2783 opus
3098 2730 3273 2768 suum
3310 2715 3622 2786 prescivit,
3658 2731 3764 2788 quo

2122 2818 2229 2856 nos
2256 2804 2489 2855 sanctos
2521 2804 2577 2854 et
2603 2798 3014 2856 immaculatos
3038 2802 3193 2857 facit.
3217 2806 3293 2857 Ut
3324 2803 3465 2874 quid
3490 2821 3604 2861 nos
3629 2821 3765 2876 prie-

2122 2890 2335 2946 scivit?
2364 2890 2427 2944 In
2457 2888 2803 2959 adaptionem
2825 2889 3088 2961 ﬁliorum.
3115 2890 3269 2954 Quos
3291 2891 3320 2946 ‘t
3349 2891 3487 2963 Nos,
3512 2893 3617 2965 qui
3647 2902 3766 2949 era-

2122 2994 2254 3034 mus
2302 2977 2474 3050 longe
2548 2977 2783 3042 Quare?
2826 2980 2889 3035 In
2939 2979 3157 3035 laudem
3201 2981 3418 3049 gloriae.
3465 2981 3769 3038 Secundum

2116 3069 2454 3140 propositum
2493 3067 2792 3123 voluntatis
2839 3067 3001 3134 dicit,
3055 3085 3126 3123 ne
3174 3069 3232 3123 in
3277 3072 3440 3126 tanto
3490 3069 3767 3127 beneﬁcio

2119 3156 2341 3229 gratiae,
2376 3155 2446 3210 de
2478 3155 2702 3211 meritis
2732 3155 3052 3227 gloriemur
3077 3157 3399 3214 voluntatis
3432 3163 3675 3215 nostris.
3711 3159 3767 3214 In

2041 3276 2083 3343 ο
2120 3262 2230 3317 qua
2275 3245 2473 3343 utique
2520 3245 2806 3343 voluntate
2852 3246 3183 3315 gratiﬁcavit
3228 3262 3345 3302 nos.
3377 3245 3475 3304 Sic
3522 3247 3768 3314 dictum,

2118 3334 2467 3404 gratiﬁeavit,
2504 3349 2537 3388 a
2567 3333 2755 3405 gratia
2785 3334 2936 3389 sicut
2956 3334 3321 3405 justiﬁcavit,
3346 3352 3381 3391 a
3400 3336 3647 3407 justitia
3670 3379 3684 3404 ,
3713 3335 3767 3391 id

2120 3428 2225 3490 est,
2261 3428 2459 3496 gratos
2491 3422 2645 3477 fecit.
2680 3423 2740 3477 In
2773 3427 2921 3494 quo?
2951 3424 3011 3478 Id
3043 3428 3151 3490 est,
3184 3424 3243 3478 in
3274 3424 3510 3482 Christo
3544 3443 3560 3483 :
3604 3426 3770 3482 habe-

2116 3530 2240 3568 mus
2260 3512 2685 3583 redemptionem
2706 3528 2724 3564 :
2754 3510 2876 3566 haec
2907 3517 2991 3567 est
3015 3512 3170 3567 enim
3193 3513 3397 3585 gratia,
3418 3518 3489 3569 ut
3513 3514 3576 3569 in
3601 3513 3767 3570 Chri-

2117 3608 2206 3657 sto
2252 3618 2349 3673 per
2395 3601 2513 3665 eius
2562 3602 2887 3671 sanguinem
2933 3601 3229 3657 habeamus
3256 3603 3697 3674 redemptionem
3722 3605 3768 3658 et

2116 3692 2495 3746 remissionem
2519 3698 2889 3760 peccatorum.
2924 3691 3274 3763 Redemptos
3304 3691 3461 3748 enim
3497 3711 3535 3748 a
3565 3708 3766 3749 carna-

2116 3780 2273 3835 libus
2304 3778 2579 3850 operibus
2626 3782 2685 3833 et
2727 3777 3148 3850 cupiditatibus
3196 3779 3330 3835 fecit
3358 3796 3470 3836 nos
3502 3780 3623 3837 sibi
3651 3795 3766 3837 ser-

2115 3869 2277 3935 vire;
2311 3868 2467 3939 quod
2503 3870 2610 3932 est,
2644 3866 2985 3938 spiritaliter
3012 3867 3222 3924 vivere.

2185 3975 2461 4047 Sequitur
2493 3991 2506 4029 :
2538 3973 2845 4028 Secundum
2877 3973 3107 4030 divitias
3135 3977 3333 4044 gratia?
3361 3977 3505 4048 ejus.
3545 3979 3610 4033 In
3646 3981 3765 4033 tan-

2114 4069 2240 4121 tum
2261 4062 2599 4128 abundavit,
2616 4066 2681 4116 ut
2704 4078 2817 4117 non
2836 4062 3026 4117 solum
3051 4079 3085 4118 a
3106 4069 3291 4119 morte
3309 4065 3655 4130 redimeret,
3672 4062 3766 4120 sed

2114 4155 2288 4210 etiam
2314 4155 2536 4206 tantam
2557 4150 2907 4221 sapientiam
2932 4150 3098 4207 nobis
3120 4152 3381 4222 donaret,
3397 4158 3469 4209 ut
3491 4152 3769 4227 mysteria

2112 4243 2241 4313 ejus
2274 4254 2671 4296 nosceremus.

2181 4347 2454 4419 Sequitur
2488 4363 2501 4400 :
2551 4347 2611 4400 In
2662 4348 2815 4402 omni
2853 4349 3130 4417 sapientia
3156 4356 3208 4404 et
3232 4349 3556 4421 prudentia.
3593 4346 3769 4406 Stoici

2111 4436 2460 4509 sapientiam
2483 4451 2611 4490 esse
2632 4435 2986 4505 divinarum,
3002 4436 3525 4511 humanarumque
3549 4454 3763 4502 rerum,

2108 4525 2482 4599 prudentiam
2510 4540 2642 4579 vero
2672 4524 2878 4580 dicunt
2908 4542 3104 4580 rerum
3136 4525 3519 4584 solummodo
3552 4528 3767 4584 huma-

2108 4632 2342 4685 narum.

2181 4718 2503 4792 Sequitur:
2562 4719 2626 4775 Ut
2669 4721 2859 4774 notum
2905 4721 3111 4789 faceret
3151 4722 3307 4778 nobis
3342 4730 3766 4780 sacramentum

2108 4810 2406 4865 voluntatis
2429 4822 2565 4864 suae.
2596 4806 2994 4863 Intelleximus
3014 4808 3372 4867 voluntatem
3401 4810 3762 4870 sacramenti

2110 4898 2233 4961 Dei,
2262 4897 2317 4951 id
2351 4900 2457 4961 est,
2490 4895 2909 4966 redemptionis
2937 4902 3170 4965 nostra,
3199 4897 3299 4954 illo
3331 4900 3659 4958 revelante.
3684 4902 3763 4956 Se-

2104 4986 2349 5042 cundum
2375 4985 2642 5056 placitum
2671 5001 2833 5039 suum
2861 5003 2880 5039 :
2913 5003 3029 5041 non
3061 4988 3385 5044 secundum
3421 4988 3651 5046 bonam
3681 5004 3767 5044 vo-

2105 5125 2518 5198 compendiose
2547 5125 2702 5180 enim
2736 5126 3024 5198 scriptum
3055 5132 3145 5184 est
3170 5111 3454 5187 comitatu.

2176 5200 2359 5271 (1002)
2391 5198 2471 5271 En
2487 5198 2981 5271 Augustinianam
3005 5200 3073 5255 de
3097 5203 3623 5271 praedestinatione
3644 5218 3764 5258 sen-

2103 5268 2346 5342 tentiam
2380 5268 2573 5342 adivo
2607 5268 2784 5323 Paulo
2817 5268 3254 5342 evidentia—sime
3285 5282 3612 5342 assertam,
3646 5280 3765 5329 tan-

2104 5358 2280 5416 quam
2304 5339 2693 5416 clarissimam
2715 5340 3039 5409 veritatem,
3054 5344 3125 5398 de
3146 5361 3264 5416 qua
3283 5346 3574 5402 dubitare
3596 5339 3762 5402 nemo

2103 5410 2317 5468 audere
2360 5410 2570 5465 valeat.

2173 5483 2356 5559 (1003)
2386 5484 2718 5559 Iungentur
2746 5481 2978 5559 haecuiis
3002 5501 3133 5559 quas
3165 5488 3222 5542 in
3256 5487 3448 5559 Epist.
3486 5489 3563 5543 ad
3602 5488 3759 5559 Rom.

2102 5554 2450 5684 ineptissime,
2483 5560 2541 5609 et
2587 5553 2647 5608 in
2697 5553 2942 5611 caeteriis
2985 5553 3057 5611 de
3095 5553 3631 5631 praedeétinatione
3658 5558 3761 5614 ha-

2144 5641 2212 5682 en
2247 5642 2334 5681 ur.

2144 5641 2334 5682 CDIDI‘.
