3902 6424
169 429 292 490 549

728 424 1150 489 EXPOSITIO
1194 426 1271 487 IN
1317 424 1750 488 EPISTOLAS
1791 423 2050 486 PAULI.
2082 457 2158 467 —-
2202 421 2280 483 IN
2329 424 2578 485 EPIST.
2625 427 2729 486 AD
2775 424 3052 485 EPHES.

3487 427 3609 487 550

169 561 468 616 luntatem
499 561 790 626 nostram,
825 575 953 630 quae
982 558 1139 614 bona
1167 572 1295 614 esse
1327 574 1444 614 non
1475 561 1695 630 posset,
1720 555 1834 611 nisi
1863 558 1917 624 Α
1949 555 2203 626 alicujus
2235 560 2421 628 egeat,
2454 557 2555 611 sed
2589 573 2702 628 quo
2732 556 2922 628 ipsius
2952 557 3360 614 laudatoribus
3393 558 3608 631 prosit'

176 655 244 706 ut
273 650 432 705 bona
461 653 639 713 esset,
673 647 801 719 ipse
830 647 1170 703 subveniret
1195 648 1402 718 (1004).

249 741 313 794 In
332 737 799 808 dispensationem
827 752 964 791 vero
993 739 1302 806 temporum
1330 737 1494 806 dicit,
1542 735 1683 807 quia
1712 740 1836 790 sta-

175 832 381 884 tutum
405 825 782 896 fuit,quando
803 828 975 879 Pater
994 824 1110 879 huc
1129 824 1340 879 Filium
1360 841 1532 880 suum
1551 825 1838 889 mitteret;

179 917 340 973 unde
367 915 499 987 ipse
528 913 666 970 alibi
694 913 865 968 :Cum
893 918 1078 968 autem
1106 916 1254 968 venit
1279 914 1565 985 plenitudo
1585 915 1842 983 temporis

179 1004 326 1074 (Gal.
369 1021 448 1068 ιν,
505 1005 580 1070 4),
645 1002 963 1074 Sequitur:
1023 1004 1351 1058 lnstaurare
1396 1005 1583 1059 omnia
1636 1003 1840 1072 (1805).

179 1091 466 1149 Nonnulli
498 1108 602 1163 per
630 1090 844 1147 coelum
875 1091 1162 1158 animam,
1195 1097 1254 1146 et
1275 1108 1378 1163 per
1397 1097 1611 1147 terram
1637 1089 1846 1145 intelli-

180 1189 336 1256 gunt
364 1197 597 1253 corpus.
632 1179 745 1234 Alii
778 1196 882 1251 per
910 1179 1123 1234 coelum
1152 1180 1408 1243 Judaaos,
1472 1196 1574 1251 per
1622 1185 1840 1234 terram

181 1270 440 1344 gentiles
470 1286 481 1325 :
512 1268 612 1326 alii
641 1284 745 1340 per
772 1267 982 1323 coelum
1017 1285 1132 1324 non
1165 1267 1426 1340 angelos,
1488 1269 1588 1324 sed
1643 1284 1844 1324 eorum

181 1358 499 1416 scientiam
530 1373 599 1413 ex
628 1357 846 1414 Christi
881 1364 1139 1428 tempore
1177 1356 1513 1428 profecisse,
1567 1357 1666 1429 qui
1715 1362 1846 1412 tan-

183 1464 372 1520 quam
402 1446 595 1520 ignari
625 1446 1104 1518 interrogabant:
1135 1449 1278 1517 Quis
1309 1447 1387 1500 est
1419 1448 1519 1502 iste
1568 1447 1684 1501 Rex
1730 1447 1846 1516 glo-

187 1541 300 1595 ria
318 1540 344 1590 .9
372 1537 548 1608 (Psal.
582 1552 744 1606 xxiii,
775 1535 854 1604 8.)
877 1535 990 1590 Sed
1017 1534 1226 1590 melius
1247 1534 1513 1606 ipsorum
1535 1551 1847 1590 numerum

191 1643 301 1700 per
331 1625 583 1681 salutem
615 1623 924 1680 hominum
947 1622 1561 1695 dicamusimpletum.

265 1713 586 1786 Sequitur:
619 1714 682 1768 In
704 1728 810 1783 quo
839 1716 1010 1767 etiam
1036 1717 1185 1767 sorte
1211 1712 1396 1768 vocati
1424 1728 1614 1768 sumus
1632 1729 1653 1775 ;
1676 1711 1732 1766 id
1760 1716 1851 1767 est

191 1809 332 1861 ante
364 1801 703 1875 pracogniti
734 1819 747 1868 ;
781 1801 881 1857 sed
914 1800 1172 1874 primum
1204 1817 1340 1857 oxes
1371 1801 1609 1873 perdita:
1642 1801 1847 1872 (1006),

2019 646 2201 717 (1007)
2234 651 2529 717 Propterea
2549 651 2601 701 et
2629 662 2724 717 ego
2755 646 3005 717 audiens,
3033 651 3142 701 etc.
3169 647 3246 702 De
3291 665 3356 703 eo
3381 650 3607 720 specia-

1950 733 2084 789 liter
2115 734 2418 790 descendit
2449 736 2520 790 ad
2554 735 3016 790 exhortationem
3048 736 3457 808 Ephesiorum.
3491 740 3604 793 Au-

1951 823 2094 888 dita,
2120 823 2332 894 inquit,
2359 823 2887 896 ﬁdevestra,diligo
2905 841 3006 880 vos
3028 824 3256 890 ;audita
3277 825 3608 896 dilectione,

1953 916 2010 966 et
2037 927 2144 982 ego
2175 928 2412 983 operam
2446 913 2619 978 dabo,
2654 919 2719 966 ut
2750 918 2862 967 Deo
2895 916 3115 984 gratias
3149 932 3319 985 agam
3361 933 3465 986 pro
3519 934 3611 972 vo-

1953 1000 2063 1055 bis.
2089 1001 2294 1055 Omnis
2319 1002 2505 1056 oratio
2536 1006 2637 1056 aut
2669 1019 2769 1072 pro
2829 1003 3106 1072 acceptis,
3157 1008 3258 1057 aut
3309 1021 3412 1074 pro
3457 1004 3608 1060 acci-

1955 1089 2186 1159 piendis
2215 1095 2340 1156 est;
2367 1096 2424 1145 et
2456 1096 2556 1144 aut
2578 1106 2680 1160 pro
2715 1091 2903 1157 nobis,
2940 1095 3040 1145 aut
3073 1108 3174 1162 pro
3198 1091 3330 1145 aliis
3357 1099 3463 1147 est.
3491 1099 3609 1149 Hoc

1955 1179 2026 1232 de
2057 1179 2383 1248 praeteritis.
2417 1180 2695 1249 Sequitur
2725 1179 2794 1232 de
2827 1179 3040 1234 futuris
3074 1196 3084 1233 :
3120 1181 3183 1235 Ut
3215 1186 3358 1235 Deus
3389 1183 3612 1237 Domini

1955 1269 2130 1321 nostri
2147 1269 2274 1322 Jesu
2305 1267 2530 1322 Christi.
2569 1273 2699 1333 Deo,
2735 1283 2800 1322 eo
2833 1269 2987 1339 quod
3021 1269 3098 1323 ita
3139 1268 3387 1325 dicitur:
3448 1273 3611 1327 Pater

1955 1356 2146 1426 glorise
2168 1373 2186 1409 :
2224 1353 2398 1411 veluti
2429 1356 2607 1421 verbi,
2639 1357 2958 1427 sapientiae,
2989 1356 3075 1411 vel
3111 1357 3289 1428 pacis,
3342 1359 3611 1417 Christus

1958 1449 2048 1499 est
2070 1443 2276 1516 gloria,
2302 1448 2365 1499 ut
2393 1443 2539 1498 illud
2565 1460 2576 1497 :
2615 1446 2874 1515 Exsurge,
2904 1446 3082 1514 gloria
3114 1463 3232 1501 mea
3260 1449 3438 1516 (Psal.
3472 1466 3608 1517 cvn,

1959 1534 2013 1604 3)
2039 1551 2051 1600 ;
2086 1537 2143 1588 et
2175 1550 2186 1588 :
2220 1534 2496 1605 Apparuit
2523 1534 2704 1604 gloria
2733 1535 2972 1602 Domini,
2995 1551 3164 1605 super
3190 1536 3612 1594 tabernaculum

1959 1624 2151 1690 (Levit.
2184 1640 2261 1690 ιιι,
2293 1623 2384 1692 25)
2414 1641 2425 1677 :
2461 1639 2589 1694 quae
2619 1621 2806 1694 gloria
2867 1623 3146 1678 fabricata
3194 1631 3282 1680 est
3313 1626 3427 1680 sibi
3466 1631 3609 1682 tem-

1961 1711 2124 1782 plum
2158 1728 2226 1766 ex
2256 1716 2420 1766 utero
2449 1711 2738 1780 virginali.
2774 1713 2954 1782 Cujus
2989 1713 3187 1784 templi
3223 1714 3389 1769 Pater
3417 1714 3613 1786 gloriae

1961 1799 2218 1855 efﬁcitur
2267 1803 2436 1854 Deus.
2474 1799 2588 1854 Iste
2621 1799 2800 1871 igitur
2830 1804 2979 1855 Deus
3011 1802 3302 1872 assumpti
3339 1803 3614 1872 hominis,

193 1892 413 1949 deinde
444 1895 669 1964 gentes.
705 1893 823 1964 Qui
846 1892 1037 1987 omnia
1063 1893 1349 1962 operatur,
1383 1895 1490 1945 etc.
1525 1890 1650 1948 Non
1692 1890 1844 1960 quod
1882 1922 1933 1987 Β
1962 1887 2135 1943 Pater
2162 1904 2295 1943 vero
2318 1888 2536 1960 gloriae,
2562 1887 2863 1958 sapientiae
2889 1894 2946 1943 et
2973 1890 3254 1960 veritatis,
3281 1891 3378 1946 det
3401 1893 3621 1947 sanctis

194 1981 403 2037 omnia
427 1980 755 2036 secundum
775 1977 1152 2034 voluntatem
1173 1978 1270 2033 Dei
1292 1979 1459 2046 ﬂant,
1477 1995 1606 2050 qua:
1631 1979 1780 2033 fiunt
1798 1978 1855 2032 in

194 2070 447 2137 mundo,
479 2069 578 2124 sed
613 2068 768 2140 quod
785 2067 1056 2123 universa
1079 2084 1208 2139 quae
1239 2067 1395 2133 facit,
1421 2066 1668 2123 consilio
1690 2072 1858 2123 etvo-

191 2157 432 2214 luntate
458 2156 617 2214 facit.
648 2155 922 2228 Alioquin
973 2159 1031 2212 et
1079 2156 1235 2211 mala
1283 2159 1553 2227 poterant
1599 2155 1713 2211 Deo
1761 2172 1859 2210 as-

196 2246 373 2303 cribi.

267 2337 338 2394 Ut
367 2352 558 2392 sumus
577 2337 640 2391 in
668 2335 892 2390 laudem
937 2334 1130 2403 gloria:
1162 2333 1280 2404 ejus
1300 2349 1322 2394 ;
1353 2333 1412 2387 id
1443 2336 1533 2388 est
1562 2333 1613 2388 si
1637 2332 1699 2387 in
1731 2332 1860 2404 ipso

188 2424 524 2491 credimus,
541 2428 718 2494 atque
739 2420 1034 2494 spiritales
1055 2420 1674 2492 efﬁcimur,sequendo
1697 2420 1862 2476 Chri—

186 2518 389 2581 stum,
422 2512 648 2568 erimus
675 2511 736 2566 in
771 2509 1008 2566 laudem
1039 2509 1238 2582 gloriae
1269 2509 1461 2582 ipsius
1493 2509 1592 2564 Dei
1621 2528 1633 2578 ;
1669 2515 1736 2564 ut
1765 2525 1868 2581 per

199 2604 410 2676 signa,
435 2617 564 2672 quis
594 2600 867 2666 facimus,
901 2598 1175 2655 laudetur
1200 2597 1387 2670 gloria
1419 2598 1539 2653 Dei.
1564 2597 1865 2669 Sequitur:

184 2693 330 2759 Nos,
365 2691 465 2762 qui
495 2697 624 2745 ante
653 2690 1040 2759 speravimus:
1071 2703 1187 2756 nos,
1222 2686 1494 2759 apostoli,
1541 2686 1629 2742 vel
1659 2687 1867 2753 Judaei,

197 2779 313 2854 qui
345 2779 575 2851 priores
603 2777 988 2832 credidimus.

276 2868 592 2939 Sequitur:
625 2871 694 2922 In
722 2881 824 2937 quo
852 2873 904 2921 et
932 2881 1046 2932 vos,
1079 2869 1191 2920 etc.
1243 2865 1549 2920 Descendit
1569 2866 1640 2920 ad
1674 2865 1861 2938 Ephe-

193 2958 350 3028 sios,
383 2972 458 3012 ne
487 2955 746 3011 aliorum
773 2955 1072 3010 videretur
1101 2954 1449 3010 beneﬁcium
1481 2954 1662 3021 istud,
1681 2960 1740 3010 et
1757 2971 1870 3010 non

206 3062 447 3116 eorum,
479 3044 699 3117 quibus
754 3043 1049 3099 scribebat
1089 3043 1432 3115 Epistolam,
1482 3044 1614 3114 hoc,
1661 3043 1873 3115 inquit,

202 3136 394 3192 etiam
425 3137 686 3189 vestrum
717 3137 830 3198 est,
863 3148 1002 3188 nam
1039 3135 1096 3188 et
1123 3148 1226 3187 vos
1254 3130 1314 3186 in
1345 3131 1456 3188 hoc
1489 3132 1652 3188 estis.
1681 3134 1743 3187 In
1772 3148 1878 3205 quo

199 3228 264 3282 et
291 3222 588 3289 credentes,
621 3225 732 3276 etc.
757 3239 770 3288 ;
794 3221 853 3276 id
871 3225 963 3276 est
1001 3219 1338 3292 Evangelia,
1381 3221 1500 3275 sive
1539 3220 1768 3276 Christo
1804 3221 1878 3276 si-

1969 1976 2123 2048 quod
2151 1978 2467 2047 sequitur:
2502 1978 2594 2030 Det
2651 1977 2799 2030 vobis
2849 1976 3117 2047 Spiritum
3161 1981 3473 2048 sapienter,
3508 1986 3618 2037 etc.

1969 2065 2272 2131 Quomodo
2303 2064 2569 2134 Ephesiis
2599 2069 2762 2134 optat
2784 2065 3160 2136 sapientiam,
3186 2068 3287 2137 qui
3309 2067 3622 2124 Corinthiis

1972 2153 2131 2222 dicit,
2157 2153 2314 2224 quod
2344 2152 2511 2207 inﬂat
2541 2151 2587 2222 (1
2617 2152 2736 2207 Cor.
2770 2169 2888 2223 νιιι,
2925 2155 3020 2224 1)?
3050 2155 3160 2209 Sed
3203 2155 3282 2210 ibi
3323 2158 3618 2213 carnalem

1974 2247 2137 2297 notat
2169 2266 2183 2307 ;
2218 2241 2316 2296 hic
2346 2257 2477 2296 vero
2501 2240 2826 2312 spiritalem
2858 2244 3254 2310 commendat,
3288 2262 3465 2317 quam
3519 2248 3621 2318 qui

1973 2329 2577 2400 habuerit,humiliari
2597 2334 2791 2401 potius
2815 2334 3046 2402 poterit,
3069 2350 3246 2404 quam
3273 2335 3483 2391 inﬂari.
3511 2338 3622 2391 Sed

1977 2420 2270 2491 quomodo
2303 2419 2664 2491 agnitionem
2689 2418 2806 2475 illis
2837 2421 2932 2475 Dei
2957 2438 3084 2478 esse
3108 2429 3430 2496 orat,'quos
3450 2444 3630 2498 supra

1976 2508 2361 2563 laudaverat?
2393 2507 2552 2575 Orat,
2589 2515 2652 2563 ut
2683 2509 2998 2581 perfectius
3046 2518 3419 2583 cognoscant,
3473 2519 3627 2586 quod

1980 2597 2080 2652 Dei
2112 2597 2319 2669 gratia,
2352 2613 2465 2652 non
2495 2614 2601 2652 suo
2634 2599 2840 2653 merito
2872 2604 3012 2654 sunt
3068 2601 3271 2656 salvati
3299 2620 3312 2670 ;
3364 2608 3420 2658 et
3469 2607 3624 2676 quod

1980 2687 2162 2742 Deum
2197 2685 2343 2740 nihil
2375 2690 2566 2758 potest
2596 2685 2776 2742 latere
2809 2705 2822 2754 ;
2873 2689 3155 2759 quoniam
3189 2691 3288 2760 qui
3343 2691 3452 2748 hoc
3501 2711 3627 2765 per-

1983 2778 2128 2832 fecte
2160 2775 2480 2848 cognoscit,
2514 2792 2752 2846 peccare
2783 2794 2898 2832 non
2932 2783 3144 2848 potest.
3183 2784 3257 2834 De
3278 2780 3462 2854 (1008)
3494 2782 3632 2838 filiis

1983 2864 2089 2920 Eli.
2122 2865 2436 2935 Sequitur:
2463 2865 2831 2933 Illuminatos,
2865 2871 2972 2921 etc.
3010 2867 3147 2938 Deo,
3171 2885 3238 2923 eo
3289 2872 3442 2942 quod
3489 2872 3634 2928 inte-

1984 2955 2103 3010 rior
2133 2955 2310 3009 homo
2340 2955 2518 3010 habet
2547 2955 2811 3009 membra
2841 2972 2970 3021 sua,
3001 2962 3058 3011 et
3086 2957 3285 3012 oculos
3342 2977 3502 3027 suos,
3564 2961 3635 3016 de

1985 3045 2204 3115 quibus
2234 3048 2291 3098 et
2320 3041 2631 3098 Psalmista
2663 3061 2676 3098 :
2709 3044 2983 3098 Illumzna
3012 3046 3198 3100 oculos
3229 3062 3390 3113 meos,
3431 3064 3500 3104 ne
3529 3066 3637 3104 un-

1952 3149 2153 3204 ‘guam
2183 3131 2519 3186 obdormiam
2549 3133 2609 3186 in
2639 3141 2810 3186 morte
2859 3132 3032 3203 (Psal.
3084 3151 3186 3200 xu,
3221 3136 3310 3206 4);
3362 3143 3416 3191 et
3465 3137 3636 3195 item:

1989 3222 2265 3292 Sapientis
2290 3221 2434 3275 oeuli
2472 3223 2532 3274 in
2560 3222 2738 3292 capite
2777 3223 2896 3293 ejus
2928 3222 3124 3290 (Eccle.
3178 3239 3241 3292 ιι,
3292 3225 3402 3296 14).
3434 3226 3512 3281 De
3553 3244 3641 3294 eo,

203 3316 455 3386 gnatur,
479 3310 580 3382 qui
603 3309 856 3366 audierit
874 3310 1118 3364 verbum
1140 3309 1428 3376 veritatis,
1453 3313 1510 3364 et
1530 3309 1875 3365 crediderit:
1909 3287 1954 3353 C
1992 3311 2146 3382 quod
2180 3311 2329 3364 notio
2359 3307 2522 3364 estin
2556 3309 2667 3376 his,
2702 3326 2827 3380 qua
2859 3287 2995 3365 ante
3015 3287 3403 3370 nescivimus:
3430 3287 3644 3384 agnitio

210 3401 367 3472 quia
397 3399 568 3455 multi
598 3402 739 3454 sunt
767 3398 865 3469 qui
887 3398 1137 3452 audiunt
1157 3401 1212 3453 et
1235 3414 1350 3453 non
1376 3398 1653 3466 credunt;
1677 3403 1734 3452 et
1753 3398 1882 3454 ideo

208 3487 603 3562 signaculum
626 3486 814 3543 sancti
836 3487 1092 3558 Spiritus
1119 3503 1235 3542 non
1267 3486 1584 3558 accipiunt.
1606 3488 1886 3558 Signacu-

210 3581 355 3635 lum
387 3576 486 3632 Dei
512 3593 525 3632 :
559 3581 626 3632 ut
655 3576 949 3648 quomodo
982 3575 1214 3646 primus
1243 3575 1417 3630 homo
1444 3576 1516 3631 ad
1567 3575 1884 3646 imaginem

213 3665 330 3725 Dei
354 3665 646 3733 conditur,
680 3665 764 3721 sic
792 3665 854 3720 in
883 3665 1144 3721 secunda
1174 3665 1612 3736 regeneratioue
1644 3665 1888 3737 quicun-

214 3771 346 3828 que
375 3753 662 3826 Spiritum
691 3758 961 3809 sanctum
995 3753 1302 3826 acceperit,
1339 3753 1604 3826 signetur
1633 3754 1706 3809 ab
1727 3770 1813 3809 eo.

300 3843 584 3915 Sequitur
613 3862 625 3900 :
652 3845 759 3912 Qui
786 3852 863 3900 est
878 3845 1080 3916 pignus
1097 3843 1446 3900 haereditatis
1467 3863 1486 3898 :
1508 3844 1560 3899 id
1578 3849 1667 3900 est
1691 3843 1886 3916 ipsum

223 3935 458 4010 pignus
487 3932 670 4001 dedit,
701 3939 767 3988 ut
797 3932 867 3988 de
899 3932 1237 3988 haereditate
1264 3932 1450 3988 securi
1475 3935 1684 3988 simus.
1713 3935 1772 3988 In
1795 3948 1889 3988 re-

217 4024 600 4094 demptionem
625 4040 638 4090 ;
659 4022 718 4077 id
741 4027 833 4078 est
856 4026 921 4077 ut
941 4022 1306 4078 redimamur
1321 4021 1394 4077 ab
1417 4020 1544 4076 istis
1567 4022 1817 4077 terrenis
1837 4025 1895 4076 et

219 4110 642 4184 corporalibus
667 4111 864 4178 malis,
894 4116 952 4166 et
964 4109 1238 4183 acquisiti
1258 4110 1451 4165 simus
1471 4109 1573 4164 ﬁlii
1601 4110 1891 4182 adoptivi;

221 4206 286 4259 et
315 4201 444 4256 hac
474 4202 535 4255 in
555 4199 776 4256 laudem
793 4199 986 4271 gloria
1008 4199 1199 4271 ipsius
1220 4217 1233 4266 ;
1258 4215 1373 4254 non
1404 4215 1520 4270 quo
1551 4197 1897 4255 Deuslaude

308 4307 495 4378 (1004)
527 4306 608 4361 En
642 4307 895 4378 gratiam
926 4306 1396 4378 praevenientem.

303 4375 493 4450 (1005)
529 4375 705 4434 Divus
724 4375 1128 4450 Hieronymus
1187 4378 1247 4431 in
1279 4376 1448 4450 banc
1497 4375 1680 4450 Epist.
1728 4375 1903 4450 aliter

227 4465 422 4522 quam
456 4446 668 4522 Latini,
721 4449 857 4522 loco.
907 4451 1237 4522 instaurare,
1278 4446 1420 4522 legit
1468 4446 1841 4522 recapitulare
1869 4465 1904 4503 a

227 4517 430 4596 g'rmco
457 4517 930 4605 ’Δγαχεξεαλᾳιόω,
963 4522 1118 4593 quod
1149 4517 1723 4605 coltigOcapitqﬂseu
1753 4535 1903 4574 sum-

222 4585 352 4650 ἴηοε
381 4585 953 4664 repeto,"signillcat,
979 4585 1044 4647 ἐι
1095 4608 1234 4665 (ιιιοῄ
1259 4585 1757 4665 ’Ᾱναχέφαλξξωσις
1816 4607 1906 4645 re-

1992 3399 2052 3454 in
2085 3399 2177 3453 his
2210 3415 2335 3468 quae
2367 3396 2531 3452 obliti
2566 3398 2962 3453 recordamur.

2066 3487 2250 3559 (1009)
2280 3486 2594 3558 Sequitur:
2631 3488 2694 3543 Ut
2722 3487 2932 3555 sciatis,
2982 3493 3089 3543 etc.
3124 3493 3202 3545 Ac
3255 3491 3301 3546 si
3347 3491 3502 3547 dicat
3537 3509 3548 3547 ξ
3585 3493 3646 3548 Si

1995 3577 2247 3633 scientes
2295 3576 2365 3630 ad
2398 3593 2575 3647 quam
2607 3592 2770 3646 spem
2805 3577 2988 3632 vocati
3021 3579 3182 3644 estis,
3216 3597 3447 3635 omnem
3482 3598 3648 3652 spem

1997 3665 2194 3722 saeculi
2218 3664 2384 3720 facile
2411 3668 2800 3720 contemnetis
2828 3684 2840 3733 ;
2874 3671 2931 3721 et
2959 3666 3005 3721 si
3031 3667 3266 3724 divitias
3297 3669 3657 3726 hacreditatis

1999 3756 2100 3812 Dei
2129 3754 2414 3820 videritis,
2449 3754 2642 3809 omnis
2671 3759 2902 3811 terrena
2931 3755 3243 3813 hereditas
3266 3759 3430 3821 vobis
3463 3760 3661 3815 sorde-

1998 3845 2085 3900 bit
2112 3863 2124 3912 ;
2160 3843 2300 3916 quia
2331 3859 2502 3899 nemo
2534 3860 2668 3898 cum
2702 3846 2912 3916 opibus
2943 3847 3071 3916 ejus
3125 3865 3394 3918 operans,
3443 3853 3656 3903 curatae

2002 3939 2162 3999 sunt,
2194 3937 2259 3988 ut
2317 3931 2630 4003 plumbum
2690 3934 3016 4004 possideret
3071 3937 3276 4006 (1040).
3333 3938 3398 3991 Et
3431 3937 3564 3992 bene
3596 3939 3659 3992 in

2000 4024 2204 4079 sanctis
2235 4020 2396 4088 dicit,
2434 4037 2548 4074 non
2579 4020 2636 4074 in
2662 4021 2936 4076 omnibus
2963 4023 3322 4080 hominibus.
3346 4024 3654 4087 Quisenim

2005 4107 2700 4184 potestcomprehendere
2728 4110 3198 4182 magnitudinem
3228 4113 3506 4170 bonitatis
3530 4113 3655 4182 Dei,

2007 4218 2184 4279 quam
2217 4197 2586 4256 credentibus
2615 4214 2684 4253 ex
2711 4198 2951 4268 Judazis,
2987 4205 3042 4255 et
3071 4203 3343 4272 gentibus
3388 4203 3660 4269 contulit,

2009 4324 2157 4381 opus
2189 4310 2330 4381 erat,
2367 4311 2437 4381 ut
2461 4322 2672 4381 sensus
2722 4307 3081 4381 redderetur,
3131 4326 3266 4379 epos
3316 4313 3511 4381 autem
3561 4326 3660 4381 ge-

2012 4375 2206 4433 nuinae
2241 4375 2474 4448 phrasis
2505 4376 2836 4431 divinanda:
2868 4379 3032 4433 valde
3063 4375 3282 4434 incerta
3300 4385 3443 4434 erat.
3466 4375 3665 4435 Tutio-

2013 4467 2134 4522 rem
2167 4454 2360 4522 autem
2393 4448 2861 4522 emendationem
2899 4450 3140 4522 evadere
3173 4451 3315 4504 mihi
3366 4451 3664 4522 polliceor,

2018 4521 2065 4575 si
2099 4520 2319 4574 fontem
2348 4517 2527 4594 hujus
2559 4517 3059 4594 interpretationis
3091 4522 3147 4574 in
3185 4517 3440 4577 medium
3473 4517 3668 4594 prore?-

2018 4608 2141 4646 ram
2177 4607 2210 4645 a
2240 4606 2354 4661 quo
2387 4591 2456 4664 de
2486 4589 2673 4664 verboA
2688 4590 2802 4644 fere
2831 4592 2902 4644 ad
2935 4592 3174 4664 verbum
3210 4589 3524 4664 desumpta
3554 4599 3664 4648 est.

238 4659 513 4736 ductio-in
531 4659 824 4736 summ'am,
843 4680 947 4720 seu
970 4659 1372 4736 recapitulatio.
1394 4659 1531 4715 Divo
1554 4661 1906 4736 Hieronymo
1935 4660 1982 4724 D
2013 4659 2510 4736 Commentarium
2532 4659 2677 4714 illud
2696 4663 2969 4736 est,quod
2994 4663 3136 4736 falso
3160 4665 3288 4719 divo
3320 4659 3667 4736 Hieronymo

231 4735 501 4795 assentit
544 4734 962 4804 Tertullianus,
1021 4733 1123 4789 lib.
1173 4751 1228 4801 v,
1276 4737 1479 4787 contra
1529 4733 1904 4802 Marcionem,

233 4825 378 4876 cap.
416 4808 500 4872 17,
533 4812 590 4862 et
621 4807 808 4863 sancti
845 4807 1043 4863 lrenzei
1075 4808 1385 4876 interpres,
1417 4804 1518 4858 lib.
1553 4821 1592 4872 1,
1617 4820 1744 4876 cap.
1782 4806 1830 4859 1.

345 4878 507 4948 1006)
541 4877 772 4934 Scilicet
797 4879 1008 4934 Judiei.

321 4945 513 5022 (1007)
547 4951 606 5022 In
639 4956 837 5022 autog.
874 4965 1056 5022 marg.
1085 4947 1178 5002 hic
1204 4945 1416 5022 legitur
1446 4962 1572 5022 cap,
1599 4945 1665 5000 Il.

317 5021 511 5146 (1008)
544 5017 1055 5104 Imperfectam'ibi
1089 5017 1359 5100 exempli,
1418 5018 1570 5088 quod
1621 5017 1910 5073 adducere

317 5122 319 5137 ι
353 5097 460 5146 uit.
494 5108 735 5146 sensum
769 5093 1078 5146 reliquisse
1107 5091 1336 5145 Videtur
1356 5095 1561 5144 auctor
1581 5093 1798 5146 noster.
1821 5088 1910 5145 vel

237 5088 460 5160 voluit,
494 5088 735 5148 sensum
769 5092 1078 5164 reliquisse
1107 5088 1336 5164 videtur
1356 5095 1561 5164 auctor
1581 5093 1798 5164 noster,
1821 5088 1910 5145 vel

239 5166 384 5236 ejus
407 5165 808 5236 amanuensis.
829 5160 975 5219 Illud
999 5170 1194 5236 tamen
1219 5161 1276 5215 in
1302 5160 1796 5236 mentehabuisse
1810 5177 1912 5236 pu-

235 5231 463 5297 tarem,
489 5237 646 5307 quod
670 5235 692 5291 Ι
718 5236 856 5306 Reg.
882 5253 942 5304 ιι,
972 5237 1056 5303 12,
1086 5233 1301 5305 legitur
1323 5232 1474 5307 filios
1496 5231 1602 5307 Eli,
1627 5231 1781 5307 ﬁlios
1809 5233 1911 5307 De-

235 5307 374 5368 lial.
401 5303 730 5363 nescientes
755 5303 1134 5373 Dbminum,a
1153 5303 1476 5360 sacerdotis
1493 5303 1685 5357 ofﬁcio
1711 5304 1792 5357 ita
1812 5303 1911 5358 de-

243 5379 531 5446 clinasse,
565 5383 624 5435 et
654 5384 957 5450 peccatum
989 5377 1209 5450 grande
1230 5374 1413 5450 nimis
1443 5390 1638 5450 coram
1666 5375 1914 5429 Domino

239 5445 669 5526 perp‘retrasse'
685 5451 758 5526 ob
774 5445 1066 5526 hancm'et
1095 5449 1196 5504 Dei
1226 5445 1642 5526 ignorantiam.

322 5515 707 5594 (1009)7Hanc
728 5515 1277 5594 distinctionemuet'
1310 5517 1480 5594 divus
1505 5515 1917 5594 Hieronymus

246 5595 314 5650 in
331 5588 499 5649 'hanc
523 5591 869 5660 Epistolam,
889 5593 972 5649 uti
995 5591 1296 5660 aliquibus
1314 5589 1641 5660 probatam,
1657 5588 1914 5644 adducit.

320 5665 512 5742 (1010)
544 5660 720 5742 Error
740 5665 1080 5742 certissime
1097 5660 1205 5742 liic
1238 5661 1518 5742 irrepsitn
1559 5675 1736 5742 quem
1767 5660 1919 5742 ideo

238 5730 572 5805 emendare
593 5736 778 5809 nolui,
801 5737 942 5812 quia
966 5735 1151 5795 nimia
1169 5730 1482 5792 verborum
1503 5730 1921 5794 immutatione

2017 4733 2360 4806 ascriptum,
2394 4731 2588 4806 verius
2618 4731 2848 4806 Pelagio
2880 4750 2947 4788 ex
2979 4734 3091 4788 divi
3123 4736 3435 4806 Augustini
3495 4731 3668 4791 tosti-

2019 4803 2238 4868 moni’o,
2273 4819 2402 4858 cum
2438 4803 2601 4868 alibi,
2636 4809 2760 4858 tum
2793 4803 2894 4859 lib.
2924 4822 2985 4859 ιιι
3019 4807 3088 4860 de
3124 4803 3495 4861 Pec'catorum
3547 4823 3669 4861 me-

2019 4877 2169 4940 ritis,
2202 4880 2260 4949 et
2291 4874 2656 4949 remissione,
2691 4891 2816 4946 cap.
2847 4877 2903 4949 1,
2937 4882 2994 4930 et
3026 4893 3092 4932 ex
3127 4877 3306 4932 Mario
3328 4878 3666 4949 Mercatore,

2019 4954 2076 5004 et
2103 4947 2464 5014 Cassiodoro,
2501 4953 2555 4999 et
2585 4953 2818 5020 auctore
2846 4948 3260 5015 Prmdestinali,
3293 4949 3509 5004 eruditi
3540 4947 3672 5020 qui-

2021 5036 2134 5092 que
2165 5019 2514 5092 attribuunt,
2551 5018 2649 5072 ubi
2683 5019 2894 5089 legitur
2927 5035 2938 5072 :
2975 5021 3035 5075 Si
3065 5023 3287 5076 sciretis
3308 5021 3381 5075 ad
3410 5018 3676 5092 quantam

2019 5091 2168 5162 spem
2199 5091 2788 5164 vocatieslis,_omnem
2819 5105 2968 5164 spem
2995 5094 3190 5147 sweuli
3215 5093 3383 5164 facile
3420 5091 3676 5147 eontem-

2020 5161 2220 5218 nerelis
2251 5168 2304 5216 et
2333 5163 2382 5235 si
2410 5161 2633 5235 divitias
2663 5161 2998 5235 liaereditatis
3027 5164 3124 5218 Dei
3171 5161 3447 5235 videretis,
3499 5165 3679 5220 omnis

2023 5240 2247 5289 terrena
2281 5234 2424 5287 vobis
2453 5232 2691 5306 horrebit
2723 5232 3030 5286 haeredilas.
3065 5236 3228 5292 Nemo
3253 5238 3402 5291 enim
3434 5232 3680 5306 regnum

2022 5322 2150 5362 cum
2178 5307 2370 5375 opibus
2399 5305 2516 5357 suis
2547 5319 2772 5375 sperans
2813 5310 3037 5359 curator
3083 5323 3196 5361 esse
3246 5313 3294 5362 et
3341 5303 3680 5362 mediocrem

2024 5373 2390 5432 substantiam
2408 5373 2680 5449 possidere
2698 5374 2982 5449 (ligna/ur.
3013 5379 3068 5430 In
3099 5381 3462 5449 cujustotius
3483 5384 3678 5433 textus

2027 5449 2177 5504 serie
2209 5449 2301 5502 vix
2333 5445 2528 5508 unius,
2569 5446 2655 5499 vel
2688 5446 2929 5502 alterius
2983 5451 3139 5504 verbi
3172 5445 3547 5505 'ditl‘erentia.
3592 5449 3675 5503 Ab

2029 5519 2137 5592 hoc
2167 5517 2797 5592 etiarnco‘mmentario
2830 5519 3002 5589 paulo
3038 5524 3309 5592 superius
3340 5520 3676 5592 exemplum

2030 5591 2286 5645 filiorum
2318 5588 2401 5660 Eli
2425 5588 3061 5660 desumpserat’auctor
3083 5588 3299 5648 noster.
3323 5593 3458 5656 Quae
3480 5588 3681 5648 omnia

2031 5663 2207 5718 simul
2240 5659 2408 5716 valde
2437 5676 2552 5732 prae
2585 5660 2772 5716 oculis
2794 5661 2901 5718 hoc
2916 5680 3048 5718 cum
3073 5666 3296 5721 caeteris
3316 5666 3677 5722 commenta-

2031 5733 2136 5792 riis
2166 5732 2446 5795 habuisse
2473 5733 2744 5793 Attonem
2776 5739 3044 5794 nostrum
3075 5737 3344 5818 probant.
