3902 6404
328 417 436 475 551
1355 413 1693 475 ATTONIS
1737 414 2322 477 VERCELLENSIS
2367 406 2721 475 EPISCOPI

3626 409 3750 469 553

332 552 401 603 ut
432 547 636 602 ﬁerent
661 543 763 600 lilii
793 544 1052 617 adoptati
1084 546 1141 599 et
1171 545 1436 601 membra
1464 545 1705 601 Christi.
1737 547 1806 602 Et
1833 546 1981 602 bene
2009 554 2056 620 Α
2095 546 2268 603 debet
2296 545 2571 617 tnteltigi.
2604 549 2728 600 Hoc
2752 559 2887 599 vero
2917 540 3075 614 quod
3106 539 3189 598 ait
3217 558 3233 597 :
3293 540 3403 610 Qui
3454 541 3647 597 omnia
3689 541 3753 596 in

333 637 512 692 dicit:
548 636 861 691 Secundum
921 636 1291 702 operationem
1335 634 1519 705 (1011)
1565 636 1787 690 virtutis
1833 636 1975 705 ejus,

333 740 458 798 quae
489 726 670 796 (1012)
701 730 953 795 operatus
983 728 1060 778 est
1089 725 1149 777 in
1180 723 1424 783 Christo;
1457 723 1598 794 quia
1626 712 1698 778 ad
1727 722 1849 778 haec
1876 739 1977 778 co-

332 813 668 887 gnoscenda
695 829 762 868 ea
791 811 1126 883 indigemus
1155 810 1386 879 virtute,
1418 827 1537 882 qua
1556 811 1811 867 etiamin
1834 810 1977 865 Filio

334 920 442 958 suo
469 919 614 958 usus
644 906 732 957 est
761 900 915 955 Deus
945 916 1077 953 eum
1111 900 1473 964 suscitando,
1508 917 1683 971 quem
1708 916 1824 955 non
1846 916 1977 955 sus-

334 991 534 1047 citavit
564 988 766 1057 semel,
800 987 901 1042 sed
933 1003 1165 1058 semper
1193 1004 1227 1041 a
1258 987 1529 1056 mortuis,
1578 994 1636 1043 et
1664 988 1796 1043 fecit
1842 1004 1977 1042 eum

334 1080 393 1133 in
429 1077 635 1133 mortis
690 1077 962 1145 liberum,
1009 1074 1173 1130 nulla
1216 1076 1422 1131 mortis
1470 1077 1815 1149 contagione
1862 1092 1982 1131 ma-

336 1167 617 1222 culatum.
652 1164 919 1231 Quotidie
952 1162 1204 1235 resurgit
1232 1163 1498 1220 Christus
1530 1182 1599 1220 ex
1630 1166 1878 1220 mortuis
1918 1164 1977 1219 in

332 1255 771 1328 paenitentibus.
808 1257 885 1306 De
941 1268 1007 1307 eo
1061 1253 1217 1322 quod
1275 1254 1586 1309 hereditas
1640 1259 1977 1309 sanctorum

336 1345 459 1416 ipse
490 1343 643 1398 Deus
675 1347 785 1411 est,
820 1346 884 1395 ut
914 1340 1058 1395 illud
1084 1341 1155 1396 de
1186 1340 1322 1396 filiis
1356 1342 1481 1397 Levi
1508 1360 1522 1396 :
1557 1344 1677 1413 Ego
1718 1343 1981 1396 Dominus

328 1449 463 1505 pars
492 1448 681 1488 eorum
702 1432 886 1501 (Num.
934 1446 1094 1497 xvm,
1124 1431 1194 1483 20
1221 1472 1234 1496 ,
1266 1432 1422 1486 Josue
1450 1447 1573 1497 xm,
1608 1431 1695 1500 14)
1721 1447 1735 1494 ',
1790 1430 1927 1484 item
1962 1446 1975 1484 :

334 1522 605 1577 Dominus
634 1519 935 1576 haereditas
966 1533 1155 1573 eorum
1183 1522 1265 1573 est
1310 1519 1509 1591 (Deut.~
1536 1536 1698 1586 xvm,
1727 1520 1785 1586 2)
1811 1536 1825 1586 ;
1873 1522 1931 1572 et
1962 1534 1975 1572 :

331 1611 473 1665 Pars
502 1625 623 1663 mea
660 1608 923 1662 Dominus
952 1607 1126 1675 (Psal.
1183 1624 1353 1674 Lxxn,
1386 1610 1477 1679 26)
1507 1612 1563 1661 et
1594 1624 1606 1662 :
1643 1608 1716 1662 Tu
1744 1623 1803 1661 es
1847 1622 1979 1675 pars

335 1698 674 1754 haereditaiis
706 1712 860 1762 meat,
893 1700 1001 1751 etc.
1037 1696 1208 1765 (Psat.
1232 1713 1323 1762 xv,
1344 1698 1421 1763 5).

407 1787 684 1858 Sequitur
716 1802 729 1839 :
763 1783 1044 1839 Suscitans
1073 1800 1239 1852 eum;
1270 1784 1329 1837 id
1359 1788 1450 1839 est
1477 1784 1798 1839 secundum
1823 1781 1979 1853 quod

339 1873 485 1929 mori
518 1872 724 1946 potuit.
750 1871 829 1927 De
861 1888 926 1927 eo
958 1872 1112 1942 quod
1143 1871 1368 1926 demtera
1424 1870 1681 1943 ponitur,
1733 1887 1834 1942 pro
1882 1869 1980 1925 ho-

336 1979 497 2031 nore,
531 1963 588 2016 in
620 1961 737 2017 Deo
766 1958 915 2015 nihil
944 1959 1251 2014 sinistrum
1292 1965 1403 2024 est,
1435 1960 1576 2030 quia
1605 1976 1720 2015 non
1744 1963 1832 2014 est
1852 1976 1978 2014 cor-

306 2062 568 2125 poreus.
602 2050 747 2104 Nam
781 2052 838 2104 et
865 2049 1037 2103 Pater
1058 2064 1091 2102 a
1121 2048 1340 2103 dextris
1368 2047 1493 2102 Filii
1526 2052 1634 2109 est,
1688 2052 1752 2102 ut
1788 2046 1932 2101 illud
1963 2062 1977 2100 :

339 2143 601 2196 Dominus
632 2155 665 2193 a
692 2138 905 2192 dextris
935 2138 1068 2206 tuis,
1101 2138 1390 2205 con/regit,
1415 2141 1521 2191 etc.
1557 2135 1748 2206 ((Psai.
1772 2134 1978 2204 cxx,5).

336 2229 416 2285 De
444 2246 530 2296 eo,
566 2226 719 2299 quod
768 2224 1084 2296 Apostolus
1135 2240 1203 2279 ex
1247 2224 1561 2280 traditione
1605 2224 1980 2280 Hebraeorum

335 2317 618 2372 didicerat
648 2316 769 2370 haec
793 2314 1069 2379 nomina;
1103 2318 1206 2369 aut
1237 2321 1390 2369 certe
1420 2313 1609 2385 legem
1640 2310 1983 2383 spiritaliter

334 2405 690 2476 intelligens,
723 2402 944 2473 aliquid
976 2399 1289 2457 sublimius
1311 2402 1516 2466 sensit,
1548 2406 1605 2456 et
1627 2401 1782 2472 quod
1799 2400 1869 2455 de
1891 2416 1980 2454 re-

333 2494 529 2566 gibus,
563 2490 832 2556 ducibus,
866 2490 1120 2545 tribunis
1148 2496 1205 2545 et
1221 2490 1663 2545 centurionibus
1683 2489 1743 2543 in
1765 2489 1980 2543 Nume-

340 2583 422 2638 ris
453 2586 629 2651 atque
664 2580 878 2650 [legum
915 2577 1083 2632 libris
1105 2576 1354 2648 legebat,
1374 2578 1663 2649 cognovit,
1690 2578 1841 2647 quod
1869 2575 1979 2631 sic-

339 2677 404 2726 ut
432 2671 492 2725 in
522 2668 858 2724 coelestibus
889 2666 1009 2721 sint
1065 2666 1307 2722 diversae
1356 2665 1693 2738 dignitates,
1747 2677 1984 2719 necesse

342 2772 431 2817 est
461 2759 755 2828 subjectos
786 2762 841 2810 et
860 2755 1133 2810 timentes
1164 2771 1225 2809 se
1257 2755 1531 2809 habeant.
1564 2754 1708 2809 Nam
1734 2753 1782 2808 si
1807 2753 1981 2807 homo

343 2850 456 2905 cito
478 2848 533 2901 in
563 2845 860 2918 pulverem
881 2842 1256 2898 resolvendus
1278 2859 1376 2898 rex
1390 2842 1843 2912 eligatur,habet
1863 2840 1983 2895 haec

344 2936 555 3002 officia,
591 2939 810 3005 quanto
843 2932 1030 3003 magis
1054 2932 1172 2987 Rex
1193 2948 1396 3004 regum
1428 2931 1656 2986 diversa
1676 2929 1868 2985 ofﬁcia
1896 2929 1983 2983 di-

343 3024 635 3101 gnitatum
666 3022 844 3078 habet
868 3021 895 3074 ?

416 3114 529 3169 Sed
563 3111 855 3184 quomodo
886 3109 1030 3165 dicit
1054 3108 1104 3163 ei
1136 3108 1334 3163 omnia
1363 3108 1645 3178 subjecta,
1680 3122 1812 3162 cum
1846 3102 1985 3160 alibi

2010 1914 2058 1979 B

2085 638 2347 693 omnibus
2377 635 2722 703 adimpletur
2743 650 2757 688 :
2781 649 2897 688 non
2924 632 3029 700 ita,
3049 635 3116 686 ut
3131 634 3322 696 sonat,
3340 628 3751 701 accipiendum

2087 728 2196 780 est.
2228 724 2355 780 Non
2387 726 2545 779 enim
2575 723 2679 788 ait,
2700 721 2983 792 adimplet,
3006 720 3134 786 sed,
3155 718 3511 790 adiinpletur.
3534 718 3750 791 Segui-

2088 814 2223 868 dem
2250 813 2410 868 aliud
2435 812 2683 884 agentis,
2707 810 2864 865 aliud
2891 808 3169 881 patientis
3184 808 3554 864 estverhum.
3579 806 3748 864 Sicut

2090 916 2227 973 ergo
2240 899 3087 972 adimpleturimperator,cum
3099 897 3152 953 ei
3166 895 3367 969 populi
3381 896 3747 964 subdantur,

2087 987 2170 1043 ita
2199 988 2489 1053 Christus,
2519 1004 2652 1042 cum
2686 987 2744 1042 in
2793 1003 2925 1042 eum
2975 986 3245 1045 homines
3296 986 3564 1053 credunt,
3615 985 3747 1058 ipse

2090 1076 2448 1149 adimpletur
2471 1076 2529 1130 in
2548 1075 2828 1131 omnibus
2852 1091 2865 1129 :
2895 1075 2981 1130 sic
3005 1078 3223 1140 tamen,
3246 1079 3311 1130 ut
3334 1073 3535 1130 omnia
3555 1073 3750 1129 adim-

2092 1163 2323 1236 pleatur
2351 1164 2631 1220 omnibus
2655 1181 2670 1232 ;
2695 1163 2754 1218 id
2785 1168 2896 1229 est,
2929 1168 2994 1218 ut
3024 1162 3329 1218 credentes
3356 1162 3418 1217 in
3439 1156 3575 1218 eum
3597 1176 3751 1217 eun-

2090 1254 2205 1310 etis
2227 1254 2349 1309 sint
2376 1251 2533 1324 pleni
2562 1252 2902 1316 virtutibus,
2937 1256 2995 1307 et
3024 1252 3239 1307 faciant
3280 1267 3414 1306 eum
3463 1251 3752 1323 proﬁcere

2091 1347 2280 1411 (etate,
2313 1346 2371 1397 et
2402 1341 2711 1413 sapientia,
2745 1346 2802 1396 et
2831 1340 3020 1414 gratia
3037 1356 3231 1396 coram
3254 1339 3392 1406 Deo,
3413 1344 3472 1395 et
3490 1338 3757 1395 homini-

2090 1430 2200 1486 bus
2229 1431 2381 1502 (Luc.
2414 1447 2480 1493 ιι,
2509 1430 2621 1490 52).
2656 1429 2878 1485 Aliter:
2913 1429 3018 1493 Qui
3050 1444 3209 1484 nunc
3256 1444 3359 1500 per
3408 1434 3612 1500 partes
3658 1433 3758 1484 est

2088 1518 2149 1575 in
2182 1519 2456 1591 singulis,
2487 1519 2545 1575 id
2579 1524 2688 1585 est,
2721 1518 2779 1572 in
2812 1517 2926 1574 alio
2948 1518 3204 1588 justitia,
3236 1516 3297 1571 in
3329 1516 3455 1572 alio
3478 1516 3754 1583 castitas,

2089 1607 2151 1662 in
2182 1607 2295 1661 alio
2328 1605 2621 1677 sapientia
2647 1606 2857 1677 (1015),
2887 1607 3028 1677 quia
3054 1605 3291 1662 difﬁcile
3334 1609 3455 1674 est,
3503 1609 3572 1660 ut
3620 1603 3755 1660 hac

2091 1693 2306 1765 aliquis
2327 1694 2528 1750 omnia
2556 1693 2811 1761 habeat;
2841 1694 2900 1749 in
2932 1694 3049 1750 ﬁne
3076 1710 3233 1759 vero,
3272 1709 3406 1749 cum
3442 1694 3497 1749 ei
3525 1692 3758 1749 fuerint

2090 1781 2288 1838 omnia
2301 1779 3011 1853 subjecta,adimplebitur
3031 1803 3063 1833 «
3081 1781 3283 1838 omnia
3301 1781 3364 1837 in
3383 1780 3701 1845 omnibus;
3717 1800 3751 1830 ιο

2089 1875 2177 1941 ut,
2200 1873 2369 1942 juxta
2404 1870 2558 1942 quod
2592 1875 2744 1926 Deus
2771 1874 2864 1926 est
2890 1871 3121 1926 cunctis
3149 1870 3466 1926 virtutibus
3504 1868 3753 1942 plenus,

2088 1959 2291 2015 omnia
2320 1959 2380 2014 in
2411 1959 2691 2015 omnibus
2721 1959 2906 2030 (1016)
2938 1958 3347 2031 adimpleatur,
3377 1962 3437 2014 et
3464 1956 3590 2015 sint
3620 1970 3755 2014 om-

2093 2048 2189 2104 nia
2217 2048 2277 2103 in
2303 2047 2598 2103 omnibus.

2163 2138 2348 2207 (1017)
2396 2136 2551 2207 (CAP.
2610 2135 2708 2205 Il.)
2766 2135 3078 2206 Sequitur:
3136 2136 3200 2190 Et
3253 2151 3369 2203 vos,
3408 2148 3549 2189 eum
3606 2147 3755 2190 esu-

2093 2228 2184 2296 tis,
2212 2231 2322 2281 etc.
2359 2227 2426 2280 Et
2455 2229 2547 2280 est
2575 2225 2716 2279 ordo
2747 2243 2766 2279 :
2791 2223 2909 2279 Vos
2941 2240 3075 2279 cum
3107 2222 3315 2278 essetis
3347 2222 3566 2277 mortui
3596 2221 3756 2277 deii-

2094 2315 2201 2369 ctis
2243 2318 2300 2369 et
2357 2313 2609 2384 peccatis
2655 2312 2888 2381 vestris,
2938 2311 3360 2367 conviviﬁcavit
3394 2311 3458 2365 in
3510 2310 3755 2366 Christo

2096 2410 2246 2457 liene
2276 2403 2335 2456 in
2369 2400 2775 2457 misericordia
2804 2406 3040 2472 propter
3088 2398 3339 2455 inuitam
3395 2398 3753 2455 oharitatem

2092 2508 2283 2557 suam,
2319 2507 2437 2563 qua
2467 2489 2671 2546 dilexit
2700 2506 2828 2545 nos.
2857 2490 2921 2544 Et
2947 2504 3076 2545 eum
3103 2503 3337 2544 essemus
3359 2489 3567 2544 mortui
3593 2487 3757 2544 ἀοιὲ-

2088 2582 2210 2644 etis,
2242 2582 2304 2635 in
2328 2580 2534 2650 quibus
2563 2577 2886 2651 aliquando,
2917 2582 3051 2644 etc.,
3092 2592 3283 2648 usque

2090 2671 2151 2725 in
2176 2669 2408 2725 Christo.
2442 2668 2788 2739 Conjunctio
2815 2682 2948 2723 vero
2977 2666 3255 2735 causalis,
3286 2675 3488 2736 om,
3523 2671 3628 2721 aut
3666 2664 3746 2721 ab

2090 2757 2343 2813 indoctis
2374 2756 2572 2812 addita
2602 2761 2712 2822 est,
2741 2760 2842 2811 aut
2872 2755 2944 2811 ab
2976 2754 3277 2827 Apostolo,
3298 2754 3539 2827 quierat
3554 2753 3746 2825 impe-

2092 2846 2243 2901 ritus
2270 2861 2539 2900 sermone
2559 2845 2762 2915 (1018).
2787 2844 2866 2899 De
2886 2860 2952 2898 eo
2968 2843 3125 2914 quod
3150 2859 3308 2899 more
3327 2842 3545 2914 duplex
3561 2840 3745 2897 intel-

2093 2934 2299 3006 ligitur
2326 2933 2385 2989 in
2417 2932 2754 3004 Scripturis.
2778 2932 2889 2988 Sed
2916 2931 3123 2987 animos
3145 2936 3393 2987 mortem
3419 2930 3585 3002 dicit,
3602 2946 3744 3003 qum

2094 3024 2160 3078 ﬁt
2190 3022 2436 3086 delictis,
2462 3022 2520 3077 id
2543 3025 2655 3087 est,
2677 3020 3162 3076 delectationibus
3193 3038 3206 3076 :
3233 3036 3368 3076 nam
3391 3025 3631 3092 peccata
3648 3018 3747 3075 di-

2094 3117 2306 3168 cuntur
2335 3128 2599 3183 operum.
2632 3108 2881 3166 Pulchre
2909 3109 3051 3165 dicit
3076 3110 3424 3177 ambulem},
3467 3125 3582 3164 non
3613 3125 3748 3165 am-

334 3203 491 3259 dicat
536 3202 707 3273 ipse:
767 3199 1008 3254 Necdum
1064 3198 1310 3252 videmus
1357 3198 1409 3251 ei
1460 3213 1646 3251 omnia
1698 3195 1986 3266 subjecta?
2096 3202 2314 3256 bulazis.
2348 3200 2661 3256 secundum
2685 3199 2949 3254 manium
2973 3198 3207 3267 mundi;
3260 3199 3317 3254 id
3362 3203 3473 3269 est,
3525 3213 3751 3255 secun-

338 3292 550 3364 Oportet
573 3306 698 3344 eum
725 3304 983 3359 regnare,
1017 3292 1126 3342 etc.
1159 3286 1363 3356 (1013).
1391 3286 1501 3340 Sed
1526 3290 1629 3340 aut
1654 3283 1979 3340 secundum
2012 3279 2054 3345 C
2094 3290 2235 3345 dum
2267 3289 2573 3345 saeculares
2606 3287 2873 3344 homines
2906 3304 2920 3353 ;
2976 3286 3064 3343 vel
3117 3291 3272 3343 certe
3323 3285 3606 3343 naculum
3651 3289 3750 3343 est

336 3376 759 3452 praescientiam
792 3376 899 3430 hoc
931 3374 1089 3441 dicit,
1122 3379 1241 3441 aut,
1276 3374 1325 3428 si
1357 3374 1427 3429 de
1472 3372 1779 3444 praeterito,
1838 3376 1979 3425 tunc
2086 3378 2331 3450 spiritus
2363 3376 2578 3444 malus,
2608 3377 2708 3448 qui
2740 3381 3014 3448 operatur
3035 3375 3096 3431 in
3116 3375 3456 3431 inﬁdelibus
3478 3391 3493 3430 :
3516 3390 3659 3431 nun
3680 3374 3745 3431 in

334 3468 636 3526 sciendum
671 3470 762 3521 est
790 3464 1059 3536 quaedam
1089 3464 1406 3528 voluntate,
1431 3468 1492 3516 ut
1513 3462 1684 3528 bona,
1710 3460 1977 3532 quaedam

334 3556 702 3625 necessitate,
736 3559 799 3607 ut
825 3553 1000 3619 mala,
1026 3554 1075 3607 ei
1096 3553 1390 3621 subjecta;
1416 3550 1590 3605 veluti
1612 3554 1751 3605 sunt
1769 3546 1976 3604 Judmi.

334 3645 547 3719 pagani
581 3643 770 3716 etipsi
820 3643 1138 3706 demones,
1164 3640 1264 3711 qui
1290 3640 1454 3694 aDeo
1482 3638 1617 3693 boni
1644 3637 1819 3692 creati
1841 3639 1981 3692 sunt

334 3732 472 3789 facti
503 3732 664 3797 mali,
700 3730 863 3785 inviti
898 3735 1038 3784 sunt
1068 3728 1337 3799 subjecti.
1369 3727 1584 3783 Aliter:
1622 3726 1837 3791 Omnia,
1863 3741 1977 3781 non

334 3824 407 3879 ad
440 3820 883 3877 universitatem
920 3822 1064 3873 torte
1087 3816 1343 3889 respicit,
1378 3815 1606 3872 utillud
1643 3831 1654 3870 :
1681 3815 1870 3871 Omnis
1894 3815 1976 3868 ci-

332 3914 470 3967 vitas
500 3910 759 3966 clamavit
799 3908 1023 3976 (1014);
1058 3911 1115 3961 et
1164 3906 1288 3977 ipse
1340 3904 1658 3977 Apostolus
1692 3920 1705 3958 :
1759 3902 1973 3969 Omnes,

330 4015 455 4074 quae
481 4016 583 4055 sua
611 4006 755 4067 sunt,
790 3999 1043 4068 quarunt
1074 3995 1336 4066 (Philipp.
1370 4011 1432 4064 ιι,
1463 3994 1590 4066 21);
1629 3993 1767 4048 item
1801 4010 1813 4049 :
1852 3992 1976 4048 Om-

326 4106 421 4145 nes
450 4105 535 4144 me
564 4088 976 4159 deretiquerunt
1007 4086 1077 4156 (II
1120 4085 1252 4139 Tim.
1303 4100 1378 4149 1v,
1437 4084 1564 4153 16);
1611 4088 1670 4138 et
1716 4082 1774 4136 in
1825 4079 1977 4152 psal-

329 4194 462 4233 mo:
499 4178 690 4233 Omnes
718 4176 1133 4229 dectinaverunt
1164 4172 1341 4243 (Psal.
1372 4188 1497 4241 xm,
1530 4172 1618 4242 3):
1646 4172 1784 4225 item
1810 4188 1822 4227 :
1851 4168 1975 4225 Om-

324 4268 415 4321 nis
450 4264 607 4320 homo
636 4264 875 4320 mendax
904 4262 1131 4334 (Cotoss.
1166 4279 1252 4328 In,
1295 4262 1383 4331 16)
1413 4278 1425 4327 ;
1486 4260 1624 4314 item
1657 4276 1668 4313 :
1721 4260 1975 4314 Docentes

324 4371 539 4412 omnem
590 4354 865 4410 hominem
894 4353 1064 4423 (Psai.
1098 4367 1225 4418 cxv,
1256 4350 1330 4421 2).
1368 4350 1430 4403 In
1484 4349 1576 4404 his
1620 4347 1975 4403 testimoniis

324 4462 461 4518 pars
488 4442 857 4515 intelligitur,
893 4442 950 4497 id
971 4445 1079 4506 est,
1104 4456 1328 4503 omnes,
1358 4438 1428 4494 de
1448 4438 1666 4510 quibus
1689 4437 1969 4508 loquitur.

395 4532 476 4588 De
506 4549 571 4588 eo
602 4532 755 4602 quod
784 4530 936 4586 sicut
966 4533 1142 4602 caput
1173 4528 1347 4584 habet
1377 4526 1969 4597 sibisubjectamemt-

324 4622 451 4683 bra.
473 4620 588 4675 alia
617 4636 782 4684 sana,
814 4620 929 4674 alia
958 4619 1214 4687 infirma,
1246 4616 1325 4670 ita
1353 4615 1640 4683 Christus,
1666 4614 1765 4687 qui
1794 4617 1970 4686 caput

327 4715 437 4775 est,
469 4708 645 4763 habet
673 4709 731 4763 in
766 4707 1021 4762 Ecclesia
1054 4706 1260 4772 malos,
1287 4709 1343 4760 et
1371 4706 1594 4773 bonos;
1623 4705 1725 4759 sed
1784 4704 1972 4760 sancti

328 4798 649 4867 voluntate,
684 4796 819 4852 mali
854 4812 987 4849 vero
1019 4797 1158 4847 sunt
1188 4792 1436 4863 subjecti
1491 4792 1858 4849 necessitate.
1906 4792 1971 4846 In

327 4887 438 4942 hoc
471 4886 596 4940 loco
618 4883 879 4940 Ecclesia
895 4899 1011 4937 non
1036 4879 1226 4935 solum
1248 4879 1578 4944 hominum,
1604 4882 1701 4935 sed
1723 4886 1776 4935 et
1793 4895 1971 4951 ange-

327 4975 541 5043 lorum,
574 4978 1041 5041 cunctarumque
1091 4966 1523 5021 rationabilium
1570 4973 1971 5025 creaturarum

398 5079 582 5175 (1211)
611 5076 786 5147 Vulg.
822 5074 985 5129 addit
1008 5075 1283 5175 potentiae.

401 5151 443 5175 ιι
500 5150 584 5175 101
624 5153 636 5175 1
664 5163 764 5175 Ann
802 5160 925 5175 num
977 5144 1003 5175 ἲ
1033 5146 1133 5175 uln-
1189 5145 1283 5175 ι-...Ιν

400 5144 585 5220 (1012)
615 5144 764 5220 μρεῦ
799 5144 1153 5220 quee,_}’ulg.
1187 5145 1365 5199 habet
1394 5160 1577 5220 quam.

402 5150 563 5220 (1012
623 5153 764 5202 Loco
799 5160 944 5215 quae,
981 5150 1153 5215 Vulg.
1187 5150 1365 5199 habet
1394 5160 1577 5213 quam.

402 5150 631 5343 (1013il
662 5217 789 5271 Cor.
820 5233 912 5279 xv,
1041 5223 1097 5272 et
1126 5232 1315 5297 seqq.,
1350 5218 1446 5297 ubi
1477 5216 1744 5298 negativa
1797 5218 1974 5342 parti-

430 5305 464 5343 a
492 5288 741 5343 necdum.
767 5303 1034 5343 uuamvns
1064 5304 1098 5341 a
1123 5288 1256 5343 divo
1305 5287 1653 5343 Hieronvmo
1686 5304 1743 5341 1n
1840 5305 1973 5343 unus

330 5287 464 5344 cula
492 5287 741 5353 necdum,
767 5287 1034 5358 quamvis
1064 5304 1098 5341 a
1123 5288 1256 5359 divo
1305 5287 1743 5359 Hieronymoin
1797 5287 1973 5358 hujus

327 5360 599 5430 Epistolas
631 5359 1167 5430 interpretationem
1201 5358 1358 5414 hunc
1381 5363 1605 5414 textum
1629 5358 1844 5414 citante
1869 5360 1970 5415 ad-

331 5429 622 5501 mittatur,
654 5429 897 5484 minime
928 5429 1158 5501 legitur.

398 5500 578 5571 (1014)
609 5501 632 5558 l
665 5501 807 5571 Reg.
838 5517 950 5567 xxv,
981 5502 1073 5569 20,
1095 5501 1272 5556 omnis
1290 5500 1544 5571 papulas.

317 5571 583 5713 16300115)
620 5570 835 5641 Verba,
859 5572 916 5625 in
946 5573 1124 5627 alio...
1147 5570 1440 5643 sapientia,
1462 5572 1522 5626 in
1542 5571 1765 5628 laterali
1785 5588 1971 5645 marg.

420 5658 452 5693 u
531 5659 616 5697 ur.

420 5658 616 5697 untur.

396 5709 581 5802 (1016)
607 5713 683 5772 Et
711 5709 832 5769 hcc
886 5711 1080 5783 verba,
1136 5719 1278 5774 ut...
1336 5713 1611 5785 omnibus,
1668 5714 1728 5771 in
1785 5730 1973 5798 marg.

2087 3467 2200 3536 his,
2233 3466 2333 3538 qui
2361 3464 2562 3520 ﬁdeles
2592 3470 2751 3533 sunt,
2784 3463 3011 3536 operari
3041 3479 3159 3520 non
3181 3468 3391 3536 potest.
3417 3462 3546 3519 Filii
3577 3463 3743 3518 ditt}-

2088 3556 2293 3611 dentize
2324 3554 2623 3621 dicuntur,
2653 3552 2827 3609 veluti
2859 3552 2963 3608 ﬁlii
2991 3552 3275 3625 gehennie
3293 3556 3352 3608 et
3379 3551 3483 3607 filii
3501 3551 3625 3607 ira.

2156 3642 2432 3715 Sequitur
2459 3660 2471 3699 :
2507 3644 2566 3699 in
2598 3643 2797 3712 quibus
2817 3657 2837 3702 .'
2858 3641 2914 3697 id
2939 3647 3050 3709 est,
3083 3657 3200 3697 non
3231 3639 3426 3697 solum
3455 3656 3557 3696 vos
3591 3654 3740 3711 gen-

2083 3736 2194 3798 tes,
2227 3733 2327 3786 sed
2354 3740 2408 3787 et
2434 3748 2534 3787 nos
2553 3731 2762 3795 Judaei,
2786 3733 2847 3787 in
2865 3729 3155 3786 desideriis
3171 3731 3379 3800 caricis,
3404 3727 3739 3786 non-solum

2084 3821 2505 3889 desiderantes,
2538 3820 2636 3876 sed
2666 3823 2724 3875 et
2756 3817 3034 3875 facientes
3062 3833 3430 3890 quacunque
3449 3815 3608 3873 mala
3633 3833 3737 3874 co-

2084 3908 2289 3982 gitatio
2319 3908 2728 3981 suggessisset.

2153 3998 2473 4070 Sequitur:
2509 3998 2575 4054 Et
2611 3990 2831 4054 eramus
2885 4001 3094 4053 natura
3141 3996 3253 4066 ﬁlii
3297 3999 3446 4058 irae;
3502 3995 3560 4051 id
3618 4001 3735 4067 est,

2085 4092 2298 4144 natura
2326 4089 2639 4159 depravata
2667 4086 2826 4156 vitio,
2857 4102 2974 4142 non
3005 4091 3072 4141 ut
3101 4090 3258 4142 recte
3288 4087 3499 4141 creata.
3537 4085 3600 4140 In
3620 4084 3739 4142 hac

2086 4178 2171 4233 ira
2203 4192 2337 4232 cum
2367 4175 2640 4232 homines
2666 4180 2863 4232 essent
2920 4190 3024 4245 per
3067 4173 3352 4247 originale
3400 4178 3735 4246 peceatum,

2082 4269 2246 4320 tanto
2278 4265 2513 4336 gravius
2551 4269 2610 4320 et
2647 4263 3055 4335 perniciosius,
3104 4267 3324 4337 quanto
3346 4264 3592 4334 majora,
3640 4261 3738 4320 vel

2083 4353 2254 4426 plura
2276 4354 2518 4424 insuper
2548 4353 2924 4419 addiderunt,
2955 4352 3324 4408 necessarius
3343 4355 3469 4407 erat
3505 4350 3741 4407 media-

2080 4448 2192 4513 tor,
2226 4442 2337 4498 hoc
2365 4446 2474 4510 est,
2508 4441 2933 4508 reconciliator,
2967 4440 3066 4512 qui
3096 4441 3246 4498 hanc
3275 4440 3420 4496 iram
3442 4438 3737 4512 singulari

2081 4531 2226 4586 sacri
2238 4531 2388 4598 ticio,
2416 4531 2590 4601 cujus
2619 4534 2885 4602 tympum
2913 4528 3199 4586 sacrificia
3249 4527 3351 4585 illa
3397 4528 3733 4601 gestabant,

2004 4637 2051 4705 D
2084 4618 2361 4692 placaret.
2400 4619 2475 4674 De
2502 4620 2587 4674 ira
2617 4618 2714 4674 Dei
2736 4618 2941 4691 (1019).

2153 4708 2338 4779 (1020)
2368 4708 2647 4779 Sequitur
2679 4723 2692 4761 :
2725 4708 2867 4763 Deus
2895 4711 3101 4774 autem,
3134 4708 3230 4778 qui
3256 4706 3406 4763 dines
3433 4715 3516 4763 est
3543 4709 3605 4762 in
3621 4709 3737 4763 mi-

2079 4798 2409 4863 sericordia,
2460 4800 2679 4868 propter
2740 4797 2976 4850 nimiam
3026 4795 3351 4852 charitotem
3403 4810 3564 4851 suam
3621 4810 3740 4865 qua

2082 4885 2282 4940 dilexit
2311 4900 2432 4952 nos,
2465 4891 2573 4940 etc.
2607 4886 2817 4953 (1021.)
2846 4885 2971 4940 Non
2994 4884 3183 4940 solum
3208 4884 3267 4939 in
3289 4885 3521 4950 virtute,
3545 4883 3648 4939 sed
3668 4883 3735 4939 in

2083 4973 2489 5030 misericordia
2517 4973 2677 5030 dives
2708 4977 2816 5039 est,
2850 4978 2913 5028 ut
2941 4971 3125 5028 illud:
3158 4972 3435 5029 Misereris
3480 4972 3739 5028 omnium

2083 5082 2381 5137 leguntur.
2742 5100 2743 5103 η

2180 5153 2339 5232 1013)
2374 5156 2435 5232 tn
2459 5155 2644 5232 autog
2674 5167 2860 5232 marg.
2894 5150 2994 5232 hic
3018 5149 3239 5232 leg-itur
3260 5150 3548 5232 cap:-.Ill.

2156 5221 2340 5294 (1018)
2371 5221 2471 5294 Sed
2510 5221 2915 5294 non'scient'ia,
2939 5227 3004 5277 ut
3042 5221 3126 5277 ait
3151 5221 3343 5278 divus
3368 5221 3738 5294 Hieronym.,

2084 5297 2253 5366 cujus
2283 5298 2371 5349 est
2402 5293 2523 5366 haec
2556 5293 2979 5366 interpretatio.

2153 5350 2162 5364 .
2184 5312 2253 5349 08
2283 5312 2371 5349 θεῖ
2402 5312 2523 5349 ΠΕΟ
2556 5312 2979 5366 interpretatio.

2153 5312 2337 5435 (1019)
2363 5364 2594 5421 Scilicet
2626 5366 2812 5420 oratio
2843 5365 3129 5420 habeatur
3154 5364 3227 5435 de
3272 5363 3361 5418 ira
3416 5361 3537 5435 Dei.
3583 5363 3742 5421 Vide

2083 5434 2211 5507 quae
2242 5437 2397 5508 intra
2426 5438 2496 5490 ad
2531 5452 2655 5508 cap.
2689 5436 2766 5491 Ill
2796 5435 2974 5508 hujus
3004 5434 3275 5508 Epistolas
3302 5434 3583 5508 iiot1037.

2152 5508 2334 5580 (1020)
2368 5507 2429 5580 in
2453 5503 2649 5580 autog.
2686 5503 2999 5579 margfhic
3021 5503 3243 5580 legitur
3261 5521 3387 5580 cap.
3420 5503 3512 5561 IV.

2152 5521 2314 5578 (iuzu
2368 5521 2429 5561 in
2453 5521 2649 5579 antog.
2686 5523 2872 5579 marg.
2904 5521 2999 5561 nio
3031 5521 3243 5580 legitur
3261 5521 3387 5633 cap.
3420 5521 3512 5561 iv,

2084 5521 2576 5706 leétgiéryerba:
2625 5580 2788 5652 συί...
2847 5592 2965 5649 nos,
3017 5577 3077 5634 in
3122 5576 3327 5635 latera!
3399 5589 3590 5651 marg.
3625 5578 3741 5636 cod

2106 5664 2212 5723 ego
2221 5663 2380 5709 ntur.
