3902 6390
449 412 564 470 555

1468 405 1806 465 ATTONIS
1849 404 2431 465 VERCELLENSIS
2475 403 2831 465 EPISCOPI

3715 404 3812 464 556

444 504 788 613 principium
845 542 1027 607 (Joan.
1085 554 1206 604 vm,
1236 538 1327 605 25)
1386 536 1599 591 Verum
1675 537 1796 591 haec
1864 535 2087 608 syllaba
2115 540 2168 603 Α
2199 542 2501 591 venerunt.
2533 537 2604 591 Et
2636 534 2875 607 pulchre
2902 500 3105 589 subdit
3146 534 3298 589 :Per
3350 548 3569 588 crucem
3620 534 3807 603 interfi-

449 627 623 697 longa
647 632 735 681 est
767 630 824 680 et
854 626 1058 697 prima.
1094 626 1256 690 Quod
1291 624 1461 695 longa
1523 625 1626 691 esi,
1681 625 2084 693 aeternitatem,

450 733 570 771 non
600 714 1088 786 temporalitatem
1120 714 1331 768 Christi
1363 712 1833 784 signiﬁcatquod
1867 713 2089 785 syllaba

450 804 589 875 quia
617 804 674 858 in
704 803 867 857 Patre
898 810 984 858 est
1013 803 1213 869 Filius,
1262 808 1320 857 et
1370 802 1538 856 Pater
1568 802 1624 855 in
1677 802 1840 873 Filio,
1895 807 1953 857 et
1982 803 2091 857 hoc

454 908 639 947 unum
671 897 776 946 est:
810 892 964 962 quod
994 908 1125 946 vero
1158 891 1347 962 prima
1376 896 1485 957 est;
1522 890 1662 961 quia
1682 890 1865 946 Filius
1888 908 2093 946 secun-

455 981 564 1035 dus
594 996 707 1035 non
739 985 828 1034 est
860 997 873 1047 ;
903 987 965 1033 ut
994 979 1137 1033 illud
1173 997 1185 1035 :
1217 984 1325 1047 Ego
1355 996 1482 1034 sum
1514 998 1546 1031 α
1576 984 1629 1034 et
1688 1000 1731 1031 ω
1760 982 2003 1051 ‘primus
2043 989 2096 1035 et

452 1069 778 1125 novissimus
807 1068 986 1139 (Apoc.
1022 1085 1062 1133 ι,
1092 1069 1146 1139 8)
1181 1085 1193 1122 :
1228 1068 1584 1123 novissimus
1635 1068 1773 1140 quia
1829 1070 1990 1123 nasci
2037 1073 2094 1123 et

454 1156 603 1212 mori
628 1156 813 1215 voluit
845 1173 931 1229 εχ
961 1161 1155 1212 autem
1192 1158 1365 1212 tertia
1410 1163 1499 1212 est
1545 1157 1617 1211 ad
1648 1157 1824 1211 tinem
1874 1155 2092 1223 littera,

452 1245 743 1317 significat
769 1244 1052 1316 Spiritum
1083 1251 1353 1301 sanctum
1387 1262 1502 1300 non
1548 1246 1619 1301 ad
1678 1246 1852 1300 ﬁdem
1909 1246 2094 1317 (1029)

450 1333 813 1399 tendere,sed
829 1333 889 1387 in
901 1350 1156 1405 superna
1168 1334 1473 1404 majestate
1495 1350 1725 1405 semper
1744 1332 2090 1405 praecellere.

450 1421 585 1477 Ideo
617 1420 934 1493 Apostolus
955 1422 1097 1477 dicit
1128 1441 1140 1478 :
1176 1423 1311 1490 Quae
1338 1439 1557 1477 sursum
1582 1426 1713 1478 sunt
1750 1426 1931 1494 sapite
1959 1423 2089 1493 (Co-

450 1510 574 1565 loss.
602 1527 688 1579 ιιι,
722 1512 797 1581 2).
832 1511 899 1565 Et
928 1511 1143 1566 idcirco
1175 1528 1504 1577 monemur,
1541 1518 1606 1566 ut
1650 1511 1911 1583 quotidie
1964 1528 2092 1565 sur-

451 1615 584 1656 sum
619 1615 717 1653 cor
746 1599 1086 1655 habeamus.
1124 1599 1247 1656 Non
1279 1600 1435 1657 enim
1467 1600 1672 1656 dubito
1714 1607 1780 1655 ut
1822 1600 1880 1654 in
1916 1598 2094 1670 hujus

452 1686 942 1743 excellentiSsima
972 1688 1155 1760 gloria
1179 1688 1493 1760 Apostolus
1538 1689 1875 1743 inhabitans
1908 1688 1988 1742 ita
2017 1687 2095 1743 lo-

454 1781 731 1845 queretur
762 1793 775 1831 :
808 1778 984 1833 Unum
1013 1786 1212 1843 autem,
1244 1792 1371 1847 quae
1400 1786 1542 1832 retro
1570 1780 1700 1831 sunt
1746 1778 2092 1842 Oblivisceris,

2197 628 2339 679 ciens
2370 626 2699 680 inimicitias
2731 625 2788 677 in
2821 624 3126 693 semetipso.
3154 622 3259 677 Per
3287 638 3521 677 crucem
3555 621 3811 679 interfecit

2197 713 2462 769 Christus
2494 713 2852 781 inimicitias,
2880 712 2939 766 id
2972 716 3079 775 est,
3106 710 3301 765 omnia
3333 711 3575 766 adversa
3604 712 3805 767 anima.

2199 803 2267 857 Et
2298 801 2396 857 ubi
2426 803 2453 856 ?
2485 805 2544 858 In
2568 804 2872 872 semetipso,
2905 801 2961 854 id
2997 804 3104 868 est,
3146 801 3202 854 in
3260 816 3428 855 carne
3482 816 3602 866 sua,
3634 800 3687 855 id
3717 807 3805 867 est,

2201 907 2302 961 per
2331 908 2566 945 carnem
2614 890 2751 944 vicit
2781 905 3038 955 carnem,
3074 893 3130 943 et
3184 887 3436 943 carnalis
3468 888 3608 960 legis
3636 889 3804 945 obser-

2202 980 2449 1034 vantias.
2481 980 2547 1033 Et
2573 981 2739 1043 venit,
2772 978 3133 1033 annuntiavit
3162 977 3367 1048 (1031),
3399 981 3507 1031 etc.
3542 977 3653 1031 Hoc
3680 979 3806 1046 ideo;

2203 1068 2340 1139 quia
2368 1068 2537 1139 longe
2557 1073 2760 1139 gentes
2789 1072 2955 1122 erant
2977 1066 3133 1120 idola
3163 1066 3616 1133 colendo,Judaai
3637 1083 3807 1139 prope,

2204 1161 2439 1228 propter
2472 1156 2615 1228 legis
2647 1154 2936 1210 notitiam.

2274 1245 2553 1316 Sequitur
2584 1262 2597 1300 :
2633 1245 2903 1312 Quoniam
2928 1261 3026 1315 per
3056 1245 3606 1315 ipsum,etc.Utrique
3634 1244 3808 1315 (1032),

2203 1335 2260 1389 id
2291 1340 2398 1401 est,
2431 1334 2614 1389 Judzni
2680 1337 2737 1389 et
2797 1339 2998 1404 gentes
3033 1351 3046 1400 ;
3078 1349 3178 1403 per
3232 1334 3433 1405 ipsum,
3487 1333 3545 1388 id
3599 1338 3683 1389 est
3732 1349 3813 1404 per

2202 1422 2547 1492 Christum;
2582 1438 2866 1477 accensum
2917 1424 2978 1477 in
3033 1438 3139 1478 uno
3194 1425 3419 1495 spiritu,
3478 1423 3537 1477 id
3595 1426 3679 1478 est
3729 1438 3815 1494 per

2203 1528 2460 1567 amorem
2483 1511 2672 1566 sancti
2702 1511 2979 1583 Spiritus,
3009 1510 3070 1565 in
3102 1528 3218 1583 quo
3266 1512 3595 1568 clamamus
3628 1528 3641 1567 :
3674 1512 3813 1567 Pater

2201 1611 2404 1669 noster,
2435 1603 2534 1672 qui
2558 1617 2611 1655 es
2644 1603 2704 1655 in.
2730 1601 2880 1656 caalis
2910 1602 3085 1672 (Rom.
3118 1618 3238 1668 vm,
3265 1603 3370 1673 15).

2273 1708 2455 1779 (1033)
2487 1708 2761 1778 Sequitur
2792 1727 2805 1772 ;
2837 1713 2967 1765 Jam
2996 1723 3103 1762 non
3135 1710 3262 1763 estis
3318 1710 3574 1779 hospites,
3616 1713 3736 1776 etc.,
3764 1707 3809 1763 id

2203 1803 2289 1851 est
2318 1797 2596 1859 extranei,
2631 1803 2686 1851 et
2717 1796 3025 1868 peregrini,
3088 1814 3153 1851 ac
3201 1798 3497 1868 proselyti.
3531 1798 3644 1853 Nec
3679 1798 3805 1852 enim

454 1866 516 1918 in
544 1880 609 1919 ea
636 1879 763 1936 qua:
808 1869 937 1919 ante
984 1875 1133 1933 sunt,
1190 1870 1469 1921 erctensus.
1528 1882 1742 1937 sequor,
1800 1865 2080 1921 secundum

2208 1887 2491 1956 separavit
2517 1902 2621 1941 vos
2652 1886 2935 1941 Dominus
2966 1903 3001 1941 a
3032 1886 3247 1958 p0pulo
3279 1903 3386 1942 suo
3413 1887 3639 1942 dicente
3667 1886 3805 1942 Isaia:

455 1955 869 2045 ξηὲςνξέίοζιςπηπ
896 1953 966 2008 ad
1016 1955 1262 2045 Palmam
1332 1969 1591 2026 δαΡενηκ
1645 1956 1943 2010 vocationis
1994 1957 2094 2010 Dei
2122 1953 2170 1967 v
2200 1953 2394 2029 Et‘non
2426 1975 2571 2029 dicat
2595 1975 2745 2044 ﬁlius
2775 1953 3051 2045 advenae,-
3072 1953 3271 2030 dicens
3304 1992 3317 2029 :
3353 1976 3701 2044 Separatione
3742 1976 3807 2029 di-

456 2041 657 2113 (1038).
702 2041 773 2097 Ut
794 2041 974 2114 igitur
1001 2043 1103 2097 fiat
1130 2059 1263 2114 pax,
1298 2045 1368 2099 ad
1398 2060 1433 2115 p
1483 2044 1859 2115 conjungitur
1925 2061 1965 2100 α
1995 2062 2090 2099 vo-

455 2129 619 2185 calis.
652 2147 786 2202 nep
847 2134 1005 2186 mota
1060 2148 1381 2199 remaneat,
1439 2133 1579 2203 quia
1634 2136 1804 2187 Pater
1860 2133 2003 2200 voci,
2038 2136 2095 2188 et

453 2222 511 2272 et
540 2220 711 2274 verbo
743 2235 849 2274 suo
878 2221 1454 2291 semperadnectitur
1488 2238 1499 2276 :
1533 2222 1633 2275 sed
1668 2228 1731 2275 ut
1757 2239 1867 2293 pax
1897 2222 2094 2292 sit,ad-

451 2306 610 2362 ditur
635 2324 829 2378 anque:
862 2308 1076 2378 duplex
1104 2310 1343 2379 ponitur
1373 2326 1476 2381 pro
1508 2310 1736 2365 duabus
1768 2328 2093 2366 consonan-

452 2395 614 2450 tibus
644 2396 859 2464 littera,
891 2397 1029 2467 quia
1058 2398 1443 2469 participatur
1479 2400 1646 2467 Patri,
1712 2404 1770 2454 et
1818 2400 1983 2469 Filio,
2038 2405 2093 2454 et

453 2483 694 2557 Spiritui
726 2490 947 2539 sancto.
980 2486 1209 2540 Distant
1264 2503 1297 2541 a
1344 2503 1406 2540 se
1466 2487 1957 2558 appellationibus
2005 2488 2094 2542 ha:

454 2574 661 2630 litterae
701 2579 757 2628 et
786 2574 1069 2645 personis.
1113 2575 1303 2638 Quare
1334 2579 1356 2629 Ρ
1386 2575 1534 2639 Quia
1562 2575 1735 2629 ‘illud
1789 2594 1849 2646 p,
1899 2576 2007 2631 hoc
2039 2594 2094 2644 a,

457 2664 617 2720 istud
640 2679 681 2717 ,τ
710 2662 941 2717 dicitur.
965 2663 1009 2716 P
1040 2668 1235 2717 autem
1266 2662 1462 2717 littera
1492 2664 1706 2731 est,sed
1732 2665 2092 2719 substantia-

458 2751 589 2807 liter
620 2768 633 2805 :
670 2749 943 2807 similiter
972 2768 1006 2805 a
1039 2750 1231 2805 littera
1261 2752 1809 2821 substantialiter,et
1833 2769 1875 2806 ω
1901 2752 2097 2808 littera

461 2838 945 2896 substantialiter.
996 2840 1082 2893 Ita
1128 2843 1319 2904 Pater,
1368 2840 1518 2893 Drus
1568 2840 1931 2907 naturaliter,
1984 2847 2096 2897 etc.

459 2929 620 2984 Sicut
648 2944 759 2999 pax
784 2928 971 2982 tribus
1002 2927 1212 2983 litteris
1246 2928 1628 2997 scribitur,ita
1657 2929 1808 2984 Deus
1839 2930 2096 2987 Trinitas

459 3024 549 3073 est
583 3035 596 3085 ;
629 3024 685 3072 et
714 3016 865 3072 sicut
894 3034 1023 3089 pax,
1060 3016 1139 3071 ita
1169 3016 1322 3072 Deus
1350 3018 1706 3089 singularem
1739 3020 1960 3074 obtinet
1993 3038 2096 3075 nu-

459 3123 686 3163 merum
706 3105 1036 3160 Deitatis.ln
1060 3106 1167 3160 hac
1184 3106 1364 3176 igitur
1384 3106 1749 3178 copulatione
1772 3107 2094 3165 litterarum

456 3196 634 3253 trium
666 3194 872 3248 divisio
903 3210 1017 3248 non
1059 3194 1407 3260 admittitur,
1442 3202 1507 3249 ut
1537 3211 1648 3266 pax
1672 3196 2017 3267 impleatur:
2043 3199 2091 3254 si

458 3284 611 3340 enim
643 3282 732 3338 vel
763 3299 946 3337 unum
977 3283 1355 3347 subtraxeris,
1392 3301 1494 3338 nec
1526 3285 1801 3355 Trinitas,
1846 3302 1955 3341 nex
1984 3304 2095 3358 pax
2124 3257 2167 3323 Ο

456 3374 585 3429 erit.
630 3371 1087 3443 Sequituerui
1139 3374 1268 3443 fecit
1322 3375 1554 3443 utraque
1617 3390 1810 3441 unum,
1872 3375 1928 3429 id
1986 3383 2094 3444 est,

457 3461 689 3516 Judaaos
717 3467 773 3516 et
808 3466 1057 3545 gentes;
1093 3467 1156 3516 ut
1203 3461 1347 3516 illud
1381 3481 1399 3517 :
1429 3464 1494 3516 Et
1549 3464 1690 3517 alias
1746 3480 1870 3520 oves
1928 3465 2097 3522 habeo

457 3551 635 3623 (Joan.
667 3567 723 3622 x,
752 3551 863 3621 16),
896 3556 1003 3606 etc.

531 3658 804 3729 Sequitur
835 3659 935 3712 :Et
962 3658 1207 3713 medium
1234 3660 1520 3727 parietem,
1554 3663 1661 3713 etc.
1724 3659 1951 3715 Medius
1995 3678 2095 3732 pa-

460 3747 596 3814 ries,
624 3751 679 3801 et
709 3747 961 3801 maceria
989 3751 1303 3818 utrumque
1327 3746 1607 3818 populum
1627 3746 2098 3813 dividens,onera

459 3834 605 3908 legis
638 3836 874 3890 fuerunt
903 3851 1032 3907 quae
1059 3840 1261 3907 gentes
1291 3836 1640 3906 deterrebat,
1698 3852 1770 3892 ne
1819 3838 2097 3895 lsraelitis

453 3926 870 3997 jungerentur.
912 3925 1042 3995 lpse
1071 3925 1283 3995 paries,
1317 3924 1423 3980 hoc
1453 3932 1564 3991 est,
1586 3924 1731 3997 legis
1789 3925 2000 3996 littera,
2033 3929 2094 3983 in

454 4014 565 4069 hoe
594 4012 720 4069 loco
746 4013 1050 4068 inimicitia
1078 4014 1434 4079 nominatur,
1481 4015 1652 4085 legem
1705 4015 2096 4073 mandatorum

458 4102 687 4158 decretis
715 4117 1001 4171 evacuans,
1033 4101 1092 4155 id
1123 4107 1233 4167 est,
1275 4101 1757 4170 circumcisionis,
1798 4108 1854 4158 et
1883 4104 2095 4158 simili-

456 4188 625 4256 lium,
657 4206 806 4261 quae,
838 4206 951 4245 non
983 4189 1083 4245 Dei
1113 4195 1229 4245 tam
1262 4190 1737 4262 voluntas,quam
1770 4183 1966 4263 populi
1990 4194 2093 4247 du-

456 4280 591 4333 ritia
618 4278 900 4350 exigebat.
935 4279 1049 4334 Has
1078 4278 1388 4334 inimicitia
1433 4278 1569 4334 tulit
1624 4281 1927 4349 Dominus,
1959 4299 2090 4337 eva-

454 4384 636 4423 cuans
660 4368 805 4440 legis
839 4366 1409 4424 litteram.Dominus
1441 4369 1594 4422 enim
1626 4369 2086 4426 Sabbaiiobser-

448 4456 741 4512 vationem
773 4456 906 4511 tulit
934 4457 1165 4513 Sabbati
1191 4458 1525 4529 corporalis.

526 4564 590 4619 Ut
618 4563 749 4617 duos
779 4564 973 4619 condat
1001 4565 1059 4619 id
1092 4572 1200 4630 est,
1234 4566 1380 4621 duos
1437 4564 1678 4637 recipiat
1732 4565 1977 4637 populos
2024 4567 2083 4623 in

450 4669 559 4708 sua
588 4653 699 4706 iide
720 4654 778 4706 in
824 4669 997 4706 unum
1028 4670 1229 4708 novum
1258 4654 1549 4710 hominem.
1612 4655 1712 4709 Isti
1771 4661 1910 4710 sunt
1968 4657 2083 4711 duo

446 4740 717 4813 parietes,
759 4757 828 4795 ex
856 4741 1081 4796 diverso
1110 4743 1403 4797 venientes
1431 4745 1509 4798 ad
1565 4744 1803 4811 lapidem
1858 4746 2084 4815 angula-

445 4846 583 4899 rem,
616 4834 681 4883 ut
709 4835 905 4884 essent
933 4846 1117 4883 unum
1153 4831 1264 4884 iide
1294 4835 1350 4885 et
1379 4833 1633 4899 nomine,
1658 4834 1716 4886 in
1764 4839 1870 4904 est,
1903 4834 2075 4889 chris-

448 4917 616 4988 tiani,
674 4917 865 4972 Unum
917 4919 1200 4988 parietem
1232 4918 1496 4989 angelus,
1559 4920 1613 4973 id
1665 4926 1753 4975 est
1818 4929 2081 4991 pastores

445 5008 600 5078 (Luc.
638 5023 701 5072 11,
724 5007 803 5077 9),
839 5004 1088 5061 alterum
1121 5006 1370 5075 stella,id
1402 5014 1719 5078 est,magos
1749 5008 2081 5081 (Mutth.u,1)

445 5095 518 5149 ad
550 5094 849 5150 Christum
882 5095 1141 5149 adduxit.
1175 5095 1274 5149 Isti
1305 5114 1335 5150 e
1366 5094 1556 5168 longe,
1590 5096 1675 5150 illi
1731 5112 1762 5151 e
1816 5100 2077 5168 proximo

475 5358 485 5369 .
516 5289 697 5369 (102:9)
733 5290 795 5343 In
827 5296 1023 5369 autog.
1056 5293 1234 5362 ﬁdem,
1268 5295 1422 5366 quod
1455 5294 1608 5349 sicut
1645 5296 1917 5352 mendam
1950 5317 2072 5355 cor-

442 5361 749 5430 rigendum
782 5361 996 5416 curavi.

514 5432 694 5512 (1030)
726 5433 975 5512 Philipp.
1012 5452 1092 5495 ιιι,
1160 5440 1211 5490 3.
1272 5438 1442 5508 Vulg.
1484 5438 1572 5512 ita
1625 5438 1845 5493 habet:
1879 5457 2070 5512 unum,

442 5511 641 5563 autem,
673 5520 789 5572 qua:
819 5509 1035 5572 quidem
1070 5513 1213 5561 retro
1242 5520 1366 5563 sunt
1399 5510 1742 5577 Oblivisceris,
1767 5512 1839 5564 ad
1866 5528 1929 5565 ea
1950 5509 2073 5569 vero

441 5587 566 5652 quae
594 5580 717 5627 sunt
745 5593 929 5644 priora
956 5583 1246 5632 t’gclendens
1290 5598 1375 5634 me
1430 5588 1609 5652 ipsum
1670 5588 1839 5650 (vers.
1878 5586 1964 5637 141
1997 5586 2073 5639 ad

440 5650 782 5723 destinatum
807 5654 1191 5723 persequanad
1215 5650 1461 5705 braviun}
1493 5669 1743 5723 supernae
1773 5651 2070 5711 'vocatiOnis

436 5714 537 5770 Dei
566 5717 621 5767 in
656 5714 864 5771 Christo
895 5714 1037 5774 Iesu.

509 5786 689 5874 (1031)
716 5789 884 5871 Vulg.
917 5800 966 5847 et
998 5793 1658 5863 veniensevngelisavit.

2201 2065 2351 2119 videt
2379 2080 2465 2118 me
2492 2064 2753 2119 Dominus
2780 2080 2815 2119 a
2853 2065 3053 2135 populo
3080 2079 3178 2119 suo
3224 2064 3351 2135 (Isa.
3413 2082 3503 2119 LVI
3532 2066 3612 2137 5).
3645 2069 3712 2119 De
3738 2080 3806 2129 eo,

2209 2152 2363 2225 quod
2395 2152 2467 2207 ad
2498 2152 2739 2222 id,quod
2773 2167 2952 2222 supra
2984 2150 3530 2222 dixeratzPeregrini
3559 2158 3806 2207 testamen-

2200 2245 2403 2311 torum,
2437 2257 2593 2296 nunc
2622 2239 2920 2312 respondit
2952 2258 2965 2295 :
2996 2241 3119 2296 Jam
3147 2256 3258 2296 non
3287 2242 3418 2295 estis
3446 2243 3696 2312 hospites,
3724 2243 3805 2294 etc.

2204 2330 2270 2384 Et
2298 2330 2369 2384 ad
2403 2329 2570 2397 illud,
2604 2330 2757 2400 quod
2792 2329 3153 2401 praemiserat
3183 2346 3198 2384 :
3230 2329 3806 2385 Alienatiaconvem-

2200 2420 2348 2473 tione
2376 2418 2563 2488 Israel,
2598 2419 2770 2472 modo
2800 2418 2949 2473 redit
2977 2434 2991 2472 :
3025 2416 3128 2471 Sed
3157 2420 3284 2473 estis
3310 2421 3457 2473 cives
3503 2426 3806 2480 sanctorum.

2203 2504 2310 2562 etc.
2349 2512 2424 2561 De
2454 2524 2519 2562 eo
2550 2507 2706 2577 quod
2735 2507 2794 2561 in
2827 2524 3005 2562 unam
3047 2506 3336 2562 civitatem
3387 2508 3678 2563 caelestem
3707 2521 3808 2561 con-

2204 2594 2464 2660 veniunt,
2498 2596 2625 2649 ideo
2660 2596 2937 2653 dicuntur
2965 2594 3135 2650 cives.
3190 2596 3478 2659 Quoniam
3534 2596 3593 2650 in
3641 2596 3805 2651 eadem

2204 2682 2435 2738 civitate
2465 2689 2671 2748 rector,
2704 2689 2762 2739 et
2790 2684 3060 2755 princeps
3114 2689 3204 2738 est
3236 2685 3521 2741 Dominus
3553 2703 3567 2739 :
3598 2684 3717 2740 ideo
3736 2683 3809 2737 do-

2206 2771 2432 2825 mestici
2463 2770 2581 2825 Dei.
2615 2772 2685 2825 de
2710 2787 2777 2826 eo
2835 2772 2990 2842 quod
3048 2773 3234 2827 sancti
3292 2779 3452 2842 sunt,
3515 2775 3613 2844 qui
3656 2773 3806 2828 Deum

2205 2858 2397 2930 aliquo
2429 2860 2620 2925 modo,
2656 2860 2712 2914 id
2743 2865 2854 2930 est,
2886 2866 2987 2916 aut
3016 2864 3398 2929 mente,sicut
3422 2863 3811 2927 Abraham,aut

2205 2954 2401 3003 mente
2431 2954 2487 3003 et
2516 2965 2772 3020 corpore,
2832 2949 2985 3005 sicut
3051 2951 3321 3022 apostoli,
3380 2951 3668 3007 viderunt.
3726 2947 3810 3013 Qui

2206 3043 2399 3092 autem
2433 3037 2559 3092 sine
2589 3037 2785 3109 aliquo
2815 3038 3026 3093 borum
3087 3041 3352 3106 credunt,
3416 3042 3572 3097 cives
3624 3044 3813 3097 sancto-

2205 3142 2355 3193 rum,
2390 3132 2447 3181 et
2479 3128 2784 3182 domestici
2815 3128 2914 3182 Dei
2947 3144 3061 3183 non
3088 3134 3246 3183 sunt.

2279 3234 2598 3304 Sequitur:
2632 3235 3091 3306 Supersediﬁcati,
3125 3241 3236 3301 etc,
3279 3237 3361 3291 De
3419 3254 3486 3293 eo
3544 3237 3690 3309 quod
3744 3233 3814 3289 his

2207 3323 2395 3377 verbis
2427 3328 2622 3394 aperte
2651 3326 2904 3379 ostendit
2925 3325 3069 3380 alios
3091 3342 3218 3380 esse
3240 3326 3645 3393 sanctos,alios
3669 3324 3812 3379 cives.

2207 3411 2507 3481 Siquidem
2541 3413 3032 3484 superaediticatos
3062 3414 3205 3469 dicit
3259 3414 3407 3471 istos
3463 3432 3627 3486 super
3649 3412 3813 3486 funda-

2204 3505 2446 3556 mentum
2474 3503 2871 3571 apostolorum,
2942 3504 3000 3558 id
3067 3509 3175 3571 est,
3247 3507 3311 3558 ut
3379 3510 3681 3577 praecepta,
3741 3502 3812 3556 ob-

2205 3596 2432 3644 servent
2462 3591 2693 3659 Christi,
2757 3608 2883 3661 quae
2940 3597 3227 3664 praecepta
3283 3594 3665 3648 fundamenta
3705 3591 3813 3646 sunt

2206 3678 2622 3747 apostolorum,
2681 3696 2807 3750 quae
2872 3681 3251 3736 fundamenta
3333 3678 3809 3753 supermdiﬁcatio-

2208 3782 2339 3820 nem
2374 3766 2590 3821 habent
2635 3785 2703 3822 ex
2734 3769 2875 3837 vita,
2953 3787 3021 3825 ex
3078 3771 3366 3837 moribus,
3430 3789 3499 3827 ex
3551 3767 3810 3841 diciplina.

2204 3854 2283 3910 De
2309 3870 2374 3909 eo
2407 3856 2563 3926 quod
2593 3856 2849 3927 primum
2879 3859 3328 3914 fundamentum
3350 3865 3446 3916 est
3473 3861 3533 3915 in
3555 3859 3810 3914 Christum

2205 3944 2457 4015 credere,
2490 3949 2547 3999 et
2576 3945 2637 3999 in
2668 3945 2767 4001 illo
2823 3963 2989 4018 spem
3046 3947 3278 4004 habere.
3340 3948 3512 4004 Unde
3540 3946 3810 4019 sequitur:

2202 4034 2317 4103 Ipso
2346 4049 2558 4089 summo
2588 4035 2866 4105 angulari,
2900 4040 3009 4091 etc.
3056 4037 3531 4093 Fundamentum
3580 4034 3810 4092 Christus

2202 4127 2290 4176 est
2322 4138 2335 4176 :
2363 4122 2465 4192 qui
2491 4122 2618 4178 ideo
2650 4124 2792 4194 lapis
2816 4126 3111 4193 angularis
3160 4125 3395 4193 dicitur,
3428 4124 3568 4198 quia
3607 4124 3743 4179 duos
3766 4118 3809 4171 in

2200 4225 2309 4264 sua
2338 4209 2451 4265 ﬁde
2480 4211 2726 4283 populos
2750 4213 2995 4285 suscipit
3018 4232 3031 4281 ;
3054 4215 3182 4270 ideo
3203 4220 3402 4270 autem
3422 4214 3810 4287 fundamentum

2199 4304 2255 4352 et
2282 4314 2579 4368 summum,
2612 4303 2750 4372 quia
2782 4303 2843 4357 in
2869 4302 2996 4374 ipso
3022 4309 3080 4358 et
3130 4304 3414 4358 fundatur
3462 4308 3520 4359 et
3566 4311 3810 4358 consum-

2199 4393 2392 4441 matur
2409 4388 2663 4444 Ecclesia
2695 4408 2708 4457 ;
2743 4391 2802 4445 in
2824 4408 2939 4462 quo
2966 4391 3107 4446 dicit
3127 4408 3363 4447 omnem
3397 4389 3807 4447 aedificationem

2198 4491 2474 4532 crescere.
2508 4477 2587 4533 De
2619 4495 2684 4533 eo
2716 4481 2871 4551 quod
2904 4482 2962 4534 in
2993 4482 3188 4552 templo
3216 4490 3402 4545 sancto
3437 4497 3551 4536 non
3593 4472 3810 4551 possunt

2195 4562 2417 4634 lapides
2450 4583 2564 4621 non
2596 4568 2782 4622 sancti
2815 4570 2971 4639 poni,
3005 4570 3077 4623 ad
3105 4571 3606 4641 comparationem
3637 4557 3809 4631 temp“

2192 4653 2595 4710 Salomoniszsi
2628 4658 2932 4713 aediﬁcatio
2964 4660 3376 4731 compaginata
3407 4660 3598 4715 crescit
3626 4656 3684 4709 in
3704 4661 3808 4707 tem-

2187 4743 2343 4813 plum
2372 4747 2989 4816 sanctum,studcamus
3021 4749 3388 4819 esse,la;,ides
3418 4751 3532 4804 vivi
3554 4744 3810 4802 volvuntur

2190 4848 2357 4902 super
2387 4836 2587 4889 terram
2617 4834 2821 4907 (1834).
2840 4836 2986 4891 Nam
3017 4854 3149 4892 cum
3178 4838 3291 4892 vivi
3351 4844 3411 4894 et
3441 4835 3606 4910 politi
3662 4826 3807 4886 fueri-

2192 4937 2325 4981 mus
2355 4925 2775 4979 tediiicabimur
2805 4925 2863 4979 in
2887 4926 3175 4997 templum
3203 4933 3500 4993 sanctum,
3532 4925 3742 4995 eritque
3759 4917 3806 4969 in

2191 5018 2359 5072 nobis
2390 5032 2546 5079 arca,
2578 5014 2899 5086 cherubim,
2933 5021 2991 5071 et
3029 5016 3528 5088 propitiatorium,
3559 5019 3614 5070 et
3637 5005 3805 5068 omnia

2188 5110 2555 5162 sacramenta
2586 5103 2862 5159 coelestia.

2257 5304 2439 5375 (1032)
2465 5300 2637 5375 Vulg,
2669 5301 2846 5357 ambo.
2881 5301 3059 5359 Divus
3089 5302 3326 5360 Hieron.
3363 5303 3426 5359 in
3458 5304 3607 5358 hanc
3645 5293 3800 5367 Epist-

2183 5381 2426 5431 uteruue.

2473 5446 2531 5499 In
2566 5450 2761 5517 autog.
2796 5461 2982 5517 marg.
3016 5445 3110 5500 hic
3142 5444 3379 5517 legitur,
3416 5438 3735 5517 capilli“;
3770 5502 3778 5512 ,

2253 5504 2434 5588 (1034)
2465 5504 2875 5570 Βοίιιεθὶέἱρυι
2904 5504 2986 5571 illi
3045 5504 3289 5589 lapideis,
3325 5504 3400 5572 de
3447 5504 3658 5588 quibus
3687 5504 3800 5589 dicit

2180 5581 2487 5643 Zacharias
2517 5590 2669 5641 1x.16
2702 5604 2713 5641 :
2752 5589 2974 5657 Lapides
3005 5581 3184 5643 san'cti
3212 5581 3509 5643 clemmtu'r
3537 5598 3694 5655 super
3714 5581 3801 5657 te!"

2180 5674 2320 5721 ram.
2354 5662 2522 5713 divus
2554 5659 2784 5731 llieron.
2823 5652 3145 5731 tanien,qu1
3184 5662 3239 5714 in
3273 5660 3435 5714 hunc
3480 5652 3676 5731 vers-lc.
3700 5652 3798 5731 _hu-

2172 5735 2339 5801 juscc
2368 5732 2543 5801 epist.
2579 5730 2799 5783 huncce
2831 5723 3378 5786 textuanac'naria:
3412 5728 3668 5801 adducit,
3696 5723 3797 5775 1000

2177 5799 2481 5873 elevantur,
2513 5817 2674 5873 sique
2703 5817 2770 5858 ac
2800 5808 3006 5859 auctor
3036 5810 3256 5872 noster,
3290 5802 3437 5879 legit
3455 5799 3752 5862 volvuntur.
