3902 6396
131 471 233 537 565

664 468 1083 537 EXPOSITIO
1128 470 1206 535 IN
1250 472 1685 537 EPISTULAS
1730 473 1990 538 PAULI.
2018 506 2096 519 -
2137 474 2215 536 IN
2260 474 2511 539 EPIST.
2560 476 2664 539 AD
2708 472 2988 539 EPHES.

3394 473 3511 535 566

132 613 258 675 tum;
279 604 474 662 eadem
496 604 756 662 sentiens
784 623 797 663 :
826 608 885 662 in
906 624 1023 663 una
1049 624 1141 679 spe
1161 610 1499 676 vorationis;
1527 627 1741 680 nequa-
1775 608 1827 673 A
1860 609 2121 681 exemplo
2154 610 2499 668 conﬁrmare
2520 610 2717 665 voluit.
2738 611 3005 667 Christus
3028 623 3283 683 namque
3304 625 3507 667 ascen-

131 714 287 771 quam
319 695 384 750 de
413 695 723 765 promissis
753 697 1053 752 dubitans.

191 786 357 859 (1065)
377 783 654 856 Sequitur
677 786 844 842 :Unus
864 786 1262 849 Dominus,etc.
1278 786 1356 841 De
1369 804 1435 842 eo
1452 789 1606 859 quod
1632 786 1744 842 hae-

131 876 276 933 retici
304 879 508 946 putant
541 874 693 945 quod
730 874 910 929 Filius
933 875 1046 930 dici
1070 876 1279 932 debeat
1304 877 1610 941 Dominus,
1633 894 1746 932 non

128 969 314 1030 Pater;
346 967 400 1017 et
432 963 569 1017 item
598 980 611 1017 :
643 962 811 1018 Pater
842 968 1013 1030 Deus,
1048 981 1161 1019 non
1188 965 1388 1020 Filius.
1427 967 1533 1021 Sed
1570 967 1743 1036 absit,

128 1059 184 1109 ut
209 1058 301 1108 aut
317 1051 635 1107 dominatio
658 1053 879 1124 absque
901 1054 1138 1121 deitate,
1167 1060 1269 1109 aut
1286 1055 1473 1109 deitas
1505 1055 1581 1110 sit
1612 1057 1743 1110 abs-

125 1159 224 1215 que
248 1140 657 1196 dominatione.
689 1142 804 1198 Una
833 1142 1039 1197 dicitur
1059 1143 1225 1213 ﬁdes;
1259 1144 1396 1214 quia
1453 1144 1746 1213 eaqualiter

125 1232 175 1286 in
194 1231 482 1293 Patrem,et
512 1230 1105 1303 Filium,etSpiritum
1121 1237 1391 1288 sanctum
1418 1233 1742 1297 credimus;

120 1329 163 1376 et
182 1336 337 1375 unum
361 1318 654 1390 baptisma,
681 1320 819 1391 quia
851 1338 966 1375 non
1000 1321 1059 1376 in
1119 1322 1478 1393 nominibus,
1540 1323 1637 1377 sed
1684 1322 1741 1377 in

121 1408 334 1464 nomine
362 1408 669 1463 Trinitatis
692 1408 1056 1480 baptizamur
1085 1411 1290 1482 (1066').
1326 1411 1483 1466 Facit
1514 1412 1621 1466 iste
1655 1411 1743 1466 lo-

119 1515 210 1554 cus
225 1499 500 1553 adversus
523 1497 751 1568 Arium,
776 1498 877 1569 qui
894 1498 1037 1554 dicit
1055 1517 1165 1555 non
1191 1516 1320 1555 esse
1344 1518 1527 1555 unum
1551 1517 1741 1555 sacra-

119 1592 383 1652 mentum,
415 1586 517 1642 sed
567 1586 867 1659 disparem
921 1605 1051 1645 esse
1106 1588 1413 1644 Trinitatis
1445 1595 1740 1644 naturam.

114 1674 347 1731 Destruit
378 1675 777 1742 Valentinum,
810 1676 911 1748 qui
944 1676 1088 1732 dicit
1115 1678 1229 1732 duo
1262 1678 1638 1750 baptismata.
1664 1678 1742 1733 De

115 1781 171 1820 eo
200 1764 345 1836 quod
376 1764 547 1820 varia:
578 1767 1031 1837 propositiones,
1054 1784 1239 1839 super,
1260 1785 1358 1838 per
1378 1772 1435 1822 et
1458 1770 1516 1823 in
1533 1768 1742 1822 distin-

113 1854 347 1909 ctionem
378 1853 602 1909 faciunt
622 1870 932 1922 sensuum,
966 1860 1031 1910 ut
1048 1872 1216 1928 super
1243 1858 1427 1912 omnia
1450 1856 1631 1928 (1067)
1661 1855 1744 1910 di-

1858 701 2001 755 dens
2026 700 2083 754 in
2104 699 2288 754 altum
2304 700 2614 771 captivavit
2635 701 3026 772 captivitatem
3049 718 3061 764 ;
3091 701 3229 772 quia
3251 718 3379 765 nos,
3404 702 3503 772 qui

1857 789 2066 859 captivi
2086 790 2452 855 tenebamur,
2468 789 2756 857 liberavit,
2776 796 2831 845 et
2848 789 3145 845 diabolum
3164 791 3505 861 captivavit;

1856 895 1992 931 nam
2025 876 2189 948 ipsis,
2225 895 2373 949 quos
2405 878 2694 943 liberavit,
2719 879 2980 933 diversas
3006 880 3226 950 gratias
3261 880 3502 946 tribuit;

1856 972 1921 1021 ut
1955 966 2095 1021 illud
2124 984 2135 1022 :
2171 967 2325 1021 Dedit
2351 968 2492 1022 dona.
2513 967 2872 1033 hominibus;
2902 968 3041 1032 sive,
3067 971 3278 1038 accepit
3299 969 3505 1041 (1072).

1855 1056 2168 1111 Psalmista
2187 1056 2351 1111 dicit:
2381 1057 2765 1127 Accepit,quia
2786 1058 3047 1112 futurum
3068 1062 3190 1112 erat
3212 1074 3227 1122 ;
3254 1056 3501 1125 Paulus;

1854 1145 2051 1209 Dedit;
2080 1145 2221 1215 quia
2265 1146 2560 1216 prieterita
2592 1150 2807 1200 narrat.
2846 1145 2988 1200 Nam
3023 1150 3338 1216 utrumque
3372 1146 3499 1215 fuit,

1853 1235 1991 1305 quia
2008 1234 2254 1289 deditde
2277 1234 2441 1300 caelo,
2464 1240 2521 1289 et
2540 1235 2761 1305 accepit
2779 1235 2834 1288 in
2860 1240 3015 1289 terra
3039 1252 3052 1302 ;
3076 1234 3232 1288 dedit
3254 1251 3353 1305 per
3372 1234 3503 1302 hoc,

1853 1325 2006 1395 quod
2041 1329 2215 1394 caput
2242 1341 2250 1373 έ
2274 1324 2496 1394 accepit
2518 1341 2620 1394 per
2641 1324 2767 1385 hoc,
2794 1324 2947 1394 quod
2969 1339 3180 1393 corpus
3209 1328 3297 1379 est
3317 1341 3330 1385 ;
3352 1324 3507 1379 unde

1852 1417 1943 1466 est
1974 1411 2115 1465 illud
2145 1429 2157 1465 :
2206 1412 2371 1466 Saule
2418 1414 2558 1479 (Act.
2595 1429 2670 1477 1x,
2706 1412 2780 1481 4),
2814 1418 2965 1478 etc.;
3020 1412 3199 1467 item:
3253 1412 3507 1479 Quandiu

1850 1502 1955 1555 uni
1981 1500 2047 1555 de
2076 1501 2159 1555 his
2190 1502 2439 1555 minimis
2465 1501 2672 1570 (Matth.
2702 1517 2831 1565 xxv,
2866 1502 2976 1570 40),
3009 1505 3117 1556 etc.
3152 1506 3226 1555 De
3253 1516 3317 1556 eo
3349 1501 3504 1572 quod

1853 1589 2573 1660 eaintentioneApostolus
2591 1594 2881 1654 narrat,ut
2894 1588 3033 1661 quia
3054 1589 3306 1645 dixerat:
3329 1589 3501 1662 Suﬁ'e-

1851 1687 2033 1733 rentes
2047 1680 2281 1732 invicem
2294 1679 2309 1749 (
2319 1678 2511 1746 Ephes.
2530 1696 2607 1739 1v,
2620 1678 2697 1749 2),
2711 1682 2816 1733 etc.
2831 1719 2844 1744 ,
2859 1693 3046 1749 usque
3061 1678 3263 1749 pacis(l
3268 1678 3378 1733 bid.
3390 1721 3403 1746 ,
3415 1678 3500 1750 3,)

1851 1767 2081 1823 doceret
2104 1766 2417 1822 Ecclesium
2435 1768 2492 1821 in
2518 1767 2763 1823 diversis
2779 1767 2948 1822 donis
2964 1784 3091 1822 esse
3114 1784 3254 1823 conc
3276 1767 3499 1836 ordem,

1850 1862 1907 1912 et
1943 1874 2059 1910 non
2123 1857 2369 1911 scissam
2432 1860 2669 1928 propter
2728 1856 3117 1911 diversitatem
3163 1856 3505 1923 donorum;

113 1946 262 1997 catur
287 1946 482 2010 Pater,
514 1943 653 2014 quia
682 1948 884 1999 auctor
911 1949 999 1999 est
1055 1946 1320 2000 omnium
1348 1962 1361 2000 :
1402 1961 1503 2016 per
1530 1946 1737 2013 omnia,
1770 1972 1818 2037 B
1853 1945 1992 2017 quia
2017 1946 2337 2000 sicutunus
2361 1945 2666 2008 Dominus,
2692 1944 2773 1999 ita
2796 1961 2979 1999 unum
2997 1943 3501 2021 corpusEcclesia.

111 2029 444 2103 Filius,quia
466 2049 569 2104 per
589 2033 785 2104 ipsum
810 2034 964 2088 facta
985 2039 1125 2089 sunt
1141 2035 1358 2103 omnia,
1385 2039 1441 2089 et
1462 2034 1740 2089 discurrit

108 2134 199 2190 per
213 2125 421 2175 cuncta
442 2121 658 2193 (1068):
685 2122 744 2175 in
765 2122 1020 2177 omnibus
1040 2122 1545 2193 Spiritussanctus
1573 2122 1741 2194 ;quia

107 2207 217 2280 ipse
247 2209 422 2264 datur
442 2208 839 2274 credentibus,
859 2208 985 2264 sine
1012 2226 1128 2282 quo
1146 2210 1293 2264 nihil
1318 2211 1401 2266 ﬁt.
1428 2212 1590 2276 Quod
1607 2227 1739 2265 vero

108 2296 345 2353 dicitur:
380 2299 547 2364 Deus,
580 2302 631 2353 et
659 2300 843 2363 Pater,
878 2315 993 2353 non
1024 2298 1155 2353 ideo
1214 2299 1430 2353 dicitur
1474 2298 1740 2353 omnium

106 2385 261 2454 Deus,
295 2392 355 2443 et
384 2388 594 2454 Pater;
628 2387 909 2458 quoniam
942 2387 1112 2442 Pater
1157 2387 1597 2443 rationabilium
1631 2393 1739 2455 est,

107 2476 188 2546 qui
215 2476 377 2532 Deus
405 2481 500 2531 est
520 2476 807 2531 omnium.
830 2475 1004 2531 Verbi
1025 2475 1215 2549 gratia
1244 2494 1256 2532 :
1293 2476 1341 2531 si
1373 2477 1492 2532 sint
1512 2476 1613 2531 uni
1644 2477 1741 2531 de-

108 2579 210 2619 cem
242 2566 459 2637 (1069),
485 2565 746 2636 quinque
768 2563 893 2631 ﬁlii,
923 2568 979 2620 et
1001 2564 1262 2636 quinque
1286 2566 1519 2634 servi,et
1548 2566 1740 2621 dicas:

105 2652 340 2709 Istorum
365 2654 639 2709 omnium
667 2670 821 2708 unus
853 2658 938 2708 est
987 2654 1271 2709 Dominus
1302 2660 1360 2710 et
1391 2654 1579 2720 Pater,
1611 2671 1744 2709 cum

108 2749 240 2797 esset
258 2742 401 2798 ﬁliis
436 2743 704 2815 quinque
734 2746 923 2810 Pater,
957 2748 1014 2799 et
1045 2744 1228 2798 servis
1260 2744 1520 2815 quinque
1551 2743 1746 2799 Domi-

107 2846 222 2899 nus,
244 2833 300 2887 id
335 2837 429 2887 est
460 2831 593 2887 aliis
625 2832 815 2899 Pater,
853 2830 985 2887 aliis
1018 2830 1322 2887 Dominus.

166 2922 342 2990 (1070)
364 2921 690 2993 Sequitur:
729 2922 1037 2992 Unicuique
1070 2925 1275 2987 autem,
1335 2925 1467 2991 etc.,
1528 2921 1586 2977 id
1637 2926 1746 2987 est,

109 3007 225 3064 licet
244 3014 395 3066 Deus
418 3010 499 3065 sit
518 3026 685 3081 super
735 3026 939 3076 omnes,
990 3018 1042 3064 et
1081 3026 1185 3082 per
1233 3012 1441 3074 omnia,
1466 3014 1519 3066 et
1550 3012 1609 3064 in
1639 3027 1749 3066 om-

107 3098 477 3171 nibus,gratia
501 3099 875 3168 tamenjuxta
890 3115 1223 3154 mensuram
1250 3094 1622 3155 credentibus
1645 3100 1746 3154 da-

107 3188 209 3251 tur,
230 3204 343 3243 non
366 3187 530 3260 quod
560 3187 684 3259 ipse
704 3186 961 3259 Spiritus
979 3188 1311 3242 mensurari
1336 3188 1620 3259 possit,de
1635 3204 1750 3259 quo

103 3272 255 3344 juxta
273 3276 669 3349 capacitatem
692 3292 860 3330 suam
886 3276 1136 3347 quisque
1158 3274 1423 3347 accipiat.
1445 3277 1518 3331 De
1544 3275 1750 3331 simili-

1919 2033 2231 2105 Sequitur:
2280 2034 2433 2102 Quod
2479 2042 2671 2087 autem
2701 2032 2970 2099 ascendit,
3008 2036 3140 2103 etc.,
3168 2032 3227 2087 id
3259 2036 3368 2098 est,
3399 2048 3504 2104 per

1848 2122 1977 2189 hoc,
1998 2123 2153 2193 quod
2182 2121 2504 2188 descendit,
2529 2121 2813 2177 ascendit.
2848 2121 3131 2175 Inferiora
3152 2124 3317 2175 terra:
3339 2124 3504 2176 vocat

1847 2213 2166 2275 infernum,
2190 2210 2261 2265 ad
2288 2227 2461 2281 quem
2485 2208 2785 2265 descendit
2814 2208 3082 2263 Christus
3106 2208 3165 2263 in
3189 2208 3408 2273 anima,
3436 2213 3503 2264 ut

1850 2302 1987 2357 inde
2026 2300 2345 2355 electorum
2390 2298 2619 2353 animas
2650 2297 2943 2352 liberaret.
2978 2299 3143 2353 Unde
3172 2296 3272 2352 illo
3304 2314 3498 2353 resur-

1851 2395 2024 2464 gente
2040 2387 2221 2443 multa
2235 2404 2476 2459 corpora
2490 2392 2826 2442 sanctorum
2851 2385 3129 2458 leguntur
3158 2385 3508 2443 resurrexis-

1854 2478 2121 2551 se(Matth
2162 2494 2342 2542 xxvu,
2363 2477 2475 2547 52).
2500 2477 2662 2541 Quod
2689 2474 2830 2530 dicit
2854 2475 3334 2543 :lmplereomnia,
3368 2475 3509 2530 sub-

1855 2569 2114 2637 auditur,
2145 2583 2272 2637 quaa
2318 2566 2538 2637 scripta
2577 2569 2744 2620 erant
2773 2564 2834 2619 in
2866 2564 3010 2635 lege,
3038 2568 3094 2619 et
3117 2562 3438 2635 prophetis,
3458 2567 3518 2619 et

1854 2656 2001 2712 alias
2032 2654 2294 2709 occultas
2326 2652 2825 2724 dispensationes,
2857 2668 3004 2722 quas
3054 2650 3175 2720 ipse
3198 2649 3361 2705 solus
3381 2666 3516 2705 cum

1854 2744 2225 2816 Patre(1073)
2254 2761 2265 2797 :
2293 2759 2407 2798 non
2451 2742 2606 2797 enim
2645 2741 2793 2796 scire
2825 2756 3145 2811 possumus
3178 2738 3438 2811 qualiter
3467 2743 3525 2795 et

1856 2833 2100 2905 angelis,
2133 2838 2189 2887 et
2219 2831 2333 2897 his,
2364 2830 2463 2902 qui
2494 2830 2795 2886 ininferno
2824 2834 3013 2892 erant,
3040 2828 3283 2902 sanguis
3309 2827 3526 2884 Christi

1856 2922 2160 2997 profuerit,
2191 2925 2247 2976 et
2278 2926 2473 2975 tamen
2507 2920 2645 2991 quia
2669 2918 2886 2991 profuit
2910 2917 3134 2973 nescire
3164 2933 3280 2973 non
3314 2933 3526 2989 possu-

1858 3030 2012 3068 mus.
2047 3010 2381 3073 Descendit,
2402 3014 2458 3064 et
2482 3009 2767 3065 ascendit.
2795 3010 2860 3061 ut
2877 3023 3003 3077 quae
3027 3022 3211 3060 vacua
3232 3008 3424 3068 erant,
3447 3020 3532 3059 re-

1860 3090 2179 3173 plerentur.
2218 3099 2609 3152 Destruuntur
2639 3094 2747 3149 hoc
2802 3094 2859 3147 in
2905 3093 3051 3160 loco,
3108 3091 3209 3163 qui
3260 3090 3533 3148 dixerunt

1860 3189 2156 3244 Christum
2192 3202 2304 3240 non
2345 3184 2527 3239 fuisse
2558 3188 2691 3238 ante
2723 3182 2990 3237 Mariam.

1935 3276 2210 3348 Sequitur
2234 3290 2247 3329 :
2276 3275 2342 3328 Et
2372 3275 2486 3345 ipse
2507 3271 2683 3335 dedit,
2717 3275 2822 3326 etc.
2856 3270 3007 3326 Dum
3031 3268 3188 3325 enim
3212 3269 3306 3325 hic
3329 3275 3531 3327 narrat

108 3338 293 3420 tudine
316 3338 597 3432 maris,et
622 3338 958 3420 diversitate
979 3338 1354 3419 vasculorum
1382 3364 1582 3436 (1071;.
1609 3364 1756 3419 Nota
1785 3338 1827 3403 C
1872 3338 2082 3422 Filium
2116 3361 2347 3419 dedisse
2378 3338 2504 3432 qua:
2525 3361 2580 3416 in
2601 3359 2855 3431 Epistola
2886 3358 3077 3430 prima
3107 3359 3177 3414 ad
3201 3358 3531 3414 Corinthios

110 3453 246 3523 quod
269 3453 392 3510 haec
414 3454 614 3526 gratia
630 3455 945 3509 donationis
971 3452 1175 3508 Christi
1205 3452 1441 3509 dicitur.
1472 3452 1632 3508 Unde
1667 3470 1755 3507 se-

109 3542 329 3612 quitur:
386 3544 637 3615 Propter
693 3543 843 3615 quod
894 3542 1063 3597 dicit:
1119 3542 1422 3597 Ascendens
1481 3544 1537 3597 in
1586 3544 1765 3597 altum

109 3630 445 3705 (Psal.1.xv1,
493 3633 611 3700 19).
673 3635 748 3687 De
805 3648 872 3688 eo
933 3632 1090 3703 quod
1151 3630 1555 3689 narrationem
1590 3646 1764 3685 suam

171 3791 343 3860 (10%)
379 3792 443 3847 In
477 3794 685 3864 autog.
719 3806 904 3862 marg.
941 3791 1036 3849 hic
1067 3791 1282 3864 legitur
1308 3808 1438 3863 cap.
1473 3791 1614 3845 XIV.

178 3880 356 3955 (1066)
391 3882 686 3955 Majorem
716 3880 909 3955 lucem
943 3880 1079 3955 huic
1102 3880 1445 3955 expositioni
1470 3880 1770 3955 praebebit,

117 3953 258 4020 quod
288 3954 462 4009 divus
488 3951 767 4008 'Hieron.
801 3952 860 4006 in
895 3951 1005 4007 hac
1036 3953 1135 4023 Ep.
1170 3951 1251 4007 ait
1279 3952 1358 4007 ibi
1389 3969 1400 4005 :
1429 3951 1554 4005 «Et
1583 3952 1773 4023 bapti-

119 4038 242 4077 sma
268 4040 457 4081 unum
492 4025 703 4081 eodem
738 4025 895 4079 enim
929 4022 1123 4086 modo,
1167 4030 1223 4079 et
1251 4027 1308 4078 in
1344 4024 1596 4089 Patrem,
1630 4030 1687 4077 et
1713 4022 1775 4076 in

118 4091 338 4163 Filium,
374 4103 432 4153 et
464 4096 525 4151 in
568 4096 848 4166 Spiritum
884 4101 1155 4150 sanctum
1190 4095 1575 4166 baptizamur.
1602 4094 1778 4148 Etter

120 4168 457 4240 mergimur,
497 4174 569 4223 ut
599 4166 916 4240 Trinitatis
940 4184 1122 4222 unum
1153 4173 1427 4240 appareat
1453 4182 1778 4240 sacramen-

119 4236 261 4311 tum:
283 4239 350 4293 Et
373 4236 492 4296 non
511 4239 962 4311 baptizamurin
982 4236 1320 4293 nominibus
1340 4239 1605 4311 Patris,et
1624 4236 1774 4311 Filii,

122 4313 171 4380 et
196 4309 450 4380 Spiritus
486 4309 703 4376 sancti,
730 4312 829 4365 sed
864 4311 923 4364 in
957 4326 1072 4365 uno
1097 4311 1354 4367 nomine.
1380 4311 1532 4379 quod
1563 4309 1776 4363 intelli-

120 4379 272 4502 gitur
292 4381 469 4438 Deus.
503 4389 579 4437 tat
603 4383 784 4438 miror
805 4399 921 4453 qua
943 4382 1362 4451 consequentia
1382 4380 1437 4434 in
1466 4398 1580 4435 uno
1605 4397 1776 4434 voca-

162 4450 268 4502 ulo-
297 4455 504 4502 eodem
537 4470 732 4502 onere-
760 4458 815 4502 et
844 4454 1045 4502 eodem
1076 4457 1441 4502 sacramento
1459 4459 1678 4502 natura
1700 4452 1776 4502 di-

162 4450 269 4519 ulo,
297 4455 506 4510 eodem
537 4470 733 4525 opere,
760 4450 1045 4525 et'eodem
1076 4450 1441 4507 sacramento
1458 4459 1678 4506 natura:
1700 4452 1783 4525 di-

124 4526 454 4582 versitatem
489 4523 686 4591 Arius,
723 4524 1125 4589 Macedonius,
1158 4530 1215 4577 et
1244 4525 1567 4578 Eunomius
1594 4523 1784 4594 suspi-

125 4600 323 4651 centur
386 4598 810 4669 (concordante
860 4596 925 4669 in
984 4596 1284 4666 impietate
1338 4594 1669 4669 discordia),
1729 4599 1785 4647 et

125 4668 473 4726 creaturzein
499 4668 674 4734 Filio,
699 4674 754 4723 et
772 4668 991 4739 Spiritu
1016 4672 1218 4722 sancto
1240 4682 1539 4739 caenosum
1565 4668 1783 4719 fontem

139 4741 417 4811 tenentes,
448 4742 718 4796 diversos
740 4738 1027 4811 haereseos
1056 4739 1275 4811 rivulos
1297 4738 1588 4792 duxerint.
1606 4739 1791 4811 Unum

136 4806 413 4878 baptisma,
437 4818 497 4868 et
525 4817 732 4867 contra
753 4809 1127 4866 Valentinum
1156 4808 1312 4873 facit,
1335 4811 1430 4881 qui
1458 4811 1574 4863 duo
1604 4808 1788 4878 bapti-

136 4887 315 4936 smata
345 4900 479 4940 esse
514 4884 844 4952 contendit,
875 4887 934 4937 et
965 4889 1166 4937 contra
1204 4898 1406 4935 omnes
1438 4881 1741 4935 haereticos
1772 4896 1784 4933 :

139 4958 197 5026 ut
226 4954 407 5026 sciant
447 4973 570 5010 non
607 4954 821 5009 habere
854 4971 913 5009 se
971 4954 1347 5026 baptismate,
1404 4954 1500 5006 sed
1564 4955 1619 5006 in
1672 4968 1789 5005 una

140 5022 334 5079 Christi
366 5026 635 5082 Ecclesia
670 5028 883 5080 l‘ontem
920 5022 1333 5080 esse—vitalem.
1377 5029 1574 5079 Potest
1604 5039 1787 5077 unum

141 5091 428 5179 baptisma
452 5101 622 5179 et_ita
645 5097 782 5179 dici,
810 5099 962 5179 quod
989 5098 1119 5179 licet
1145 5103 1229 5151 ter
1249 5097 1461 5167 liaptizt
1481 5112 1791 5179 mumpro-

130 5169 248 5232 pter
277 5170 640 5242 mysterium
677 5168 1022 5233 Trinitatis;
1056 5175 1248 5242 tamen
1286 5185 1466 5242 unum
1499 5168 1794 5242 baptisma

124 5238 444 5313 reputetbr.
479 5241 681 5297 Unum
718 5257 957 5313 quoque
989 5240 1283 5313 baptisma
1316 5247 1403 5294 est
1434 5241 1491 5293 in
1526 5256 1697 5313 aqua,
1733 5238 1790 5290 in

126 5310 319 5385 spiritu
353 5319 415 5369 et
446 5315 508 5368 in
546 5314 703 5385 igne.
738 5310 837 5366 Ἐἰ
864 5310 873 5312 ἡ
900 5314 985 5385 de~
1030 5310 1145 5383 quo
1204 5311 1489 5385 Dominus
1536 5311 1797 5385 Loquitur

153 5381 269 5454 tua.
303 5401 406 5451 xu,
441 5386 542 5451 50)
572 5381 907 5454 ἷΒσριὶετηιι
968 5381 1139 5439 habeo
1199 5383 1497 5451 baptizari.
1540 5383 1607 5436 Et
1656 5381 1793 5436 alibi

142 5451 295 5509 Marc.
331 5474 389 5521 x,
427 5458 523 5525 39)
555 5473 568 5510 :
606 5451 950 5526 Baptismate
978 5471 1095 5509 meo
1127 5456 1514 5525 buptzzamini.
1546 5473 1572 5502 ιν

188 5541 362 5617 (1067)
394 5544 579 5616 Vulg.
613 5560 775 5615 super
803 5560 1018 5599 omnes.

190 5631 369 5705 (1068)
398 5636 570 5691 Joan.
605 5649 645 5698 1,
680 5636 732 5687 3.
766 5632 948 5688 Divus
982 5638 1181 5688 autem
1248 5632 1482 5686 Hieron.
1538 5630 1617 5684 ita
1648 5629 1801 5684 hanc

141 5697 597 5775 distinctionem,
633 5706 824 5774 quoad
866 5705 1100 5774 Filium,
1151 5705 1427 5775 exponit:
1478 5719 1578 5771 per
1622 5717 1803 5756 omnes

128 5769 453 5849 Filius,quia
480 5769 686 5832 cuncta
706 5769 1354 5847 transcurrig'radi'lque
1392 5769 1489 5845 per
1520 5777 1727 5827 omnia.

192 5863 373 5939 (1069)
403 5865 530 5924 Scil
565 5864 842 5938 homines,
876 5864 1146 5921 uthabet
1175 5866 1346 5921 divus
1382 5864 1613 5919 Hieron.

1877 3454 2020 3510 dicit
2049 3453 2278 3508 Patrem
2314 3450 2570 3513 dedisse,
2596 3447 2899 3504 haereticos
2921 3447 3172 3503 destruit
3202 3447 3406 3518 (1074),
3431 3447 3532 3518 qui

1876 3544 2149 3599 dixerunt
2178 3540 2386 3603 Patris,
2420 3543 2475 3592 et
2534 3536 2661 3592 Filii
2697 3552 2979 3608 personas
3030 3551 3146 3590 non
3200 3550 3328 3589 esse
3358 3534 3535 3591 unius

1878 3636 2123 3697 natura},
2155 3627 2243 3683 vel
2294 3625 2652 3699 operationis
2682 3625 2885 3695 (1075).
2918 3628 2994 3679 De
3024 3640 3088 3678 eo
3120 3623 3275 3696 quod
3327 3622 3384 3678 in
3417 3623 3538 3695 pri-

1958 3790 2143 3860 (1070)
2172 3792 2237 3843 In
2270 3793 2468 3859 autog.
2499 3802 2687 3860 marg.
2718 3786 2815 3840 hic
2845 3784 3061 3860 legitur
3083 3800 3210 3856 cap.
3244 3782 3361 3860 XV.

1955 3854 2140 3933 (1071)
2174 3854 2538 3933 Masculorum
2573 3854 2862 3927 in'autog.
2907 3854 3329 3933 legiturfquod
3373 3855 3544 3933 juxta

1884 3926 2001 3987 divi
2036 3926 2365 4001 Hieronymi
2418 3936 2662 4001 textum,
2718 3926 2890 3999 quem
2929 3926 3050 4001 tum
3112 3926 3542 4001 ad’imperl’ecti

1885 4004 2064 4074 hujus
2080 3996 2289 4058 sensu-5
2315 3996 2789 4074 intelligentiam,
2812 4006 2933 4074 tum
2966 4000 3034 4052 ad
3052 3996 3427 4074 correctionis
3443 4013 3543 4051 ne-

1886 4066 2220 4129 cessitatem
2266 4066 3209 4141 cemprobandamfadducendum
3242 4066 3543 4141 duximus,

1892 4148 2325 4202 emendandum
2344 4138 2741 4212 judicavimus
2760 4140 2788 4195 ‘?
2814 4142 2890 4195 En
2924 4139 3035 4194 divi
3062 4138 3539 4212 Hieronymi_tex-

1888 4226 2037 4273 tum.
2074 4242 2099 4266 ‹‹
2130 4220 2288 4282 Quod
2326 4208 2389 4270 ut
2419 4215 2789 4269 manifestius
2821 4213 2916 4266 ﬁat
2952 4208 3385 4282 imperfectum,
3409 4208 3544 4265 licet

1891 4298 1947 4345 et
1964 4308 2075 4343 non
2094 4289 2343 4359 implens
2368 4287 2839 4349 similitudinem,
2862 4292 3056 4337 tamen
3078 4282 3342 4359 perquod
3360 4282 3545 4359 p_o_ssit

1893 4361 2137 4431 intelligi
2172 4352 2326 4430 quod
2371 4359 2605 4419 dicitur,
2638 4371 2946 4431 sumemus
2993 4352 3354 4431 exemplum_._
3386 4352 3545 4431 Mare

1894 4439 2046 4487 certe
2078 4421 2433 4485 immensum
2455 4436 2562 4494 est,
2578 4432 2634 4481 et
2648 4425 2939 4497 capacitas
2960 4427 3087 4497 ejus
3110 4421 3227 4477 Deo
3249 4421 3355 4497 soli
3371 4428 3541 4497 nota;

1894 4521 1962 4557 ex
1990 4504 2095 4557 hoc
2128 4502 2175 4554 si
2210 4503 2343 4573 quis
2364 4500 2504 4553 velit
2534 4492 2738 4573 multis
2767 4492 3106 4550 hominibus
3138 4492 3464 4573 secundum
3488 4494 3547 4547 id

1897 4575 2051 4647 quod
2078 4566 2809 4647 gestaregqueunttradere.
2831 4582 3068 4647 necesse
3082 4570 3271 4647 est,ut
3290 4566 3361 4619 ad
3386 4581 3549 4619 men-
3594 4566 3601 4575 '

1896 4638 2093 4702 suram
2125 4638 2444 4713 unicuique
2473 4641 2713 4709 tribuat,
2740 4644 2803 4713 et
2833 4643 3028 4710 partes
3058 4638 3187 4713 ejus
3207 4651 3550 4713 mensuram

1818 4705 1865 4769 D
1899 4718 2201 4788 recipiant,
2238 4705 2407 4782 cujus
2446 4705 2708 4767 solidum
2736 4705 3467 4788 immensurabile-estqjta
3492 4710 3552 4761 et

1900 4777 2162 4861 Spiritus
2185 4777 2426 4841 sanctus
2448 4787 2777 4861 immensus
2793 4782 3028 4861 quidem
3046 4785 3154 4845 est,
3189 4777 3549 4861 etpulloﬁne

1899 4850 2263 4916 concluditur
2289 4876 2301 4913 ε
2319 4864 2513 4912 tamen
2529 4850 2846 4925 unicuique
2865 4854 3037 4907 datur
3052 4851 3377 4906 secundum
3393 4850 3549 4921 quod

1897 4933 2147 5001 exiiedit.
2180 4952 2206 4978 υ

1982 5004 2157 5070 11172)
2188 5001 2259 5056 Ut
2292 5002 2347 5053 in
2384 5000 2479 5053 cit.
2516 4996 2686 5070 psal.,
2719 4996 2994 5066 accepisti.

2002 5074 2155 5145 1073)
2185 5073 2545 5126 Subauditur
2571 5072 2741 5145 novit.

2005 5137 2157 5215 107.)
2188 5146 2465 5199 Ebionrm
2502 5142 2721 5195 scilicet
2749 5144 2805 5192 et
2834 5137 3170 5215 Photinum.

2010 5206 2157 5283 1075)
2191 5217 2365 5271 Divus
2404 5215 2812 5282 Hieronymus,
2846 5226 2913 5283 a_
2936 5225 3049 5280 quo
3076 5207 3415 5283 _desumpta
3463 5206 3553 5283 est

1906 5274 2106 5343 isthaec
2136 5274 2437 5359 expositio,
2474 5287 2552 5359 ita
2586 5274 2791 5359 habet:
2816 5304 2843 5359 «_«
2878 5274 3184 5359 Et‘e‘snhoc
3214 5274 3340 5359 loco
3359 5274 3555 5359 mani-

1907 5348 2223 5415 festissimé
2255 5352 2887 5428 comproliaturPatris,
2903 5358 2957 5406 et
2978 5351 3099 5406 Filii
3122 5368 3237 5428 una
3259 5348 3558 5428 divinitas-

1907 5434 2209 5501 Siquidem
2243 5420 2550 5501 hoc,'quod
2578 5443 2730 5501 nunc
2758 5424 3023 5501 Christus
3044 5422 3326 5501 tribuisse
3349 5420 3561 5501 descri-

1908 5494 2089 5565 bitur,
2122 5504 2178 5556 in
2237 5494 2428 5570 prima
2457 5498 2710 5570 Epistola
2741 5496 2809 5550 ad
2844 5494 3174 5570 Corinthios
3211 5494 3359 5570 Deus
3390 5494 3562 5570 Pater

1912 5563 2141 5629 dedisse.
2173 5563 2445 5627 narratur
2476 5563 2519 5623 nl
2578 5569 2696 5623 Cor.
2759 5585 2857 5630 xu,
2890 5570 3013 5637 28):
3057 5568 3208 5621 Alios
3254 5564 3427 5637 enim,
3459 5563 3560 5625 ait,

1910 5649 2089 5717 posuit
2124 5646 2261 5699 Dens
2291 5646 2344 5696 in
2370 5642 2637 5705 Ecclesia,
2660 5642 2857 5717 primo,
2882 5633 3173 5709 apostolos.
3190 5633 3563 5717 fepundopro-

1911 5707 2120 5790 μανίας,
2156 5720 2312 5770 ηνῑιό
2344 5716 2605 5773 (tortores.
2638 5707 2841 5790 deinde
2870 5707 3117 5767 virtutes.
3151 5712 3200 5761 et
3229 5707 3369 5790 dona
3407 5707 3562 5790 sarit:-

1919 5779 2393 5857 tiitizrn.o)-z'1111¢ili'i
2411 5804 2526 5847 nes,
2551 5786 2972 5857 gitlieinmiom;
3001 5796 3198 5853 gemra
3224 5779 3560 5857 linguarum:

1924 5864 2085 5925 Quod
2109 5844 2400 5916 sabellius
2425 5844 2912 5927 nonintelligens,
2932 5844 3159 5908 Patrem
3182 5844 3509 5904 confundit,
3532 5852 3563 5890 e
