3902 6442
342 445 459 507 567

1344 428 1681 506 ATTON‘IS
1725 441 2312 505 VERCELLENSIS
2357 442 2714 506 EPISCOPI

3657 437 3798 502 568

351 575 574 633 mordio
588 573 853 631 Ecclesia:
868 574 1104 630 fuerunt
1140 574 1264 631 haec
1283 575 1502 639 omnia,
1536 575 1591 629 id
1613 579 1722 642 est,
1748 573 1997 646 apostoli
2027 577 2077 641 Α
2179 575 2493 646 Sequitur:
2528 576 2611 631 Ex
2638 591 2741 648 quo
2771 564 2947 630 totum
2974 589 3195 645 corpus,
3229 574 3335 628 etc.
3373 575 3450 628 De
3483 587 3554 627 eo
3584 571 3791 644 quod,

352 670 408 721 et
436 663 765 735 prophetae;
799 681 914 718 non
962 663 1071 734 illi,
1103 665 1203 735 qui
1237 669 1369 719 ante
1426 663 1636 719 Christi
1682 664 1996 718 adventum

350 754 607 821 fuerunt,
628 754 727 808 sed
751 753 943 825 qualis
966 754 1418 826 Agabus(1076),
1441 758 1497 807 et
1514 769 1669 807 nunc
1688 757 1825 807 sunt
1838 769 2003 807 evan-

353 843 592 916 gelistae,
625 859 876 914 quorum
906 843 1082 913 pedes
1111 843 1259 896 beati
1296 846 1433 896 sunt
1481 843 1607 909 (lsa.
1636 859 1732 906 LII,
1751 844 1828 913 7).
1854 842 2004 895 Sunt

355 938 413 989 et
452 930 625 986 modo
660 932 924 985 doctores
963 936 1021 985 et
1051 937 1335 1001 pastores.
1369 930 1474 994 Qui
1508 930 1773 985 doctores
1797 929 2002 1002 (I077),

355 1021 466 1094 ipsi
502 1026 639 1076 sunt
664 1025 961 1090 pastores;
995 1018 1239 1090 quiaille
1270 1019 1553 1074 veraciter
1567 1020 1770 1090 pascit,
1795 1019 2005 1090 quido-

357 1116 467 1167 cet.
502 1110 563 1163 In
587 1106 903 1179 primordio
935 1124 1140 1162 omnes
1162 1108 1448 1163 docebant
1482 1108 1571 1163 vel
1602 1108 2001 1179 baptizabant;

359 1199 512 1271 quod
536 1213 692 1252 nunc
708 1213 819 1251 non
844 1195 997 1260 licet,
1023 1213 1093 1251 ne
1109 1196 1393 1252 vilescant
1414 1196 1681 1252 Ecclesiae
1705 1196 2001 1269 mysteria.

354 1288 439 1342 Ad
474 1286 611 1357 quid
644 1289 785 1340 sunt
810 1284 1037 1340 diversa
1066 1285 1259 1341 ofﬁcia
1278 1286 1306 1340 ?
1324 1286 1408 1342 Ad
1431 1286 1856 1355 aediﬁcationem
1883 1302 2004 1340 cor-

354 1376 508 1448 poris
555 1373 779 1429 Christi.
830 1373 942 1429 Sed
974 1390 1283 1445 quousque
1304 1375 1333 1429 Ἰ
1378 1374 1683 1446 Sequitur:
1715 1376 1891 1430 Donec
1919 1390 2005 1430 oc-

358 1479 669 1529 curramus,
703 1467 853 1517 etc.:
898 1479 1046 1534 quos
1070 1479 1273 1530 omnes,
1306 1463 1421 1518 nisi
1444 1464 1749 1519 credentes
1768 1464 1873 1518 ‘?Et
1919 1468 2010 1518 est

361 1570 571 1610 sensus
597 1569 610 1608 :
635 1555 766 1606 Haec
789 1551 979 1606 ofﬁcia
1009 1557 1148 1607 sunt
1186 1552 1536 1619 necessaria,
1567 1554 1748 1607 donec
1781 1553 2011 1608 totaEc-

361 1641 540 1698 clesia
559 1643 622 1696 in
649 1656 971 1696 mensuram
987 1642 1171 1697 aetatis
1186 1641 1562 1712 plenitudinis
1591 1640 1793 1696 Christi
1817 1655 2012 1712 perve-

366 1731 489 1786 niat
511 1747 524 1786 :
549 1730 701 1801 quod
734 1735 791 1785 et
818 1728 879 1784 in
909 1728 1018 1785 hac
1069 1730 1188 1784 vita
1220 1728 1433 1800 partim
1484 1729 1919 1801 impletur;sed
1951 1728 2012 1784 in

364 1820 481 1875 ﬁne
512 1819 825 1891 perﬁcitur.
859 1818 962 1872 Hic
990 1817 1287 1888 impletur,
1311 1833 1470 1884 cum,
1499 1818 1582 1873 ita
1607 1817 1933 1873 solidamur
1952 1817 2012 1872 in

2109 678 2241 717 cum
2275 664 2334 718 in
2368 664 2481 718 ﬁne
2500 663 2807 719 Dominum
2839 663 3025 735 (1081)
3047 661 3394 726 viderimus,
3426 665 3483 716 et
3509 660 3570 715 in
3602 676 3787 715 men-

2110 768 2310 807 suram
2326 750 3130 824 azlatisplenitudinisChristi
3147 749 3612 821 pervenerimus,
3631 753 3785 804 tunc

2109 844 2295 894 totum
2327 857 2539 913 corpus
2567 841 2714 912 ejus,
2747 840 2900 912 quod
2937 856 3090 894 nunc
3126 838 3424 894 divulsum
3465 837 3787 893 etdilace-

2113 935 2304 984 ratum
2337 930 2583 996 videtur,
2615 930 2675 984 in
2708 946 2875 984 suam
2909 929 3782 999 compagem,juncturamque

2113 1018 2425 1087 redigetur.
2460 1017 2803 1089 Exemplum
2836 1018 3093 1072 hominis
3124 1015 3292 1071 divisi
3318 1032 3421 1088 per
3449 1020 3687 1087 partes:
3716 1020 3784 1070 et

2113 1121 2218 1161 nec
2249 1123 2314 1161 os
2344 1106 2462 1161 ossi
2486 1108 2792 1177 jungatur,
2825 1112 2928 1161 eta
2952 1106 3198 1172 medico,
3224 1104 3575 1176 priusquam
3589 1121 3784 1159 sane-

2111 1197 2227 1265 tur,
2262 1196 2526 1250 membra
2555 1195 2680 1251 suis
2711 1194 2770 1249 in
2819 1193 2965 1250 locis
3012 1200 3306 1266 ponantur
3354 1193 3562 1265 (1082).
3622 1196 3787 1248 Item

2113 1282 2437 1339 similitudo
2451 1284 2522 1338 de
2540 1282 2800 1356 parvulo,
2819 1284 3009 1355 cujus,
3040 1287 3097 1338 te
3113 1298 3228 1337 non
3250 1281 3504 1347 vidente,
3525 1281 3607 1335 im
3618 1279 3799 1353 plen-

2113 1375 2211 1425 tur
2240 1373 2522 1439 membra,
2555 1378 2613 1427 et
2638 1370 2938 1444 perﬁcitur
2980 1375 3117 1426 tetas
3146 1370 3352 1443 (1083).
3387 1370 3474 1436 Ita
3503 1369 3794 1424 Christus

2116 1462 2379 1516 medicus
2408 1460 2779 1533 omnipotens
2810 1466 2876 1516 ut
2914 1459 3247 1533 perﬁciatur
3305 1475 3541 1531 corpus,
3596 1459 3794 1530 pedes

2117 1549 2385 1622 pedibus,
2401 1549 2602 1606 oculos
2616 1549 3005 1623 oculisjungit
3024 1553 3111 1621 ;et
3132 1548 3400 1605 membra
3419 1546 3622 1603 omnia
3640 1546 3707 1602 in
3720 1564 3792 1604 se

2120 1637 2405 1693 charitate
2422 1638 2779 1711 junguntur.

2190 1816 2375 1887 (1084)
2401 1816 2710 1887 Sequitur:
2742 1818 2849 1872 Hoc
2896 1832 3029 1889 ergo
3070 1816 3211 1886 dico,
3242 1818 3353 1871 etc.
3403 1815 3485 1871 De
3513 1831 3581 1871 eo
3617 1816 3794 1886 quod

366 1908 481 1963 fide
510 1911 569 1962 et
597 1906 899 1976 charitate,
932 1910 997 1961 ut
1024 1922 1140 1961 non
1190 1923 1529 1961 moveamur
1569 1908 1720 1962 omni
1745 1915 1899 1962 vento
1928 1906 2016 1962 do-
2043 1943 2091 2007 B
2122 1905 2182 1960 in
2213 1909 2403 1976 coepta
2452 1904 2791 1987 intentione,
2823 1905 2880 1960 id
2911 1910 3021 1977 est,
3053 1921 3193 1976 erga
3242 1903 3595 1960 moralitatis
3629 1921 3797 1976 prae-

365 1999 587 2052 ctrinx.
612 1994 934 2065 Perﬁcitur,
961 2011 1090 2049 cum
1121 1998 1308 2050 totum
1342 2011 1553 2067 corpus
1572 1995 1869 2068 impletur.
1904 1996 2013 2050 Sed

367 2100 549 2157 quare
578 2082 884 2155 parvulum
919 2099 980 2138 se
1008 2082 1149 2138 dicit
1177 2083 1534 2155 Apostolus?
1565 2083 1924 2154 Humilitate,
1942 2101 2015 2139 an

366 2173 507 2246 quia
537 2189 605 2227 ex
637 2176 800 2244 parte
827 2171 999 2237 videt,
1035 2176 1093 2225 et
1140 2187 1209 2226 ex
1238 2176 1401 2242 parte
1426 2172 1781 2244 prophetat?
1817 2174 1865 2245 (I
1892 2173 2014 2230 Cor.

366 2279 490 2328 xm,
524 2261 601 2333 9.)
661 2261 806 2316 Nam
840 2259 899 2315 in
932 2261 1368 2332 comparatione
1411 2261 1693 2317 Judaismi
1726 2263 2017 2334 perfectus

367 2356 512 2416 erat,
543 2355 608 2404 ut
637 2348 782 2404 illud
808 2367 821 2405 :
856 2349 987 2404 Cum
1017 2366 1189 2405 essem
1216 2351 1687 2422 parvulus(lbid.,
1714 2352 1821 2423 11),
1855 2357 1965 2407 etc.
1998 2370 2011 2419 ;

362 2439 425 2495 in
457 2438 889 2508 comparatione
908 2438 1531 2509 futurzeintelligentize
1550 2439 1845 2511 parvulus,
1878 2440 2018 2511 quia

365 2544 437 2583 ex
466 2531 629 2598 parte
654 2526 784 2581 scit.
821 2525 919 2581 Ille
946 2542 1100 2592 vero,
1151 2526 1250 2597 qui
1281 2527 1424 2582 dicit
1452 2544 1583 2582 eum
1618 2546 1733 2583 non
1778 2529 2016 2584 humili-

362 2620 501 2682 tate,
536 2615 635 2671 sed
668 2614 738 2669 de
769 2613 1127 2670 conscientia
1148 2615 1317 2670 illum
1348 2614 1458 2670 hoc
1476 2617 2011 2687 protulisse,dicit:

365 2702 672 2775 Apostolus
702 2702 855 2758 acris
885 2702 1067 2773 (1078)
1108 2702 1350 2774 ingenii,
1377 2704 1702 2776 'pugnabat
1734 2706 2016 2761 adversus

364 2808 611 2862 errores,
647 2796 704 2847 et
733 2791 983 2868 quasi-in
1018 2792 1198 2862 puppi
1231 2796 1417 2857 stans,
1440 2792 1906 2864 gubernaculum
1938 2798 2019 2849 te-

365 2897 534 2951 nens,
560 2884 903 2951 spumantes
936 2878 1231 2933 haereseon
1254 2880 1479 2935 'ﬂuctus
1527 2881 1661 2936 ﬁdei
1703 2882 2016 2938 securitate

365 2969 703 3041 frangebat;
728 2984 846 3022 non
867 2971 1062 3022 tamen
1086 2983 1351 3035 securus,
1373 2968 2016 3042 etintrepidusprospi-

366 3057 557 3112 ciebat
582 3055 767 3127 (1079)
798 3060 1000 3110 ventos
1026 3055 1163 3110 hinc
1213 3056 1348 3110 inde
1398 3057 1743 3128 proﬂantes;
1768 3061 1863 3114 sed
1899 3076 2015 3113 non

367 3150 491 3202 erat
534 3144 620 3199 illi
669 3160 876 3199 secura
919 3144 1181 3198 victoria.
1233 3145 1515 3216 Sperabat
1568 3151 1764 3203 tamen
1797 3152 1881 3212 ut,
1913 3149 2012 3203 Dei

370 3233 605 3304 auxilio,
641 3234 711 3287 de
741 3238 935 3287 mente
964 3234 1093 3303 ejus
1126 3231 1361 3310 repulsa
1387 3233 1749 3291 dubitatione
1773 3237 2017 3293 ﬁrmiter

2125 1999 2294 2065 cepta
2323 1998 2672 2065 perseverat,
2725 1998 2782 2049 et
2840 2010 2988 2065 quos
3042 1992 3311 2065 superius
3347 1993 3794 2057 obsecraverat,

2125 2099 2280 2137 nunc
2304 2083 2672 2139 invocatione
2686 2082 2937 2138 nominis
2952 2082 3173 2138 domini
3188 2082 3569 2154 constringit.
3599 2083 3679 2137 Et
3701 2088 3799 2138 est

2125 2188 2375 2227 sensus:
2410 2172 2543 2227 Dico
2596 2172 2783 2238 vobis,
2814 2188 2847 2227 ο
2878 2170 3134 2244 Ephesii,
3170 2175 3226 2226 et
3264 2172 3492 2242 adjuro,
3525 2175 3612 2240 ut,
3644 2171 3797 2245 quia

2125 2276 2369 2316 occursu
2379 2260 2424 2315 ri
2437 2259 2647 2316 estisin
2665 2277 3003 2315 mensuram
3018 2261 3205 2316 aetatis
3220 2259 3607 2332 plenitudinis
3621 2260 3793 2315 Chri-

2125 2349 2222 2413 sti,
2252 2365 2364 2404 non
2391 2350 2706 2417 ambuletis,
2739 2354 2882 2404 sicut
2910 2349 3199 2405 ambulant
3229 2356 3432 2419 gentes,
3483 2348 3541 2403 id
3578 2353 3696 2419 est,
3732 2350 3793 2404 in

2124 2439 2367 2492 vanitate
2393 2454 2580 2493 sensus
2605 2440 2697 2492 sui
2724 2454 2744 2499 ;
2775 2438 2912 2509 quia
2942 2454 3057 2492 non
3091 2441 3229 2492 sunt
3249 2436 3321 2491 de
3345 2435 3561 2509 populo
3595 2438 3791 2508 gravi,

2124 2526 2184 2581 in
2216 2543 2331 2597 quo
2363 2527 2518 2582 Deus
2551 2526 2866 2582 landatur:
2900 2532 2957 2581 et
2985 2526 3058 2581 ob
3088 2525 3198 2581 hoc
3229 2525 3528 2581 obscurati
3562 2531 3792 2591 mente,

2124 2614 2184 2669 id
2215 2620 2304 2670 est
2334 2615 2491 2681 caeci,
2524 2616 2659 2670 facti
2683 2620 2824 2670 sunt
2854 2614 3023 2686 ;quia
3043 2631 3144 2687 per
3160 2620 3489 2670 creaturam
3512 2619 3793 2686 poterant

2126 2720 2440 2776 agnoscere
2468 2708 2821 2771 Creatorem,
2855 2704 3064 2775 etquia
3096 2702 3584 2770 nolunt,alienati
3608 2722 3651 2759 α
3678 2706 3791 2760 vita

2122 2794 2253 2854 Dei;
2273 2809 2385 2847 non
2416 2792 2672 2848 estenim
2700 2793 2837 2859 vita,
2854 2792 2967 2847 nisi
2986 2793 3044 2847 in
3077 2793 3215 2859 Deo,
3248 2809 3282 2847 a
3303 2808 3418 2864 quo
3442 2793 3789 2850 recedentes

2125 2882 2196 2935 ad
2233 2898 2343 2937 non
2376 2898 2504 2937 esse
2526 2882 2795 2952 tendunt,
2819 2891 3039 2953 propter
3057 2882 3615 2955 ignominiamque?
3629 2887 3712 2939 est
3734 2886 3792 2938 in

2122 2971 2259 3025 illis.
2313 2969 2459 3025 Nota
2516 2970 2671 3042 quod
2722 2972 2954 3026 caecitas
2993 2971 3212 3026 mentis
3243 2966 3659 3042 contemptum
3696 2973 3793 3028 Dei

2124 3064 2381 3131 generat.
2412 3059 2559 3114 Nota
2588 3059 2741 3131 quod
2777 3060 3056 3115 indoctus
3089 3064 3146 3116 et
3175 3076 3364 3115 caecus
3394 3077 3512 3116 non
3546 3060 3793 3133 dicitur,

2125 3148 2238 3203 nisi
2269 3149 2369 3219 qui
2402 3149 2551 3203 scire
2582 3155 2638 3203 et
2662 3147 2857 3204 videre
2890 3153 3105 3220 potest.
3140 3148 3303 3205 Unde
3337 3165 3444 3204 nec
3479 3148 3795 3207 indoctum

2123 3236 2340 3292 animal
2373 3236 2633 3301 brutum,
2667 3253 2771 3291 nec
2803 3254 3020 3292 caecum
3054 3235 3308 3308 lapidem
3342 3237 3795 3296 dicimus.Gen-

370 3323 629 3378 crederet
656 3321 906 3388 veritati,
939 3325 995 3375 et
1024 3307 1263 3392 augeret
1282 3339 1411 3376 eam
1442 3324 1499 3376 in
1530 3324 1838 3380 dilectione
1858 3326 2017 3381 Chri-
2047 3307 2090 3374 Ο
2132 3325 2283 3380 tium
2314 3342 2452 3381 vero
2472 3329 2685 3381 natura
2715 3325 2824 3381 fuit
2862 3332 3040 3381 Deum
3073 3307 3423 3399 cognoscere
3454 3344 3659 3398 posse.
3684 3330 3795 3384 Sed

370 3410 467 3478 sti,
502 3426 675 3482 quem
708 3410 925 3464 sciebat
981 3414 1039 3464 et
1067 3409 1158 3463 sui
1191 3414 1247 3464 et
1277 3410 1458 3465 totius
1506 3412 1773 3468 Ecclesiae
1821 3420 2017 3486 caput.

368 3499 683 3555 Sciendum
716 3502 804 3553 est
835 3498 990 3570 quod
1026 3497 1119 3552 hic
1148 3497 1311 3554 locus
1342 3498 1400 3554 in
1435 3500 1630 3557 Graeco
1655 3502 2023 3559 manifestior

370 3589 436 3643 ﬁt
462 3606 475 3655 ;
509 3589 648 3659 quia
678 3588 819 3642 dum
851 3586 1094 3642 verbum
1124 3603 1155 3642 e
1185 3588 1359 3643 verbo
1406 3591 1775 3662 transfertur,
1808 3609 2020 3649 sensus

369 3679 716 3734 obscuratur
744 3676 953 3748 (1080).

375 3782 610 3858 Filium,
644 3783 785 3835 dum
809 3782 1074 3836 eamdem
1108 3781 1505 3852 operationem
1540 3799 1670 3839 esse
1712 3802 1827 3840 non
1859 3792 2024 3858 putat

374 3854 758 3909 diversorum.
795 3874 823 3900 ››
1483 3914 1489 3922 ἡ

447 3924 630 3995 (1076)
663 3923 886 3995 Unuse
916 3923 1306 3995 septuaginta,
1355 3924 1529 3994 juxta
1587 3926 1837 3993 Graecos,
1881 3928 2022 3984 Jesu

374 3993 587 4052 Christi
615 3993 919 4064 "dicipulis,
952 3996 1049 4065 qui
1088 3993 1303 4049 famem
1335 3993 1391 4049 in
1427 4003 1545 4051 tota
1577 4003 1733 4053 terra
1765 4001 2022 4055 futuram

376 4066 643 4143 praedixit
688 4067 823 4143 (Act.
883 4066 1104 4143 x1,_23),
1144 4083 1346 4143 quam
1385 4066 1624 4143 Claudio
1679 4070 2023 4143 imperante,

377 4137 583 4209 quarto
614 4138 802 4209 ipsius
834 4137 1016 4209 regni,
1049 4143 1107 4192 et
1136 4138 1349 4193 Christi
1380 4139 1446 4192 44
1477 4156 1629 4195 anno
1650 4137 1912 4198 evenisse
1939 4137 2023 4199 te;

376 4208 566 4284 statur
595 4208 835 4284 sanctus
861 4208 1356 4284 Lucasﬂlococit“
1390 4212 1539 4284 etde
1560 4229 1676 4284 qua
1708 4214 1860 4268 inter
1892 4232 2022 4284 pro-

373 4281 544 4337 fauos
592 4280 908 4336 Suetonius
940 4280 999 4334 in
1032 4279 1272 4336 Claudio
1304 4297 1430 4353 cap.
1474 4282 1554 4349 18,
1578 4279 1803 4355 Ποεθρὴ
1828 4279 2020 4357 Antiq.

371 4351 475 4408 lib.
508 4369 601 4408 xx.
655 4369 780 4408 can.
813 4353 849 4404 2

397 4369 475 4407 ID.
508 4369 601 4418 xx,
655 4369 780 4418 cap.

372 4369 475 4408 nn.
508 4369 601 4418 xx,
655 4369 780 4423 cap.
814 4369 849 4404 κ

372 4422 628 4550 ἀοὲὶὲβϐζ)
662 4424 724 4479 In
754 4424 872 4478 imo
903 4439 1089 4496 marg.
1123 4424 1402 4495 leguntur
1431 4424 1607 4480 verba
1635 4423 1796 4482 haec:
1824 4436 1877 4482 et
1907 4466 1919 4479 .
1957 4471 1968 4483 .
2006 4469 2020 4481 .

409 4498 631 4551 actores.

430 4566 881 4640 ,(1078)In__cod.
915 4566 1128 4640 legitur
1156 4569 1317 4622 sacri.
1369 4568 1479 4623 Sed
1513 4571 1638 4622 tum
1673 4568 2020 4640 frequentia,

376 4642 504 4710 tum
537 4637 650 4710 divi
680 4637 972 4710 (Hieroymi
995 4638 1053 4691 in
1079 4639 1231 4693 hunc
1253 4644 1477 4694 textum
1499 4640 1692 4710 verba,
1717 4637 2020 4696 rectiorem

378 4709 529 4764 hanc
560 4708 866 4763 lectionem
901 4724 1160 4762 suasere.

452 4779 639 4850 (1079)
670 4778 910 4855 lisd_em_
936 4777 1289 4855 supradictis
1323 4779 1428 4855 _de_
1451 4781 1643 4837 causis
1658 4782 2025 4855 prespicicbat

382 4847 511 4905 loco
539 4847 867 4920 proﬁciebat
896 4847 1206 4918 legendum
1235 4850 1591 4920 putavimus.

454 4918 639 5001 (1080)
667 4920 814 5001 Quia
874 4918 1595 5001 (tETdt?OPtZt-b<;.dicgntu!.
1625 4922 1680 4977 in
1712 4929 1925 4980 GrtPCO.
1960 4926 2028 4979 Et

384 4987 578 5064 omnis
600 4987 960 5064 metaphora,
983 4987 1032 5043 si
1056 4987 1127 5042 de
1145 5004 1260 5042 una
1280 4987 1338 5042 in
1361 4990 1536 5064 aliam
1559 4992 1821 5064 linguam
1842 5002 2030 5051 trans-

384 5063 623 5137 feratur,
675 5059 1026 5137 quandoque
1075 5075 1351 5137 sensum,
1385 5061 1506 5116 fere
1557 5059 1787 5137 semper
1829 5072 2026 5123 tamen

382 5133 526 5195 vim,
559 5136 616 5185 et
639 5134 1001 5185 venustatem
1033 5131 1267 5187 amittit.
1335 5134 1361 5156 ⁸

481 5199 637 5256 1081)
668 5202 727 5255 In
760 5199 886 5255 cod.
919 5201 1153 5256 Domini.

481 5202 611 5254 1081
668 5202 727 5255 In
760 5201 886 5255 cod.
919 5201 1153 5256 Domini.

454 5201 637 5341 (1082)
664 5272 747 5325 Ad
790 5269 1233 5344 intelligentiam
1292 5273 1473 5341 hujus
1522 5275 1612 5329 vix
1658 5273 1922 5333 iudicatae
1973 5285 2030 5335 et

387 5341 742 5410 imperfecte:
776 5341 1177 5400 similitudinis
1206 5344 1318 5399 divi
1348 5346 1679 5417 Hieronymi
1704 5352 1925 5404 textum
1950 5352 2030 5405 af-

385 5412 534 5466 ferre
557 5412 744 5481 juvat,
778 5414 874 5482 qui
912 5416 989 5469 ita
1018 5415 1074 5469 in
1109 5416 1262 5471 hunc
1309 5417 1502 5472 locum
1548 5416 1757 5473 habet:
1793 5442 1819 5469 ‹‹
1853 5421 2028 5478 Totas

330 5460 335 5481 ,
385 5432 534 5466 terre
557 5432 744 5481 juvat,
778 5432 874 5481 qm
912 5432 989 5469 tta
1018 5433 1074 5469 1n
1109 5432 1262 5471 nunc
1309 5432 1502 5472 locum
1548 5432 1757 5473 habet:
1793 5442 1819 5469 ‹‹
1853 5432 2028 5478 'l'otas

311 5513 315 5517 ι
388 5482 764 5538 rationabiles
781 5490 1073 5542 creaturas
1095 5490 1202 5542 sub
1221 5490 1395 5544 unius
1419 5489 1785 5545 rationabilis
1808 5493 2028 5548 anima-

385 5553 458 5607 lis
490 5553 883 5633 intsliigamus
912 5559 1196 5628 exemplo,
1229 5562 1704 5633 etquodcunque
1736 5562 1806 5617 de
1847 5561 2027 5633 hujus

387 5626 669 5700 membris
698 5626 1036 5700 dixerimus,
1067 5626 1124 5683 et
1151 5626 1434 5700 partib'us,
1471 5634 1578 5688 hoc
1609 5626 1869 5689 sciamus
1899 5626 2028 5691 esse

386 5694 753 5783 retere-udum
780 5699 848 5752 ad
875 5694 1353 5783 pnamquamque
1377 5694 1782 5758 rationabilem
1807 5715 2028 5783 creatu-

384 5781 533 5822 ram.
572 5768 845 5844 Putemus
876 5769 985 5825 hoc
1017 5768 1233 5825 animal
1262 5768 1346 5827 ita
1375 5779 1672 5844 perartus,
1705 5793 1879 5831 venas
1902 5777 2023 5831 c'ar-

387 5852 611 5909 nosque
631 5839 968 5910 laceratum,
995 5844 1063 5898 ut
1083 5856 1186 5897 nec
1209 5859 1272 5898 os
1294 5839 1412 5900 ossi
1434 5839 1668 5913 haereat,
1692 5862 1797 5902 nec
1818 5863 2028 5905 nervus

2132 3414 2357 3470 utinam
2390 3415 2683 3470 sufﬁceret
2714 3430 2984 3487 peccasse
3019 3440 3033 3481 ;
3062 3414 3150 3470 vel
3180 3432 3309 3471 sero
3326 3420 3570 3487 agerent
3603 3418 3794 3489 pceni-

2128 3504 2395 3559 tentiam.
2430 3503 2541 3558 Sed
2573 3503 2712 3575 quid
2744 3503 2887 3559 dicit
2906 3503 2934 3558 ‘I
2956 3504 3059 3572 Qui
3090 3504 3440 3576 desperantes
3467 3509 3794 3578 semetipsos

2129 3592 2333 3663 (1085),
2367 3592 2423 3646 id
2450 3596 2561 3657 est,
2592 3591 2694 3663 qui
2726 3592 3125 3663 desperantde
3156 3594 3275 3649 vita
3305 3594 3523 3661 futura,
3552 3595 3650 3651 vel
3682 3598 3787 3669 qui

2131 3680 2422 3736 malorum
2455 3680 2745 3751 supplicia
2774 3697 2890 3735 non
2910 3698 3039 3737 esse
3070 3682 3537 3754 credunt(1086).
3566 3684 3709 3741 Ideo
3735 3701 3798 3740 se

2125 3788 2418 3857 jungatur
2447 3786 2519 3840 ad
2551 3802 2833 3859 nervum:
2855 3787 3173 3858 separatim
3193 3787 3346 3843 oculi
3360 3789 3797 3859 jaceant,seor-

2132 3874 2267 3933 sum
2300 3873 2492 3933 nares,
2510 3874 2718 3933 manus
2734 3857 3125 3933 aliumlocum
3143 3857 3398 3933 teneant,
3416 3859 3532 3916 alio
3550 3857 3793 3933 proiecti

2134 3929 2254 3983 sint
2279 3931 2475 3999 pedes,
2502 3935 2558 3983 et
2581 3927 2803 4000 reliqua
2826 3930 3091 3985 membra
3112 3931 3168 3985 in
3192 3931 3348 3985 hunc
3372 3927 3615 3987 modum
3645 3934 3798 3989 inter

2134 4017 2195 4055 se
2226 4000 2494 4074 dispersa
2529 4000 2668 4074 ‘sint
2724 4007 2781 4074 et
2810 4001 3015 4056 divisa.
3051 4002 3250 4074 Finge
3299 4002 3558 4074 aliquem
3593 4006 3794 4060 venire

2133 4077 2305 4126 tantae
2328 4069 2599 4144 scientiae
2625 4072 2943 4144 medicum,
2964 4072 3060 4144 qui
3077 4069 3247 4144 juxta
3278 4069 3508 4129 fabulas
3530 4075 3794 4132 ethnico-

2135 4159 2288 4207 rum,
2314 4141 2713 4213 Esculapium
2745 4141 3197 4220 possit_im_itari,
3236 4151 3295 4200 et
3322 4145 3381 4220 in
3405 4162 3618 4220 novam
3644 4148 3794 4220 ﬁgu-

2135 4231 2283 4279 ram,
2320 4230 2652 4285 novumque
2675 4231 2909 4281 nomen,
2931 4214 3198 4270 Virbium
3222 4217 3511 4272 suscitare
3542 4236 3555 4273 :
3580 4214 3795 4273 hiche-

2134 4301 2297 4340 cesse
2320 4283 3041 4358 habebit'unumquodque
3064 4288 3394 4342 membrum
3418 4305 3527 4343 suo
3548 4288 3679 4345 loco
3708 4307 3796 4345 re-

2134 4357 2396 4439 stituere,
2412 4362 2466 4411 et
2481 4357 3115 4439 compagemeopulare
3138 4359 3427 4430 compagi,
3451 4361 3794 4439 et_quodam

2132 4427 2357 4501 glutine
2388 4427 2993 4501 partibu'srestitutis,
3020 4446 3204 4485 unum
3228 4427 3440 4501 corpus
3469 4427 3724 4488 efﬁcere.
3762 4455 3791 4482 ιι

2202 4500 2385 4569 (1083)
2416 4521 2444 4576 ε<
2478 4498 2759 4576 Parvulas
2790 4498 3030 4568 crescat,
3064 4506 3119 4554 et
3149 4498 3374 4556 occulto
3401 4518 3523 4557 aevo
3554 4504 3612 4557 in
3649 4521 3782 4576 per-

2135 4571 2343 4645 fectam
2363 4570 2897 4645 adolescataetatem
2925 4588 3135 4645 ;su_um
3160 4589 3375 4627 manus
3398 4570 3792 4645 augmen-tum

2133 4641 2391 4716 habebit,
2424 4658 2530 4716 sua
2551 4643 2724 4716 pedes
2745 4643 2999 4716 sentient
3017 4643 3394 4716 incrementa;
3410 4641 3633 4716 venter,
3648 4647 3796 4702 dum

2136 4713 2458 4785 nescimus,
2484 4712 2798 4785 impletur;
2833 4713 3084 4779 humeri,
3113 4716 3252 4769 dum
3304 4715 3592 4771 falluntur
3612 4712 3794 4785 oculi,

2135 4784 2475 4852 dilatantur,
2507 4784 2791 4859 et’omnia
2805 4786 3069 4841 membra
3083 4802 3187 4859 per
3216 4791 3411 4857 partes
3431 4788 3606 4859 juxta
3625 4784 3797 4844 men-4

2137 4872 2334 4909 suram
2370 4872 2537 4910 suam
2572 4855 2656 4910 sic
2698 4862 2984 4921 crescunt,
3021 4855 3102 4911 ut'
3139 4855 3334 4912 tamen
3368 4855 3486 4913 non
3518 4856 3655 4923 sibi,
3692 4862 3795 4917 sed

2137 4926 2700 4999 corporivideantur
2731 4929 2926 4999 augeri
2951 4946 2975 4999 :7
3001 4950 3029 4978 ››
3058 4929 3139 4999 ita
3169 4928 3340 4983 divus
3378 4929 3616 4985 Hieron.
3650 4932 3754 4987 ibi.

2206 4997 2390 5072 (1084)
2424 4999 2485 5072 In
2516 5003 2719 5072 autog.
2748 4997 3062 5072 marg._hic
3118 4998 3333 5072 legitur
3363 5017 3488 5072 cap.
3521 5001 3649 5056 XVI

2206 5070 2391 5136 (1085)
2448 5071 2619 5124 Juxta
2666 5070 2901 5125 divium’
2938 5070 3553 5136 Hieronﬁdesperantes
3588 5073 3791 5129 minus

2138 5146 2290 5194 recte
2303 5158 2335 5195 a
2350 5140 2390 5195 G
2401 5157 2544 5214 [‘ch
2558 5136 2962 5214 ἀπηλεγοῦντες
2982 5139 3201 5203 ἑαύτους
3216 5144 3272 5197 in
3285 5136 3570 5214 Latinum
3598 5144 3797 5201 reddi-

2137 5215 2260 5289 tum
2296 5216 2383 5266 est
2407 5228 2419 5265 :
2453 5210 2797 5289 desperantes
2814 5214 3028 5285 quippe
3050 5215 3243 5289 Grmce
3272 5210 3797 5289 dmleyoSV-cecap-

2137 5282 2465 5358 pellantur;
2501 5280 2877 5358 ἀᾶτηλγορνςεές
2891 5280 3084 5358 autem
3102 5285 3159 5341 hi
3178 5292 3340 5357 sunt,
3358 5280 3457 5356 qui
3471 5280 3795 5358 postquam

2138 5354 2521 5428 peccaverint,
2557 5354 2677 5428 non
2705 5355 2907 5411 dolent
2929 5354 3445 5428 ;quinequaquam
3473 5354 3795 5416 sentientes

2139 5426 2364 5499 ruinam
2385 5443 2573 5499 suam,
2593 5427 2931 5499 ferunturin
2949 5426 3578 5499 pronum,et_tanquam
3597 5432 3796 5487 bestia

2139 5496 2354 5570 ferrum
2388 5497 2757 5570 videntes,_in
2786 5496 3042 5570 mortem
3074 5505 3272 5570 ruunt,
3298 5496 3798 5559 scilicetindolen-

2137 5567 2717 5643 tes_,_sive_i_ndolorii.
2752 5569 2895 5625 Nam
2929 5577 2985 5626 et
3015 5567 3793 5643 quidam'philosophorum,

2136 5637 2360 5712 scilicet
2389 5639 2701 5712 Dionysius
2714 5637 3100 5711 cognomento
3124 5637 3595 5701 Metathemenus
3628 5637 3794 5699 ἀναλὲ

2135 5708 2452 5785 γηᾳίᾳγε-ἱεξ
2473 5708 2583 5785 est,
2617 5708 2947 5785 indoloriam
2982 5713 3335 5785 praedicavit.

2206 5780 2389 5905 (11086)
2420 5781 2783 5839 Divinatione
2813 5801 2959 5855 pene
2983 5780 3233 5842 dixerim
3268 5784 3429 5842 hisce
3456 5788 3660 5846 verbis
3709 5790 3796 5850 in-

2206 5850 2212 5904 l
2242 5851 2491 5905 intendis.
2521 5859 2809 5905 rectmnne
2839 5855 3073 5905 lectioni
3108 5856 3423 5905 reddendis
3452 5874 3609 5905 nnm:
3643 5860 3750 5905 ἣιῆ
3777 5876 3788 5905 ε

2136 5849 2491 5923 ιθΙΙῙεθηᾶίε,
2521 5849 3074 5926 rectaeque-lectioni
3107 5856 3423 5915 reddendis
3452 5874 3609 5932 opus
3641 5849 3751 5919 fuit
3777 5876 3789 5914 :
