3898 6408
365 431 487 493 583

1387 429 1725 493 ATTONIS
1767 429 2352 492 VERCELLENSIS
2398 430 2753 495 EPISGOPI

3648 420 3788 504 est

369 562 515 619 mini
544 580 678 619 vero
708 563 983 619 monendi
1022 568 1181 633 sunt,
1239 564 1378 636 quia
1405 564 1453 619 si
1485 567 1686 619 contra
1715 563 1901 618 Deum
1932 564 2003 618 de
2038 565 2095 631 Α
2121 564 2505 635 Ammonitas,
2540 566 2844 633 Moabitae,
2876 572 2933 625 et
2983 569 3360 639 Chananteos,
3400 571 3571 643 quasi
3619 572 3783 629 dice-

368 669 611 709 munere
641 653 768 723 ejus
801 653 1170 725 superbiunt,
1206 653 1253 707 si
1287 669 1406 718 eos,
1440 668 1589 724 quos
1625 668 1723 719 per
1744 651 2004 706 conditio

370 757 500 796 nem
534 745 736 797 tenent
764 741 1053 809 subditos,
1087 740 1336 812 equales
1359 739 1469 795 sibi
1504 756 1604 811 per
1633 743 1853 795 natura
1885 755 2016 794 con-

368 829 618 886 sortium
649 846 756 886 nos
786 835 1230 903 recognoscunt,
1253 833 1360 884 etc.
1393 828 1527 883 Istis
1556 828 1864 885 dicitur.ut
1895 827 2015 883 sint

368 918 729 987 obedientes,
749 918 868 974 illis
882 919 1168 990 imperatu
1179 922 1295 987 r,ut
1313 917 1614 973 remittant
1632 916 1851 984 minas;
1874 917 2015 988 quia

368 1024 486 1064 uno
513 1011 654 1065 sunt
685 1006 870 1081 pretio
901 1007 1268 1078 redempti,et
1297 1006 1368 1061 ad
1402 1023 1579 1061 unam
1612 1007 1857 1077 patriam
1886 1011 2010 1060 ten-

354 1096 522 1152 dunt.
556 1096 768 1167 Magna
797 1099 939 1150 sunt
961 1095 1119 1166 jura,
1152 1093 1448 1162 scelestis;
1482 1096 1640 1150 unde
1671 1099 1728 1150 et
1755 1092 2012 1149 Ecclesia

347 1196 565 1254 servos,
621 1187 681 1238 et
730 1182 970 1252 liberos,
1016 1183 1238 1248 doctos,
1289 1186 1345 1239 et
1374 1183 1610 1250 stultos,
1655 1198 1920 1256 magnos,
1952 1186 2011 1237 et

340 1289 547 1345 parvos
571 1269 872 1343 equaliter
895 1271 1349 1343 recipit.0mnes
1375 1270 1629 1327 Ecclesia
1651 1269 1801 1327 filios
1823 1270 2005 1338 novit;

341 1361 498 1417 unde
526 1359 888 1417 sanctissimi
946 1360 1057 1415 viri
1088 1364 1211 1416 tam
1243 1361 1469 1433 primae,
1527 1377 1704 1432 quam
1737 1360 2005 1417 secundas

348 1449 670 1505 nativitatis
699 1448 936 1505 exordia
993 1450 1331 1514 recolentes,
1365 1449 1619 1506 famulos
1673 1466 1812 1506 suos
1851 1466 2003 1505 nun-

354 1555 533 1611 quam
565 1554 760 1595 servos
791 1538 1119 1609 nominant,
1153 1539 1254 1595 sed
1287 1539 1523 1607 fratres,
1550 1543 1607 1595 et
1627 1539 1698 1594 ad
1730 1537 2000 1595 osculum

348 1632 558 1684 vocant
615 1644 628 1683 :
692 1628 933 1683 horrent
975 1626 1131 1682 enim
1163 1644 1396 1694 nomen,
1429 1629 1584 1699 quod
1620 1644 1733 1683 non
1768 1633 1998 1694 natura,

346 1717 451 1773 sed
477 1716 760 1788 iniquitas
791 1716 944 1771 fecit.
978 1715 1137 1771 Servi
1169 1719 1324 1772 enim
1384 1733 1498 1773 non
1531 1734 1565 1771 a
1593 1716 1795 1784 Cham,
1831 1716 2001 1788 cujus

346 1804 674 1861 maledictio
705 1804 766 1859 in
794 1804 1136 1861 Chanameis
1178 1803 1420 1876 impleta
1450 1810 1539 1860 est
1569 1806 1757 1875 (Deut.
1789 1822 1882 1867 vn,
1919 1806 1997 1877 2),

345 1910 414 1949 ex
444 1910 559 1966 quo
590 1909 756 1966 reges
786 1894 895 1949 orti
927 1897 1069 1948 sunt
1117 1893 1323 1963 (1143),
1355 1894 1456 1949 sed
1489 1895 1562 1949 ab
1595 1894 1907 1965 injustitia,
1940 1900 1999 1949 et

347 1982 555 2038 mundi
585 1981 900 2054 iniquitate
929 1981 1065 2038 facti
1100 1987 1260 2037 sunt.
1294 1983 1441 2049 Quid
1476 1983 1661 2055 magis
1693 1983 1868 2038 habet
1894 1984 1996 2039 do-
2027 1974 2074 2039 B

343 2071 541 2127 minus
571 2087 605 2126 a
632 2087 819 2137 servo,
852 2074 954 2125 aut
1004 2087 1207 2126 servus
1261 2071 1458 2127 minus
1491 2088 1524 2127 a
1552 2062 1838 2127 domino?
1870 2073 1994 2129 Non

350 2160 465 2216 nisi
496 2160 735 2215 nomine
765 2158 1201 2214 discernuntur.
1235 2159 1433 2231 Neque
1461 2176 1562 2231 pro
1594 2162 1778 2216 servis
1808 2166 1865 2216 et
1893 2162 1995 2217 do-

238 2244 247 2251 ’
348 2248 548 2319 minis,
600 2248 700 2303 sed
755 2264 856 2318 pro
885 2247 1057 2303 bonis
1087 2252 1144 2303 et
1192 2248 1365 2303 malis
1396 2248 1679 2305 Dominus
1702 2249 1994 2320 judicium

339 2337 671 2393 celebravit.
704 2335 851 2391 Nam
881 2352 1082 2391 servus
1110 2336 1322 2402 bonus,
1354 2335 1533 2406 ﬁlius,
1553 2343 1610 2393 et
1641 2338 1870 2393 amicus
1893 2337 1995 2394 Dei

340 2430 430 2482 est
462 2444 476 2494 ;
510 2425 789 2481 dominus
817 2441 950 2480 vero
981 2424 1192 2492 malus,
1229 2425 1405 2492 filius,
1438 2430 1496 2481 et
1526 2443 1727 2483 servus
1758 2431 1846 2483 est
1876 2427 1995 2483 dia-

344 2513 485 2584 boli,
517 2518 575 2569 et
605 2514 766 2586 pejor
794 2512 954 2569 omni
985 2513 1280 2569 servitute.

412 2621 599 2693 (1144)
629 2618 907 2692 Sequitur
938 2635 952 2674 :
986 2620 1060 2675 De
1116 2626 1330 2691 caetero,
1389 2604 1501 2677 etc:
1563 2621 1644 2677 De
1691 2637 1757 2677 eo
1814 2623 1991 2693 quod,

343 2715 658 2783 postquam
690 2708 919 2764 monuit
947 2708 1283 2781 specialiter
1313 2710 1620 2780 quosdam,
1657 2726 1785 2765 mox
1818 2727 1993 2782 gene-

343 2798 525 2855 ralem
560 2797 1018 2854 admonitionem
1051 2798 1330 2868 subdens,
1391 2799 1473 2853 ait
1505 2817 1519 2855 :
1556 2800 1990 2871 Confortamini,

341 2905 459 2944 non
490 2887 551 2942 in
582 2887 769 2955 vobis,
803 2886 905 2942 sed
936 2888 995 2940 in
1032 2888 1266 2943 Domino
1285 2903 1306 2949 ,°
1337 2904 1451 2942 non
1477 2888 1534 2942 in
1561 2892 1771 2956 vestra,
1803 2889 1905 2944 sed
1936 2890 1996 2944 in

335 2978 455 3049 ejus
481 2977 739 3049 potentia.
773 2975 853 3031 De
873 2990 939 3031 eo
972 2976 1149 3048 quod,
1183 2992 1343 3031 more
1374 2977 1541 3032 ducis
1572 2983 1858 3033 armentis
1890 2978 1995 3034 mi-

336 3064 468 3123 lites
498 3066 569 3121 ad
603 3064 890 3138 pralium,
924 3080 1064 3120 suos
1090 3072 1301 3132 armat,
1325 3070 1383 3120 et
1412 3066 1611 3139 dirigit
1640 3068 1709 3122 ad
1744 3066 1993 3139 speciale

338 3160 631 3210 certamen
661 3151 974 3225 Apostolus
1006 3152 1318 3208 auditores.
1372 3154 1467 3210 Ait
1523 3155 1676 3210 enim
1716 3172 1728 3211 :
1778 3155 1994 3211 Induite

337 3259 430 3300 vos
457 3251 806 3299 armaturam
829 3240 1144 3305 Dei.Quare
1170 3242 1304 3298 Dei?
1324 3243 1649 3313 Quia,sicut
1671 3242 1767 3315 qui
1791 3251 1992 3300 contra

2123 658 2210 707 ret
2240 669 2252 708 :
2287 652 2331 708 Ο
2363 654 2614 725 Ephesii,
2649 674 2776 728 quae
2809 658 2879 712 de
2912 657 3124 729 praeliis
3157 659 3329 715 Israel
3360 661 3640 717 adversus
3671 679 3781 718 na-

2122 742 2310 797 tiones
2341 741 2587 814 legistis,
2630 744 2900 800 videntur
2955 764 3165 803 sonare
3194 765 3428 804 carnem
3486 756 3776 822 nostram,

2121 834 2254 900 etc.,
2291 835 2355 885 ut
2386 847 2453 886 ex
2485 832 2602 887 illis
2635 833 3035 905 intelligamus
3067 853 3181 891 non
3212 854 3342 892 esse
3375 839 3543 894 nobis
3574 841 3778 895 adver-

2120 933 2223 973 sus
2252 935 2508 990 carnem,
2527 920 2583 976 id
2616 927 2704 977 est
2732 922 3001 979 homines
3026 926 3127 980 sed
3162 926 3445 983 adversus
3475 929 3775 985 daemones

2118 1020 2246 1061 esse
2275 1013 2570 1063 certamen
2623 1009 2829 1075 (1146).
2873 1016 2944 1068 In
2971 1015 3276 1071 celestibus
3324 1033 3457 1071 vero
3491 1018 3633 1073 dicit
3666 1035 3772 1090 pro

2118 1111 2267 1165 aere,
2303 1098 2457 1152 unde
2509 1114 2643 1154 aves
2701 1100 2829 1155 caeli
2880 1103 3299 1174 nominamus;
3334 1104 3474 1178 quia
3524 1106 3636 1163 iste
3668 1125 3774 1164 aer

2116 1183 2325 1255 plenus
2354 1190 2445 1242 est
2474 1187 2800 1245 immundis
2831 1191 3156 1262 spiritibus.
3648 1199 3653 1208 “

2183 1291 2457 1363 Sequitur
2489 1309 2501 1348 :
2530 1294 2829 1366 Propterea
2857 1299 3109 1369 accipite,
3140 1304 3249 1355 etc.
3285 1299 3502 1357 Iterum
3535 1303 3744 1375 repetit

2113 1378 2253 1450 quia
2284 1380 2517 1438 diﬁcilis
2547 1388 2634 1438 est
2663 1384 2921 1456 victoria,
2971 1391 3035 1441 ut
3076 1387 3327 1443 induant
3357 1406 3418 1445 se
3445 1407 3609 1446 arma
3634 1391 3762 1460 Dei,

2114 1466 2187 1523 Ut
2216 1469 2354 1538 quid
2384 1470 2413 1525 ?
2446 1472 2508 1527 Ut
2551 1476 2770 1543 possitis
2798 1477 3053 1532 resistere
3082 1478 3144 1532 in
3170 1479 3265 1533 die
3294 1479 3460 1547 malo,
3492 1479 3552 1535 id
3581 1485 3672 1536 est
3702 1481 3765 1536 in

2112 1555 2205 1612 die
2233 1559 2596 1627 tentationis,
2630 1561 2748 1617 sive
2777 1562 2837 1618 in
2866 1564 2961 1620 die
2989 1567 3294 1637 prmeentis
3341 1568 3623 1640 temporis
3649 1588 3663 1638 ;
3698 1574 3767 1627 ut

2108 1643 2252 1700 illud
2287 1662 2301 1700 :
2337 1648 2457 1702 Dies
2485 1650 2629 1704 mali
2653 1656 2783 1705 sunt
2811 1653 3028 1724 (Ephes.
3061 1671 3117 1719 v,
3143 1655 3229 1726 16)
3256 1673 3269 1710 :
3303 1656 3423 1712 sive
3450 1656 3510 1712 in
3543 1658 3759 1729 futuro,

2109 1739 2174 1788 ut
2198 1734 2340 1789 illud
2378 1752 2389 1790 :
2428 1737 2491 1793 Ut
2523 1739 2654 1808 quid
2704 1741 2851 1796 vobis
2879 1741 2994 1797 dies
3051 1744 3322 1799 Domini?
3368 1747 3493 1801 Dies
3544 1746 3764 1803 Domini

2107 1824 2349 1880 tenebrae
2382 1830 2434 1879 et
2462 1842 2573 1882 non
2602 1828 2704 1883 tua:
2733 1828 2933 1901 (Amos.
2993 1848 3047 1885 v.
3107 1832 3217 1903 18).
3254 1832 3395 1889 Item
3430 1851 3443 1888 :
3477 1835 3601 1891 Dies
3650 1837 3762 1894 ira?

2105 1910 2221 1967 dies
2250 1913 2353 1968 illa
2382 1914 2638 1985 (Sophon.
2696 1935 2739 1985 ι,
2800 1918 2908 1985 15),
2969 1926 3078 1975 etc.
3111 1922 3273 1987 Quod
3304 1924 3436 1978 vero
3476 1924 3616 1980 dicit
3646 1942 3660 1980 :
3695 1927 3758 1981 Et

2105 2001 2165 2056 in
2195 2002 2447 2059 omnibus
2489 2008 2723 2077 perfecti
2768 2016 2939 2077 stare,
2990 2010 3467 2068 subaudiendum
3524 2018 3636 2083 est,
3695 2015 3758 2070 in

2105 2090 2403 2159 omnibus,
2439 2109 2567 2165 qua
2597 2096 2868 2166 superius
2900 2098 3123 2153 monui.

2175 2195 2453 2267 Sequitur
2485 2216 2498 2252 :
2533 2199 2681 2256 State
2708 2218 2860 2274 ergo,
2893 2208 3030 2271 etc.,
3062 2204 3120 2261 id
3151 2210 3260 2274 est,
3293 2208 3472 2263 veluti
3502 2208 3620 2276 ille,
3653 2212 3757 2283 qui

2104 2285 2379 2353 dicebat;
2421 2288 2625 2344 Statuit
2678 2306 2846 2362 supra
2897 2297 3114 2363 petram
3166 2295 3325 2367 pedes
3378 2314 3523 2357 meos
3578 2299 3755 2372 (Psal.

2102 2389 2294 2429 xxnx:
2324 2375 2401 2443 3),
2427 2380 2770 2434 etc.Bonum
2794 2384 2902 2446 est,
2927 2386 2991 2436 ut
3021 2387 3418 2455 stantem,non
3436 2387 3755 2461 jacentem,

2104 2467 2162 2517 et
2193 2479 2307 2517 non
2341 2465 2713 2536 discinctum,
2734 2470 2831 2524 sed
2869 2470 3196 2528 accinctum
3221 2478 3276 2529 te
3306 2474 3582 2533 inimicus
3613 2483 3755 2534 tuus

2102 2549 2376 2609 inveniat.
2414 2559 2488 2610 De
2521 2572 2586 2611 eo
2640 2559 2795 2628 quod
2829 2559 3069 2615 interior
3098 2560 3273 2617 homo
3313 2562 3489 2620 habet
3519 2565 3754 2624 lumbos

2104 2656 2280 2709 suos;
2315 2643 2470 2698 unde
2503 2644 2787 2701 Dominus
2843 2665 2856 2703 :
2916 2650 3038 2704 Sint
3069 2651 3243 2706 lumbi
3272 2655 3442 2709 vestri
3462 2657 3756 2725 praecincti

2105 2729 2254 2800 (Luc.
2288 2748 2389 2797 xu,
2422 2733 2532 2799 35),
2566 2738 2676 2788 etc.
2713 2735 2993 2807 Sequitur
3037 2756 3049 2792 :
3086 2739 3272 2795 Induti
3331 2743 3557 2798 loricam
3580 2746 3749 2817 justi-

2104 2819 2213 2873 tiz.
2249 2820 2397 2875 Bene
2420 2821 2650 2891 justitia
2706 2822 2900 2881 loricae
2930 2828 3166 2885 nomine
3198 2830 3576 2904 designatur;
3611 2835 3752 2906 quia

2103 2907 2255 2963 sicut
2286 2907 2385 2964 illa
2417 2910 2617 2966 multis
2645 2912 2900 2981 circulis,
2934 2916 3015 2972 ita
3044 2917 3157 2973 ista
3198 2921 3404 2976 multis
3432 2922 3750 2981 virtutibus

2103 3003 2568 3053 consummatur.

2173 3088 2249 3140 Et
2279 3086 2508 3142 calceati
2533 3089 2818 3159 pedes.lsti
2843 3097 2984 3147 sunt
3015 3094 3222 3150 animm
3253 3098 3609 3172 pedes,quos
3631 3102 3750 3158 cal-

2101 3190 2286 3243 ceare,
2321 3176 2376 3230 id
2409 3183 2518 3244 est,
2557 3180 2787 3235 munire
2819 3181 3101 3238 debemus
3141 3191 3475 3243 sanctorum
3511 3190 3751 3247 Patrum

2099 3264 2400 3336 exemplis,
2420 3270 2483 3321 ut
2512 3266 2799 3339 intrepide
2832 3271 3211 3341 praedicemus
3243 3275 3620 3350 Evangelium
3648 3297 3663 3349 ;
3689 3285 3754 3337 ut

335 3331 599 3388 visibiles
631 3331 828 3386 hostes
860 3330 1118 3397 dimicat,
1150 3330 1402 3387 visibilia
1433 3349 1596 3389 arma
1627 3333 1877 3404 accipit;
1910 3334 1978 3390 ita

2169 3330 2291 3409 ud_:
2326 3330 2501 3422 Quam
2526 3330 2755 3427 pulclzri
2805 3330 2964 3431 pedes
3018 3330 3752 3441 evangelimntium—paoem

337 3438 504 3478 arma
533 3420 847 3477 invisibilia
875 3425 1015 3475 sunt
1043 3422 1373 3476 necessaria
1431 3426 1633 3477 contra
1666 3422 1985 3479 inv1sibiles

332 3510 552 3566 hostes.
585 3507 739 3564 Nihil
760 3512 849 3564 est
877 3508 1190 3574 dicere,ind
1204 3509 1320 3564 uite
1347 3526 1445 3564 vos
1477 3515 1836 3566 armaturam
1860 3511 1981 3581 Dei,

333 3597 448 3654 nisi
480 3615 493 3654 :
531 3597 757 3653 luduite
783 3613 885 3652 vos
916 3597 1234 3653 Dominum
1255 3598 1458 3653 Jesum
1482 3598 1782 3655 Christum
1806 3602 1980 3665 (Rom.

329 3702 458 3754 xm,
491 3686 602 3757 14),
634 3685 694 3741 id
726 3690 835 3751 est,
866 3686 1191 3752 veritatem,
1217 3678 1538 3757 justitiam,
1572 3688 1869 3759 pietatem,
1928 3694 1985 3743 et

264 3780 270 3793 ‘
331 3781 563 3843 cetera,
598 3790 725 3846 quas
752 3772 1164 3846 intelliguntur
1189 3774 1251 3828 in
1281 3773 1533 3830 Christo.

409 3880 687 3955 Sequitur
739 3896 755 3935 :
803 3881 920 3937 Non
975 3889 1057 3935 est
1083 3882 1240 3936 nobis
1268 3880 1587 3937 colluctatio
1613 3882 1813 3955 (1145),
1846 3889 1981 3950 etc.,

262 4022 265 4033 .
333 3972 392 4028 id
426 3974 534 4039 est,
568 3971 849 4026 adversus
876 3968 1166 4034 homines,
1201 3970 1299 4042 qui
1336 3987 1407 4026 ex
1435 3987 1607 4026 carne
1637 3978 1906 4028 constant
1927 3978 1984 4030 et

332 4061 661 4134 sanguine;
694 4059 784 4116 sed
839 4058 1097 4114 adversus
1151 4061 1445 4131 principes,
1486 4068 1536 4115 et
1588 4064 1890 4132 potestates,
1924 4062 1982 4118 id

331 4149 550 4222 est,qui
582 4148 695 4205 sibi
727 4148 1124 4220 principatum
1146 4148 1205 4203 in
1237 4148 1409 4205 malis
1431 4149 1771 4207 hominibus
1800 4151 1982 4207 vindi-

330 4244 507 4307 cant;
560 4238 820 4294 adversus
867 4237 1067 4292 mundi
1094 4240 1347 4306 rectores,
1380 4238 1438 4293 id
1471 4244 1578 4309 est,
1611 4241 1978 4308 tenebrarum,

330 4345 449 4385 non
479 4327 628 4397 cceli,
661 4332 717 4383 et
746 4331 908 4382 terra:
963 4342 975 4382 :
1028 4326 1320 4382 daemones
1351 4326 1507 4383 enim
1538 4333 1790 4384 rectores
1820 4334 1978 4399 sunt,

329 4433 446 4473 non
480 4415 706 4488 mundi,
738 4416 839 4472 sed
872 4414 1076 4470 mundi
1108 4420 1458 4471 amatorum.

396 4524 505 4580 Sed
534 4522 753 4596 gratias
784 4521 919 4590 Deo,
955 4521 1056 4594 qui
1082 4523 1232 4578 eruit
1260 4539 1368 4579 nos
1418 4524 1489 4579 de
1546 4525 1821 4581 tenebris.
1852 4526 1978 4581 Ma-

322 4629 570 4670 neamus
592 4627 727 4684 ergo
758 4611 817 4665 in
837 4611 965 4666 luce
993 4627 1060 4666 ac
1088 4611 1375 4668 libertate.
1411 4611 1572 4668 Unde
1600 4618 1658 4669 et
1688 4614 1832 4686 ipsis
1882 4615 1968 4670 di-

2095 3444 2222 3509 (Isa.
2284 3445 2484 3509 LII,7,‘
2540 3447 2776 3502 Nahum.
2838 3467 2877 3516 1,
2911 3450 3016 3518 15;
3050 3453 3202 3507 Rom.
3260 3472 3317 3523 x,
3354 3456 3473 3521 15).
3544 3463 3622 3515 De
3683 3477 3749 3517 eo

2094 3532 2249 3604 quod
2282 3532 2456 3588 ﬁnem
2488 3541 2724 3591 scutum
2757 3543 2960 3607 vocat;
2995 3541 3318 3611 quia,sicut
3348 3552 3513 3602 scuto
3547 3551 3752 3606 omnia

2085 3619 2285 3691 jacula
2318 3622 2795 3696 exstinguuntur,
2828 3626 2911 3682 ita
2936 3630 3135 3685 omnia
3163 3632 3547 3705 adversa,ﬁde
3575 3654 3751 3711 supe-

2092 3714 2315 3764 rantur.
2340 3711 2418 3765 De
2440 3728 2506 3766 eo
2538 3714 2687 3781 quod
2713 3713 2876 3785 galea
2900 3716 3107 3775 salutis
3136 3721 3321 3778 munit
3344 3725 3606 3796 caput,id
3631 3733 3741 3800 est,

2089 3796 2383 3855 interioris
2404 3798 2663 3858 hominis
2685 3805 3067 3863 sensus.Nam
3088 3808 3137 3863 si
3153 3808 3245 3866 his
3267 3812 3544 3869 omnibus
3556 3796 3743 3873 fueris

2090 3885 2354 3957 indutus,
2387 3893 2443 3943 et
2472 3906 2587 3944 non
2618 3890 2835 3948 habeas
2866 3892 3140 3969 gladium,
3168 3903 3223 3953 te
3244 3903 3545 3973 utcunque
3576 3909 3745 3975 potes

2093 3976 2419 4044 defendere,
2453 3979 2553 4033 sed
2585 3979 2893 4037 inimicum
2926 3989 3091 4041 tuum
3153 4004 3267 4042 non
3317 3988 3474 4046 vales
3516 3994 3743 4050 exstin-

2090 4066 2428 4136 guere.ldeo
2461 4068 2693 4125 subdit:
2717 4072 2795 4125 Et
2824 4070 3359 4147 gladiumspiritus;
3389 4081 3545 4137 unde
3574 4082 3740 4139 alibi:

2096 4154 2249 4208 Vivus
2279 4158 2356 4209 est
2383 4158 2536 4211 enim
2562 4174 2737 4213 sermo
2786 4161 2885 4216 Dei
2913 4164 3118 4234 (1147),
3166 4170 3274 4222 etc.
3307 4167 3363 4223 Si
3392 4170 3547 4225 enim
3580 4172 3748 4228 verbi

2090 4242 2350 4314 gladium
2382 4260 2494 4299 non
2527 4244 2824 4319 habueris,
2861 4250 3261 4310 haereticorum
3305 4259 3596 4316 versutias
3627 4278 3745 4318 non

2088 4331 2256 4387 facile
2278 4349 2344 4388 su
2354 4333 2621 4405 parabis,-
2646 4336 2797 4392 sicut
2828 4338 3001 4396 miles
3021 4342 3146 4397 sine
3167 4343 3360 4415 gladio
3383 4363 3496 4403 non
3520 4351 3748 4407 accedit

2090 4420 2162 4474 ad
2196 4419 2440 4492 bellum,
2464 4424 2548 4478 ita
2576 4426 3015 4497 omnisjustitia
3044 4430 3240 4488 intuta
3269 4438 3358 4490 est
3386 4436 3514 4493 sine
3543 4440 3743 4496 verbo.

2159 4527 2435 4599 Sequitur
2464 4546 2477 4583 ε
2512 4531 2621 4585 Per
2647 4547 2861 4589 omnem
2888 4538 3211 4607 orationem,
3243 4544 3351 4595 etc.
3384 4547 3463 4598 De
3490 4560 3558 4600 eo
3582 4548 3743 4618 quod

2086 4615 2365 4671 distantia
2395 4622 2484 4673 est
2512 4619 2665 4675 inter
2693 4622 3013 4680 orationem
3046 4631 3103 4681 et
3127 4615 3616 4689 obsecrationem:
3635 4635 3742 4690 Di-

324 4702 479 4758 citur
510 4718 524 4757 :
559 4702 744 4756 Fuisti
784 4699 1092 4772 aliquando
1123 4700 1364 4757 tenebrae
1412 4701 1627 4772 (Ephes.
1661 4719 1716 4767 v,
1746 4705 1824 4774 8),
1858 4708 1966 4758 etc.
2000 4708 2046 4772 Ι)
2079 4711 2218 4794 cunt
2244 4705 2401 4761 enim
2437 4709 2591 4779 quod
2624 4710 2950 4769 obsecratio
2984 4714 3048 4770 ﬁt
3078 4733 3180 4787 pro
3212 4720 3466 4790 peccatis
3498 4729 3741 4794 praeter-

325 4791 541 4857 Quaarit
570 4789 716 4845 forte
746 4787 1143 4860 aliquis,unde
1173 4788 1493 4860 Apostolus
1524 4792 1779 4863 sumpsit
1809 4808 1973 4847 occa-

327 4879 551 4935 sionem
583 4878 696 4935 ista
724 4877 977 4934 dicendi.
1011 4877 1177 4932 Forte
1207 4878 1277 4932 de
1308 4878 1675 4951 praeliis,quaa
1703 4879 1766 4935 in
1789 4881 1974 4937 histo-

2084 4793 2204 4864 itis,
2234 4794 2321 4848 vel
2346 4798 2727 4867 praesentibus
2756 4818 2769 4867 ;
2804 4803 2987 4859 oratio
3045 4823 3150 4877 pro
3175 4793 3574 4880 adipiscendis
3609 4831 3740 4886 quae

2083 4898 2400 4952 speramus.
2433 4886 2498 4939 Et
2524 4886 2666 4957 quia
2697 4905 2906 4962 magno
2944 4894 3036 4947 Dei
3065 4910 3306 4968 egemus
3337 4899 3633 4970 adjutoriu
3663 4905 3738 4960 ad

329 4967 432 5023 riis
449 4967 741 5023 veteribus
767 4969 1081 5021 narrantur
1103 4965 1479 5039 gestaaﬁliis
1502 4967 1677 5022 Israel
1695 4969 1973 5026 adversus
2082 4971 2471 5029 devincendas
2504 4974 2691 5032 hostis
2738 4980 2965 5052 antiqui
2995 4965 3304 5054 versutias;
3338 4965 3555 5046 idcirco
3589 4994 3739 5048 sub—

395 5211 577 5290 (1143)
605 5215 670 5269 In
728 5215 1036 5290 Palaestina
1091 5216 1334 5290 scilset
1362 5217 1543 5290 Syria,
1603 5217 1861 5285 Sidonia.
1916 5226 1973 5278 et

324 5281 706 5359 Phoenicia.“
736 5286 1203 5359 ipsisgscilsrant
1222 5281 1967 5359 Jebusszis,’Ammorrhaeis,

324 5351 626 5435 Hevaaiset
656 5351 1108 5435 quamplurimis
1139 5359 1271 5415 aliis
1305 5351 1639 5435 nationibus
1670 5351 1969 5435 reges,qui

323 5424 558 5510 a‘Josue
578 5424 746 5510 juxta
802 5424 1030 5510 Domini
1064 5440 1416 5510 praeceptum
1450 5450 1551 5503 per
1579 5432 1695 5489 Noe
1729 5424 1969 5491 maledi-

324 5499 481 5549 ctum
520 5497 803 5563 prolatum
837 5497 1199 5556 exterminati
1230 5497 1385 5557 sunt.

2150 5223 2467 5314 46)llzec
2489 5227 2784 5314 expositio.
2800 5248 2840 5314 a‘
2860 5228 2992 5287 divo
3016 5232 3729 5314 Hieronymodesumpta.

2080 5293 2184 5383 ilbi
2219 5293 2360 5383 illud
2395 5293 2663 5383 nostram,
2696 5302 2923 5383 videtur
2954 5306 3145 5373 potius
3176 5293 3736 5383 emenldanduimZZt

2080 5364 2394 5435 legendum
2426 5373 2817 5434 nationem,vel
2849 5364 3061 5431 eorum.

2178 5438 2331 5509 1147)
2366 5438 2533 5496 Hebr.
2554 5459 2655 5521 μιν..
2778 5462 2790 5500 :
2832 5447 2985 5501 Vivus
3014 5457 3093 5521 est
3125 5453 3276 5505 enim
3304 5469 3482 5508 sermo
3527 5454 3649 5521 Dei,
3684 5464 3738 5511 et

2076 5509 2291 5597 emant,
2327 5521 2377 5565 et
2405 5515 2804 5597 penetraoilior
2832 5522 2983 5573 omni
3008 5520 3194 5597 gladio
3224 5526 3458 5595 ancipiti
3484 5543 3502 5577 :
3532 5533 3586 5580 et
3612 5509 3741 5597 per;

400 5564 580 5665 (1'144)
614 5566 675 5665 [ξι
692 5573 922 5665 ἔλπιζε..
979 5585 1158 5642 marg.
1219 5572 1312 5626 hic
1344 5573 1480 5665 nleg.
1542 5593 1664 5646 cap.
1726 5577 1879 5647 XXX,
1913 5584 1970 5635 et
2079 5564 2291 5648 tingmzs
2327 5564 2493 5654 usqlue
2521 5587 2594 5637 ad
2623 5585 2949 5665 divisionem
2977 5564 3269 5655 aziimseﬂc
3296 5564 3546 5665 spiritus,
3579 5564 3735 5653 02m-

326 5634 670 5714 paulopost
690 5634 995 5714 Dominica
1019 5634 1151 5714 ιικιῖι
1186 5650 1313 5714 post
1344 5634 1502 5699 Pent.

394 5706 573 5792 (1145)
632 5707 984 5792 (loncutcatio
1031 5706 1242 5792 legitur
1298 5715 1355 5769 in
1416 5717 1567 5792 cod.,
1621 5720 1775 5791 quod
1797 5720 1968 5792 juxta

322 5792 525 5839 omnes
551 5777 833 5839 lectiones
862 5777 1240 5841 emendatum
1271 5785 1494 5844 censui.

2072 5667 2273 5741 pagum
2306 5670 2534 5741 quoque,
2569 5672 2631 5741 ac
2660 5658 3048 5741 medullarum,
3107 5669 3160 5719 et
3214 5658 3482 5723 αἰδένείον
3522 5658 3733 5741 vagitu-

2076 5722 2390 5794 tionum,‘et
2421 5722 2791 5784 intentionum
2818 5732 3015 5788 cordis.
