3898 6404
74 416 196 475 585

615 414 1032 476 EXPOSITIO
1077 415 1154 475 IN
1204 415 1637 476 EPISTOLAS
1684 415 1945 477 PAULI.
1974 417 2148 475 —lN
2198 416 2444 477 EPIST.
2495 420 2599 477 AD
2643 420 2978 481 PHILIPP.

3378 430 3515 489 .586

69 544 309 616 junxit:
335 546 570 601 Orontes
599 547 754 601 omni
781 554 1023 617 tempore
1052 548 1113 601 in
1141 548 1365 618 spiritu.
1402 548 1470 602 Et
1498 546 1647 602 bene
1680 547 1738 602 in
1771 548 1823 613 Α
1859 548 2233 603 commendat
2265 548 2442 602 etiam
2472 550 2909 619 profectionem.
2944 556 3084 608 Cum
3118 556 3259 611 dicit
3290 557 3516 613 Charis-

75 637 286 708 spt'ritu
313 634 481 701 dicit,
519 639 582 690 ut
615 651 730 689 non
780 635 1047 691 dicamus
1092 638 1269 692 verba
1298 638 1598 701 n'ieditata,
1648 637 1734 691 vel

74 724 339 795 scripta;
374 724 478 779 sed
509 724 753 778 interior
804 723 1000 791 homo,
1033 726 1091 779 id
1123 729 1231 795 est,
1267 726 1535 796 spiritus,
1570 726 1745 796 pleno

79 811 378 868 desiderio
408 817 557 880 oret,
589 821 645 868 et
671 815 824 868 omni
842 819 1087 884 tempore
1106 819 1248 869 oret.
1274 813 1425 869 Nota
1445 814 1599 885 quod
1626 814 1707 869 ait
1738 832 1755 868 :

82 903 195 958 Per
237 917 490 958 omnem.
540 901 844 974 Multiplex
895 907 984 958 est
1022 904 1177 958 enim
1211 904 1436 960 oratio:
1467 920 1624 958 nunc
1652 920 1756 975 pro

77 990 280 1056 nobis,
311 1006 473 1046 nunc
505 1006 610 1061 pro
638 989 793 1060 aliis,
825 1006 984 1046 nunc
1030 1008 1133 1062 pro
1184 990 1299 1061 his,
1331 1007 1460 1063 qua:
1492 992 1561 1045 ad
1598 992 1755 1046 futu-

78 1096 207 1136 ram
235 1079 448 1152 (1148),
473 1094 633 1134 nunc
661 1096 762 1151 pro
792 1079 908 1146 his,
936 1096 1064 1151 quae
1091 1081 1160 1134 ad
1197 1086 1541 1148 praesentem
1573 1080 1754 1135 vitam

77 1171 401 1242 pertinent.
419 1168 570 1224 Nota
592 1169 750 1241 quod
775 1169 1148 1224 cessantibus
1173 1169 1358 1240 (1149)
1374 1169 1567 1224 verbis
1589 1169 1756 1241 spiri-

75 1262 176 1313 tus
207 1258 388 1313 debet
418 1272 587 1313 orare
613 1274 627 1323 ;
660 1262 719 1312 et
748 1256 1002 1329 qualiter
1054 1256 1332 1323 ostendit,
1395 1272 1530 1312 cum
1563 1256 1708 1311 dicit
1738 1274 1750 1311 :

81 1349 250 1403 Omni
281 1355 541 1418 tempore.
574 1347 643 1401 Et
697 1346 837 1417 quia
894 1345 1201 1401 subaudiri
1256 1350 1483 1417 poterat
1526 1349 1751 1401 certum

80 1444 345 1508 tempus,
379 1434 440 1491 id
473 1438 582 1501 est,
616 1434 743 1490 dies
774 1435 845 1490 ad
879 1434 1245 1506 operandam
1279 1434 1467 1504 (1150)
1489 1434 1627 1488 data
1648 1433 1753 1488 ho-

81 1524 229 1580 mini
258 1539 277 1580 :
308 1523 443 1581 ideo
471 1524 812 1595 subjunxit:
845 1525 911 1579 Et
939 1525 997 1578 in
1030 1524 1150 1594 ipso
1182 1524 1475 1591 vigilantes
1502 1524 1565 1576 in
1603 1522 1755 1577 omni

81 1615 386 1684 instantia,
421 1628 495 1668 ne
523 1612 810 1677 videlicet,
843 1611 1022 1667 veluti
1053 1611 1434 1676 dormientes,
1466 1610 1634 1679 lecta,
1667 1610 1752 1665 vel

82 1703 503 1758 commendata
522 1700 809 1757 dicamus.
833 1701 995 1756 Sicut
1018 1699 1173 1756 enim
1198 1699 1497 1755 dormiens
1521 1698 1754 1771 ignorat

1869 639 2044 690 simus
2062 637 2458 705 frater,m.-n_;ni
2484 638 2671 693 meriti
2701 645 3222 712 monstratur,cum
3247 645 3521 701 charissi-

1873 743 2006 781 mus
2063 743 2190 781 esse
2246 727 2459 781 dicitur
2517 728 2699 783 Pauli.
2749 730 2855 783 Sed
2903 732 3056 785 unde
3087 732 3522 791 charissimus?

1868 814 2316 885 Nunquid‘quia
2348 816 2511 871 illius
2543 821 2664 871 erat
2686 818 2955 874 minister
2976 821 3003 874 ἱ)
3024 821 3290 877 Aitenim
3318 839 3330 877 :
3356 824 3519 880 Mini-

1865 906 1975 957 ster
2004 905 2064 957 in
2094 904 2363 971 Domino;
2399 904 2454 958 id
2488 910 2597 971 est,
2631 906 2690 960 in
2725 908 3115 978 praedicando.

1938 992 2220 1063 Sequitur
2244 1009 2256 1046 :
2296 993 2360 1048 Ut
2385 997 2721 1061 cognoscatis
2748 1012 2868 1067 quae
2896 998 3050 1051 circa
3074 1015 3171 1053 nos
3192 1005 3340 1067 sunt,
3365 1005 3475 1055 etc.
3498 1020 3511 1069 ;

1864 1080 1923 1135 id
1954 1085 2065 1147 est,
2098 1097 2246 1151 quas
2278 1097 2481 1152 pmnas
2540 1087 2597 1137 et
2647 1100 2794 1153 quas
2856 1090 3092 1140 catenas
3140 1089 3418 1158 patimur.
3458 1092 3522 1145 Ut

1863 1171 2173 1225 consoletur
2200 1170 2363 1225 corda
2394 1176 2592 1243 vestra,
2626 1189 2698 1227 ne
2729 1174 2799 1227 de
2846 1190 2975 1228 mea
3025 1191 3185 1241 cura,
3217 1180 3273 1231 et
3302 1177 3521 1233 sollici-

1865 1258 2072 1313 tudine
2096 1257 2392 1314 laboretis.
2418 1260 2498 1313 De
2520 1277 2586 1315 eo
2609 1262 2763 1331 quod
2787 1263 3029 1331 grandis
3053 1264 3372 1321 consolatio
3395 1283 3523 1321 esse

1863 1350 2093 1416 poterat
2123 1348 2327 1402 audire
2361 1348 2607 1402 Paulum
2641 1350 2835 1403 Romae
2860 1350 2915 1405 in
2940 1351 3179 1407 domina
3200 1354 3525 1419 urbium,et

1866 1434 1926 1488 in
1961 1450 2091 1490 arce
2123 1436 2370 1490 Romani
2405 1436 2636 1507 imperii
2670 1437 2738 1491 de
2769 1455 3017 1505 carcere,
3051 1446 3107 1494 et
3156 1442 3225 1495 de
3272 1443 3523 1498 vinculis

1868 1522 2336 1594 triumphantem
2369 1543 2382 1592 ;
2417 1530 2473 1579 et
2503 1525 2634 1580 ideo
2666 1526 2983 1597 Tychicum
3019 1528 3203 1599 (1153)
3230 1546 3357 1585 esse
3380 1530 3521 1584 mis-

1865 1628 2021 1679 sum,
2057 1617 2121 1665 ut
2151 1612 2328 1667 vitam
2362 1618 2421 1668 et
2450 1615 2949 1671 conversationem
2970 1617 3135 1672 Pauli
3161 1619 3246 1673 eis
3278 1618 3515 1673 nuntia-

1870 1704 1975 1755 ret.
2011 1700 2224 1772 Magna
2252 1701 2489 1773 quidem
2523 1703 2843 1758 consolatio
2874 1720 3001 1759 esse
3052 1710 3277 1777 poterat
3307 1706 3526 1761 imitari

83 1792 243 1863 quod
266 1791 448 1856 dicit;
476 1789 558 1845 ita
582 1789 699 1856 ille,
724 1789 827 1862 qui
850 1789 1219 1860 italoquitur
1240 1788 1480 1857 orando,
1501 1793 1567 1841 ut
1592 1786 1751 1842 aliud
1861 1786 2204 1855 volentium,
2241 1806 2413 1845 nosse
2460 1790 2659 1845 omnia
2715 1807 2842 1861 quae
2898 1794 2968 1847 ab
3024 1794 3302 1865 Apostolo
3351 1811 3515 1865 gere—

83 1880 327 1952 eogitet.
356 1878 509 1934 Nota
536 1879 691 1950 quod
725 1883 925 1934 monet
950 1893 1049 1950 pro
1090 1877 1292 1932 sanctis
1342 1892 1530 1943 orare,
1561 1879 1618 1931 et
1648 1891 1753 1947 pro
1782 1909 1830 1974 Β
1861 1876 2104 1933 bantur.
3390 1902 3391 1905 η

84 1986 168 2032 se.
202 1971 274 2024 Et
305 1967 578 2025 homines
606 1966 841 2034 tumidi,
875 1972 932 2022 et
956 1965 1194 2038 superbi
1243 1965 1579 2037 despiciunt
1607 1981 1747 2020 ora-

108 2058 308 2114 tiones
337 2061 679 2130 saugtorum
712 2056 1028 2128 requirere.
1062 2055 1209 2110 Nota
1243 2055 1397 2126 quod
1426 2058 1484 2109 et
1504 2055 1629 2126 ipse
1646 2059 1774 2109 orat

97 2164 199 2218 pro
231 2145 531 2217 Ephesiis,
567 2149 623 2199 et
644 2150 830 2215 rogat,
857 2149 922 2199 ut
944 2143 1128 2215 etipsi
1153 2147 1324 2198 orent
1352 2158 1457 2213 pro
1488 2142 1636 2213 ipso.
1662 2141 1770 2196 Ubi

87 2235 383 2292 discimus
404 2235 564 2305 quod
587 2240 646 2289 et
673 2233 895 2305 praelati
918 2250 1021 2303 pro
1045 2231 1321 2299 subditis,
1342 2234 1400 2286 et
1419 2229 1645 2284 subditi
1667 2244 1771 2301 pro

97 2324 359 2396 praelatis
380 2324 598 2381 debent
619 2338 807 2378 orare.
838 2322 950 2378 Sed
975 2320 1106 2375 vide
1127 2319 1283 2390 quod
1309 2334 1424 2373 non
1448 2334 1552 2389 pro
1577 2318 1769 2389 sospi-

96 2418 210 2468 tate
236 2411 493 2479 carnali,
522 2415 626 2466 aut
651 2427 756 2483 pro
778 2408 1205 2480 temporalibus
1230 2407 1566 2478 quibusque
1593 2406 1770 2461 rebus

95 2506 259 2573 rogat
292 2517 494 2566 orare,
518 2500 620 2554 sed
645 2503 711 2552 ut
733 2499 907 2554 detur
925 2497 976 2551 ei
995 2512 1225 2563 sermo;
1250 2495 1306 2550 id
1340 2500 1448 2559 est,
1481 2500 1547 2549 ut
1577 2511 1769 2549 sermo

101 2590 390 2654 abundet,
424 2593 484 2642 et
514 2604 577 2641 os
610 2586 873 2657 apertius
921 2584 1198 2655 loquatur
1227 2600 1362 2637 cum
1394 2584 1610 2637 ﬁducia
1642 2583 1769 2637 sine

102 2678 303 2749 aliqua
330 2674 748 2745 trepidatione.
783 2674 931 2727 Nota
963 2673 1119 2743 quod
1154 2672 1262 2727 hoc
1291 2671 1487 2742 ipsum
1521 2672 1604 2726 eis
1638 2686 1768 2741 pro-

102 2768 325 2831 desset,
357 2779 509 2833 quos
541 2766 765 2827 monet,
796 2766 860 2816 ut
890 2765 1076 2815 orent.
1112 2759 1216 2813 Ubi
1266 2759 1555 2821 discimus
1604 2773 1770 2811 orare

102 2872 207 2927 pro
237 2853 339 2910 his
365 2868 518 2923 quos
548 2851 829 2906 docemus
860 2850 919 2904 in
952 2848 1217 2903 Domino.

174 2941 499 3013 Sequitur:
529 2955 631 3011 pro
660 2953 789 3010 quo,
821 2942 933 2993 etc.
962 2954 977 3004 ;
1028 2937 1086 2991 id
1138 2940 1247 3005 est,
1296 2934 1626 3007 Evangelia.
1661 2934 1765 2990 Le-

103 3037 283 3105 gntus
313 3028 551 3093 Christi,
585 3026 721 3082 licet
771 3026 828 3080 in
877 3030 1083 3081 catena
1129 3024 1231 3091 sit,
1277 3027 1477 3079 tamen
1505 3022 1768 3078 ofﬁcium

105 3116 547 3191 evangelizandi
571 3114 817 3187 peragit.
841 3114 952 3169 Sed
975 3117 1124 3179 orat,
1146 3117 1212 3169 ut
1227 3129 1341 3168 non
1361 3110 1561 3167 dolore
1579 3112 1771 3165 vinca—

106 3214 204 3264 tur
228 3224 243 3275 ;
281 3206 424 3280 quia
441 3220 649 3261 omnes
668 3202 847 3275 legati
869 3200 1031 3257 verbi
1053 3200 1195 3257 talia
1215 3199 1509 3255 sustinere
1530 3199 1765 3254 debent.

1952 1965 2268 2035 Sequitur:
2303 1967 2443 2035 Pax,
2502 1970 2610 2021 etc.
2672 1966 2752 2021 De
2803 1984 2870 2022 eo
2919 1970 3072 2039 quod
3130 1968 3338 2024 ultima
3395 1987 3531 2041 pars

1880 2052 2137 2122 epistolre
2196 2054 2448 2123 precatio
2509 2060 2617 2108 est.
2676 2055 2954 2110 Precatur
3005 2062 3061 2111 et
3117 2062 3281 2128 optat
3325 2075 3526 2129 pacem

1883 2140 2398 2206 fratribus,deinde
2418 2142 3164 2213 charitatem,postmodum
3198 2146 3531 2201 ﬁdem.Haec

1881 2233 2043 2294 sunt,
2074 2245 2203 2299 qua:
2235 2230 2552 2300 perfectum
2582 2230 2801 2285 faciunt
2820 2231 3239 2298 Christianum,
3264 2235 3361 2289 sed
3395 2234 3533 2290 cha-

1882 2316 2027 2371 ritas
2058 2318 2248 2386 major
2278 2321 2367 2370 est
2400 2334 2536 2388 pace
2569 2318 2614 2387 (1
2645 2318 2763 2373 Cor.
2798 2336 2922 2383 xm,
2957 2321 3083 2386 13);
3110 2321 3249 2391 quia
3270 2327 3412 2377 sunt
3432 2322 3533 2392 qui

1880 2403 2151 2469 tolerant,
2176 2421 2324 2475 quos
2356 2422 2468 2460 non
2501 2405 2773 2477 diligunt.
2801 2407 2948 2461 Nota
2969 2409 3124 2478 quod
3150 2409 3277 2463 sine
3308 2410 3419 2464 ﬁde
3443 2427 3530 2464 rc-

1882 2492 2046 2563 liqua
2075 2492 2361 2547 inutiliter
2389 2494 2712 2560 habentur;
2747 2500 2810 2548 ut
2838 2495 3011 2550 illud:
3040 2497 3225 2564 Omne,
3258 2499 3530 2569 quodnon

1882 2591 1957 2634 cst
1987 2598 2056 2633 cx
2085 2581 2211 2647 ﬁde,
2242 2586 2521 2651 peccatum
2554 2586 2629 2636 es!
2666 2584 2837 2651 (Rom.
2887 2602 2999 2650 xw,
3033 2586 3143 2655 13).
3176 2586 3326 2641 Nota
3356 2588 3532 2641 etiam

1881 2670 2036 2738 quod
2072 2669 2198 2738 ipsa
2231 2669 2375 2723 tides
2403 2687 2534 2723 cum
2594 2672 2832 2741 reliquis
2882 2673 3197 2727 virtutibus
3230 2692 3263 2728 a
3292 2676 3536 2729 Domino

1884 2758 2079 2811 datur.

1952 2846 2229 2916 Sequitur
2272 2864 2283 2901 :
2333 2848 2527 2901 Gratia
2558 2856 2742 2902 autem
2774 2864 2899 2903 cum
2930 2851 3204 2919 omnibus,
3230 2856 3338 2907 etc.
3368 2853 3441 2907 De
3472 2868 3539 2906 eo

1880 2934 2037 3005 quod
2061 2940 2397 3006 corruptam
2428 2935 2644 2991 habent
2666 2937 2835 2991 ﬁdem
2862 2937 3137 3004 haeretici,
3159 2940 3257 3010 qui
3284 2942 3353 2994 de
3371 2940 3538 2994 Chri-

1881 3029 1970 3078 sto
2001 3040 2117 3077 non
2152 3029 2305 3078 recte
2336 3024 2637 3091 sentiunt;
2670 3031 3004 3095 corruptam
3053 3028 3252 3095 etiam,
3286 3028 3386 3097 qui
3418 3044 3533 3082 non

1880 3115 2039 3165 recta
2064 3111 2389 3165 intentione
2410 3112 2461 3165 ei
2485 3110 2777 3175 serviunt;
2804 3118 3137 3184 corruptam
3161 3119 3217 3168 et
3236 3114 3448 3185 illi,qui
3475 3115 3534 3169 in

1883 3200 1990 3253 hac
2020 3203 2248 3253 tantum
2281 3199 2399 3253 vita
2430 3204 2569 3253 sunt
2599 3204 2903 3269 sperantes
2929 3202 2986 3255 in
3018 3201 3265 3256 Christo.
3286 3207 3412 3257 Non
3436 3203 3534 3258 de-

110 3271 279 3353 Unde
302 3271 616 3365 sequitur:
649 3271 818 3347 Ita'et
845 3293 906 3346 in
938 3292 1077 3361 ipso,
1111 3295 1220 3344 etc.
1254 3288 1402 3352 Quid
1433 3288 1593 3344 enim
1615 3286 1773 3343 aliud
1804 3271 1847 3337 C
1886 3288 2124 3342 fuerunt
2152 3286 2253 3357 qui
2286 3286 2696 3341 intellexerunt
2715 3293 3041 3359 corruptos,
3067 3290 3165 3361 qui
3190 3292 3539 3347 concubitus

111 3386 267 3443 inter
296 3384 566 3451 adversa,
592 3385 651 3437 et
680 3381 963 3437 adversus
988 3394 1189 3451 poenas
1221 3377 1427 3432 debuit
1454 3392 1643 3440 orare,
1661 3374 1776 3430 nisi

112 3480 178 3530 ut
210 3471 433 3528 ﬁducia
483 3470 597 3527 sibi
643 3470 886 3529 daretur
932 3468 1006 3523 ad
1062 3465 1562 3522 manifestandum
1595 3465 1776 3519 Evan-

114 3561 340 3636 gelium
362 3560 391 3615 ?
420 3559 569 3614 Nota
599 3558 757 3629 quod
791 3563 932 3613 tunc
961 3556 1151 3625 major
1174 3554 1387 3609 ﬁducia
1408 3558 1518 3613 est.
1544 3553 1778 3624 quando

114 3650 354 3723 copiose
388 3654 447 3705 et
474 3644 901 3703 rationabiliter
932 3644 1169 3700 dicitur.

187 3738 377 3811 (1151)
408 3736 723 3808 Sequitur:
762 3735 824 3791 Ut
872 3737 1061 3789 autem
1109 3748 1202 3788 vos
1253 3731 1462 3794 sciatis,
1496 3734 1605 3785 etc.
1636 3728 1783 3784 Nota

117 3829 276 3903 quod
289 3828 414 3883 duo
425 3824 653 3894 dicit,id
666 3829 911 3894 est,quaa
926 3821 1079 3877 circa
1092 3836 1184 3876 me
1199 3817 1572 3890 sunt,etquid
1589 3833 1781 3890 agam.

119 3920 287 3974 Circa
318 3916 517 3988 ipsum
549 3914 693 3986 quid
722 3917 915 3977 erant,
948 3910 1062 3969 nisi
1093 3914 1310 3966 catenae
1330 3908 1358 3962 ‘I
1380 3908 1450 3962 Et
1479 3907 1621 3978 quid
1653 3923 1786 3978 age-

1885 3375 2304 3446 experientiam
2341 3374 2599 3445 capiunt,
2635 3375 2735 3444 qui
2758 3376 2930 3447 vulgo
2954 3378 3212 3448 corrupti
3236 3378 3537 3433 dicuntur.

1888 3464 1998 3518 Sed
2032 3463 2326 3533 quomodo
2360 3464 2431 3516 ab
2462 3462 2571 3516 hac
2602 3463 2791 3533 gratia
2821 3465 3094 3535 coniugia
3116 3472 3318 3520 sancta
3344 3466 3539 3521 exclu-

1888 3551 2145 3606 duntur?
2167 3553 2834 3623 Quaproptercorruptio
2852 3553 3391 3623 dicituroujuslibet
3410 3570 3540 3624 pec-

1890 3642 2001 3695 cati
2034 3640 2373 3695 dominatio.
2409 3640 2659 3710 Diligere
2689 3657 2820 3695 vero
2852 3641 3165 3696 Dominum
3200 3642 3256 3696 in
3291 3644 3543 3696 incorru-

1888 3730 2072 3801 ptione
2100 3732 2206 3794 est,
2243 3744 2355 3782 non
2390 3744 2632 3798 regnare
2655 3734 2957 3799 peccatum
2992 3730 3050 3784 in
3085 3734 3284 3785 nostro
3316 3728 3547 3785 mortali

1894 3833 2155 3889 corpore,
2187 3820 2296 3870 etc.
2327 3818 2498 3871 Amen
2518 3823 2713 3871 autem
2739 3818 2906 3889 quasi
2938 3819 3009 3872 ad
3041 3818 3547 3873 confirmationem

1895 3905 2186 3972 omnium,
2210 3921 2335 3974 quae
2360 3905 2632 3976 superius
2660 3907 2876 3976 scripta
2906 3912 3066 3971 sunt,
3096 3906 3153 3961 in
3185 3907 3298 3961 ﬁne
3324 3906 3547 3977 posuit;

123 4009 243 4072 bat,
276 4005 397 4063 nisi
426 4004 720 4060 instanter
749 3999 1041 4057 docebat?
1071 3998 1154 4054 De
1197 3997 1291 4051 his
1320 3996 1403 4052 nil
1440 4011 1542 4068 per
1571 3995 1790 4066 episto-
1898 4010 2001 4066 per
2047 4009 2222 4063 quem
2278 3992 2654 4047 Hebrworum
2714 4010 3042 4049 sermonem
3102 4011 3239 4048 vera
3268 3999 3325 4048 et
3357 3992 3554 4048 ﬁdelia

125 4096 243 4152 lam
276 4092 527 4167 pandit;
556 4090 661 4147 sed
692 4089 893 4145 omnia
924 4103 1027 4160 per
1057 4086 1330 4152 missum,
1359 4084 1419 4139 id
1449 4088 1558 4148 est,
1583 4082 1788 4154 Tychi-

127 4202 261 4243 cum
286 4183 477 4255 (1152)
502 4180 763 4237 mandat.
787 4178 972 4249 Cujus
995 4176 1153 4233 enim
1176 4173 1435 4271 ostendit
1455 4186 1788 4245 personam,

201 4361 393 4436 (1148)
451 4358 645 4415 Verba
696 4357 839 4423 hmo,
893 4371 1108 4411 nunc...
1167 4356 1442 4424 futurum,
1492 4351 1553 4407 in
1604 4366 1792 4422 marg.

136 4435 440 4505 leguntur.

204 4490 394 4577 (1119)
419 4502 696 4558 Fortasse
722 4497 1213 4577 incessantibztsmt
1232 4495 1517 4577 referatur
1532 4492 1603 4577 ad
1625 4490 1793 4577 illud,

545 4587 698 4644 pore,
756 4573 819 4626 in
864 4569 1015 4644 omni
1063 4564 1487 4644 instantia:_v_el
1522 4564 1701 4644 etiam
1726 4567 1799 4644 .ut

130 4651 308 4722 jacet,
340 4645 472 4705 scil.
535 4634 603 4701 ut
661 4634 854 4698 mente
910 4640 1110 4710 etiam,
1170 4636 1543 4693 cessantibus
1580 4634 1794 4700 verbis,

134 4581 194 4633 in
221 4592 375 4633 0mm
429 4577 542 4630 tem

1899 4098 2049 4151 esse,
2084 4098 2211 4153 quae
2245 4080 2466 4152 scripta
2497 4085 2657 4145 sunt,
2693 4082 3193 4136 demonstrantur.

1972 4170 2213 4241 Empticit
2239 4171 2493 4241 cpistolat
2521 4170 2591 4224 ad
2622 4169 2898 4241 Ephesios.

1904 4364 2163 4406 oremus.

2004 4420 2162 4487 1150)
2193 4419 2460 4473 Fortasse
2490 4419 2568 4472 ad
2596 4417 2893 4472 orandum.

2006 4490 2163 4561 1151)
2195 4493 2259 4542 In
2292 4494 2709 4561 autoggmarg.
2745 4488 2835 4543 hic
2866 4488 2978 4559 leg.
3013 4504 3141 4560 cap.
3172 4488 3359 4543 XXXI.

1980 4559 2163 4626 (1152)
2200 4561 2261 4613 In
2293 4560 2415 4612 cod.
2454 4559 2700 4612 Titz'cum.

1984 4633 2165 4704 (1153)
2200 4631 2267 4684 Et
2296 4630 2391 4684 hic
2422 4630 2614 4684 denuo
2646 4630 2895 4683 Titicum.

139 4810 3561 4844 ww

663 5005 1130 5105 INCIPIT
1199 5001 1815 5097 EPISTOLA
1882 4999 2047 5092 AD
2120 4995 3054 5090 PHILIPPENSES.

152 5363 642 5441 Philippensibus
669 5354 990 5430 Apostolus
1038 5352 1283 5441 verbum
1311 5350 1447 5407 ﬁdei
1478 5348 1813 5441 praedicavit
1842 5360 1888 5424 Ι)
1920 5346 2172 5441 pleniter
2202 5360 2305 5441 eos
2338 5342 2617 5397 instruxit
2655 5345 2714 5396 et
2753 5339 3023 5441 solidavit
3062 5341 3301 5441 in‘ﬁde.
3335 5344 3402 5441 lit
3426 5343 3575 5441 quia

154 5457 209 5510 in
238 5430 466 5510 visione
488 5446 854 5512 admonitus,
880 5442 1036 5499 sicut
1058 5440 1116 5495 in
1138 5438 1381 5495 Actibus
1414 5436 1813 5509 apostolorum
1928 5438 2058 5507 post
2086 5434 2215 5504 ejus
2256 5432 2597 5487 abscessum
2638 5447 2754 5485 non
2795 5435 2934 5485 sunt
2971 5430 3238 5486 translati
3285 5433 3356 5487 ad
3389 5431 3572 5498 aliud,

155 5542 386 5616 legitur,
448 5544 517 5596 ut
573 5533 878 5593 accederet
931 5530 1004 5586 ad
1061 5546 1183 5594 eos,
1240 5531 1298 5616 et
1336 5525 1596 5616 aperiret
1646 5540 1817 5616 aures
1927 5524 2082 5616 sicut
2125 5521 2363 5616 Galatia,
2393 5517 3131 5616 laudanturabApostclo.
3162 5520 3315 5616 Laus
3344 5534 3576 5616 quoque

157 5604 467 5688 eo‘rumad
526 5621 890 5682 audiendum
945 5618 1191 5673 verbum
1248 5614 1350 5670 Dei
1387 5614 1522 5685 (Act.
1556 5629 1671 5680 xv1,
1706 5612 1817 5682 19).
1928 5611 2198 5673 istorum,
2228 5607 2577 5678 vituperatio
2610 5610 2697 5661 est
2728 5604 2999 5676 aliorum,
3030 5607 3089 5662 id
3132 5613 3221 5663 est
3249 5606 3577 5663 Corinthio-

160 5719 373 5780 Mansit
403 5715 566 5777 enim
599 5711 759 5787 apud
798 5707 932 5765 illos
988 5705 1196 5764 diebus
1251 5701 1477 5775 multis,
1510 5715 1820 5778 quousque
1929 5715 2081 5757 rum.
2116 5696 2189 5754 Hi
2220 5696 2401 5767 enim,
2433 5712 2565 5754 cum
2599 5693 2875 5770 Apostolo
2910 5696 3264 5770 praedicante
3294 5693 3575 5751 credidis-

478 5845 754 5906 PATIOL.
800 5831 1126 5899 CXXXIV.
3184 5822 3258 5882 19
