3898 6400
389 400 500 454 ὕὶςῖ
1411 388 1667 444 A'l"l‘(_lN
1685 387 1746 442 IS
1801 386 1840 440 V
1859 383 2039 440 EllCl‘.

2224 381 2380 439 .‘lSlS
2435 378 2779 439 EPISCOPI

3687 377 3794 440 588

391 531 542 593 sent,
571 529 804 580 tantum
864 524 922 578 in
982 524 1094 577 lide
1146 527 1202 577 et
1261 519 1506 576 scientia
1565 517 1936 589 profecerunt
1985 516 2048 568 ut
2076 513 2132 580 Α
2165 511 2254 583 pis
2285 511 2490 567 civitas
2520 515 2609 566 est
2638 509 3000 566 Macedonia.
3035 510 3104 565 lli
3135 512 3368 582 accepto
3396 510 3571 566 verbo
3601 511 3798 569 verita-

393 615 568 670 etiam
607 614 979 684 Evangelium
1013 612 1395 683 praedicarent
1449 613 1623 678 atque
1664 605 2040 660 defenderent

394 720 428 758 a
461 701 964 773 pseudoapostolis
987 704 1419 772 impugnatum.
1449 699 1691 767 Propter
1717 694 1824 748 hoc
1853 693 1923 747 ab
1946 691 2040 746 his

391 791 566 847 etiam
599 789 810 860 accipit
831 793 1124 861 sumptus,
1148 794 1209 844 ut
1230 788 1360 843 aliis
1387 785 1696 857 prazdicare
1725 783 2036 838 sufficeret.

391 879 507 933 Hos
541 895 674 934 vero
709 878 1071 946 collaudans,
1106 881 1303 932 monet
1359 893 1477 942 eos,
1538 891 1609 929 ne
1669 871 2040 944 passionibus

390 966 547 1022 illius
573 971 917 1032 terreantur,
944 967 1158 1038 quibus
1179 983 1292 1021 non
1319 963 1643 1021 destruitur
1664 959 2040 1027 Evangelium

387 1056 618 1124 Christi,
642 1056 742 1110 sed
775 1056 1175 1122 conﬁrmatur,
1197 1054 1338 1125 quia
1369 1070 1472 1126 pro
1496 1069 1556 1108 re
1583 1051 1731 1106 falsa
1752 1048 1838 1104 vel
1863 1047 2043 1102 dubia

388 1149 552 1200 tanta
581 1145 832 1216 perferre
864 1161 979 1199 non
1014 1148 1230 1216 posset.
1259 1144 1369 1198 Sed
1404 1141 1673 1214 quamvis
1703 1138 2038 1203 laudentur,

388 1239 553 1289 erant
583 1233 730 1288 inter
759 1249 858 1288 eos
904 1231 1252 1304 imperfecti.
1317 1233 1383 1286 Et
1441 1247 1556 1286 non
1617 1229 1870 1295 mirum;
1905 1225 2044 1297 quia

387 1327 589 1378 sancta
622 1321 873 1377 Ecclesia
930 1321 1208 1394 permista
1271 1325 1378 1386 est,
1423 1319 1564 1391 quia
1596 1334 1732 1374 area
1763 1320 1870 1387 est,
1903 1313 2044 1386 quia

395 1411 599 1466 tandiu
617 1415 787 1466 erunt
803 1428 986 1483 grana
1004 1412 1176 1466 mista
1196 1427 1331 1465 cum
1355 1409 1561 1480 paleis,
1583 1421 1892 1478 quousque
1914 1420 2044 1459 ven-

392 1499 752 1571 tilabrojusti
766 1500 1129 1555 discriminis
1148 1497 1761 1571 permundetur.Quod
1780 1494 2046 1564 designa-

391 1589 566 1643 batur
596 1603 695 1660 per
725 1589 1016 1660 hoc,quod
1048 1589 1300 1644 Jebuszci
1334 1587 1750 1642 habitaverunt
1780 1600 1914 1638 cum
1944 1585 2045 1636 Ju-

393 1676 532 1731 dazis
564 1677 623 1732 in
654 1677 978 1733 Jerusalem
1011 1677 1207 1746 (Judic.
1270 1695 1306 1744 1,
1365 1676 1478 1746 21).
1538 1674 1685 1740 Quid
1747 1673 1903 1727 enim
1943 1686 2045 1743 per

392 1765 739 1836 Jerusalem,
774 1783 899 1837 qua)
940 1768 1074 1822 visio
1117 1765 1330 1821 dicitur
1373 1766 1547 1836 pacis,
1596 1762 1708 1818 nisi
1747 1758 2045 1816 Ecclesia?

2149 601 2224 656 tis
2284 602 2668 673 perstiterunt
2725 601 2784 654 in
2848 601 2983 669 ﬁde,
3047 617 3150 655 nec
3227 603 3572 669 receperunt
3630 600 3796 658 falsos

2151 691 2469 762 apostolos.
2499 695 2618 746 Hos
2650 689 2964 756 collaudat,
2990 689 3252 745 scribens
3276 690 3359 744 eis
3382 693 3566 744 Roma
3587 690 3659 745 de
3682 708 3795 747 car-

2151 796 2278 835 cere
2300 797 2400 851 per
2425 779 2908 851 Epaphroditum.
2933 779 3078 834 Cum
3100 795 3234 834 vero
3259 779 3420 846 dicit,
3454 781 3722 850 episcopis
3748 786 3795 835 et

2149 869 2488 938 diaconibus,
2518 887 2632 926 non
2665 869 2992 941 pontifices,
3027 869 3128 923 sed
3165 869 3795 941 presbyteros,nomine

2152 959 2578 1030 episcoporum,
2607 958 2734 1016 vult
2766 957 3034 1029 intelligi.
3060 959 3185 1013 Non
3219 958 3376 1014 enim
3410 965 3534 1014 erat
3565 958 3710 1014 ratio
3739 964 3795 1014 ut

2151 1046 2211 1101 in
2237 1064 2354 1102 una
2383 1048 2615 1103 civitate
2671 1046 2867 1119 plures
2924 1051 3122 1102 essent
3169 1047 3450 1119 episcopi.
3510 1047 3617 1104 Illo
3648 1048 3793 1104 enim

2153 1139 2410 1206 tempore
2441 1135 2760 1208 presbyteri
2790 1135 3047 1208 episcopi
3068 1136 3448 1191 vocabantur.

2221 1224 2368 1287 Quid
2400 1241 2532 1279 vero
2564 1224 2783 1280 sanctis
2841 1228 3023 1295 optat,
3085 1225 3362 1291 ostendit,
3395 1239 3533 1280 cum
3566 1224 3794 1280 subdit:

2154 1313 2342 1368 Gratia
2368 1313 2539 1381 vobis,
2573 1317 2624 1368 et
2649 1329 2766 1384 pax
2797 1328 2832 1366 α
2861 1314 2985 1368 Deo.
3020 1313 3086 1368 Et
3117 1312 3380 1385 pulchre,
3415 1312 3554 1385 quia
3579 1317 3796 1370 sancto-

2152 1421 2284 1458 rum
2312 1402 2598 1457 memoria
2637 1419 2772 1458 cum
2821 1401 3148 1474 gratiarum
3200 1404 3429 1459 actione
3460 1403 3792 1460 celebratur.

2153 1492 2353 1548 Gratia
2401 1491 2558 1547 enim
2619 1497 2730 1560 est,
2790 1509 2906 1563 qua
2965 1492 3303 1549 relaxantur
3361 1496 3636 1565 peccata:
3696 1510 3797 1565 pax

2153 1598 2308 1651 vero,
2371 1598 2485 1652 qua
2536 1580 2992 1637 reconciliantur
3048 1581 3188 1638 Deo.
3247 1581 3372 1637 Huc
3435 1597 3623 1653 usque
3651 1581 3794 1638 salu-

2155 1671 2254 1726 tati
2265 1689 2297 1726 o
2306 1713 2319 1726 .

2225 1760 2536 1832 Sequitur:
2573 1759 2790 1816 Gratias
2825 1775 2926 1829 ago
2956 1761 3061 1814 Deo
3089 1775 3230 1828 meo,
3265 1763 3374 1816 etc.
3406 1759 3554 1816 Nota
3591 1759 3738 1832 quod
3765 1776 3794 1814 a

397 1854 464 1908 Et
491 1855 629 1926 quid
663 1872 764 1926 per
791 1855 1110 1921 Jebusmos,
1132 1855 1231 1926 qui
1253 1855 1635 1910 conculcantes
1657 1852 2045 1922 interpretan-
2079 1887 2126 1952 B
2156 1850 2477 1921 gratiarum
2509 1849 2734 1905 actione
2764 1849 3021 1905 inchoat.
3057 1849 3206 1905 Nota
3254 1849 3430 1904 etiam
3471 1849 3631 1920 quod
3665 1849 3793 1905 dile-

394 1947 512 2009 tur,
545 1942 656 1998 nisi
688 1943 825 1999 mali
856 1945 1274 2014 designantur?
1293 1943 1610 1998 Moraliter.
1631 1939 1778 2006 Quid
1809 1944 1899 1994 est
1920 1939 2046 1994 ani-

397 2048 494 2086 ma
524 2037 746 2102 sancta,
780 2032 892 2086 nisi
948 2031 1317 2088 Jerusalem?
1349 2035 1503 2098 Quae,
1535 2029 1804 2101 quamvis
1834 2028 2048 2083 habeat

394 2120 627 2191 pietatis
686 2137 751 2175 ac
805 2121 1130 2176 sanctitatis
1195 2137 1390 2191 opera,
1453 2118 1720 2189 nunquid
1781 2117 2047 2172 funditus

397 2213 552 2263 caret
584 2207 773 2263 malo?
803 2209 947 2273 Quia
979 2225 1114 2279 ergo
1146 2209 1205 2262 in
1238 2209 1435 2263 anima
1467 2212 1670 2263 sancta
1702 2212 1840 2261 sunt
1869 2207 2047 2261 Jebu-

400 2297 520 2366 sesi,
553 2296 610 2351 id
643 2301 732 2352 est
760 2296 1092 2352 affectiones
1153 2297 1477 2362 contrarias,
1525 2297 1596 2350 ad
1652 2295 1760 2350 hoc
1823 2295 2046 2349 laboret

401 2401 637 2440 necesse
663 2389 842 2453 est,ut
859 2385 998 2456 quia
1013 2385 1396 2457 concupiscit,
1414 2384 1897 2456 concupiscentia
1929 2399 2046 2438 non

402 2472 748 2540 consentiat,
782 2479 1071 2544 quatenus
1128 2475 1240 2530 etsi
1301 2492 1334 2530 a
1389 2479 1552 2545 tergo
1597 2477 1952 2540 murmurat,
1987 2473 2047 2526 in

401 2563 548 2618 facie
579 2579 693 2616 non
726 2563 977 2618 resistat.
1010 2562 1223 2618 Taliter
1270 2579 1504 2618 necesse
1545 2567 1652 2631 est,
1687 2562 1837 2629 dico,
1872 2560 2043 2630 vivat,

401 2652 498 2722 qui
531 2667 665 2706 cum
690 2650 1162 2723 Philippensibus
1189 2651 1416 2707 laudari
1441 2657 1497 2706 et
1519 2668 1758 2706 sensum
1788 2648 2047 2722 Apostoli

399 2745 703 2811 penetrare
733 2739 1042 2795 desiderat.
1079 2741 1159 2796 De
1189 2757 1253 2796 eo
1285 2741 1440 2812 quod
1468 2739 1896 2810 Philippenses,
1928 2741 2047 2796 Ma-

399 2830 649 2883 cedones
676 2828 852 2883 iidem
885 2828 1065 2883 Graeci
1085 2833 1222 2884 sunt
1244 2847 1255 2884 :
1278 2846 1403 2899 qua:
1437 2829 1753 2900 provincia,
1773 2829 1844 2883 ab
1877 2829 2044 2882 Ema-

401 2921 460 2972 te
489 2915 776 2985 Emathia,
810 2917 1019 2973 deinde
1077 2935 1111 2972 a
1171 2918 1486 2973 Macedone
1545 2934 1676 2988 rege
1716 2917 2049 2973 Macedonia

404 3005 562 3060 dicta
589 3010 697 3060 est.
717 3005 834 3076 Ipsi
865 3011 1003 3060 sunt
1026 3005 1202 3062 Jones
1229 3024 1261 3061 a
1288 3007 1474 3062 Jaban
1509 3006 1626 3061 lilio
1652 3006 1866 3077 Japhet
1895 3023 2047 3061 nun-

407 3093 620 3165 cupati.
655 3093 735 3148 De
766 3109 831 3148 eo
862 3095 1016 3164 quod
1072 3094 1282 3166 positio
1335 3095 1511 3165 hujus
1566 3095 1872 3166 provinciae
1913 3094 2046 3150 talis

409 3188 517 3238 est.
576 3182 762 3237 Habet
820 3183 890 3238 ab
949 3183 1169 3238 oriente
1227 3201 1387 3240 mare
1445 3186 1750 3256 dignum;
1811 3184 1883 3240 ad
1951 3201 2046 3240 oc-

2159 1939 2412 1994 ctionem
2443 1956 2610 1994 suam
2644 1954 2780 2011 erga
2801 1955 2900 1994 eos
2922 1939 3197 2005 ostendit,
3222 1955 3324 2010 pro
3349 1937 3568 2010 quibus
3592 1938 3792 1994 indesi-

2158 2032 2366 2083 nenter
2423 2031 2565 2083 orat.
2625 2029 2878 2084 Attende
2932 2028 3088 2100 quod
3142 2027 3404 2096 instruit,
3461 2031 3528 2084 ut
3557 2044 3675 2083 non
3704 2044 3791 2100 pro

2159 2122 2380 2187 nostro,
2414 2122 2515 2172 aut
2553 2121 2888 2172 nostrorum
2949 2116 3159 2181 solum,
3218 2117 3320 2173 sed
3376 2134 3480 2188 pro
3541 2117 3792 2172 omnium

2158 2207 2420 2278 profectu
2452 2206 2781 2262 laudemus.
2815 2207 2884 2261 Et
2915 2207 3054 2277 quia
3081 2207 3231 2276 justi
3261 2211 3452 2274 erant,
3485 2205 3617 2262 ideo
3648 2205 3790 2270 dicit,

2156 2312 2280 2350 cum
2307 2296 2508 2366 gaudio
2533 2296 2977 2367 deprecationem
3020 2297 3266 2367 faciens:
3321 2297 3607 2368 quoniam
3637 2295 3788 2350 aliter

2157 2388 2286 2438 orat
2315 2401 2418 2456 pro
2449 2384 2690 2452 Galatis,
2725 2383 2891 2439 aliter
2919 2401 3024 2455 pro
3057 2384 3557 2456 Philippensibus.
3594 2383 3657 2439 In
3690 2381 3794 2437 illis

2157 2479 2283 2528 erat
2312 2490 2544 2542 maeror,
2595 2473 2733 2544 quia
2781 2478 3179 2542 recesserant;
3231 2473 3291 2529 in
3340 2473 3469 2529 istis
3500 2472 3792 2545 gaudium,

2159 2561 2298 2633 quia
2329 2564 2584 2618 stabant.
2609 2563 2678 2617 Et
2698 2579 2806 2617 nos
2825 2578 2961 2617 cum
2984 2562 3198 2634 gaudio
3222 2579 3461 2618 oramus
3485 2579 3592 2634 pro
3613 2561 3793 2628 bonis,

2158 2667 2291 2705 cum
2324 2667 2568 2706 mcerore
2598 2667 2732 2706 vero
2777 2667 2881 2722 pro
2931 2650 3124 2706 malis.
3157 2651 3304 2706 Nota
3333 2651 3489 2724 quod
3523 2651 3790 2724 gaudium

2157 2739 2266 2794 hoc
2296 2740 2452 2794 dicat
2482 2739 2760 2811 spiritale,
2797 2757 2911 2795 non
2964 2740 3281 2812 corporale.
3315 2740 3478 2796 Unde
3506 2757 3641 2797 vero
3670 2756 3790 2812 gra—

2156 2829 2272 2884 tias
2304 2834 2457 2900 agat,
2489 2829 2723 2900 exponit
2751 2846 2885 2885 cum
2916 2830 3089 2885 dicit:
3121 2846 3286 2902 super
3312 2831 3788 2886 communicatione

2157 2926 2332 2972 vestra
2359 2934 2372 2972 :
2407 2918 2465 2972 id
2495 2923 2584 2974 est
2615 2919 2753 2990 quia
2784 2918 3230 2975 communicatis
3264 2935 3518 2987 mecum,
3554 2921 3791 2991 Evange-

2158 3005 2304 3062 lium
2336 3007 2723 3078 praedicando.
2767 3008 2928 3072 Quod
2987 3024 3120 3063 vero
3178 3007 3338 3076 dicit,
3392 3025 3430 3064 a
3480 3011 3666 3081 primo
3693 3009 3786 3072 die,

2157 3095 2600 3168 intelligendum
2657 3100 2763 3165 est,
2818 3113 2853 3152 a
2902 3101 3185 3169 tempore,
3241 3112 3310 3153 ex
3376 3113 3492 3169 quo
3555 3095 3788 3154 credidi-

2161 3185 2304 3254 stis;
2340 3202 2405 3241 ac
2437 3185 2486 3242 si
2514 3186 2767 3242 diceret:
2813 3186 2877 3242 In
2925 3185 3098 3256 bono,
3150 3187 3306 3258 quod
3346 3185 3627 3260 capiatis,
3670 3201 3788 3258 per-

406 3287 547 3326 casu
590 3269 979 3340 Dalmatiam;
1014 3289 1048 3327 a
1079 3271 1318 3328 meridie
1364 3273 1603 3342 Asiam;
1654 3273 1726 3328 ab
1777 3274 2048 3345 aquilone
2077 3257 2122 3322 C
2162 3274 2459 3332 severatis.

404 3359 670 3432 Mysiam.

927 3449 1185 3504 INCIPIT
1226 3451 1523 3506 TEXTUS.

470 3538 623 3606 (CAP.
658 3537 726 3607 Ι.)
758 3538 966 3593 Paulus
993 3546 1045 3594 et
1071 3540 1392 3595 Timotheus.
1419 3540 1524 3596 Per
1547 3541 1654 3597 hoc
1677 3543 1828 3613 quod
1860 3545 2044 3614 Apos-

395 3626 488 3680 lus
511 3627 758 3681 aliorum
783 3643 983 3682 secum
1011 3627 1479 3700 nominajungit,
1506 3635 1868 3685 monstratur
1889 3631 2044 3701 quod

394 3731 498 3786 per
529 3715 848 3769 multorum
882 3733 983 3770 ora
1016 3716 1269 3786 Spiritus
1291 3723 1532 3772 sanctus
1557 3719 1738 3772 unum
1773 3719 2044 3788 exprimit

397 3820 657 3873 sensum,
685 3821 861 3858 unam
891 3805 1102 3859 format
1124 3805 1468 3860 doctrinam.
1500 3807 1612 3861 Nec
1645 3807 1880 3873 mirum,
1906 3807 2045 3878 quia

395 3892 768 3946 multitzulinis
797 3893 1132 3948 credentium
1163 3902 1279 3948 erat
1327 3912 1418 3949 cor
1448 3912 1620 3949 unum
1651 3896 1786 3962 (Act.
1822 3912 1896 3962 1v,
1927 3896 2038 3966 32).

398 3979 472 4036 Ut
528 3980 663 4035 hinc
718 3982 948 4037 discant
998 3983 1404 4053 pradicatores
1473 4001 1588 4039 uno
1651 4001 1747 4040 ore
1802 3984 2042 4040 laudare

396 4069 604 4125 Deum.
640 4075 712 4125 De
743 4088 806 4126 eo
838 4072 993 4141 quod
1049 4089 1260 4127 nomen
1313 4090 1489 4127 suum
1542 4090 1700 4129 more
1743 4090 1948 4145 regum
1979 4074 2039 4129 in

396 4158 683 4230 principio
716 4161 878 4230 ponit
899 4159 1300 4231 epistolarum,
1329 4166 1391 4216 ut
1414 4162 1759 4232 dignitatem
1784 4163 1871 4217 sui
1906 4179 2041 4233 apo-

396 4246 645 4302 stolatus
676 4249 960 4303 ostendat.
995 4248 1072 4303 De
1103 4265 1167 4303 eo
1202 4249 1354 4319 quod
1391 4250 1721 4320 apostolum
1772 4267 1834 4305 se
1864 4254 2035 4320 tacet,

396 4335 534 4406 quia
563 4335 680 4390 illis
712 4337 1001 4392 scribebat
1033 4336 1133 4406 qui
1167 4337 1236 4391 de
1266 4337 1364 4392 illo
1397 4344 1551 4394 recta
1582 4340 1932 4394 sentiebant.
1962 4345 2038 4394 De

393 4423 600 4480 morali
624 4425 1026 4480 instructions.
1051 4425 1130 4481 De
1152 4442 1217 4480 eo
1241 4427 1395 4497 quod
1419 4427 1809 4484 conditionem
1844 4433 2038 4484 osten-

391 4512 498 4582 dit,
531 4529 663 4567 cum
722 4515 944 4579 subdit,
976 4517 1157 4582 servi;
1219 4532 1335 4570 non
1394 4517 1688 4584 vitiorum,
1731 4518 1852 4583 sed,
1912 4520 2038 4572 Jesu

2227 3365 2411 3436 (1154)
2442 3364 2588 3428 Quia
2619 3380 2862 3420 securus
2891 3364 2962 3420 de
3008 3364 3108 3420 Dei
3158 3364 3536 3422 miseratione
3569 3363 3790 3422 conﬁdit

2155 3453 2287 3510 illos
2319 3457 2812 3525 perseveraturos,
2853 3453 2981 3509 ideo
3033 3453 3215 3510 dicit:
3269 3454 3564 3525 Conﬁdens
3598 3456 3692 3510 hoc
3718 3455 3790 3525 ip-

2153 3561 2297 3609 sum,
2331 3545 2462 3613 quia
2493 3544 2590 3614 qui
2615 3545 2772 3614 coepit
2808 3544 2866 3598 in
2896 3543 3043 3598 vobis
3090 3559 3240 3615 opus,
3301 3548 3413 3599 etc.
3470 3543 3622 3600 Nota
3651 3541 3789 3616 quod

2153 3632 2248 3686 hic
2280 3631 2531 3686 destruit
2561 3629 2713 3699 illos,
2746 3631 2846 3702 qui
2892 3631 3097 3687 dicunt
3127 3649 3160 3687 a
3190 3632 3360 3688 nobis
3394 3631 3673 3690 inchoare
3700 3633 3787 3687 bo-

2153 3721 2466 3776 num.Ecce
2489 3719 2750 3792 dicit,qui
2769 3723 2946 3793 erepit:
2971 3726 3029 3776 et
3051 3722 3333 3778 Dominus
3359 3739 3371 3778 :
3397 3722 3532 3777 Sine
3555 3739 3638 3778 me
3656 3720 3788 3776 nihil

2146 3808 2374 3877 potestis
2431 3807 2606 3875 (Joan.
2662 3824 2753 3877 xv,
2786 3809 2840 3878 5)
2877 3825 2889 3862 :
2924 3811 2981 3862 et
3011 3807 3358 3864 Psalmista:
3419 3809 3784 3867 Misericordia

2151 3897 2267 3966 ejus
2285 3896 2585 3964 prazvenict
2604 3912 2690 3950 me
2711 3897 2880 3967 (Psal.
2913 3898 3126 3968 Lvm,l)
3153 3903 3278 3968 ;et:
3312 3900 3688 3956 Misericordia
3705 3907 3786 3954 tua

2148 3988 2518 4057 subsequatur
2535 4001 2621 4040 me
2641 3986 2813 4057 (Psal,
2836 4003 2973 4054 xxu,
2997 3987 3076 4058 6).
3102 3987 3230 4059 Ipse
3252 3988 3409 4043 enim
3432 3990 3711 4060 praevenit
3729 3991 3786 4043 ut

2149 4074 2418 4142 velimus,
2461 4079 2517 4128 et
2555 4075 2681 4146 ipse
2723 4075 3107 4147 subsequitur
3147 4094 3217 4132 ne
3259 4077 3517 4134 inaniter
3553 4079 3785 4135 velimus

2149 4163 2496 4233 (li55),nota
2513 4164 2667 4234 quod
2686 4163 2829 4219 diem
2849 4165 3049 4220 Christi
3065 4167 3341 4230 vocat,vel
3359 4167 3587 4224 obitum
3606 4169 3787 4239 cujus-

2150 4251 2377 4322 que,vel
2395 4251 2946 4322 diemjudicii.Nota
2973 4254 3150 4310 etiam
3183 4257 3337 4326 quod
3370 4256 3465 4313 his
3485 4258 3676 4316 verbis
3695 4273 3782 4312 eos

2149 4341 2220 4396 ad
2241 4341 2727 4411 perseverantiam
2746 4348 3037 4413 provocat.
3053 4345 3122 4399 Et
3149 4350 3288 4401 nota
3311 4348 3467 4417 quod
3477 4349 3689 4419 justum
3703 4346 3782 4402 di-

2149 4429 2228 4483 cit
2250 4429 2347 4484 hoc
2368 4447 2429 4484 se
2456 4431 2678 4498 sentire,
2713 4449 2778 4487 eo
2811 4434 2964 4504 quod
2997 4432 3210 4490 habeat
3239 4434 3372 4491 illos
3394 4439 3456 4490 in
3476 4437 3639 4494 corde
3657 4445 3705 4492 et
3733 4436 3786 4490 in

2147 4521 2383 4574 vinculis
2407 4539 2418 4587 ;
2456 4521 2622 4592 quasi
2649 4521 2802 4577 dicat
2825 4541 2837 4578 :
2867 4524 3008 4579 adeo
3032 4541 3132 4579 vos
3163 4524 3362 4598 diligo,
3389 4531 3455 4582 ut
3478 4544 3583 4584 nec
3605 4528 3784 4583 vincu-

395 4601 615 4656 Christi.
652 4602 779 4657 Haec
810 4603 1062 4658 conditio
1113 4603 1362 4660 nobilior
1405 4611 1493 4660 est
1539 4606 1699 4660 omni
1731 4607 2034 4676 dignitate,
2069 4623 2116 4687 D
2149 4608 2223 4677 Ia,
2251 4609 2337 4663 vel
2372 4609 2600 4682 ﬂagella
2632 4611 2858 4681 possint
2887 4613 3232 4669 memoriam
3272 4615 3451 4671 vestri
3508 4618 3730 4673 auferre
3757 4630 3785 4670 a

395 4690 531 4760 quia
561 4706 762 4746 servus
793 4692 1026 4758 Christi,
1058 4709 1258 4746 servus
1292 4699 1380 4748 est
1411 4696 1678 4763 justitiee,
1713 4696 2034 4766 sapientia},

395 4780 702 4848 castitatis,
734 4786 791 4834 ct
817 4780 908 4836 his
957 4780 1190 4834 similia.
1228 4782 1371 4836 Nam
1423 4785 1560 4852 quia
1609 4783 1823 4840 Paulus
1854 4793 1910 4839 et
1939 4786 2037 4840 Ti-

396 4868 665 4922 motheus
696 4868 979 4936 scribunt,
1011 4869 1327 4923 videndum
1385 4876 1473 4925 est
1527 4872 1741 4942 quibus
1772 4874 1871 4940 ait,
1902 4891 2032 4928 san-

394 4957 490 5008 ctis
519 4957 801 5010 omnibus:
868 4974 980 5011 non
1039 4956 1516 5028 Philippensibus
1575 4962 1887 5030 omnibus;
1933 4963 2035 5016 sed

393 5045 612 5110 sanctis,
661 5061 730 5098 ne
759 5048 978 5100 mittant
1029 5049 1382 5114 margaritas,
1440 5052 1546 5102 etc.
1583 5049 1788 5117 (Matth.
1823 5068 1925 5116 v11,
1955 5052 2031 5121 6);

394 5145 496 5183 nec
527 5132 886 5201 quibuslibet
919 5134 1157 5201 sanctis,
1191 5135 1289 5190 sed
1326 5137 1384 5190 in
1419 5136 1629 5191 Chrsito
1660 5139 1802 5192 Jesu.
1851 5141 2035 5196 Haere-
2099 5145 2102 5148 ’

389 5215 486 5269 tici
518 5235 632 5272 non
661 5226 798 5274 sunt
827 5224 884 5276 in
915 5223 1142 5278 Christo
1169 5225 1378 5291 sancti,
1404 5226 1543 5296 quia
1574 5243 1688 5280 non
1716 5231 1868 5282 recte
1899 5245 2032 5285 sen-

389 5301 542 5357 tiunt
570 5307 640 5360 de
671 5308 918 5365 Christo.

459 5390 768 5462 Sequitur:
803 5398 906 5464 Qui
929 5404 1052 5455 sunt
1082 5403 1377 5474 Philippis.
1415 5405 1491 5459 De
1524 5420 1589 5460 eo
1621 5405 1777 5476 quod
1809 5406 2034 5481 Philip-

679 5621 741 5702 [ῃ.
771 5628 972 5702 autog.
997 5643 1178 5702 marg.
1210 5631 1304 5688 hic
1333 5633 1441 5702 leg.
1479 5651 1526 5690 c.
1566 5635 1634 5690 If.

2148 4698 2320 4752 corde
2374 4714 2524 4753 meo.
2584 4700 2647 4753 In
2705 4701 3024 4769 defensione
3080 4719 3235 4772 vero,
3283 4713 3336 4760 et
3390 4707 3786 4776 conﬁrmatione

2145 4787 2434 4854 Evangelii
2462 4787 2602 4840 dicit
2633 4786 2766 4843 illos
2797 4789 2909 4843 sibi
2939 4792 3126 4859 socios,
3153 4794 3476 4849 secundum
3500 4795 3609 4851 hoc
3639 4792 3781 4866 quod

2147 4875 2418 4945 superius
2452 4876 2694 4942 dixerat,
2727 4893 2890 4948 super
2916 4883 3416 4938 communicatione
3429 4893 3630 4940 vestra.
3652 4883 3783 4938 Nota

2146 4964 2303 5033 quod
2332 4963 2390 5018 in
2424 4965 2655 5020 duobus
2696 4967 2925 5037 praefert
2972 4969 3378 5042 Philippenses
3420 4973 3705 5045 Ephesiis,
3731 4969 3780 5025 id

2145 5058 2252 5123 est,
2287 5053 2344 5108 in
2377 5053 2485 5108 hoc
2524 5056 2680 5124 quod
2723 5060 2915 5112 certus
2959 5065 3047 5114 est
3075 5059 3145 5114 de
3177 5064 3611 5132 perseverantia
3638 5063 3780 5134 ipso-

2147 5157 2300 5207 rum,
2374 5147 2432 5197 et
2497 5145 2650 5213 quod
2718 5146 2978 5215 quotidie
3055 5147 3287 5206 lectioni
3365 5153 3668 5208 vacabant.
3722 5149 3782 5204 Et

2144 5230 2385 5301 pulchre
2445 5232 2586 5287 dicit
2641 5237 2809 5289 socios
2867 5237 3078 5305 gaudii,
3139 5239 3310 5309 quasi
3370 5240 3626 5296 diceret:
3680 5237 3782 5293 sic-

2145 5324 2211 5375 ut
2239 5320 2382 5376 socii
2442 5322 2586 5378 estis
2638 5321 2857 5380 laboris
2913 5331 2970 5381 et
3027 5327 3326 5401 doctrinae,
3387 5329 3552 5387 eritis
3595 5323 3780 5401 gaudii

2145 5427 2307 5467 SOOII.

495 5689 645 5768 1155)
680 5694 819 5749 Vide
879 5689 1476 5775 caeterasulspistolas,
1519 5689 1916 5779 potissimum
1955 5711 2026 5769 ad
2066 5717 2258 5786 Rom.,
2293 5716 2390 5771 ubi
2422 5716 2491 5772 de
2523 5716 2709 5789 gratia
2739 5716 2935 5776 divina
2967 5720 3105 5794 agit.
