3898 6408
326 464 433 520 591

1354 447 1689 507 AT'l‘llNlS
1740 444 2315 503 VEHCELLICNSIS
2367 441 2709 502 liPlSCOPl

3623 440 3745 499 592

328 592 428 649 ille
458 588 769 664 praedicare
799 585 1096 643 Christum
1128 599 1244 639 non
1276 579 1615 637 desistebat.
1646 577 1717 632 Et
1745 576 1855 632 hoc
1885 577 1975 631 est
2002 574 2058 641 Α
2087 573 2317 629 manebo
2348 590 2367 627 :
2415 590 2546 664 vere
2593 576 2670 664 ut
2708 575 2892 645 pater,
2924 586 3058 628 vere
3104 573 3172 664 ut
3219 570 3481 664 famulus
3509 571 3640 641 Dei,
3672 572 3742 629 de

333 682 487 755 quod
519 679 757 736 subdit:
790 678 902 733 sive
924 692 1025 747 per
1054 675 1242 738 vitam,
1272 675 1385 725 sive
1412 685 1508 740 per
1534 671 1800 755 mortem;
1822 680 1900 755 ac
1924 664 1975 718 si

333 753 537 828 dicat:
590 768 650 824 Si
700 766 1001 823 tolerando
1057 779 1256 835 poenas
1303 760 1515 827 vixero,
1566 753 1977 828 praedicabitur

333 859 616 925 Christus,
652 861 708 911 et
737 857 785 911 si
818 855 1003 928 pcenis
1035 855 1303 907 mortuus
1336 849 1519 912 fuero,
1551 845 1740 916 magis
1775 841 1979 916 praedi-

335 948 564 1002 cabitur
583 946 851 1002 Christus
872 942 1085 1015 (1161);
1110 956 1241 996 cum
1263 936 1517 991 viderint
1539 951 1631 990 me
1663 950 1767 989 nec
1789 931 1976 1004 poenis

334 1035 636 1102 detritum,
661 1034 870 1104 (1162),
896 1047 999 1085 nec
1026 1032 1213 1084 morte
1235 1029 1600 1093 revocatum;
1627 1024 1729 1078 sed
1756 1021 1816 1076 in
1839 1037 1977 1093 prae-

336 1123 623 1179 dicatione
665 1135 1083 1192 perseverasse.

407 1210 684 1282 Sequitur
713 1224 727 1263 :
782 1208 915 1263 Mihi
958 1208 1106 1263 enim
1136 1207 1318 1260 vivere
1361 1204 1604 1259 Christus
1633 1209 1732 1269 est,
1767 1204 1876 1255 etc.
1910 1198 1982 1252 Et

335 1304 426 1357 est
450 1314 659 1354 sensus
682 1312 695 1350 :
724 1295 897 1352 Nulla
921 1293 1067 1350 mihi
1086 1292 1357 1350 voluntas
1381 1296 1465 1348 est
1483 1290 1578 1345 hic
1599 1288 1850 1355 vivendi,
1867 1286 1982 1342 nisi

336 1392 403 1443 ut
433 1403 645 1458 corpus
674 1384 953 1440 aedificem
984 1381 1248 1455 exemplo
1282 1397 1431 1437 meo.
1467 1380 1713 1435 Mortem
1745 1393 1859 1433 non
1904 1375 1983 1430 ti-

336 1492 487 1542 meo,
507 1475 647 1546 quia
666 1476 885 1531 lucrum
910 1477 1000 1528 est
1029 1471 1174 1527 mihi
1202 1472 1363 1526 mori.
1394 1471 1585 1527 Vivere
1614 1474 1810 1523 autem
1840 1465 1985 1520 mihi

338 1564 582 1619 Christus
600 1568 706 1635 est,
729 1578 868 1634 quia
897 1562 996 1634 qui
1028 1561 1089 1615 in
1122 1560 1222 1615 illo
1247 1562 1463 1632 sperat,
1486 1572 1720 1629 semper
1738 1555 1897 1623 vivit,
1926 1558 1985 1610 et

337 1668 511 1717 nunc,
537 1656 594 1707 et
623 1651 1018 1722 postmodum.
1042 1648 1198 1704 Nihil
1234 1664 1370 1720 ergo
1404 1646 1547 1702 illud
1580 1649 1687 1715 est,
1716 1645 1872 1716 quod
1896 1642 1982 1697 illi

338 1745 540 1815 agunt.
573 1740 704 1796 Sive
732 1740 1023 1808 occidant,
1056 1738 1174 1793 sive
1206 1737 1391 1809 pcenis
1421 1736 1699 1801 lacerent,
1725 1732 1868 1787 mihi
1902 1732 1983 1786 nil

339 1829 548 1885 horum
583 1832 770 1893 nocet,
803 1827 942 1899 quia
968 1828 1110 1882 mihi
1136 1829 1338 1894 vivere,
1369 1830 1479 1881 etc.
1513 1824 1674 1895 Quod
1701 1824 1753 1879 si
1780 1824 1982 1888 vivere,

339 1922 449 1974 etc.
475 1917 622 1981 Quia
645 1916 917 1989 superius
947 1916 1206 1972 dixerat:
1240 1915 1373 1969 Mihi
1398 1915 1583 1969 vivere
1609 1911 1854 2012 Christus
1875 1920 1987 1977 est;
2016 1949 2064 2014 B

339 2010 397 2062 et
425 2005 715 2062 incertum
734 2008 859 2061 erat
878 2006 951 2061 de
980 2021 1095 2076 qua
1124 2003 1243 2059 vita
1263 2003 1528 2073 dixisset,
1551 2019 1624 2058 an
1645 2002 1716 2057 de
1745 2001 1881 2069 ista,
1909 2018 1983 2057 an

339 2095 411 2150 de
440 2094 660 2164 futura,
693 2093 823 2149 ideo
854 2093 1086 2163 adjecit,
1119 2093 1189 2147 de
1219 2092 1355 2163 ista,
1387 2107 1514 2163 quas
1559 2093 1620 2146 in
1662 2106 1829 2145 carne
1871 2093 1980 2145 est.

337 2186 502 2251 Cum,
535 2181 751 2253 inquit,
782 2184 843 2237 in
880 2198 1046 2237 carne
1075 2198 1230 2247 sum,
1261 2183 1475 2252 fructus
1501 2180 1641 2234 mihi
1671 2180 1852 2248 operis
1880 2183 1982 2234 est.

338 2270 445 2337 Qui
480 2269 749 2326 fructus?
796 2269 869 2326 Ut
898 2271 1207 2342 praedicem
1237 2269 1558 2339 Christum,
1593 2272 1657 2323 ut
1685 2267 1986 2323 salvantur

337 2357 530 2429 multi,
562 2362 619 2414 et
649 2357 1017 2415 illuminetur
1044 2359 1324 2416 mundus.
1356 2357 1459 2413 Isti
1490 2361 1629 2414 sunt
1658 2357 1890 2412 fructus
1920 2356 1982 2411 in

337 2463 511 2503 carne
537 2446 805 2503 viventis.

405 2533 715 2605 Sequitur:
750 2536 823 2589 Et
850 2534 982 2606 quid
1009 2536 1240 2605 eligam,
1273 2536 1483 2604 ignoro.
1516 2537 1583 2588 Et
1613 2537 1704 2589 est
1732 2549 1979 2589 sensus:

337 2621 396 2677 Si
426 2622 663 2691 morior,
686 2622 918 2679 lucrum
945 2623 1153 2690 habeo,
1173 2624 1312 2695 quia
1331 2623 1403 2677 ad
1430 2622 1598 2678 illum
1619 2623 1788 2687 vado,
1808 2638 1984 2693 quem

338 2710 519 2783 diligo
545 2736 560 2780 ;
592 2728 850 2780 rursum,
884 2712 935 2768 si
965 2712 1061 2767 hic
1087 2712 1235 2779 vivo,
1266 2713 1520 2767 fructum
1552 2712 1744 2783 operis
1776 2712 1985 2779 habeo,

340 2798 788 2871 evangelizando
818 2800 1141 2867 Christum,
1186 2804 1244 2856 et
1294 2801 1366 2855 ad
1416 2800 1592 2855 ﬁdem
1642 2800 1987 2855 adducendo

340 2887 582 2944 multos.
618 2889 775 2955 Ideo,
808 2888 1025 2960 inquit,
1057 2890 1253 2945 nescio
1298 2894 1498 2945 utrum
1529 2892 1778 2944 mortem
1812 2905 1987 2960 appe-

340 2982 487 3045 tam,
518 2994 592 3032 an
624 2977 817 3032 adhuc
847 2977 908 3032 in
936 2978 1059 3033 vita
1089 2994 1383 3033 maneam.

409 3066 685 3137 Sequitur
717 3081 731 3121 :
785 3065 1041 3121 Coarctor
1090 3070 1277 3121 autem
1322 3082 1350 3121 e
1399 3065 1630 3133 duobus,
1663 3068 1771 3120 etc.
1804 3065 1886 3121 De
1922 3081 1988 3121 eo

343 3154 498 3226 quod
529 3154 734 3211 beatus
757 3152 1122 3225 Augustinus
1142 3153 1283 3210 dicit
1304 3154 1590 3210 incertum
1615 3168 1742 3209 esse
1765 3158 1987 3221 utrum,

339 3242 549 3298 duobus
599 3243 1086 3314 concupitcentiam
1115 3242 1298 3313 (1163)
1347 3242 1572 3310 habens,
1620 3259 1695 3298 an
1743 3249 1992 3299 coarctor

2085 664 2315 719 duabus
2347 662 2771 735 cupiditatibus
2814 664 3071 717 arctatus
3118 660 3295 733 elegit
3344 677 3585 718 manere
3637 679 3744 734 pro

2086 751 2239 808 aliis.
2261 752 2620 819 Permanebo,
2644 750 2871 822 inquit;
2905 751 2964 805 id
2992 753 3101 818 est,
3126 766 3315 822 usque
3341 750 3415 805 ad
3439 751 3747 823 perfectio-

2088 858 2221 897 nem
2256 842 2541 909 manebo;
2585 840 2643 895 id
2693 845 2800 907 est,
2834 856 3013 896 causa
3057 839 3234 896 vestri
3282 840 3603 912 profectus,
3636 857 3777 912 per,

2089 931 2461 1003 praesentiam
2495 947 2685 985 meam
2716 930 2907 985 denuo
2939 930 3094 1002 apud
3126 946 3268 999 vos;
3300 930 3359 985 id
3391 934 3501 1002 est,
3535 934 3603 985 ut
3634 945 3744 1003 ego

2088 1037 2343 1091 praesens
2403 1019 2672 1082 sentiam.
2733 1019 3234 1090 quemadmodum
3301 1018 3487 1092 gloria
3548 1023 3748 1076 vestra

2088 1108 2355 1177 exsultet,
2378 1117 2429 1164 et
2460 1108 2700 1164 abundet
2721 1108 2779 1164 in
2816 1109 3058 1175 Christo;
3087 1108 3243 1180 quod
3274 1107 3573 1164 Christum
3606 1107 3744 1163 dili-

2091 1198 2230 1270 gitis
2256 1216 2269 1265 ;
2301 1198 2455 1268 quod
2481 1197 2709 1253 Christo
2742 1197 2971 1253 servitis
2995 1216 3009 1266 ;
3042 1198 3198 1269 quod
3221 1196 3437 1254 Christi
3462 1214 3565 1255 vos
3585 1197 3747 1255 servi

2093 1287 2385 1359 gaudetis.

2165 1376 2442 1447 Sequitur
2469 1394 2482 1432 :
2516 1377 2747 1432 Tantum
2774 1375 2939 1445 digne
2967 1376 3264 1445 Evangelia
3286 1374 3490 1432 Christi
3516 1391 3748 1434 convcr-

2092 1466 2319 1520 samini.
2344 1465 2591 1537 Dignam
2610 1463 2736 1520 vult
2755 1481 2854 1520 eos
2883 1464 3097 1521 habere
3116 1465 3641 1535 conversationem,
3669 1482 3752 1523 ne

2094 1555 2371 1627 poeniteat
2399 1571 2533 1610 eum
2571 1553 2829 1611 voluisse
2871 1570 3173 1611 remanere
3219 1554 3278 1610 in
3328 1571 3523 1611 carne.
3555 1554 3752 1628 Digne

2092 1648 2469 1700 conversatur
2491 1642 2821 1716 Evangelia,
2835 1644 2937 1716 qui
2954 1645 3282 1701 secundum
3303 1645 3434 1716 ejus
3453 1649 3751 1718 precepts

2090 1732 2253 1801 vivit,
2280 1732 2382 1804 qui
2405 1749 2568 1804 spem
2599 1748 2768 1788 suam
2794 1732 2854 1787 in
2878 1731 2980 1789 illo
3008 1731 3272 1789 collocat.
3296 1732 3482 1798 Quam
3503 1749 3750 1791 conver-

2095 1821 2383 1877 sationem
2403 1821 2641 1894 exponit
2663 1822 2909 1878 dicendo
2934 1838 2948 1877 :
2984 1823 3048 1878 Ut
3074 1824 3192 1879 sive
3217 1839 3343 1879 cum
3372 1838 3591 1879 venero.
3616 1822 3750 1880 Uno

2094 1910 2251 1966 enim
2281 1910 2494 1983 spiritu
2522 1914 2696 1979 stare,
2720 1910 3078 1967 unanimiter
3105 1910 3394 1979 laborare,
3415 1910 3590 1984 digne
3612 1927 3727 1969 con

2093 1998 2315 2054 versari
2340 2004 2431 2055 est
2453 1998 2786 2072 Evangelia.
2810 1999 2881 2055 Et
2898 2004 2989 2055 est
3009 2000 3173 2056 ordo.
3197 2000 3641 2057 Conversamini
3663 2000 3754 2056 di-

2093 2102 2228 2159 gne,
2261 2091 2327 2143 ut
2356 2088 2528 2158 digne
2558 2088 2630 2144 de
2657 2088 2824 2144 vobis
2852 2088 3111 2161 audiam,
3141 2091 3277 2162 quia
3314 2088 3474 2147 statis
3523 2092 3585 2146 in
3634 2105 3751 2146 uno

2094 2178 2333 2248 spiritu;
2364 2177 2593 2232 audiam
2622 2186 2809 2234 autem
2835 2178 3053 2248 absens,
3082 2178 3171 2234 vel
3200 2179 3432 2236 videam
3463 2194 3748 2251 presens.

2167 2267 2238 2321 Et
2284 2265 2455 2338 quasi
2500 2265 2919 2341 interrogasset
2965 2284 3101 2324 eum
3140 2267 3377 2341 aliquis,
3411 2284 3594 2341 quare
3621 2272 3750 2325 tam

2097 2370 2448 2426 magnopere
2465 2355 2843 2411 commendas
2862 2356 3148 2412 unitatem
3165 2355 3409 2428 spiritus
3428 2360 3486 2414 et
3502 2355 3752 2428 laboris,

2094 2443 2220 2515 ipse
2250 2443 2456 2516 aperit,
2482 2460 2617 2501 cum
2648 2444 2891 2501 subdit:
2928 2449 2996 2503 Ut
3023 2446 3082 2501 in
3112 2446 3267 2502 nullo
3298 2446 3643 2503 terreamini.
3667 2445 3757 2503 De

2096 2548 2162 2587 eo
2184 2532 2336 2604 quod
2363 2533 2534 2604 quasi
2558 2534 2678 2589 dux
2697 2534 2866 2590 docet
2886 2550 3025 2591 suos
3052 2538 3116 2589 ut
3136 2534 3256 2591 sint
3276 2534 3610 2605 unanimes,
3630 2552 3758 2593 non

2095 2620 2289 2688 divisi,
2324 2626 2389 2674 ut
2414 2621 2717 2676 victoriam
2748 2622 3009 2693 capiant,
3039 2626 3096 2677 et
3144 2638 3261 2678 non
3304 2626 3638 2680 terreantur
3677 2625 3755 2681 ab

2096 2708 2467 2764 adversariis.
2496 2709 2725 2775 Quare?
2755 2711 2902 2776 Quia
2927 2699 3010 2766 eis
3043 2711 3143 2783 qui
3175 2728 3279 2783 pro
3300 2711 3528 2768 Christo
3554 2713 3753 2769 tribu-

2095 2796 2294 2853 lantur
2322 2798 2394 2853 ad
2426 2796 2674 2854 salutem
2705 2799 2933 2871 proﬁcit
2958 2818 2971 2857 :
3004 2798 3123 2855 illis
3148 2817 3281 2857 vero
3306 2801 3406 2874 qui
3435 2801 3753 2875 tribulant,

2098 2885 2172 2941 ad
2204 2884 2541 2958 perniciem.
2566 2890 2634 2941 Et
2662 2887 2802 2958 quia
2822 2887 3131 2960 multiplex
3160 2894 3250 2945 est
3278 2889 3389 2946 iste
3414 2890 3755 2963 conﬂictus,

2020 3034 2025 3038 ,
2098 2974 2225 3030 ideo
2258 2974 2402 3029 dicit
2434 2992 2447 3030 :
2480 2976 2543 3030 In
2570 2976 2727 3031 nullo
2756 2977 3084 3033 terreamini
3099 2994 3121 3040 ;
3151 2977 3210 3033 id
3241 2981 3352 3047 est,
3379 2995 3485 3035 nec
3514 2978 3756 3037 callidis

2098 3062 2620 3135 disputationibus,
2653 3079 2843 3136 neque
2886 3066 3284 3139 passionibus,
3319 3084 3509 3140 neque
3537 3084 3759 3142 oppro-

2098 3151 2263 3207 briis.
2289 3151 2369 3208 De
2389 3168 2455 3207 eo
2478 3152 2632 3224 quod
2664 3152 2773 3209 iste
2797 3152 2960 3210 locus
2983 3158 3042 3210 et
3070 3159 3375 3229 martyres,
3398 3161 3455 3213 et
3484 3158 3762 3227 membra

2100 3240 2316 3297 Christi
2346 3239 2501 3297 inter
2543 3242 2810 3299 membra
2838 3243 3056 3300 diaboli
3088 3244 3449 3302 decertantia
3477 3246 3760 3304 corrobo-

341 3338 527 3386 autem
556 3346 585 3386 e
614 3312 825 3386 duobus
848 3348 866 3385 :
896 3334 962 3386 ut
990 3312 1134 3386 illud
1167 3312 1558 3403 adjungatur:
1593 3332 1988 3402 Concupiscen-
2019 3312 2063 3381 (ἶ
2104 3333 2212 3386 rat.

340 3421 481 3475 tiam
509 3419 713 3475 habens
750 3419 980 3475 dissolvi
1026 3423 1080 3474 et
1132 3436 1247 3474 esse
1287 3436 1410 3474 cum
1441 3418 1677 3485 Christo,
1712 3420 1813 3476 sed
1844 3437 1989 3492 quo-

341 3507 501 3562 niam
534 3507 615 3562 ita
644 3507 864 3575 subdit,
896 3507 1073 3562 multo
1101 3509 1252 3563 enim
1280 3510 1457 3577 magis
1487 3510 1755 3580 Optimum
1781 3509 1989 3580 (1164),

340 3594 455 3651 ista
486 3595 788 3668 particula,
823 3596 879 3650 id
913 3602 1022 3663 est,
1054 3598 1222 3663 enim,
1257 3595 1428 3651 solvit
1456 3596 1607 3652 hanc
1636 3597 1990 3669 ambiguita-

340 3687 482 3741 tem.
507 3685 856 3755 lnterpretes
875 3700 1028 3753 vero,
1054 3684 1155 3756 qui
1176 3685 1327 3740 hanc
1348 3684 1737 3755 abstulerunt,
1763 3685 1864 3739 illa
1888 3686 1993 3740 du-

344 3772 422 3827 cti
446 3776 584 3828 sunt
603 3773 911 3840 sententia,
932 3775 999 3827 ut
1018 3790 1133 3828 non
1156 3771 1347 3829 solum
1371 3771 1641 3843 compelli
1674 3788 1705 3826 e
1738 3771 1988 3842 duobus,

344 3860 448 3917 sed
479 3860 657 3915 etiam
688 3861 941 3915 duorum
973 3860 1189 3916 habere
1209 3858 1743 3931 concupiscentiam
1773 3860 1992 3916 videre-

343 3953 459 4004 tur.
509 3949 602 4004 Sic
657 3964 794 4020 ergo
846 3948 1330 4020 distinguendum
1378 3953 1514 4005 est:
1568 3948 1716 4016 Quod
1762 3949 1988 4019 eligam,

341 4039 535 4109 ignoro
558 4054 580 4099 ;
612 4046 854 4093 coarctor
881 4045 1062 4093 autem
1106 4054 1137 4093 e
1183 4037 1408 4093 duobus.
1443 4038 1627 4102 Quam
1661 4036 1989 4101 distinctio-

345 4140 481 4181 nem
530 4124 798 4196 sequitur
829 4142 843 4180 :
897 4125 1406 4197 Concupiscentiam
1448 4126 1655 4182 habens
1683 4125 1912 4182 dissolvi
1941 4130 1994 4183 et

344 4230 454 4270 esse
500 4229 623 4269 cum
675 4212 907 4269 Christo.
959 4214 1027 4269 Et
1077 4217 1357 4285 tanquam
1406 4219 1763 4285 quaerentur,
1810 4230 1992 4285 quare

341 4301 521 4373 hujus
549 4302 628 4357 rei
652 4302 864 4358 habeat
884 4302 1437 4373 concupiscentiam,
1456 4303 1625 4357 multo
1650 4305 1826 4374 magis
1848 4306 1991 4375 opti-

338 4407 512 4458 mum,
544 4390 754 4463 inquit.
788 4390 903 4445 Cur
933 4406 1067 4462 ergo
1115 4407 1146 4446 e
1185 4391 1415 4446 duobus
1447 4390 1763 4447 coarctaris
1784 4392 1811 4446 ?
1843 4392 1992 4458 Quia

340 4482 429 4534 est
455 4480 732 4535 manendi
755 4479 1077 4535 necessitas
1108 4479 1167 4534 in
1191 4495 1384 4535 carne.
1412 4479 1573 4549 Ecce,
1599 4497 1735 4536 cum
1758 4482 1990 4539 duobus

341 4572 687 4636 coarctetur,
720 4567 897 4622 habet
935 4567 1316 4640 cupiditatem
1368 4568 1680 4640 moriendi,
1713 4569 1888 4626 habet
1934 4575 1991 4626 et

2171 3418 2447 3490 Sequitur
2477 3438 2492 3476 :
2540 3420 2606 3476 Et
2631 3421 2730 3476 hoc
2757 3438 2794 3476 α
2823 3425 2965 3491 Deo,
2999 3426 3110 3478 etc.
3138 3440 3152 3479 :
3202 3421 3262 3478 id
3293 3426 3402 3492 est,
3435 3440 3470 3480 a
3500 3427 3615 3480 Deo
3642 3423 3761 3481 hoc

2099 3514 2395 3580 operatur,
2418 3513 2483 3563 ut
2513 3510 2672 3581 quod
2694 3509 2825 3566 aliis
2855 3514 2945 3566 est
2972 3511 3244 3584 perditio,
3265 3512 3433 3569 vobis
3457 3512 3537 3569 sit
3566 3511 3761 3570 salva-

2099 3596 2201 3652 tio.
2225 3601 2291 3652 In
2313 3598 2529 3668 quibus
2559 3597 2669 3654 hoc
2691 3600 3010 3670 operatur?
3036 3599 3102 3655 In
3132 3600 3319 3669 vobis,
3346 3601 3564 3673 quibus
3584 3601 3762 3659 dona-

2099 3692 2217 3739 tum
2237 3688 2335 3751 est,
2358 3689 2468 3740 etc.
2492 3688 2841 3757 Quanquam
2863 3687 3126 3743 studiose
3150 3689 3465 3760 Apostolus
3490 3690 3594 3746 Dei
3616 3706 3758 3764 gra-

2100 3771 2243 3826 tiam
2274 3773 2334 3826 in
2364 3772 2642 3827 omnibus
2663 3772 2921 3842 extollat,
2946 3775 3016 3830 ad
3049 3774 3284 3833 laudem
3306 3781 3505 3834 tamen
3527 3778 3756 3853 Philip-

2098 3857 2371 3927 pensium
2425 3858 2696 3929 pertinet,
2731 3860 2887 3931 quod
2936 3861 3101 3933 dicit,
3136 3878 3170 3918 a
3219 3863 3335 3920 Deo
3382 3868 3557 3921 Patre
3606 3867 3761 3940 ipsis

2100 3945 2384 4000 donatum
2417 3950 2482 4001 ut
2510 3947 2752 4002 credant
2778 3951 2836 4003 et
2863 3949 3165 4020 patiantur
3188 3967 3289 4022 pro
3322 3952 3537 4011 Christo
3570 3973 3588 4009 :
3634 3973 3755 4013 non

2100 4034 2257 4088 enim
2276 4033 2383 4090 hoc
2400 4036 2664 4091 concedit
2680 4038 3115 4105 autdonat,nisi
3136 4042 3497 4101 amatoribus
3509 4043 3754 4115 Christi,

2102 4139 2250 4194 quos
2281 4123 2405 4195 ipse
2426 4139 2623 4180 amare
2652 4142 2715 4181 se
2743 4126 2894 4181 fecit.
2920 4127 3067 4183 Nam
3100 4128 3273 4185 multi
3297 4131 3517 4189 habent
3547 4134 3755 4202 ﬁdem,

2100 4212 2201 4266 sed
2229 4228 2343 4267 non
2370 4216 2594 4268 tantam
2617 4219 2683 4269 ut
2702 4219 2944 4287 possent
2969 4218 3088 4289 pati
3117 4235 3221 4290 pro
3244 4220 3493 4278 Christo.
3518 4222 3588 4277 Et
3610 4224 3760 4295 quia

2099 4303 2323 4359 dixerat
2338 4302 2422 4358 eis
2436 4301 2633 4359 datam
2651 4308 2716 4359 ut
2731 4305 3031 4377 patiantur
3045 4323 3150 4380 pro
3164 4307 3391 4368 Christo
3400 4311 3752 4386 ,subjunxit,

2098 4394 2371 4449 certamen
2382 4433 2394 4447 .

2170 4480 2480 4553 Sequitur:
2515 4481 2663 4537 Idem
2689 4490 2981 4554 certamen,
3010 4489 3121 4541 etc.
3148 4501 3162 4541 :
3198 4486 3257 4543 id
3287 4490 3397 4555 est,
3424 4488 3556 4545 nolo
3587 4489 3755 4548 hunc

2098 4569 2379 4642 ignoretis
2411 4585 2657 4641 agonem
2688 4587 2703 4639 ;
2752 4571 2877 4643 ipse
2926 4576 3017 4628 est
3062 4589 3239 4645 quem
3278 4575 3507 4633 vidistis
3537 4576 3598 4632 in
3628 4595 3750 4649 me,

337 4657 745 4711 necessitatem
765 4655 823 4710 in
842 4673 1014 4711 carne
1032 4656 1386 4712 manendi.0
1406 4662 1693 4729 quantum
1712 4659 1986 4714 affectum
2020 4679 2066 4743 Β
2096 4658 2185 4713 vel
2216 4656 2467 4712 audistis
2497 4674 2566 4713 ex
2604 4675 2697 4714 me
2726 4684 2740 4727 ;
2788 4659 2849 4714 id
2880 4665 2989 4730 est,
3021 4678 3238 4733 carcer,
3271 4668 3503 4733 catenae,
3536 4665 3753 4740 ﬂagra,

338 4742 668 4799 dilectionis
691 4744 896 4798 habuit
924 4744 1035 4799 iste
1057 4761 1193 4816 erga
1214 4747 1512 4801 credentes
1536 4746 1547 4799 l
1574 4747 1681 4810 Qui
1705 4764 1807 4819 pro
1830 4747 1983 4820 aliis,

337 4851 454 4890 non
478 4833 630 4905 quod
664 4833 775 4889 sibi
799 4833 1108 4905 optimum,
1135 4834 1237 4888 sed
1265 4836 1419 4904 quod
1446 4837 1841 4892 necessarium
1864 4843 1988 4894 erat

337 4922 487 4990 aliis,
514 4922 705 4994 elegit,
731 4922 975 4977 dicendo
1002 4939 1015 4976 :
1049 4931 1098 4977 et
1127 4923 1224 4977 hoc
1244 4923 1539 4992 conﬁdens,
1562 4929 1671 4979 etc.
1697 4926 1834 4988 Quis
1867 4944 1983 4982 non

333 5009 489 5065 tertii
521 5011 647 5064 coeli
679 5009 928 5080 cupidus
960 5010 1284 5081 despiceret
1309 5014 1580 5066 terrena?
1610 5013 1750 5077 Quis
1780 5015 1985 5071 avidus

336 5098 593 5168 paradisi
617 5115 732 5152 non
755 5099 874 5152 haec
893 5099 1091 5153 omnia
1112 5099 1451 5169 sperneret?
1472 5099 1611 5163 Quis
1635 5117 1983 5158 arcanorum

332 5185 643 5240 verborum
678 5202 903 5242 IIIOIDOI‘
934 5204 1048 5241 non
1082 5192 1480 5243 contemneret
1512 5188 1837 5245 humanum
1860 5191 1983 5246 elo-

335 5271 584 5343 quium?
616 5274 755 5336 Quis
788 5276 845 5328 in
889 5279 971 5329 tot
1002 5276 1506 5346 persecutionibus
1538 5278 1834 5333 desudans
1866 5297 1982 5337 non

332 5358 573 5429 eligeret
603 5361 862 5431 requiem
886 5363 913 5416 ?
944 5364 1055 5417 Sed
1101 5365 1238 5434 quia
1292 5364 1578 5420 charitem
1626 5368 1978 5438 anteposuit,

329 5447 442 5503 hoc
474 5446 667 5518 elegit,
693 5450 847 5519 quod
878 5452 1184 5522 proficeret
1212 5452 1365 5520 aliis,
1392 5454 1676 5511 dicendo:
1708 5457 1819 5511 scio
1850 5457 1982 5527 quia

327 5677 379 5733 lo
386 5605 820 5729 r(111161;)rVerba,
880 5612 932 5663 et
980 5611 1098 5665 si...
1160 5610 1427 5684 Christus,
1487 5615 1547 5671 in
1610 5615 1727 5674 imo
1787 5632 1974 5691 marg.

398 5747 583 5821 (1162)
613 5745 715 5802 Vel
752 5748 894 5802 forte
922 5750 1259 5806 deterritum.

2097 4750 2152 4800 et
2198 4752 2403 4801 cetera
2449 4746 2609 4804 talia.
2643 4747 2723 4803 De
2766 4764 2833 4804 eo
2882 4751 3038 4822 quod
3088 4751 3202 4807 alia
3248 4753 3531 4826 viderant,
3564 4753 3623 4809 id
3655 4761 3753 4815 est

2095 4836 2248 4906 apud
2282 4852 2364 4901 se,
2399 4840 2455 4891 et
2482 4835 2597 4891 alia
2627 4836 2955 4907 audierant,
2988 4840 3048 4894 id
3090 4846 3201 4913 est,
3236 4858 3363 4913 quas
3391 4842 3478 4899 vel
3509 4842 3748 4902 Jeroso-

2093 4922 2267 4995 lymis
2297 4924 2384 4979 vel
2430 4925 2622 4980 Romae
2656 4927 2992 4997 pertulerat.

2167 5012 2323 5083 (CAP.
2358 5012 2452 5083 II.)
2483 5014 2760 5085 Sequitur
2789 5031 2802 5070 :
2860 5015 2923 5071 Si
2966 5032 3074 5089 qua
3115 5033 3241 5089 ergo
3279 5020 3598 5091 consolatio,
3632 5026 3745 5079 etc.

2165 5106 2243 5156 De
2256 5118 2320 5156 eo
2335 5102 2484 5172 quod
2508 5103 2799 5173 petiturus
2812 5104 3551 5181 beneficium,utgaudium
3565 5127 3746 5168 suum

2093 5189 2425 5261 impleatur,
2446 5191 2600 5261 quod
2625 5197 2733 5259 est,
2760 5192 2915 5248 idem
2938 5195 3190 5267 sapiant,
3210 5201 3267 5252 et
3289 5197 3347 5252 in
3372 5197 3532 5254 nullo
3558 5201 3631 5256 ab
3660 5202 3748 5257 in-

2088 5278 2275 5333 vicem
2308 5280 2658 5351 discrepent,
2690 5281 2862 5353 quasi
2900 5283 3187 5340 rationem
3219 5287 3560 5343 meritorum
3592 5306 3744 5361 pras-

2091 5367 2289 5438 mittit,
2324 5368 2539 5439 quibus
2569 5369 2846 5440 impetret
2876 5373 3032 5443 quod
3063 5374 3267 5445 poscit.
3300 5375 3577 5433 Rationes
3607 5395 3745 5437 vero

2090 5457 2434 5512 meritorum
2461 5462 2632 5529 sunt;
2661 5459 2801 5531 quia
2821 5461 3081 5519 advocati
3103 5463 3165 5519 in
3186 5463 3414 5523 Christo
3434 5467 3749 5526 consolan-

2158 5616 2343 5762 (1163;
2375 5620 2534 5685 Quod
2570 5619 2901 5676 desiderium
2935 5622 2989 5678 in
3032 5624 3192 5691 Vulg.
3227 5624 3339 5699 leg.

2158 5689 2317 5756 (1164
2368 5689 2538 5762 Vulg.
2573 5694 2742 5749 multo
2776 5696 2961 5762 magis
2995 5699 3211 5754 melius.

2156 5689 2340 5762 (1164)
2368 5689 2538 5762 Vulg.
2573 5694 2742 5749 multo
2776 5696 2961 5766 magis
2995 5689 3211 5754 melius.
