3898 6432
317 458 438 518 599

1345 454 1683 514 ATTONIS
1728 453 2317 515 VERCELLENSIS
2364 454 2720 515 EPISCOPI

3638 454 3770 517 600

388 588 663 659 Sequitur
694 604 707 643 :
747 588 942 643 Videte
971 588 1330 643 concisionem
1362 583 1719 656 (1182).Quid
1746 588 1833 638 est
1856 601 1963 639 con
1995 587 2049 652 Α
2150 585 2427 657 Sequitur
2459 603 2471 640 :
2506 585 2569 640 Si
2614 602 2717 657 quo
2770 585 2928 641 modo
2971 601 3284 653 occurram,
3317 591 3429 642 etc.
3463 601 3480 641 :
3515 585 3591 642 ad
3626 601 3770 657 per-

321 677 605 745 cisio,nisi
638 678 946 749 praecisio?
994 683 1102 730 Bos
1152 676 1307 730 enim
1356 673 1643 743 designat,
1679 674 1777 743 qui
1827 672 1973 727 invi-

324 766 524 821 dentes
557 767 849 836 gentibus,
881 766 1159 836 pravitate
1190 763 1557 833 eloquiorum
1586 779 1827 815 suorum
1848 778 1974 832 per-

324 858 620 908 verterant
652 853 907 915 Galatas,
943 854 1255 907 suadentes
1286 852 1977 916 circumeisiouem.Quos

323 942 469 996 bene
500 959 655 997 canes
684 948 866 1007 vocat,
900 942 995 1011 qui
1032 941 1286 1011 primum
1320 940 1562 1011 latrant,
1590 940 1800 994 deinde
1820 957 1977 995 mor-

324 1047 397 1085 su
430 1049 575 1084 saevo
608 1031 863 1084 lacerant
893 1045 1147 1082 carnem.

396 1120 669 1188 Sequitur
703 1137 715 1173 :
750 1122 856 1174 Nos
888 1120 1035 1172 enim
1055 1134 1242 1171 smnus
1262 1118 1738 1187 circumcisio,qui
1756 1120 1984 1187 spiritui

326 1208 422 1261 Dei
469 1208 648 1277 (1183)
697 1209 980 1260 sentimus.
1036 1207 1115 1259 De
1165 1223 1230 1259 eo
1284 1208 1436 1275 quod
1500 1206 1715 1261 Christi
1776 1205 1981 1260 famuli

329 1295 751 1349 circumcidunt
781 1313 985 1349 omnes
1018 1313 1229 1349 sensus
1260 1313 1418 1350 suos.
1453 1298 1529 1348 Ac
1563 1295 1610 1348 si
1645 1296 1833 1349 dicat:
1861 1295 1982 1349 Cir-

325 1383 721 1438 cumcirlimus
751 1384 905 1438 enim
931 1400 1102 1438 omne
1135 1383 1355 1438 malum
1380 1401 1412 1437 a
1438 1385 1713 1438 cordibus
1748 1383 1982 1438 nostris:

332 1471 419 1526 illi
452 1476 647 1527 autem
681 1474 858 1528 unius
893 1473 1137 1527 membri
1162 1474 1438 1527 auferunt
1468 1472 1702 1543 pellem.

404 1563 679 1632 Sequitur
713 1579 724 1617 :
758 1566 832 1616 Et
859 1563 1183 1630 gloriamur.
1236 1562 1508 1632 Nunquid
1545 1562 1603 1615 in
1633 1560 1800 1632 lege?
1839 1562 1988 1618 Non.

324 1651 440 1704 Sed
474 1650 529 1704 in
565 1650 794 1705 Christo
824 1650 987 1717 Jesu,
1035 1655 1085 1705 et
1128 1668 1237 1705 non
1287 1654 1341 1704 in
1393 1667 1561 1704 carne
1602 1651 1859 1718 ﬁduciam
1889 1651 1992 1705 ha-

343 1739 622 1794 bentes:id
655 1744 885 1807 cst,non
916 1740 1202 1795 habemus
1235 1757 1396 1809 spem
1422 1739 1478 1792 in
1502 1738 1718 1793 carnali
1744 1739 1992 1793 circum-

345 1827 584 1893 cisione,
618 1828 773 1883 sicut
798 1828 905 1894 illi,
935 1829 1031 1897 qui
1064 1828 1123 1880 in
1156 1844 1223 1881 ea
1248 1828 1627 1882 salvationem
1662 1844 1831 1882 suam
1875 1827 1996 1883 col-

2086 676 2368 729 fectorum
2402 675 2890 730 resurrectionem
2943 674 3106 745 dicit,
3142 691 3259 729 non
3309 674 3608 733 malorum
3662 691 3767 731 so~

2087 764 2377 819 cietatem.
2422 764 2600 818 Docet
2627 763 2785 818 enim
2817 763 2969 834 quod
3005 763 3056 818 si
3088 764 3149 817 in
3179 763 3298 818 vita
3327 764 3473 819 socii
3523 766 3768 835 passio-

2090 853 2181 907 nis
2212 853 2584 919 fuerimus,in
2618 852 3046 908 resurrectione
3067 852 3222 908 obvii
3251 853 3503 909 Domino
3533 854 3771 908 erimus

2090 941 2162 1011 (II
2192 940 2311 994 Cor.
2348 958 2385 1004 1,
2425 942 2487 1008 7;
2524 944 2551 995 Ι
2576 941 2750 995 Thess.
2776 958 2852 1011 Iv,
2892 941 2998 1000 16).

2161 1030 2481 1099 Sequitur:
2515 1031 2631 1084 Non
2682 1029 2822 1100 quod
2864 1031 2987 1100 jam
3036 1031 3358 1100 acceperim,
3401 1034 3513 1086 etc.
3562 1032 3773 1096 Quan-

2092 1122 2219 1171 tum
2268 1118 2337 1171 ad
2390 1117 2821 1188 perfectionem,
2873 1135 3048 1189 quam
3096 1119 3153 1173 in
3212 1118 3322 1174 hac
3369 1119 3488 1173 vita
3536 1118 3776 1174 habent

2095 1205 2303 1269 sancti,
2346 1206 2613 1277 pertinet,
2652 1208 2940 1277 perfectus
2989 1211 3115 1262 erat
3162 1206 3415 1276 Paulus;
3467 1212 3772 1279 quantum

2095 1295 2166 1349 ad
2199 1295 2454 1348 futuram
2488 1295 2925 1365 perfectionem,
2975 1295 3375 1366 imperfectus.
3415 1295 3564 1350 Nam
3623 1295 3777 1365 quia

2097 1382 2432 1438 laudaverat
2472 1382 2899 1454 Philippenses,
2951 1400 3024 1439 ne
3072 1382 3157 1437 illi
3207 1388 3311 1438 aut
3363 1383 3775 1455 superbirent,

2099 1476 2200 1527 aut
2256 1470 2406 1543 pigri
2449 1476 2838 1539 remanerent,
2887 1471 3032 1526 dicit
3089 1488 3151 1526 se
3198 1470 3636 1543 imperfectum,
3703 1476 3773 1526 ut

2102 1577 2236 1615 cum
2268 1560 2377 1614 hoc
2410 1560 2699 1625 audirent,
2732 1560 2994 1615 dicerent
3025 1577 3037 1615 :
3073 1560 3132 1615 Si
3162 1560 3479 1632 Apostolus
3510 1577 3632 1616 non
3677 1565 3776 1617 est

2103 1649 2413 1721 perfectus,
2464 1649 2597 1720 quis
2646 1648 2954 1703 hominum
3005 1652 3197 1721 potest
3225 1649 3284 1705 in
3315 1648 3425 1704 hac
3466 1648 3585 1704 vita
3636 1665 3775 1704 esse

2148 1737 2398 1791 erfectus
2415 1737 2443 1790 ‘?

2106 1754 2398 1809 perlectus
2416 1754 2442 1790 γ

2178 1825 2245 1879 Et
2268 1824 2397 1880 ideo
2429 1824 2696 1896 sequitur
2718 1840 2730 1878 :
2757 1824 2963 1896 Sequor
2984 1834 3200 1896 autem,
3222 1827 3271 1880 si
3289 1826 3774 1898 comprehendam,

336 1916 551 1971 locant.
592 1916 657 1971 Et
687 1934 759 1971 ne
790 1916 1125 1970 viderentur
1156 1918 1228 1971 ob
1259 1916 1367 1971 hoc
1399 1917 1609 1981 dicere,
1654 1916 1821 1988 quasi
1870 1916 1992 1987 ipse
2023 1952 2070 2016 B
2109 1918 2219 1970 etc.
2275 1916 2386 1969 Iste
2433 1913 2737 1969 ecclesiam
2783 1913 2999 1969 Christi
3045 1914 3357 1970 devastans
3383 1915 3779 1987 comprehen-

336 2021 453 2060 non
481 2005 785 2060 habuisset
815 2022 1051 2060 causam
1085 2005 1396 2077 gloriandi,
1431 2005 1734 2075 subjunxit
1762 2022 1774 2059 :
1806 2006 1988 2073 Quan-

333 2109 501 2163 quam
530 2102 582 2149 et
608 2110 722 2164 ego,
751 2101 860 2148 etc.
896 2112 907 2148 :
944 2094 1001 2148 id
1034 2099 1140 2164 est,
1169 2110 1409 2164 possum
1449 2098 1507 2148 et
1559 2094 1615 2147 in
1669 2110 1841 2149 carne
1872 2093 1998 2166 glo-

336 2181 500 2246 riari,
534 2182 582 2236 si
609 2182 758 2237 volo.

360 2322 367 2331 ε
409 2272 591 2337 (1184)
626 2270 937 2341 Sequitur:
963 2271 1029 2326 Si
1055 2272 1180 2341 quis
1211 2272 1358 2325 alius
1386 2270 1603 2325 videtur
1625 2272 1682 2325 in
1703 2288 1998 2341 came,ego

334 2361 676 2428 magis-Ecce
708 2361 897 2425 docet,
929 2375 1111 2430 quare
1146 2360 1201 2412 iu
1237 2376 1407 2413 carne
1454 2360 1727 2414 liduciam
1771 2361 1944 2415 habet
1978 2373 1991 2411 :

329 2448 576 2515 scilicet,
626 2448 766 2518 quia
816 2449 1054 2504 Judreus
1107 2454 1192 2502 est
1246 2447 1713 2519 circumcisione,
1764 2466 1995 2519 genere,

334 2536 515 2604 tribu,
550 2542 741 2607 gente,
774 2536 916 2606 lege,
973 2536 1478 2591 administratione
1526 2537 1583 2590 in
1636 2536 1758 2608 lege
1803 2539 1996 2593 studio

338 2624 587 2679 etiamet
622 2625 783 2693 vitae;
841 2631 898 2679 et
930 2630 1125 2679 tamen
1166 2624 1287 2679 haec
1334 2625 1533 2680 omnia
1579 2626 1861 2681 damnum
1911 2626 1999 2682 sib

341 2729 469 2769 esse
500 2713 638 2768 dicit
666 2720 900 2784 propter
929 2711 1244 2767 Christum.

404 2801 679 2872 Sequitur
710 2817 722 2855 :
759 2802 1126 2857 Circumcisus
1156 2806 1342 2856 octava
1371 2801 1477 2870 die,
1512 2806 1619 2856 etc.
1651 2802 1730 2856 De
1754 2819 1819 2857 eo
1841 2804 1995 2873 quod

342 2889 435 2944 his
466 2889 805 2945 manifestat
833 2890 1047 2958 verbis,
1082 2907 1259 2960 quare
1294 2890 1350 2943 in
1386 2907 1556 2945 carne
1592 2892 1779 2961 magis
1819 2908 1997 2962 quam

341 2980 530 3033 caeteri
566 2978 817 3049 potuerit
846 2978 1319 3049 gloriari:qui,ut
1352 2980 1686 3033 ostenderet
1709 2985 1995 3050 quantum

347 3068 609 3123 studium
643 3084 777 3138 erga
805 3068 1176 3122 Judaismum
1209 3067 1502 3134 habuerit,
1537 3068 1677 3123 dicit
1708 3085 1768 3122 se
1804 3068 1997 3124 Eccle-

346 3156 492 3213 siam
525 3156 623 3211 Dei
656 3162 1054 3229 persecutum,
1087 3161 1143 3211 et
1174 3157 1299 3211 sine
1331 3156 1565 3227 querela
1595 3156 1654 3211 in
1687 3156 1812 3227 lege
1861 3175 1995 3213 con-

340 3250 657 3299 versatum.
690 3246 796 3299 Sed
829 3262 955 3315 qua:
989 3245 1151 3316 prius
1177 3244 1403 3299 lucrum
1438 3246 1676 3313 credidi,
1711 3248 1997 3302 damnum

342 3333 484 3387 mihi
519 3334 705 3387 facere
734 3332 986 3387 intellexi
1024 3349 1035 3387 :
1070 3338 1125 3386 et
1159 3334 1297 3403 quia
1325 3332 1426 3388 illa
1446 3333 1555 3387 hoc
1586 3338 1845 3405 tempore
1880 3352 1994 3390 non
2026 3320 2068 3386 Ο

343 3420 531 3475 valere
564 3422 887 3493 recognovi,
931 3422 1058 3475 ideo
1108 3428 1391 3493 tanquam
1438 3422 1770 3477 detrimenta
1816 3423 2001 3478 habeo

348 3511 545 3565 omnia
567 3509 663 3563 illa
694 3509 827 3563 vilia
857 3515 1093 3580 propter
1122 3510 1439 3575 Christum,
1464 3511 1679 3582 quibus
1722 3512 2001 3583 putabam

349 3616 441 3652 me
474 3598 649 3652 vitam
685 3599 987 3668 acquirere
1023 3616 1034 3652 :
1072 3598 1193 3653 hzcc
1226 3604 1460 3671 prepter
1508 3599 1827 3668 Christum,
1875 3604 2004 3656 tan-

349 3704 526 3757 quam
561 3687 998 3757 impcdimenta,
1034 3687 1250 3757 abjeei;
1298 3696 1347 3741 ct
1392 3688 1635 3742 arbitror
1663 3692 1723 3741 ut
1750 3692 2006 3760 stercora,

346 3779 405 3828 ut
439 3773 715 3828 Christum
748 3775 1114 3843 lucrifariam.
1151 3775 1299 3837 Quid
1336 3781 1442 3839 est,
1477 3776 1895 3831 detrimentum
1928 3778 2010 3833 fe-

351 3862 425 3923 ci,
461 3862 575 3916 nisi
606 3863 974 3916 detrimentis
1007 3863 1248 3917 effectus
1281 3864 1463 3931 (1185)
1498 3864 1675 3917 sum?

422 3950 692 4021 Sequitur
726 3967 738 4005 :
771 3953 835 4005 Et
863 3953 1120 4004 inveniar
1167 3954 1227 4006 in.
1276 3952 1392 4017 illo,
1424 3951 1481 4004 id
1523 3957 1631 4016 est,
1667 3951 1724 4005 in
1757 3952 2006 4021 Christo,

356 4055 467 4092 non
515 4039 715 4093 habens
762 4056 940 4093 meam
980 4041 1280 4110 justitiam,
1334 4041 1388 4094 id
1451 4044 1559 4106 est,
1612 4040 1792 4112 legis;
1845 4042 2010 4113 quasi

351 4128 510 4181 dicat
561 4142 573 4179 :
623 4127 864 4181 Justitia
914 4145 1043 4182 mea
1102 4133 1225 4182 erat
1274 4143 1406 4182 cum
1460 4144 1588 4182 meo
1638 4134 1880 4197 conatu;
1916 4147 2018 4201 per

357 4231 533 4285 opera
564 4214 709 4285 legis
742 4215 855 4269 Deo
890 4232 980 4269 me
1014 4233 1182 4286 posse
1214 4216 1438 4286 placere
1469 4217 1798 4272 credebam.

423 4304 701 4374 Sequitur
734 4320 744 4358 :
782 4304 881 4358 Sed
921 4322 1062 4369 eam,
1100 4320 1223 4374 quae
1251 4321 1319 4357 ea:
1348 4304 1452 4373 ﬁde
1481 4309 1559 4358 est
1599 4307 1721 4360 Jesu
1768 4305 2017 4369 Christi;

354 4392 847 4462 liancjustitiam,
895 4410 1022 4463 qua}
1068 4412 1133 4448 ex
1180 4394 1293 4447 fide
1343 4398 1430 4447 est
1472 4393 1707 4461 Christi,
1742 4412 1854 4448 non
1890 4412 2019 4467 qua:

357 4498 424 4536 ex
454 4482 729 4551 operibus
759 4481 922 4552 legis.
1306 4478 1313 4485 ’

432 4570 516 4623 Ad
552 4570 693 4640 quid
727 4570 1135 4641 hmcjustitia?
1165 4571 1478 4640 Sequitur:
1510 4572 1589 4626 Ad
1616 4576 2016 4641 agnoscendum

2108 2020 2212 2058 sus
2243 2008 2352 2069 est,
2386 2003 2619 2075 quando
2651 2002 2708 2057 in
2740 2002 2834 2057 via
2857 2003 3129 2074 apparuit
3157 2002 3209 2058 ei
3238 2003 3412 2059 Jesus
3434 2004 3668 2069 (Actu,
3688 2005 3773 2075 3).

2108 2092 2255 2147 Nota
2286 2092 2440 2163 quod
2475 2107 2588 2146 non
2622 2091 2898 2146 omnibus
2928 2091 3304 2164 passionibus
3345 2092 3473 2148 suis
3500 2092 3776 2149 Christus

2109 2180 2375 2235 liberavit
2421 2196 2625 2235 omnes
2673 2185 3009 2251 sequentes,
3042 2185 3100 2235 et
3147 2181 3578 2252 quodammodo
3606 2198 3777 2237 com-

2108 2269 2415 2341 prehendit
2452 2268 2756 2324 universos
2804 2286 2865 2324 se
2915 2273 3247 2340 sequentes.
3306 2269 3407 2325 Ille
3455 2286 3616 2342 ergo,
3671 2270 3777 2342 qui

2107 2358 2369 2430 sequitur
2420 2357 2743 2427 Christum,
2776 2362 2832 2412 et
2862 2358 3355 2431 comprehendere
3397 2358 3522 2414 vult
3568 2359 3776 2415 Chris-

2106 2452 2254 2515 tum,
2286 2446 2345 2500 in
2378 2446 2654 2501 omnibus
2686 2446 3061 2517 passionibus
3093 2447 3218 2502 suis
3250 2448 3418 2519 sequi
3450 2446 3623 2503 illum
3678 2449 3779 2503 de-

2108 2536 2221 2606 bet,
2255 2539 2321 2590 ut
2351 2534 2807 2606 comprehendat
2855 2533 3156 2591 Christum
3209 2536 3268 2591 in
3308 2553 3396 2609 eo,
3444 2536 3504 2592 in
3549 2553 3666 2609 quo
3718 2552 3782 2602 et

2108 2623 2567 2695 comprehensus
2606 2627 2695 2678 est
2726 2639 2760 2678 a
2789 2623 3037 2680 Christo.

2178 2714 2367 2784 (1186)
2398 2712 2721 2783 Sequitur:
2757 2714 2877 2781 Ego
2925 2729 3011 2768 me
3059 2730 3172 2770 non
3217 2714 3477 2783 arbitror,
3526 2719 3638 2771 etc.
3692 2714 3780 2770 De

2109 2818 2174 2856 eo
2218 2802 2374 2873 quod
2426 2800 2697 2872 superius
2743 2801 2884 2857 dicit
2914 2819 2976 2857 se
3007 2819 3124 2857 non
3157 2804 3469 2876 accepisse,
3502 2820 3609 2860 nec
3641 2819 3778 2876 per-

2109 2893 2324 2946 fectum
2376 2906 2525 2958 esse,
2575 2894 2631 2944 et
2675 2906 2830 2944 nunc
2877 2906 2993 2946 non
3044 2892 3592 2963 comprehendisse;
3635 2891 3783 2964 quia

2109 2984 2398 3050 quantum
2430 2979 2502 3033 ad
2534 2979 2949 3050 perfectionem
2980 2980 3188 3035 futura:
3218 2980 3347 3036 vitae
3394 2981 3633 3052 attinet,
3665 2982 3780 3036 im-

2110 3069 2399 3140 perfectus
2428 3072 2866 3139 erat,quantum
2891 3069 2961 3123 ad
2987 3070 3485 3142 comparationem
3519 3069 3783 3125 aliorum

2109 3159 2168 3211 in
2221 3174 2394 3213 carne
2440 3157 2763 3213 viventium
2812 3158 3072 3230 respicit,
3119 3160 3420 3231 perfectus
3468 3165 3612 3216 erat.
3665 3160 3780 3215 Sed

2109 3247 2163 3300 di
2173 3245 2327 3302 citse
2350 3246 2417 3300 ad
2441 3262 2600 3302 exem
2612 3245 2705 3316 plu
2720 3262 2774 3299 m
2795 3246 3118 3318 saggitlarii
3140 3248 3210 3302 ad
3238 3247 3604 3320 propositum
3628 3252 3689 3304 et
3706 3249 3783 3303 ad

2116 3335 2351 3407 signum
2370 3334 2567 3404 jacula
2588 3334 2938 3407 dirigere,ne
2961 3336 3177 3407 sagitta
3194 3338 3265 3392 ad
3290 3337 3536 3393 alteram
3552 3343 3785 3409 partem

2115 3423 2414 3479 declinans
2446 3422 2783 3495 imperitum
2816 3425 3088 3481 ostendat
3130 3425 3523 3497 sagittarium.
3554 3426 3789 3482 Asserit

2117 3530 2178 3568 se
2245 3512 2672 3584 praeteritorum
2730 3512 3016 3582 oblivisci,
3085 3518 3141 3568 et
3205 3515 3277 3569 ad
3336 3513 3533 3587 priora
3597 3515 3787 3586 (1187)

2117 3602 2382 3669 extendi;
2435 3617 2536 3672 per
2579 3618 2706 3672 quae
2757 3602 2926 3657 docet
2972 3603 3265 3674 praeterita
3313 3602 3690 3676 negligenda,
3718 3607 3789 3658 et

2121 3692 2318 3745 futura
2347 3690 2662 3761 quaerenda
2692 3706 2706 3744 :
2744 3695 2809 3746 ut
2837 3691 2993 3763 quod
3037 3691 3210 3747 hodie
3254 3691 3575 3764 perfectum
3607 3696 3786 3764 puta-

2120 3779 2235 3846 vit;
2269 3777 2782 3850 proficiendo,cras
2808 3777 3137 3835 inveniatur
3166 3779 3612 3852 imperfectum;
3646 3796 3790 3852 qua-

2124 3873 2297 3923 tenus
2328 3885 2444 3923 non
2475 3867 2535 3922 in
2566 3866 2836 3934 statione,
2870 3868 2971 3924 sed
3026 3867 3084 3923 in
3136 3885 3314 3925 cursu
3346 3875 3781 3941 permanentes,

2127 3956 2197 4011 ad
2232 3956 2542 4026 perfectam
2565 3955 2863 4026 justitiam
2896 3956 3223 4012 veniamus.

2196 4044 2278 4100 De
2305 4060 2372 4099 eo
2405 4044 2561 4116 quod
2592 4043 2713 4099 haec
2743 4043 3047 4099 audientes
3076 4042 3483 4117 Philippenses
3512 4048 3785 4116 poterant

2128 4133 2316 4188 dicere
2347 4150 2359 4187 :
2394 4133 2453 4187 Si
2487 4132 2677 4187 adhuc
2709 4133 3025 4205 Apostolus
3053 4132 3464 4205 imperfectum
3510 4150 3573 4190 se
3618 4133 3783 4201 dicit,

2128 4227 2347 4292 quanto
2379 4221 2568 4292 magis
2600 4238 2705 4276 nos
2737 4238 2945 4277 sumus
2975 4222 3341 4293 imperfecti?
3371 4222 3505 4279 ideo
3548 4238 3611 4277 se
3640 4222 3787 4277 dicit

2130 4309 2335 4365 multis
2364 4310 2844 4366 tribulationibus
2864 4311 3150 4366 afﬂictum
3173 4328 3288 4366 non
3312 4310 3788 4383 comprehendis-

2128 4400 2357 4471 se,quia
2385 4399 2577 4455 adhuc
2603 4398 2849 4467 vivebat;
2885 4401 3162 4471 quoniam
3181 4416 3397 4472 magna
3412 4399 3786 4471 participatio

2128 4494 2217 4543 est
2248 4488 2610 4560 passionum,
2644 4488 2791 4544 mori
2824 4505 2926 4560 pro
2957 4488 3220 4556 Christo;
3245 4495 3302 4544 et
3331 4489 3473 4560 quia
3497 4488 3659 4555 vivit,
3691 4488 3785 4543 di-

2128 4578 2206 4631 cit
2231 4594 2293 4631 se
2328 4593 2440 4632 non
2472 4577 3007 4648 comprehendisse.
3040 4577 3121 4633 De
3150 4593 3217 4631 eo
3259 4577 3416 4648 quod
3464 4593 3568 4648 per
3612 4593 3788 4632 unum

360 4660 544 4725 illum,
597 4662 645 4712 et
699 4661 951 4713 m'rtutem
1003 4662 1421 4715 resurrectionis
1468 4662 1617 4732 ejus;
1672 4661 1729 4716 id
1789 4668 1897 4727 est,
1956 4668 2019 4716 ut
2051 4679 2096 4743 Ι)
2131 4665 2508 4735 intelligenda
2535 4669 2675 4719 sunt
2706 4664 3051 4736 temporalia
3080 4669 3311 4730 cuncta,
3352 4671 3411 4721 et
3440 4670 3784 4738 perlatum,

352 4764 668 4818 agnoscam
702 4752 948 4818 pertecte
990 4749 1336 4802 beneficium
1369 4750 1518 4818 ejus,
1551 4755 1607 4804 et
1652 4750 1769 4805 vim
1822 4766 2013 4805 resur-

355 4835 651 4901 rectionis,
686 4836 785 4906 qui
820 4836 948 4890 ideo
984 4836 1316 4903 resurrexit,
1350 4842 1415 4890 ut
1463 4854 1569 4891 nos
1615 4855 2014 4910 resurgamus,

353 4933 403 4978 et
434 4927 739 4979 societatem
770 4927 1089 4995 passionum
1120 4924 1300 4979 illius.
1326 4924 1525 4979 Virtus
1550 4927 2015 4996 resurrectionis,

358 5016 445 5067 est
480 5013 725 5068 societas
756 5013 1121 5083 passionum.
1173 5014 1240 5066 Et
1288 5014 1426 5084 quia
1475 5015 1751 5069 meritum
1790 5016 2015 5086 passio-

362 5118 503 5154 num
535 5107 622 5155 est
652 5103 1160 5169 resurrectio,idco
1194 5102 1337 5156 forte
1368 5102 1669 5173 praemissa
1698 5108 1787 5157 est
1819 5120 2018 5159 resur-

363 5188 560 5242 rectio.

362 5402 632 5479 sitionem
664 5405 815 5460 hanc
844 5410 1302 5479 desumptam,in
1327 5412 1448 5466 hcce
1476 5412 1652 5466 verba
1680 5410 2016 5477 scil.,videte

362 5474 534 5551 malas
567 5479 864 5553 operarios,
898 5480 976 5533 ita
1006 5474 1116 5550 legi
1150 5502 1163 5534 :
1199 5474 1292 5552 qui
1320 5483 1461 5553 quod
1488 5500 1585 5537 nos
1616 5485 1748 5538 bene
1768 5474 2013 5539 constru-

361 5548 546 5595 ;r.:'.-n:i~r
578 5548 849 5599 destruere
879 5548 1163 5604 conamur.

442 5613 618 5675 Ulli":
652 5619 913 5673 Ambros.
954 5622 1124 5677 habet
1151 5626 1640 5680 circmneisioncm.

654 5686 817 5761 _\'ulg.
848 5692 1053 5761 Spiritu
1087 5696 1209 5748 Deo.

438 5753 616 5829 (1181)
653 5758 711 5811 in
748 5753 1081 5833 autfmarg.
1110 5766 1201 5818 hic
1238 5764 1345 5835 leg.
1378 5782 1500 5837 cap.
1538 5769 1626 5822 XI.

2127 4753 2402 4825 appetitio
2432 4752 3095 4816 zeternorum.Quoniam
3128 4759 3281 4810 retro
3311 4758 3400 4811 est
3425 4756 3782 4827 omne,quod

2124 4843 2364 4908 transit;
2402 4843 2662 4896 futurum
2691 4848 2798 4909 est,
2828 4844 2982 4914 quod
3008 4843 3247 4899 veniens
3278 4848 3603 4915 permanet.

2198 4930 2476 5002 Sequitur
2507 4948 2520 4985 :
2549 4930 2628 4985 Ad
2656 4947 2717 4985 ea
2750 4948 2891 4995 vero,
2925 4948 3046 5003 qua:
3076 4936 3202 4986 sunt
3226 4935 3457 5003 priora,
3489 4931 3784 4989 extendens

2124 5021 2411 5090 meipsum,
2442 5023 2548 5075 etc.
2582 5026 2663 5074 Ac
2694 5021 2743 5074 si
2773 5020 2928 5076 dicat
2958 5038 2976 5075 .°
3006 5021 3135 5076 Scio
3164 5021 3304 5093 quia
3351 5020 3412 5075 in
3454 5021 3630 5076 domo
3683 5022 3782 5077 Dei

2126 5109 2385 5179 quotidie
2416 5108 2677 5179 proficio,
2710 5112 2767 5162 et
2798 5109 3156 5181 praeteritum
3188 5109 3447 5166 laborem
3482 5126 3600 5164 non
3632 5125 3781 5165 com-

2124 5201 2362 5268 putans,
2395 5196 2467 5250 ad
2499 5196 2693 5268 priora
2722 5197 2950 5253 festino.
3005 5201 3100 5254 Est
3143 5198 3299 5254 enim
3348 5198 3665 5269 quaerentis
3693 5198 3779 5255 in-

2195 5411 2373 5478 (1185‘
2413 5410 2679 5465 Fortasse
2707 5411 2925 5480 e/iectus
2971 5426 3115 5475 sum,
3165 5410 3386 5468 scilicet
3428 5411 3780 5469 detrimenta

2126 5482 2182 5535 in
2217 5498 2453 5552 corpore
2476 5481 2945 5536 sustinui.Aliter
2969 5483 3273 5538 obscurior
3300 5483 3571 5539 evaderet
3600 5485 3775 5541 inter-

2127 5555 2370 5623 pretatio
2404 5569 2580 5623 quam
2609 5557 2819 5607 textus.

2195 5624 2378 5693 (1186)
2417 5628 2628 5695 ιηειυι.
2665 5640 2851 5695 marg.
2886 5622 2979 5677 hic
3008 5622 3118 5693 leg.
3151 5641 3277 5695 cap.
3310 5625 3427 5679 XII.

2196 5696 2355 5763 (1187
2390 5694 2555 5766 Vulg.
2589 5694 2888 5764 priora.,’et
2919 5696 3153 5750 meliore
3198 5694 3459 5752 lectione.
3511 5697 3677 5762 Quod
3726 5700 3779 5753 et

2126 5766 2363 5821 interior
2392 5766 2657 5836 repetitio
2690 5771 2878 5822 textus
2908 5767 3199 5837 probabit.
