3898 6410
147 451 256 512 601

665 453 1079 516 EXPOSITIO
1122 455 1198 516 ΙΝ
1247 455 1681 516 EPISTOL-XS
1727 455 1990 518 PAULLI.
2027 487 2103 500 —-
2132 455 2208 514 IN
2257 453 2506 516 EPIST.
2551 453 2654 514 AD
2698 449 3037 513 PHILIPP.

3439 447 3563 508 602

150 583 344 651 tentio,
378 584 564 641 donec
592 585 1068 657 apprehendatur
1099 586 1267 653 illud,
1299 604 1415 659 quo
1465 587 1794 644 tendimus.
1827 592 1878 660 Α
1912 587 2014 660 qui
2043 588 2371 644 cruciatum
2403 603 2664 660 corporis
2696 587 2755 640 in
2786 584 2990 656 epulas
3020 585 3078 638 et
3098 581 3390 638 luxuriam
3422 597 3563 636 con-

147 675 251 728 Sed
274 690 341 729 ea
369 678 459 729 est
492 682 650 729 recta
681 674 947 741 intentio,
992 693 1117 746 quae
1171 676 1562 747 proﬁciscitur
1612 678 1796 745 (1188)

152 763 219 818 ad
254 764 450 818 tidem.
492 763 720 818 Certam
756 763 912 819 enim
946 765 1091 820 fides
1123 765 1360 820 inchoat
1379 766 1795 838 cognitionem,

151 869 270 922 qua:
303 869 415 906 non
449 852 508 906 in
534 851 664 917 hac,
697 853 798 907 sed
831 852 889 907 in
920 853 1020 907 illa
1048 853 1167 908 vita
1195 855 1550 926 perﬁcietur,
1585 854 1799 926 quando

151 941 464 1008 videbimus,
491 946 602 996 etc.
625 943 676 1011 (ι
708 942 832 996 Cor.
859 959 982 1011 xm,
1018 944 1126 1013 12).
1161 947 1278 998 Hoc
1311 960 1446 1014 ergo
1471 944 1794 1015 sapiamus,

151 1030 554 1085 utnoverimus
574 1031 848 1086 tutiorem
875 1048 1003 1086 esse
1024 1032 1292 1087 effectum
1319 1049 1453 1087 vera
1474 1032 1795 1104 quaerendi,

151 1136 317 1191 quam
347 1119 650 1191 incognita
682 1137 782 1192 pro
816 1121 1069 1191 cognitis
1090 1122 1508 1191 praesumendi.
1541 1123 1637 1177 Sic
1659 1138 1796 1193 ergo

149 1225 475 1280 queremus
508 1209 674 1280 quasi
709 1209 1028 1276 inventuri,
1051 1217 1107 1264 et
1129 1211 1211 1265 sic
1235 1210 1606 1266 inveniamus
1628 1211 1796 1282 quasi

150 1297 480 1369 quaesituri:
515 1314 650 1352 cum
683 1299 839 1353 enim
875 1301 1375 1356 consummaverit
1407 1300 1604 1368 homo,
1656 1307 1797 1356 tunc

149 1385 360 1458 incipit.

212 1476 490 1548 Sequitur
525 1493 538 1530 :
575 1478 892 1548 Quicunque
923 1493 1050 1546 ergo
1081 1479 1331 1548 perfecti,
1361 1482 1472 1532 etc.
1497 1477 1644 1541 Quid
1669 1493 1797 1532 sen-

151 1564 248 1620 tire
275 1565 583 1632 debemus,
618 1565 730 1620 nisi
765 1566 1137 1637 imperfectos
1170 1585 1276 1622 nos
1324 1583 1508 1637 essse,
1557 1571 1615 1621 et
1663 1583 1796 1621 nec-

150 1655 280 1708 dum
312 1653 884 1726 comprehendisse?
931 1655 1042 1710 Sed
1099 1655 1212 1725 die,
1268 1655 1464 1723 Paule,
1503 1657 1794 1726 quomodo

150 1742 436 1813 perfectus
468 1748 526 1797 et
555 1743 934 1814 imperfectus
964 1744 1094 1799 eis?
1142 1745 1272 1800 Hinc
1314 1751 1406 1800 est
1456 1745 1611 1801 enim
1661 1761 1796 1801 vera

151 1830 427 1901 sapientia
454 1830 734 1899 hominis,
761 1832 1170 1904 imperfectum
1192 1851 1256 1890 se
1277 1851 1407 1891 esse
1420 1851 1593 1890 nosse
1619 1852 1632 1890 :
1659 1851 1793 1890 nam

149 1925 486 1974 cunctorum
522 1925 859 1976 sanctorum
878 1921 935 1976 in
960 1938 1131 1978 carne
1159 1923 1499 1994 imperfecta
1519 1923 1795 1995 perfectio

147 2013 261 2076 est;
297 2009 443 2083 quis,
471 2008 531 2064 in
563 2009 675 2066 ista
704 2010 824 2066 vita
873 2011 1127 2082 perfecta
1178 2011 1455 2084 perfectio
1503 2029 1631 2068 esse
1680 2029 1795 2068 non

148 2101 349 2168 potest,
382 2098 443 2152 iu
477 2114 595 2169 qua
624 2099 989 2170 concupiscit
1007 2116 1143 2155 caro
1175 2102 1457 2156 adversus
1497 2101 1794 2170 spiritum.

146 2185 239 2240 Hic
266 2191 625 2258 praeceptum
651 2192 740 2242 est
771 2193 835 2242 ut
854 2187 1164 2244 desideriis
1183 2189 1402 2260 peccati
1431 2206 1546 2244 non
1568 2189 1796 2244 obedia-

148 2291 272 2330 mus
305 2291 318 2329 :
355 2275 439 2330 ibi
471 2275 583 2331 erit
608 2281 674 2330 ut
702 2276 993 2331 desideria
1021 2277 1241 2348 peccati
1282 2294 1398 2332 non
1449 2277 1793 2332 habeamus.

147 2361 302 2416 Illam
333 2379 474 2418 vero
507 2364 823 2434 perfectam
859 2365 1272 2434 perfectionem
1307 2366 1517 2420 sitiens
1541 2365 1688 2420 dicit
1735 2383 1797 2420 se

152 2451 600 2522 imperfectum;
635 2456 693 2505 et
724 2468 960 2506 rursum
993 2453 1186 2508 sciens
1218 2470 1280 2508 se
1310 2471 1427 2509 non
1458 2453 1672 2510 habere
1697 2470 1797 2509 vo-

147 2539 429 2595 luntatem
461 2540 768 2610 peccandi,
799 2542 1069 2611 quamvis
1100 2548 1297 2612 peccet
1321 2543 1549 2611 nolens,
1573 2543 1713 2598 dicit
1734 2559 1797 2598 se

153 2630 491 2699 perfectum.
529 2631 828 2685 Perfectus
859 2635 948 2686 est
1001 2630 1100 2703 qui
1135 2648 1306 2687 suam
1340 2649 1454 2687 non
1501 2632 1798 2688 erubescit

149 2717 667 2789 imperfectionem.

212 2806 532 2878 Sequitur:
565 2809 636 2862 Et
662 2807 715 2860 si
737 2808 872 2877 quid
904 2807 1074 2862 aliter
1100 2809 1315 2878 sapitis,
1351 2813 1458 2862 etc.
1481 2825 1494 2875 ;
1520 2809 1576 2863 id
1601 2814 1710 2875 est,
1744 2809 1794 2865 si

145 2893 352 2966 aliquid
389 2894 507 2949 alia
537 2894 761 2950 ratione
793 2895 948 2951 Deus
977 2896 1142 2951 vobis
1167 2895 1461 2963 revelavit,
1495 2903 1560 2952 ut
1583 2900 1652 2952 ad
1678 2899 1795 2954 cul-

145 2986 256 3038 tum
279 2983 544 3039 melioris
565 2983 1022 3039 conversationis
1045 2986 1346 3056 pertinens
1366 2986 1630 3058 cogitetis
1653 3005 1666 3054 ;
1692 2989 1793 3044 Dei

143 3071 376 3145 cogitate
408 3074 657 3143 donum,
695 3089 768 3128 ne
799 3073 1110 3128 inﬂemini.

215 3162 283 3216 Et
310 3179 383 3218 ne
414 3161 516 3217 hic
565 3161 816 3218 oriretur
867 3163 1270 3234 prmsumptio,
1321 3167 1377 3219 et
1425 3168 1730 3235 putaretur
1761 3181 1795 3220 a

147 3248 249 3305 Deo
273 3251 601 3307 revelatum
635 3253 792 3323 quod
824 3269 940 3308 non
990 3257 1116 3308 erat
1170 3253 1298 3308 ideo
1348 3254 1644 3324 subjecit:
1699 3255 1792 3309 Ve-

147 3350 442 3397 rumtamen
473 3341 548 3397 ad
579 3343 722 3413 quod
749 3345 1020 3411 venimus,
1054 3348 1116 3396 ut
1148 3343 1292 3398 idem
1319 3346 1624 3414 sapiamus.
1673 3348 1794 3400 Hoc

147 3433 247 3495 est,
280 3447 392 3486 non
425 3435 595 3486 extra
624 3431 889 3502 regulam
933 3431 1259 3503 disciplina:
1316 3449 1520 3504 sapere
1560 3433 1620 3487 in
1652 3450 1792 3489 con-

145 3519 456 3576 versatione
488 3520 628 3576 fidei
661 3537 675 3588 ;
703 3522 804 3576 sed
836 3520 946 3576 hoc
995 3537 1221 3592 sapere,
1273 3523 1430 3591 quod
1479 3538 1794 3578 commune

144 3606 234 3677 sit,
287 3613 343 3664 et
399 3609 745 3680 honestum,
806 3610 866 3664 in
913 3610 1209 3682 Evangelii
1253 3611 1511 3666 veritate.
1561 3612 1789 3667 Aliter:

145 3694 205 3749 Et
231 3696 276 3750 si
305 3702 394 3753 est
423 3698 656 3770 aliquid
687 3699 760 3754 de
790 3699 900 3754 hoc
941 3699 1092 3771 ipso,
1143 3700 1298 3769 quod
1351 3716 1456 3754 nos
1507 3700 1787 3769 diximus,

144 3786 282 3854 quod
315 3803 412 3843 vos
445 3787 624 3842 aliter
655 3787 978 3859 accipiatis,
1023 3788 1289 3858 sapiatis,
1349 3795 1406 3842 et
1448 3788 1790 3860 intelligatis

144 3877 361 3931 concedi
417 3875 614 3932 vobis.
677 3877 822 3947 Ergo
881 3877 983 3947 qui
1042 3879 1281 3949 perfecti
1329 3879 1494 3947 estis,
1553 3879 1785 3933 etiamsi

145 3961 268 4029 quid
297 3964 494 4020 minus
534 3964 789 4035 perfecte
818 3965 1048 4036 sapitis,
1081 3965 1387 4020 humiliter
1431 3972 1784 4037 exspectate,

145 4055 194 4104 et
219 4067 249 4105 a
281 4053 387 4108 Deo
420 4054 689 4126 poscite:
723 4054 851 4125 ipse
881 4052 1038 4108 enim
1071 4059 1262 4124 potest
1292 4055 1546 4110 revelare
1579 4057 1786 4110 ambu-

146 4135 406 4197 lantibus.
439 4143 513 4198 Et
547 4143 678 4198 ideo
708 4143 912 4198 subdit
946 4159 957 4196 :
998 4147 1391 4200 Verumtamen
1421 4147 1500 4199 ad
1549 4145 1604 4199 id
1647 4144 1787 4216 quod

146 4232 490 4301 pervenimus,
527 4236 593 4288 ut
623 4231 769 4287 idem
819 4233 1124 4302 sapiamus.
1169 4233 1318 4299 Quid
1368 4239 1460 4288 est
1506 4234 1579 4288 ad
1628 4235 1786 4305 quod

151 4320 550 4385 pervenimus?
597 4321 849 4391 Scilicet,
907 4327 969 4376 ut
1016 4339 1143 4393 quae
1194 4328 1348 4377 retro
1397 4328 1540 4377 sunt
1585 4323 1789 4377 oblivi-

151 4413 375 4474 scentes,
406 4411 475 4465 ad
512 4409 711 4482 priora
738 4410 1076 4466 tendamus.
1108 4416 1228 4466 Hoc
1258 4409 1414 4465 enim
1449 4411 1542 4465 hic
1575 4411 1786 4482 repetit

153 4491 372 4553 dicendo
406 4517 418 4554 :
451 4502 514 4555 In
542 4514 606 4556 eo
635 4499 996 4555 ambulemus.
1036 4501 1119 4556 Ita
1139 4498 1584 4556 ambulantibus
1625 4499 1780 4571 quod

154 4579 296 4639 deest
325 4587 633 4644 revelatur.

1904 683 2223 733 verterunt.

1979 767 2286 838 Sequitur:
2322 769 2477 823 Nunc
2514 773 2707 821 autem
2765 775 2816 820 et
2875 767 3012 834 ﬂens
3055 763 3194 827 dico,
3247 765 3358 816 etc.
3411 759 3559 816 Nota

1908 863 2130 927 quanta
2158 857 2217 910 in
2251 873 2315 911 eo
2339 861 2462 911 erat
2488 855 2738 909 dilectio.
2765 854 2890 910 Non
2913 852 3105 907 solum
3131 866 3270 906 suos
3291 849 3558 918 instruit,

1907 946 2005 1000 sed
2040 951 2346 1000 extraneos
2379 946 2571 1000 deflet.
2603 947 2647 998 A
2669 945 2840 1015 cujus
2856 939 3252 997 sollicitudine
3273 938 3445 1010 longe
3467 938 3558 992 di-

1908 1039 2088 1099 stant,
2120 1035 2219 1105 qui
2253 1035 2379 1090 suis
2409 1034 2814 1106 pereuntibus,
2846 1032 3121 1103 gaudent.

1979 1127 2132 1190 Quos
2165 1125 2338 1180 deﬂet
2359 1124 2595 1194 exponit
2619 1139 2631 1177 :
2658 1124 2932 1187 inimicos,
2957 1119 3169 1190 inquit,
3192 1120 3369 1173 crucis
3394 1117 3556 1172 Chri-

1904 1214 1996 1266 sti.
2029 1212 2116 1280 Hi,
2152 1213 2251 1284 qui
2285 1213 2611 1268 secundum
2645 1210 3044 1282 Evangelium,
3073 1208 3371 1262 Christum
3421 1222 3554 1261 Das-

1906 1300 2159 1366 sibilem,
2195 1306 2252 1356 et
2280 1300 2730 1372 impassibilem,
2762 1297 3339 1368 incircumscriptum
3373 1300 3430 1350 et
3467 1295 3558 1350 lo-

1905 1388 2112 1454 calem,
2128 1396 2408 1444 aeternum
2430 1395 2487 1444 et
2510 1387 2888 1458 temporalem
2911 1403 3026 1442 non
3046 1385 3408 1456 intelligunt.
3431 1383 3555 1437 Ali-

1904 1482 2038 1532 ter:
2079 1478 2352 1533 lnimicos
2399 1477 2590 1532 crucis
2640 1476 2881 1543 Christi,
2937 1476 3038 1546 qui
3090 1479 3193 1529 aut
3251 1477 3554 1528 mortuum

1905 1583 2037 1621 eum
2072 1585 2186 1622 non
2219 1567 2485 1632 credunt,
2519 1572 2620 1621 aut
2649 1582 2863 1638 purum
2919 1564 3215 1619 hominem
3261 1578 3396 1617 eum
3447 1577 3553 1632 pu-

1904 1659 2098 1711 tantes
2126 1673 2277 1720 esse,
2311 1673 2541 1711 crucem
2575 1657 2704 1727 ejus
2733 1655 3023 1721 derident,
3056 1670 3182 1723 quas
3213 1651 3374 1707 salus
3407 1651 3557 1705 facta

1881 1748 1994 1800 :est
2022 1745 2298 1799 hominis.

1973 1834 2252 1905 Sequitur
2279 1851 2290 1889 :
2327 1835 2566 1902 Quorum
2593 1833 2720 1902 ﬁnis
2743 1833 3034 1887 interitus:
3058 1829 3114 1883 id
3139 1832 3249 1898 est,
3276 1827 3556 1882 falsorum

1905 1923 2326 1995 apostolorum,
2360 1929 2418 1978 et
2449 1922 2889 1987 haereticorum;
2913 1919 3054 1991 quia
3082 1923 3285 1975 sancto
3333 1915 3555 1988 Spiritu

1906 2017 2031 2067 erat
2070 2013 2348 2083 repletus,
2382 2012 2512 2067 ideo
2542 2015 2781 2067 noverat
2810 2008 2942 2065 illos
2990 2011 3463 2080 perseveraturos
3495 2005 3555 2058 in

1905 2101 2083 2168 male,
2117 2102 2273 2172 quod
2303 2100 2434 2156 aliis
2465 2115 2639 2156 nosse
2671 2115 2787 2155 non
2819 2099 3036 2164 datur;
3061 2097 3308 2166 ideoque
3329 2092 3558 2148 occulta

1906 2205 2021 2243 non
2045 2189 2393 2259 judicemus.

1977 2277 2255 2348 Sequitur
2287 2295 2299 2332 :
2332 2280 2584 2348 Quorum
2616 2278 2756 2332 Deus
2783 2278 2989 2330 venter.
3022 2276 3210 2339 Quare
3239 2272 3394 2326 Deus
3422 2287 3560 2326 ven-

1907 2366 2039 2420 ter?
2069 2367 2216 2431 Quia
2247 2373 2483 2438 propter
2512 2367 2728 2423 cibum.
2761 2364 3194 2436 priedicabant;
3238 2361 3358 2416 sive
3417 2359 3558 2431 quia

1905 2455 2091 2510 Deum
2122 2455 2394 2510 delectari
2427 2456 2484 2509 in
2513 2456 2779 2510 ciborum
2810 2453 3163 2508 mundorum
3189 2449 3556 2522 perceptione

1905 2544 2240 2598 credebant.
2276 2544 2532 2598 Gloriam
2591 2560 2726 2598 vero
2783 2541 3034 2597 dicimus
3095 2542 3151 2594 in
3211 2539 3552 2609 confusione,

1904 2633 2044 2702 quia
2075 2632 2134 2686 in
2167 2633 2458 2703 pudendis
2481 2631 2761 2687 membris
2791 2629 3215 2702 gloriabantur,
3247 2631 3305 2682 et
3333 2627 3404 2681 de
3433 2625 3552 2692 his,

1903 2723 2001 2792 qui
2027 2725 2246 2776 terrena
2271 2722 2514 2792 sapiunt,
2565 2721 2814 2792 ideoque
2867 2720 2927 2774 in
2977 2717 3197 2774 carnali
3246 2714 3554 2771 circumci-

1903 2811 2067 2866 sione
2100 2811 2420 2866 confidunt.

1974 2900 2251 2971 Sequitur
2282 2917 2294 2954 :
2329 2901 2523 2955 Nostra
2555 2903 2741 2955 niuem
2767 2899 3126 2962 conversatio,
3151 2900 3262 2951 etc.
3285 2896 3365 2950 Ac
3389 2893 3440 2950 si
3470 2892 3556 2948 di-

1903 2993 1998 3044 cat
2029 3007 2042 3044 :
2076 2989 2120 3044 Ο
2152 2989 2575 3060 Philippenses,
2602 2993 2780 3043 tanta:
2812 2986 3049 3042 cautela
3081 2985 3298 3055 fuistis,
3332 2987 3399 3038 ut
3439 2999 3553 3036 non

1903 3078 2032 3133 sitis
2057 3095 2093 3132 a
2123 3078 2290 3132 falsis
2307 3077 2560 3147 seducti,
2585 3077 2685 3132 sed
2716 3077 3023 3131 nobiscum
3047 3071 3472 3130 conversemini
3495 3074 3556 3126 in

1902 3166 2231 3221 ccelis.Nota
2251 3166 2405 3237 quod
2431 3166 2490 3220 in
2513 3181 2686 3220 carne
2708 3169 2815 3230 est,
2839 3163 2937 3234 qui
2960 3180 3023 3219 se
3043 3162 3184 3218 dicit
3203 3161 3472 3217 habitare
3494 3160 3552 3216 in

1905 3255 2087 3321 oculis,
2115 3255 2394 3326 quoniam
2415 3253 2597 3309 aliubi
2620 3253 2991 3309 detinebatur
3011 3267 3206 3321 carne,
3229 3250 3409 3306 aliubi
3431 3254 3556 3305 erat

1826 3327 1872 3396 α
1907 3348 2119 3399 mente.
2147 3343 2294 3398 Nota
2315 3343 2470 3414 quod
2494 3360 2606 3414 pax
2627 3343 2812 3413 (1191)
2836 3342 2950 3398 ista
2974 3358 3086 3397 non
3110 3347 3200 3397 est
3219 3339 3510 3396 malorum
3535 3355 3551 3407 ;

1902 3433 2032 3488 ideo
2054 3431 2368 3486 videndum
2395 3437 2486 3486 est
2509 3436 2572 3486 ut
2586 3431 2724 3486 talia
2736 3430 3368 3502 faciamus,loquamur
3387 3433 3444 3483 et
3465 3445 3560 3483 co-

1902 3522 2180 3592 gitemus,
2211 3538 2336 3592 quae
2367 3519 2449 3575 illi
2483 3524 2828 3593 congruant.

1973 3611 2253 3682 Sequitur
2284 3628 2296 3666 :
2336 3611 2482 3666 Unde
2508 3613 2696 3675 etiam,
2729 3613 2861 3675 etc.,
2894 3609 2952 3663 id
2983 3611 3092 3673 est,
3125 3608 3195 3662 de
3247 3606 3412 3662 caalo.
3470 3606 3552 3662 lbi

1901 3701 2058 3755 enim
2090 3701 2372 3756 ascendit.
2409 3701 2546 3755 Inde
2591 3703 2903 3754 venturum
2953 3714 3086 3752 eum
3139 3697 3434 3752 credimus
3481 3697 3550 3750 ad

1901 3789 2234 3860 exemplum
2255 3787 2586 3861 populi,qui
2600 3787 2971 3860 exspectabat
2989 3787 3555 3856 sacerdotem,uteg-

1899 3879 2200 3933 rederetur
2215 3879 2285 3932 de
2301 3880 2899 3932 sanctissanctorum.
2925 3880 3106 3942 Quem
3131 3875 3552 3946 ?Quire/orma-

1901 3967 2002 4030 bit,
2024 3973 2127 4020 etc.
2152 3966 2214 4019 Id
2230 3966 2447 4036 est,qui
2463 3965 2822 4037 resurgendo
2835 3981 2998 4036 spem
3013 3964 3116 4019 ded
3128 3964 3171 4017 it
3183 3963 3550 4034 resurgendi,

1899 4055 2179 4126 quoniam
2199 4056 2348 4124 quod
2373 4054 2728 4108 habemusin
2753 4052 3556 4124 spe,celebrataresurrectio-

1899 4159 1970 4199 ne
1983 4144 2335 4199 habebimus
2352 4143 2405 4196 in
2428 4159 2515 4198 re:
2538 4141 2753 4212 quando
2771 4141 3006 4196 mortale
3020 4140 3205 4195 induet
3218 4141 3549 4196 immortali-

1896 4238 2200 4299 tatem,etc.
2226 4235 2272 4303 (Ι
2297 4232 2416 4287 Cor.
2442 4249 2534 4300 xv,
2555 4234 2669 4303 53‘).
2696 4233 2765 4286 Et
2795 4247 2868 4285 ne
2896 4229 3194 4285 difﬁderes
3216 4229 3288 4285 de
3309 4228 3548 4301 pulvere

1897 4320 2197 4376 hominem
2235 4324 2726 4384 resurrecturum,
2760 4318 2976 4390 adjecit
2998 4336 3011 4374 :
3037 4317 3348 4372 Secundum
3365 4333 3554 4389 opera-

1896 4409 2653 4480 tionem,quapotuit(1192)
2679 4410 2787 4463 sibi
2813 4409 3081 4478 subjicere
3128 4408 3334 4460 omnia.
3389 4405 3552 4460 Tunc

1894 4498 2052 4553 enim
2083 4497 2635 4568 eritconfiguratio,
2671 4495 2906 4568 quando
2932 4493 3154 4550 similes
3187 4493 3369 4549 effecti
3401 4493 3550 4549 vide-

1895 4587 2070 4642 bimus
2100 4603 2223 4642 eum
2252 4587 2419 4641 sicuti
2447 4594 2530 4640 est
2560 4585 2605 4656 (Ι
2630 4586 2789 4642 Ιοαη.
2813 4601 2898 4652 ιιι,
2929 4582 3004 4655 2).

210 4672 380 4745 (1089)
410 4676 740 4748 Sequitur:
800 4676 1107 4732 Imitatores
1165 4677 1275 4730 mei
1322 4679 1508 4742 estote,
1560 4674 1619 4730 id
1665 4678 1774 4747 est,

1974 4675 2248 4747 Sequitur
2269 4675 2426 4744 (CAP.
2455 4673 2825 4744 1V.):ltaque,
2848 4674 3056 4743 fratres
3075 4673 3190 4728 mei
3217 4673 3549 4738 charissimi,

152 4754 384 4835 illorum,
415 4781 542 4837 quis
576 4780 706 4836 ago,
739 4763 826 4820 vel
859 4765 1063 4820 doceo.

215 4847 511 4921 Sequitur:
546 4853 610 4908 Et
640 4853 918 4908 observate
944 4868 1054 4919 eos,
1088 4856 1200 4907 etc.
1234 4853 1315 4907 De
1362 4869 1428 4907 eo
1459 4853 1612 4924 quod
1668 4853 1782 4907 du-

156 4931 358 5002 pliciter
383 4941 600 4996 dicitur
639 4941 986 5011 observare;
1020 4940 1106 4996 vel
1158 4942 1229 4996 ad
1288 4941 1666 5009 imitandum,
1720 4945 1784 4998 ut

156 5018 236 5077 hic
267 5051 279 5082 -.
307 5027 392 5083 vel
423 5031 494 5084 ad
527 5030 877 5101 cavendum,
911 5036 977 5085 nt
1006 5031 1080 5085 ad
1109 5033 1402 5086 Romanos
1428 5047 1440 5084 :
1497 5031 1784 5088 Observata

155 5123 228 5165 eo:
254 5118 342 5185 qui
393 5118 779 5190 dissensiones,
836 5129 887 5175 et
940 5119 1280 5190 oﬂ'endicula
1330 5121 1544 5190 faciunt
1602 5121 1777 5191 (Rom.

165 5213 283 5270 xvn,
316 5207 420 5279 17).

215 5289 512 5365 Sequitur:
538 5298 695 5353 Multi
723 5299 874 5354 enim
899 5297 1209 5368 ambulant,
1242 5301 1352 5354 etc.
1403 5299 1480 5354 De
1517 5315 1581 5354 eo
1623 5299 1777 5372 quod

156 5374 310 5438 falsos
321 5383 411 5442 hic
423 5386 720 5458 apostolos
737 5386 1216 5445 notat.Notantur
1227 5385 1552 5442 ethaaretici
1570 5387 1774 5458 (1190).

221 5559 386 5639 (188)
405 5565 688 5639 _Fortasse
713 5565 953 5638 proﬁcit.

215 5634 380 5712 (ltiti?)
405 5636 463 5712 l_n
494 5642 692 5712 autog.
713 5634 915 5712 'marg.
951 5636 1046 5712 hic
1077 5634 1292 5707 legitur
1322 5652 1449 5707 cap.
1478 5635 1624 5691 XIII.

411 5699 756 5782 .l_ovinianus
779 5699 903 5764 scil.
926 5708 1132 5782 potiss.

220 5775 384 5850 (1191)
417 5779 681 5837 Fortasse
704 5798 829 5853 vox,
865 5775 943 5836 id'
967 5787 1076 5848 est,
1127 5796 1317 5836 sermo
1361 5797 1374 5833 :
1410 5796 1559 5853 szepc
1611 5778 1768 5837 enim

1895 4770 2093 4821 etc.De
2111 4781 2176 4819 eo
2192 4764 2348 4837 quod
2369 4763 2462 4818 his
2474 4763 2666 4819 verbis
2681 4766 3030 4832 commonet,
3054 4761 3194 4816 utin
3209 4761 3414 4817 eadem
3437 4760 3552 4816 fide

1897 4860 2196 4922 maneant;
2213 4853 2368 4926 quod
2387 4851 2509 4907 fieri
2528 4869 2639 4908 non
2657 4850 2992 4924 potest,nisi
3007 4866 3184 4906 unam
3200 4849 3548 4905 cbaritatem

1894 4944 2216 4999 habeant.()
2233 4942 2661 5015 Philippenses,
2696 4940 2743 4997 si
2763 4942 2871 4996 hoc
2890 4939 3163 5004 feceritis,
3187 4938 3347 4994 eritis
3366 4937 3550 5009 gloria

1893 5037 1950 5088 et
1973 5049 2187 5088 corona
2208 5049 2372 5100 mea;
2397 5031 2584 5104 gloria
2611 5032 2668 5086 in
2695 5029 3002 5102 praesenti;
3025 5045 3237 5084 corona
3255 5028 3314 5082 in
3330 5028 3546 5082 futuro.

1895 5123 1958 5176 In
1984 5123 2275 5178 bonorum
2310 5136 2566 5192 namque
2587 5120 2925 5175 auditorum
2958 5123 3230 5189 provectu
3260 5116 3546 5190 gaudium

1893 5215 1981 5267 est
2010 5212 2481 5284 prrsdicatorum.

1960 5300 2269 5372 Sequitur:
2293 5297 2830 5367 Euchodiam(1l93)
2853 5312 3009 5369 rogo,
3033 5298 3143 5351 etc.
3162 5299 3241 5351 De
3269 5311 3337 5352 co
3385 5296 3543 5368 quod

1889 5389 2167 5446 mulieres
2188 5392 2353 5446 erant
2365 5386 2671 5443 scientiam
2686 5385 3146 5457 babentes,quas
3167 5386 3239 5442 ad
3257 5385 3542 5456 majorem

1884 5583 2010 5623 voce
2040 5584 2144 5638 pro
2172 5582 2416 5622 sermone
2445 5565 2629 5620 utitur
2658 5569 2864 5620 auctor
2890 5568 3106 5621 noster.
3132 5563 3349 5621 Nullibi
3379 5564 3537 5620 enim

1884 5640 1953 5693 de
1988 5656 2126 5712 pace
2159 5638 2398 5712 mentio.

1956 5709 2138 5855 (1172)
2171 5709 2344 5782 Vulg.
2376 5709 2497 5792 loco
2532 5709 2707 5791 potuit
2737 5709 2911 5792 habet
2939 5712 3106 5763 etiam
3133 5712 3324 5792 possit.
3369 5779 3378 5790 '

1984 5783 2117 5842 1193
2170 5781 2339 5855 Vulg.
2375 5780 2680 5837 Izvodzam:
2739 5781 2878 5837 alibi
2928 5781 3259 5837 Euhodiam.
3314 5779 3378 5831 Vi

1984 5779 2138 5855 1193)
2170 5779 2339 5855 Vulg.
2375 5780 2680 5837 vaodiam:
2739 5781 2878 5837 alibi
2928 5779 3259 5837 Euhodiam.
3314 5779 3416 5832 Vir
3464 5791 3534 5833 ne
