3898 6398
346 431 468 496 603

1302 419 1309 421 ’
1376 435 1718 499 ATTONIS
1762 436 2344 502 VERGELLENSIS
2391 440 2745 504 EPISCOPI

3655 440 3778 504 604

350 565 1996 642 prudentiaminvitat,utsicutinoperibusEvangeliipro-
2025 579 2076 647 Α
2117 573 2462 630 exhortatio.
2495 575 2640 630 Cum
2675 575 2830 630 enim
2861 574 3169 630 immineat
3197 573 3333 630 ﬁnis
3365 575 3686 647 cujusque,
3719 581 3775 632 et

273 721 290 740 .
348 655 624 722 fecerant,
662 658 1006 729 proﬁcerent
1033 664 1088 714 et
1128 659 1186 712 in
1238 659 1499 726 scientia,
1551 664 1608 713 et
1661 660 1808 715 bene
1857 660 2000 715 dicit

348 744 610 817 idipsum
644 764 847 819 sapere
881 748 936 802 in
970 748 1238 814 Domino,
1271 747 1328 801 id
1361 753 1469 815 est,
1507 764 1633 819 quae
1665 749 1815 803 circa
1839 749 1998 803 Chri-

341 838 504 891 stum
536 837 756 906 scripta
788 841 944 903 sunt,
978 843 1130 891 recte
1165 837 1420 891 sentiant
1450 841 1505 891 et
1535 837 1885 908 intelligant.

409 923 884 994 Sequiturzllogo
905 927 1069 979 etiam
1090 933 1156 991 te,
1199 929 1309 980 etc.
1353 925 1430 978 De
1452 941 1518 980 eo
1566 927 1718 996 quod
1766 927 1992 981 Germa-

338 1028 445 1066 nus
477 1013 659 1084 (1131)
693 1015 995 1084 proprium
1030 1030 1241 1068 nomen
1274 1019 1418 1079 erat,
1451 1031 1678 1084 compar
1727 1032 1856 1069 vero
1907 1015 1995 1068 di-

342 1102 603 1171 gnitatis,
629 1103 778 1157 sicut
801 1103 1232 1174 Epaphroditus
1251 1103 1468 1158 dicitur
1487 1105 1786 1159 commilito
1809 1105 1994 1158 Pauli.

344 1190 490 1243 Nota
508 1191 660 1260 quod
685 1208 797 1244 non
826 1191 986 1258 dicit,
1011 1191 1255 1262 impero.
1283 1192 1387 1247 Ubi
1407 1192 1784 1247 instruuntur
1805 1194 1999 1247 docto-

341 1294 453 1346 res,
490 1285 552 1332 ut
573 1280 1066 1336 bonosauditores
1093 1280 1443 1352 alloquendo
1469 1281 1656 1353 magis
1681 1298 1857 1351 quam
1881 1281 1994 1334 im-

341 1369 596 1438 perando
622 1369 886 1423 doceant.
913 1371 1142 1424 Etbene
1165 1370 1308 1425 dicit
1333 1389 1346 1437 ;
1375 1387 1492 1441 qua:
1521 1387 1733 1424 mecum
1782 1372 1994 1424 labora-

338 1461 535 1510 verunt
565 1457 626 1510 in
676 1460 993 1528 Evangelia,
1056 1458 1143 1512 vel
1192 1460 1509 1529 operando,
1556 1459 1642 1514 vel
1695 1460 1992 1514 docendo:

340 1545 599 1599 docendo
631 1546 904 1602 videlicet
936 1564 1046 1601 non
1081 1547 1139 1601 in
1171 1547 1332 1612 viris,
1369 1549 1466 1601 sed
1494 1548 1550 1601 in
1583 1548 1815 1602 feminis
1843 1573 1856 1611 ;
1880 1564 1993 1602 non

339 1633 398 1686 in
424 1634 697 1702 Ecclesia,
731 1637 831 1690 sed
866 1635 923 1689 in
957 1636 1150 1690 domo.
1187 1637 1320 1691 Cum
1357 1638 1626 1691 (.‘lmnente
1682 1642 1736 1690 et
1783 1637 1998 1692 caeteris

338 1721 676 1793 adjutoribus
696 1728 853 1778 meis.
881 1723 1150 1780 Clemens
1173 1724 1281 1779 iste
1307 1741 1374 1778 ex
1398 1724 1746 1795 philosopho
1771 1740 1995 1794 magnai

343 1811 618 1866 doctrina?
651 1812 740 1866 vir
768 1813 896 1882 fuit,
932 1813 1151 1884 quique
1205 1813 1478 1868 Romam?
1531 1813 1800 1867 Ecclesiae
1853 1829 1998 1883 prae-

344 1899 678 1970 tuit(1195).
712 1902 780 1956 Et
801 1902 948 1956 bene
978 1901 1156 1956 dicit:
1190 1906 1442 1971 Quorum
1480 1903 1711 1955 nomina
1757 1906 1885 1956 sunt
1936 1903 1996 1955 in

343 1988 486 2043 libro
506 1991 656 2056 vitm,
683 1993 747 2044 ut
769 2006 872 2044 nec
895 1991 1303 2059 referat(1196)
1327 1991 1480 2060 quod
1506 2007 1620 2045 non
1643 1989 1994 2061 sintscripta

342 2076 401 2130 in
427 2076 535 2132 bac
559 2077 923 2148 Epistola.De
946 2095 1011 2133 eo
1024 2079 1178 2148 quod
1203 2078 1382 2148 hujus
1406 2078 1779 2150 libriMoyses
1797 2078 1986 2147 (Exod.

340 2182 477 2231 xvn,
513 2166 620 2234 14),
653 2171 710 2220 et
743 2167 918 2220 David
953 2167 1131 2237 (Psal.
1184 2185 1373 2234 xxx1x,
1405 2167 1476 2233 8;
1521 2172 1708 2221 LXVIII.
1764 2169 1854 2236 29)
1905 2167 1990 2222 fa-

337 2253 502 2308 ciunt
530 2255 907 2325 mentionem,
941 2260 997 2310 et
1036 2255 1300 2310 Salvator
1346 2255 1402 2309 in
1453 2254 1763 2325 Evangelio
1807 2257 1986 2322 (Joan.

337 2357 431 2406 xx,
465 2344 575 2408 30;
608 2360 721 2414 xxx,
754 2344 884 2413 25);
925 2344 1021 2414 qui
1053 2343 1209 2401 enim
1271 2360 1332 2398 se
1389 2350 1445 2398 et
1503 2343 1649 2399 olios
1697 2344 1988 2398 monendo

339 2429 593 2496 salvant,
624 2432 922 2502 adjutores
953 2431 1204 2503 apostoli
1238 2436 1394 2488 sunt.

414 2520 597 2589 (1197)
630 2519 714 2575 De
740 2520 986 2592 spiritali
1044 2537 1176 2576 vero
1225 2521 1727 2577 commendatione
1777 2520 1990 2576 transit

342 2607 413 2663 ad
446 2608 774 2679 generalem
806 2610 1290 2676 admonitionem,
1313 2627 1448 2665 cum
1467 2611 1644 2665 dicit:
1679 2611 1913 2665 Gaudete
1928 2613 1986 2665 in

341 2699 595 2766 Domino,
629 2705 738 2754 etc.
773 2699 853 2754 De
885 2715 950 2755 eo
982 2701 1137 2770 quod
1170 2698 1338 2754 laetus
1387 2699 1691 2770 apostolus
1721 2699 1779 2754 in
1802 2701 1989 2772 operi-

338 2785 474 2852 bus,
489 2790 545 2840 et
565 2785 678 2841 fide
699 2803 900 2842 eorum
925 2788 997 2842 ad
1021 2789 1205 2859 (1168)
1229 2787 1529 2842 cumulum
1549 2789 1747 2859 gaudii
1771 2793 1986 2858 monet,

339 2879 405 2928 ut
435 2875 732 2946 gaudeant
762 2880 818 2930 et
848 2876 982 2947 ipsi.
1041 2877 1150 2932 Sed
1197 2877 1296 2931 ubi
1323 2878 1350 2930 ‘I
1378 2881 1443 2931 In
1470 2879 1736 2932 Domino:
1793 2878 1849 2931 id
1881 2883 1990 2943 est,

340 2979 458 3018 non
493 2964 548 3018 in
585 2966 826 3031 mundo,
861 2969 918 3020 et
943 2983 1059 3020 non
1091 2982 1194 3036 per
1222 2967 1407 3035 (1199)
1439 2965 1740 3021 intervalla
1770 2973 1991 3038 tempo-

343 3069 498 3117 rum,
525 3058 589 3108 ut
609 3054 848 3124 quidam
876 3079 888 3120 ;
913 3055 1012 3108 sed
1036 3071 1266 3126 semper,
1292 3056 1346 3108 id
1376 3059 1483 3121 est,
1510 3055 1567 3108 in
1591 3056 1904 3126 prosperis,
1935 3060 1992 3110 et

343 3140 401 3195 in
435 3141 712 3210 adversis,
746 3147 802 3198 et
829 3142 889 3197 in
922 3142 1146 3199 caeteris
1181 3161 1308 3215 qua
1340 3145 1410 3198 de
1439 3143 1532 3198 his
1561 3143 1674 3198 dici
1707 3144 1916 3200 solent.

410 3231 686 3301 Sequitur
717 3248 730 3286 :
762 3231 1018 3288 Modestia
1050 3241 1243 3299 vestra,
1277 3237 1386 3288 etc.
1423 3239 1500 3288 De
1545 3249 1611 3288 eo
1661 3235 1813 3304 quod
1867 3251 1992 3290 mo-

2109 664 2346 733 diesjud
2359 664 2474 728 icii,
2496 665 2666 719 debet
2685 664 2854 719 nobis
2869 680 2996 719 esse
3010 663 3357 734 properatio,
3382 664 3577 719 utbon
3589 664 3638 718 is
3653 681 3772 719 mo-

2110 753 2275 809 ribus
2310 769 2639 825 magnaque
2672 753 2958 808 modestia
2987 753 3253 807 vivamus
3281 769 3295 807 :
3321 753 3442 808 sive
3473 753 3622 824 quia
3657 759 3767 810 Do-

2107 845 2295 896 minus
2320 859 2496 913 prope
2524 847 2602 898 est
2635 843 2886 896 omnibus
2919 843 3297 897 invocantibus
3346 859 3403 897 se
3442 845 3503 897 in
3535 846 3772 898 veritate

2111 932 2285 993 (Psal.
2320 947 2502 998 cvuv,
2538 933 2646 1001 18),
2681 949 2796 986 non
2829 931 3055 986 debetis
3085 947 3212 985 esse
3238 931 3463 986 solliciti
3493 933 3567 986 de
3591 932 3767 988 rebus

2110 1020 2451 1086 mundanis,
2486 1020 2624 1090 quia
2653 1025 2710 1074 et
2731 1020 2929 1074 omnia
2952 1019 3281 1075 necessaria
3301 1020 3468 1076 vobis
3489 1028 3768 1091 procurat

2107 1108 2282 1174 Deus,
2316 1115 2372 1163 et
2405 1109 2646 1164 meliora
2677 1110 2733 1164 in
2758 1109 2856 1163 illa
2877 1109 3015 1173 vita,
3041 1125 3165 1179 quae
3189 1109 3386 1164 futura
3405 1115 3764 1165 estmterna:

2111 1198 2250 1267 sive,
2285 1199 2464 1252 nolite
2497 1198 2701 1253 timere
2733 1203 3169 1270 persequentes,
3204 1198 3523 1270 quiajuxta
3552 1205 3635 1253 est
3667 1201 3766 1254 Do-

2105 1289 2290 1342 minus
2333 1289 2419 1342 liis
2474 1305 2568 1358 qui
2632 1289 2896 1342 brztalato
2957 1296 3087 1343 sunt
3141 1287 3297 1343 corde
3339 1290 3510 1359 (Psal.
3563 1306 3763 1358 xxxm,

2108 1377 2216 1447 19).

2177 1467 2495 1537 Sequitur:
2529 1467 2631 1522 Sed
2662 1469 2722 1521 in
2752 1469 2902 1521 omni
2949 1468 3215 1531 oratione,
3269 1471 3379 1521 etc.
3431 1466 3632 1522 Oratio
3677 1473 3766 1523 est

2110 1569 2211 1624 pro
2234 1553 2654 1624 adipiscendis,
2679 1571 2804 1624 qua:
2822 1570 3159 1624 speramus;
3185 1554 3763 1627 obsecrationes,pro

2107 1643 2359 1713 peccatis
2384 1641 2805 1714 pr.eteritis,vel
2832 1643 3217 1713 praesentibus
3240 1661 3252 1696 :
3275 1645 3598 1713 gratiarum
3623 1649 3764 1699 sunt

2105 1734 2363 1798 actiones,
2399 1731 2602 1786 laudes
2634 1749 2737 1801 pro
2769 1730 2994 1786 collatis
3025 1731 3342 1798 beneﬁciis,
3377 1749 3505 1803 quae
3556 1733 3761 1788 omnia

2107 1820 2165 1874 in
2196 1821 2390 1875 misse
2424 1820 2614 1875 officio
2647 1821 3040 1875 continentur.

2181 1911 2460 1981 Sequitur
2493 1927 2506 1964 :
2547 1912 2839 1965 Petitiones
2867 1915 3082 1976 vestrm,
3107 1915 3240 1974 etc.,
3265 1911 3321 1965 id
3345 1915 3456 1981 est,
3481 1911 3585 1981 qui
3615 1912 3763 1983 petit

2103 1999 2244 2055 talia
2267 2004 2445 2070 petat,
2472 2017 2600 2070 quae
2624 1999 2853 2054 fidelem
2879 2003 3072 2070 petere
3093 1999 3257 2053 decet
3281 2017 3293 2066 ;
3310 2000 3436 2070 jam
3454 2001 3599 2070 quia
3623 2005 3762 2055 nota

2102 2094 2242 2144 sunt
2271 2089 2387 2142 Deo
2419 2104 2545 2158 quae
2578 2089 2808 2156 agimus
2843 2105 2854 2155 ;
2889 2092 2946 2143 et
2973 2088 3393 2144 innotescenda
3422 2088 3525 2144 tali
3560 2090 3758 2156 modo,

2102 2182 2167 2260 ut
2197 2177 2476 2244 diximus,
2508 2176 2648 2231 talia
2674 2178 2792 2233 sint
2823 2194 2949 2249 quae
2979 2176 3134 2233 fideli
3154 2177 3385 2247 etjusto
3407 2178 3765 2233 conveniant

2099 2266 2241 2304 Vll‘O.

2170 2339 2481 2410 Sequitur:
2518 2344 2645 2393 Paw
2673 2339 2791 2403 Dei,
2825 2343 2933 2392 etc.
2963 2338 3044 2392 De
3074 2353 3140 2393 eo
3173 2338 3323 2409 quod
3374 2338 3763 2394 vehementer

2099 2433 2156 2482 et
2185 2433 2351 2482 acute
2381 2427 2488 2482 hoc
2511 2427 2766 2498 positum
2793 2431 2901 2482 est.
2925 2427 3070 2482 Cum
3093 2427 3250 2482 enim
3273 2443 3384 2498 pax
3403 2427 3502 2482 Dei
3528 2427 3761 2483 venerit

2099 2517 2156 2571 in
2189 2534 2318 2584 nos,
2352 2521 2529 2572 Deum
2560 2516 2993 2588 intelligemus;
3027 2522 3082 2571 et
3111 2533 3244 2571 cum
3277 2521 3459 2572 Deum
3520 2517 3758 2573 intelle-

2098 2606 2376 2674 xerimus,
2410 2605 2556 2660 nihil
2586 2605 2914 2674 dissonum,
2945 2605 3033 2660 vel
3066 2623 3330 2677 pravum,
3364 2606 3518 2662 sicut
3551 2612 3758 2676 antea,

2101 2696 2405 2762 faciemus,
2441 2696 2542 2750 sed
2573 2695 2654 2749 ita
2685 2700 2856 2751 erunt
2876 2696 3076 2750 omnia
3099 2699 3323 2767 pacata,
3352 2700 3417 2750 ut
3439 2695 3758 2752 nobiscum

2101 2784 2293 2840 omnis
2315 2789 2513 2840 noster
2527 2784 2602 2840 sit
2617 2783 2968 2840 intellectus.
2992 2788 3110 2840 Pax
3132 2783 3287 2840 enim
3307 2785 3524 2856 estjam
3552 2786 3758 2857 quies-

2101 2890 2228 2929 cere
2257 2878 2313 2928 et
2344 2873 2716 2929 securitatem
2751 2873 2983 2928 habere.
3017 2873 3203 2937 Quam
3236 2888 3435 2944 pacem
3459 2874 3615 2930 Deus
3647 2891 3760 2930 no-

2101 2964 2194 3018 bis
2216 2962 2440 3028 tribuit,
2467 2963 2734 3032 cumjam
2748 2963 2941 3018 omnis
2961 2962 3296 3018 intellectus
3309 2963 3617 3019 nobiscum
3642 2968 3756 3020 est.

2101 3051 2207 3116 Qui
2239 3051 2395 3107 enim
2430 3052 2613 3106 Deum
2647 3051 2940 3121 intelligit,
2976 3053 3175 3107 omnia
3211 3051 3521 3123 intelligit;
3555 3057 3612 3106 et
3633 3069 3758 3108 om-

2104 3141 2200 3196 nia
2232 3141 2635 3212 intelligendo,
2670 3157 2872 3212 pacem
2904 3141 3006 3196 Dei
3036 3141 3230 3209 habet,
3265 3157 3368 3213 per
3423 3157 3603 3212 quam
3654 3158 3760 3197 cor

2105 3237 2161 3286 et
2191 3230 2388 3286 omnia
2418 3229 2610 3284 cordis
2641 3229 2918 3285 interiora
2948 3231 3380 3286 custodiuntur.
3413 3231 3562 3286 Nota
3593 3231 3759 3302 quod

342 3318 528 3374 destia
550 3319 786 3386 dicitur,
818 3336 884 3375 eo
916 3321 1071 3392 quod
1103 3325 1298 3376 teneat
1327 3322 1589 3376 modum.
1622 3321 1802 3377 Valde
1831 3323 1989 3378 enim
2020 3319 2063 3387 C
2104 3321 2180 3376 ail
2209 3321 2532 3375 :Petitiones
2558 3328 2748 3374 vestrae
2779 3321 3140 3375 innotescunt.
3186 3319 3316 3374 Haec
3363 3319 3572 3375 notitia
3601 3320 3761 3376 assi-

341 3407 411 3462 ad
447 3407 723 3463 meritum
755 3409 965 3464 futurae
993 3411 1121 3464 vitae
1154 3410 1426 3482 pertinet,
1461 3411 1509 3465 si
1543 3411 1804 3466 modeste
1833 3412 1990 3467 viva-

340 3513 493 3551 mus.
527 3499 598 3552 Et
630 3497 687 3552 in
719 3499 972 3553 omnibus
1001 3499 1162 3566 dicit,
1197 3499 1254 3554 id
1277 3504 1385 3566 est,
1420 3504 1539 3554 tam
1561 3499 1780 3555 Judazis
1811 3517 1988 3571 quam

338 3585 656 3657 gentilibus
685 3588 1196 3659 persequentibus,
1231 3593 1296 3643 ut
1325 3588 1610 3646 modestia
1637 3593 1831 3644 vestra
1860 3607 1992 3645 con-

345 3679 665 3730 vertantur.

411 3763 724 3834 Sequitur:
757 3766 1021 3820 Dominus
1056 3781 1227 3836 prope
1250 3770 1354 3835 est,
1385 3769 1496 3820 etc.
1531 3766 1742 3839 Magna
1759 3771 1848 3823 est
1869 3767 1991 3823 haec

341 3947 513 4008 esset,
549 3959 621 3996 an
654 3941 892 4010 femina,
928 3941 1287 4013 ambigitur;
1313 3959 1448 3998 nam
1481 3943 1745 4014 quaedam
1779 3961 1991 3998 manu-

342 4015 559 4084 scripta
589 4014 808 4068 habent
853 4015 1128 4069 Evodium
1177 4014 1413 4070 nomine
1459 4015 1823 4070 masculino:
1876 4017 1992 4070 im-

383 4103 545 4158 ressa
573 4102 729 4158 vero,
763 4090 818 4158 et
869 4086 986 4140 fere
1037 4085 1238 4158 omnia
1281 4087 1682 4158 manuscripts
1733 4087 1992 4141 Evodzam

383 4103 545 4140 ressa
573 4103 729 4151 vero,
763 4103 818 4139 et
869 4103 986 4140 iere
1037 4103 1238 4140 omnia
1281 4103 1682 4158 manuscripts
1733 4103 1992 4141 evomam

338 4103 554 4212 iiabent
588 4156 866 4229 feminino
896 4152 1534 4222 nomine,Eom8lav.Alii
1567 4157 1766 4213 volunt
1799 4158 1992 4229 Synti-

343 4228 489 4282 chen
523 4229 712 4281 virum
749 4228 950 4296 fuisse,
983 4245 1219 4283 uxorem
1256 4229 1554 4283 Evodiam.
1608 4228 1878 4283 Attamen
1935 4233 1990 4283 in

343 4298 753 4370 Martyrologio
785 4298 843 4352 in
878 4315 1122 4353 numero
1153 4305 1489 4355 sanctarum
1521 4301 1865 4364 mulierum,
1899 4301 1995 4355 die

345 4317 490 4354 mari
535 4317 753 4370 ronogio
785 4317 843 4352 in
878 4317 1122 4353 numero
1153 4317 1489 4355 sanetarum
1521 4317 1865 4364 munerum,
1899 4317 1994 4355 die

345 4387 460 4426 χχιι
486 4317 645 4439 ἴυίἱὶ,
681 4370 953 4442 Syntiche
985 4376 1339 4426 recensetur.
1372 4371 1557 4434 Quare
1577 4372 1725 4426 duas
1749 4371 1994 4427 feminas

347 4442 529 4497 fuisse
563 4441 930 4496 communior
959 4448 1048 4496 est
1078 4443 1300 4513 opinio.

419 4514 602 4582 (1194)
636 4513 1035 4586 communiter
1065 4512 1260 4586 tamen
1294 4531 1406 4568 non
1433 4512 1992 4586 majusculalittera,

347 4601 474 4656 quae
500 4583 796 4666 proprium
818 4601 1030 4639 nomen
1047 4585 1337 4657 designat,
1357 4585 1436 4640 im
1445 4583 1714 4658 pressum
1728 4585 1994 4641 videmus

341 4672 607 4728 germani
627 4670 870 4728 nomen.

412 4727 594 4798 (1195)
623 4727 702 4781 De
735 4726 844 4781 hoc
875 4731 1089 4798 sancto
1107 4726 1275 4797 plura
1306 4726 1550 4782 dicenda
1579 4732 1777 4783 essent
1807 4745 1984 4798 quam

341 4797 426 4852 ad
449 4816 554 4853 nos
580 4797 849 4853 attineat.
884 4797 1009 4852 Non
1042 4797 1148 4852 abs
1180 4815 1240 4852 re
1271 4802 1462 4853 tamen
1497 4800 1606 4854 erit
1644 4797 1838 4854 dicere
1868 4817 1988 4854 me-

338 4869 541 4923 liorem
567 4875 787 4940 partem
809 4873 1045 4923 Patrum
1070 4875 1127 4923 et
1151 4870 1532 4940 interpretum
1557 4870 1811 4925 voluisse
1831 4871 1900 4926 de
1923 4888 1988 4926 eo

337 4941 629 4995 Clemente
659 4941 752 4995 hic
775 4941 889 5011 agi,
916 4941 1011 5010 qui
1039 4948 1170 5011 post
1190 4947 1424 4995 sanctos
1448 4941 1655 4996 Linum
1681 4947 1738 4996 et
1762 4941 1988 4997 Clctum

337 5016 608 5066 Romanae
632 5011 898 5067 Ecclesiae
922 5011 1169 5083 prmi‘uit.
1189 5012 1794 5067 GrotiusClementem
1832 5013 1988 5068 hunc

338 5099 568 5163 merum
599 5083 1004 5163 Ehilippe'nsis.
1025 5083 1858 5163 Ecclesizspreshyterumcen
1875 5091 1986 5141 set.

340 5155 474 5226 Quae
508 5155 579 5208 de
606 5153 719 5226 illo
738 5153 810 5208 in
827 5154 960 5208 Vita
990 5154 1278 5226 ipsius,in
1305 5153 1450 5209 libro
1479 5153 1986 5226 Recognitionum,

341 5230 398 5278 et
418 5223 487 5276 in.
501 5225 894 5297 apostolorum
911 5223 1298 5297 Constitution
1311 5226 1440 5280 ibus
1464 5223 1990 5297 referuntur,plura

339 5299 516 5359 sunt;
552 5296 653 5349 sed
687 5295 757 5348 de
788 5296 1032 5350 istorum
1067 5296 1349 5351 librorum
1385 5298 1731 5352 auctoritate
1783 5295 1925 5352 satis
1957 5316 1991 5353 a

338 5364 579 5438 criticis.
603 5370 849 5438 Sanctus
870 5367 1348 5438 Cbrysostomus,
1367 5369 1570 5425 homil.
1599 5370 1623 5423 1
1653 5369 1713 5424 in
1729 5369 1987 5424 Timoth.

341 5453 380 5514 ι,
411 5434 534 5514 vult
563 5435 914 5514 Clementem
962 5434 1118 5493 h'unc
1172 5440 1377 5510 jugcm
1432 5440 1714 5514 apostolo
1765 5441 1986 5514 socium

341 5505 542 5577 fuisse.
569 5506 819 5562 Sanctus
853 5510 1122 5577 Irenaeus,
1155 5505 1394 5565 s'anvctus
1426 5505 1694 5568 Clemens
1742 5513 1990 5567 Alexan-

347 5575 1352 5654 drinus,0rigenes,aliiqueveteres
1376 5583 1728 5654 discipulum
1755 5588 1988 5654 aposto-

344 5646 531 5700 lerum
563 5646 1137 5732 test-autumSanct‘us
1167 5646 1552 5732 Epiphanius,
1587 5646 1991 5732 sanctusliie-

345 5731 646 5797 ronymus,
674 5719 935 5784 Rufinus,
962 5723 1132 5797 Beda,
1156 5719 1351 5797 alique
1383 5719 1617 5780 Petrum
1640 5733 1697 5781 et
1714 5727 1986 5794 Paulum,

346 5790 656 5851 itineribus
670 5797 1004 5864 occupatos,
1033 5793 1192 5860 huic,
1217 5790 1358 5850 Lino
1380 5800 1437 5852 et
1462 5799 1742 5854 Anacleto
1763 5790 1987 5869 episcoL

2020 4695 2067 4759 D

2101 3411 2322 3464 duitate
2353 3409 2418 3462 ﬁt
2464 3413 2520 3463 et
2577 3407 2880 3477 vigilantia
2927 3407 3236 3465 orationis.
3290 3408 3452 3463 Tunc
3509 3409 3757 3465 demum

2101 3497 2532 3554 munitionibus
2544 3497 2706 3567 pacis
2729 3513 2870 3564 suae,
2888 3513 3016 3567 quae
3038 3513 3271 3552 omnem
3286 3503 3568 3569 superent
3591 3514 3760 3553 men-

2099 3592 2240 3655 tem,
2265 3587 2366 3654 ait,
2399 3585 2662 3641 custodiet
2691 3585 2854 3641 corda
2882 3589 3081 3641 vestra.
3113 3586 3231 3641 Hoc
3270 3586 3435 3652 dicit,
3469 3585 3612 3657 quia
3651 3587 3760 3658 qui

2100 3676 2444 3732 habetcum
2492 3675 2608 3730 Deo
2642 3690 2844 3746 pacem
2877 3675 3082 3745 (1200),
3135 3691 3249 3730 non
3297 3675 3466 3730 timet
3513 3691 3758 3731 omnem

2102 3769 2356 3821 mentem
2387 3763 2713 3819 adversam.

2147 3942 2194 3997 is
2225 3940 2513 3996 institutis
2540 3941 2864 3996 Romanam
2896 3940 3212 3997 Ecclesiam
3243 3941 3443 3997 [idisse
3463 3941 3757 3997 scribunt.

2121 4014 2352 4068 Rufinus
2386 4014 2502 4068 imo
2535 4013 2864 4084 apostolum
2895 4017 3132 4068 Petrum
3164 4013 3277 4067 sibi
3309 4012 3465 4084 hunc
3503 4011 3760 4082 elegisse

2103 4102 2501 4140 successorem
2529 4083 2720 4138 tradit.
2751 4087 2810 4139 ln
2829 4083 3376 4150 Constitutionibus,
3401 4083 3438 4138 Ι.
3462 4101 3562 4150 v11,
3585 4085 3762 4150 46,]e-

2103 4157 2300 4226 gimus
2327 4161 2595 4211 sanctum
2630 4156 2841 4210 Linum
2873 4173 2906 4210 a
2936 4160 3136 4210 sancto
3180 4155 3358 4210 Paulo
3391 4155 3757 4211 ordinatum.

2104 4230 2356 4284 Sanctus
2390 4227 2746 4299 Epiphanius
2778 4244 2908 4283 vero
2927 4227 3084 4282 hunc
3108 4231 3333 4299 putata
3357 4231 3522 4282 Petro
3545 4227 3604 4281 in
3628 4229 3760 4298 epi-

2105 4316 2348 4370 scopum
2379 4298 2709 4353 ltOmanum
2741 4299 3012 4365 electum,
3048 4303 3253 4368 sponte
3276 4298 3425 4370 hanc
3451 4299 3759 4356 dimisisse

2103 4369 2472 4443 dignitatem.
2504 4387 2680 4441 quam
2714 4376 2845 4441 post
2875 4373 3211 4443 sanctorum
3247 4369 3372 4443 Lini
3403 4374 3460 4443 et
3488 4370 3760 4443 Anacleti

2106 4440 2351 4497 mortem
2381 4440 2676 4497 resumere
2710 4440 2946 4498 coactus
2976 4447 3085 4497 est.
3116 4441 3246 4495 Haec
3278 4440 3475 4513 Opinio
3506 4441 3688 4513 vulgo
3723 4459 3760 4496 θ.

2108 4513 2490 4586 scriptoribus
2519 4513 2910 4586 amplectitur,
2962 4517 3032 4586 _ut
3075 4516 3278 4567 sancto
3321 4512 3523 4586 Petro
3549 4512 3759 4580 Linus,

2106 4583 2246 4640 Lino
2268 4585 2602 4649 Anacletus,
2627 4584 2902 4638 Anacleto
2921 4584 3185 4640 Clemens
3207 4583 3576 4646 successerit,
3600 4601 3760 4640 anno

2103 4657 2317 4711 Christi
2349 4658 2438 4719 91,
2473 4656 2786 4710 Domitiani
2822 4657 2920 4724 10;
2956 4656 3104 4711 Iren.
3131 4655 3171 4709 l.
3206 4672 3288 4709 ιιι.
3342 4655 3413 4722 3;
3463 4655 3678 4711 Euseb.
3715 4656 3757 4712 l.

2101 4745 2183 4797 ιιι,
2217 4729 2270 4795 3,
2325 4728 2376 4788 li,
2409 4729 2500 4794 ‘31,
2549 4727 2692 4781 llist.
2744 4726 2896 4781 Eccl.
2944 4727 3089 4782 Vide
3140 4725 3384 4781 Calmet.
3435 4725 3576 4780 dict.
3629 4744 3758 4784 sae.

2099 4799 2311 4870 Script.
2346 4799 2403 4852 in
2435 4798 2813 4854 Clementem.
2839 4797 3037 4870 iHujus
3065 4797 3252 4870 sancti
3280 4797 3595 4870 Clementis
3616 4797 3759 4854 libri

2099 4869 2584 4941 RecOgnitionum
2630 4869 3030 4940 exemplar'in
3083 4869 3520 4941 antiquissimo?
3555 4871 3762 4926 codice

2141 4939 2325 5024 rostat
2367 4942 2424 4996 in
2475 4939 2859 4996 Vercellens’is
2915 4939 3239 4997 Eusebiani
3285 4939 3526 5012 capituli
3585 4943 3761 4997 tabu-

2123 5030 2262 5068 ΘιῐΊΟ.

2170 5085 2351 5153 (1196)
2385 5088 2449 5138 ln
2493 5084 2620 5139 cod.
2651 5083 2731 5138 ita
2765 5081 2981 5154 legitur
3008 5085 3065 5136 ut
3103 5098 3200 5137 nec
3224 5089 3466 5154 referant
3486 5082 3763 5140 Fortasse

2100 5156 2273 5210 scribi
2307 5156 2514 5209 debeat
2537 5159 2600 5209 ut
2629 5171 2667 5208 -n
2688 5153 3038 5225 aegre/“erant
3059 5171 3078 5208 :
3103 5155 3276 5224 juxta
3329 5153 3546 5225 pluries
3617 5155 3764 5210 cita-

2100 5231 2217 5281 tam
2260 5227 2680 5298 expositionem
2713 5228 2846 5280 divo
2876 5227 3228 5296 Hieronymo
3261 5225 3567 5290 tributam,
3620 5242 3759 5296 quae

2101 5299 2215 5353 ita:
2249 5299 2324 5352 Ne
2352 5299 2575 5353 moleste
2604 5304 2818 5367 ferrent
2845 5313 2949 5367 sua
2978 5298 3227 5364 nomina,
3261 5300 3370 5352 etc.

2197 5370 2356 5440 1197)
2388 5374 2451 5423 In
2481 5366 2676 5440 autOg.
2709 5385 2893 5439 marg.
2927 5366 3020 5422 hic
3051 5368 3267 5440 legitur
3297 5384 3424 5438 cap.
3447 5367 3591 5422 XIV.

2199 5439 2353 5510 1198)
2387 5441 2596 5496 Partic.
2629 5439 2700 5495 ad
2729 5440 3095 5496 desideratur
3119 5439 3148 5510 ξ,
3170 5456 3299 5495 eam
3319 5443 3517 5494 autem
3541 5439 3763 5495 adden-

2101 5509 2234 5583 dam
2260 5509 2448 5568 suasit
2472 5512 2588 5566 divi
2609 5512 2919 5579 Ambrosii,
2944 5509 3513 5583 seuHilariidiaconi
3535 5511 3761 5583 saepius

2100 5582 2274 5638 citata
2305 5583 2609 5654 expositio,
2643 5583 2740 5638 ubi
2773 5584 2842 5638 ad
2871 5581 3424 5643 cumulandum.etc.

2170 5656 2352 5724 (1199)
2386 5655 2512 5709 Ηωο
2544 5655 2718 5709 etiam
2750 5655 3082 5726 praepositio
3115 5654 3508 5721 dosideratur,
3565 5670 3753 5724 quam

2099 5727 2337 5781 omnino
2369 5727 2704 5782 uddendam
2727 5725 2921 5781 textus
2953 5727 3079 5798 ipse
3109 5725 3314 5782 suasit.
3705 5749 3707 5751 ί

2171 5799 2354 5869 (1200)
2383 5799 2511 5854 Haec
2539 5815 2645 5854 vox
2674 5815 2867 5870 pacem
2894 5797 3261 5856 desideratur
3287 5815 3300 5854 :
3356 5812 3609 5869 eamque
3650 5798 3760 5853 ad-
