3898 6404
140 445 245 509 608
648 445 1068 510 EXPOSITIO
1111 448 1194 510 IN
1237 446 1672 511 EPISTOLAS
1712 445 1975 510 PAULI.
2008 444 2194 511 -ῙΝ
2226 444 2477 508 EPIST.
2522 445 2628 507 AD
2671 444 3007 508 PHILIPP.
3419 444 3540 508 606

204 578 375 653 (1201)
402 579 480 635 De
505 586 701 637 caetero
729 585 951 651 fratres,
981 586 1088 637 etc.
1122 582 1270 648 Quid
1304 587 1397 639 est
1423 583 1496 638 de
1526 580 1772 638 caetero?
1800 580 1857 647 Α
1888 596 2013 635 non
2051 583 2141 635 est
2186 580 2300 636 nisi
2349 595 2574 648 eorum,
2615 596 2766 652 quas
2813 578 3177 635 abundantia
3233 594 3350 634 non
3410 593 3540 634 cor-

138 668 270 739 Nisi,
293 668 605 740 postquam
632 669 853 742 cogniti
883 670 1048 736 estis,
1068 672 1152 726 sic
1178 671 1410 742 sentite,
1434 675 1501 727 ut
1519 687 1777 743 quaecun-
1887 670 2132 742 rumpit.

138 773 232 830 que
255 760 382 813 sunt
407 773 560 826 vera,
590 758 712 813 haec
741 759 1067 830 accipiatis,
1092 768 1144 816 et
1170 762 1454 830 cogitetis?
1482 764 1616 828 Quae
1640 764 1779 816 sunt
1959 759 2272 831 Sequitur:
2301 760 2507 817 Omnia
2538 774 2780 830 possum,
2827 763 2938 814 etc.
2990 758 3115 813 Non
3147 774 3211 813 se
3240 757 3330 814 sui
3365 774 3547 814 causa

136 845 227 902 illa
254 845 421 901 vera?
448 848 584 912 Quae
608 846 814 918 utique
842 847 902 902 in
927 849 1233 921 Evangelio
1259 850 1417 906 dicta
1446 854 1603 906 sunt.
1627 850 1775 905 Con-
1889 850 2000 905 boc
2030 865 2232 907 eorum
2266 865 2437 920 opere
2479 848 2755 920 gaudere,
2788 849 2888 904 sed
2938 846 2998 902 in
3043 847 3304 920 profectu
3335 863 3539 903 eorum

136 950 370 1007 sequens
398 950 535 990 vero
561 940 671 1006 est,
699 938 767 990 ut
793 952 931 992 vera
961 938 1082 994 sint
1110 948 1279 1008 casta,
1311 955 1427 995 non
1461 940 1617 995 enim
1649 955 1776 994 cor-
1888 938 2145 1009 gaudere
2164 940 2435 993 testatur.
2457 936 2606 992 Dicit
2625 937 2832 992 beatus
2858 953 3007 1009 papa
3026 935 3361 1009 Gregorius,
3381 938 3537 1009 quod

129 1023 406 1096 rumpitur
434 1039 636 1079 verum
661 1048 677 1091 ;
709 1030 768 1080 et
798 1023 906 1079 hoc
930 1032 1159 1082 castum
1181 1031 1290 1096 est,
1316 1027 1470 1099 quod
1506 1044 1622 1083 non
1650 1044 1774 1083 cor-
1889 1027 2000 1082 nisi
2035 1044 2129 1086 ars
2160 1031 2315 1081 esset
2348 1042 2519 1082 nosse
2550 1026 2869 1092 abundare,
2892 1030 2950 1081 et
2977 1025 3220 1096 esurire,
3245 1030 3303 1081 et
3334 1031 3541 1081 caetera

128 1112 409 1184 rumpitur
434 1129 448 1168 :
473 1112 685 1169 deinde
716 1129 845 1185 quas
875 1131 1032 1181 vera,
1072 1120 1129 1170 et
1158 1120 1323 1171 casta
1353 1122 1515 1183 sunt,
1544 1120 1601 1172 et
1629 1118 1777 1184 iusta
1885 1116 2047 1183 talia,
2082 1133 2197 1172 non
2251 1131 2606 1188 magnopere
2654 1115 2872 1170 diceret
2914 1114 3249 1187 Apostolus,
3294 1115 3423 1186 scio,
3449 1115 3540 1170 vel

127 1206 268 1257 sunt.
308 1200 529 1257 Deinde
582 1207 891 1258 enumerat
935 1205 1223 1277 amabilia,
1257 1209 1314 1261 et
1374 1206 1525 1261 bonae
1581 1208 1772 1277 iam,
1885 1205 2078 1261 didici.
2105 1205 2252 1260 Nota
2283 1205 2438 1277 quod
2470 1204 2593 1259 haec
2639 1220 2755 1258 non
2782 1204 2916 1271 sibi,
2950 1204 3053 1259 sed
3085 1202 3331 1259 Domino
3362 1202 3543 1259 ascri-

126 1291 377 1362 quamvis
406 1308 526 1349 non
558 1296 715 1347 amet
756 1293 1083 1349 secundum
1133 1294 1377 1363 bonum,
1411 1296 1570 1365 quod
1607 1297 1679 1351 de
1708 1312 1774 1351 eo
1884 1294 2005 1350 bat.
2040 1295 2271 1360 Omnia,
2302 1294 2516 1364 inquit,
2544 1310 2805 1365 possum;
2854 1309 2970 1348 non
3021 1292 3290 1364 quaedam
3323 1308 3337 1346 :
3371 1294 3433 1346 in
3459 1307 3540 1359 eo,

123 1377 400 1451 loquatur.
436 1380 580 1436 Item
629 1396 759 1452 qum
810 1381 967 1438 bona
994 1384 1161 1452 famae
1191 1387 1353 1452 sunt,
1388 1400 1505 1440 non
1554 1384 1776 1440 habent
1881 1385 1981 1456 qui
2007 1400 2093 1439 me
2120 1386 2427 1453 confortat;
2473 1399 2589 1437 non
2647 1382 2708 1436 in
2739 1399 2852 1437 me.
2879 1386 2956 1437 De
2987 1397 3054 1437 eo
3083 1382 3239 1452 quod
3271 1380 3381 1437 iste
3412 1397 3540 1436 mo-

121 1466 422 1537 invidiam;
459 1484 528 1524 ex
556 1470 773 1541 quibus
805 1471 1105 1537 omnibus,
1140 1470 1444 1543 superiora
1476 1473 1548 1528 ad
1580 1472 1772 1544 ipsam
1883 1473 1997 1528 dus
2046 1476 2104 1527 et
2151 1471 2427 1527 ﬁdelibus
2466 1471 2789 1526 servandus
2841 1476 2952 1539 est,
2982 1471 3040 1525 id
3098 1476 3206 1539 est,
3240 1474 3305 1525 ut
3361 1485 3536 1525 suum

120 1553 404 1620 virtutem,
430 1555 553 1611 haec
585 1557 656 1611 ad
681 1557 942 1612 fructum
966 1558 1201 1615 virtutis
1233 1559 1547 1631 pertinent.
1572 1560 1773 1617 Virtus
1883 1578 2055 1634 posse
2090 1562 2150 1617 in
2184 1560 2381 1617 divina
2410 1559 2757 1616 fortitudine
2783 1559 3086 1615 collocent.

118 1642 262 1698 enim
289 1649 380 1700 est
407 1661 608 1701 amare
638 1661 788 1711 vera,
818 1651 989 1713 casta,
1015 1649 1193 1719 justo,
1221 1657 1433 1719 sancta,
1459 1654 1517 1705 et
1547 1651 1771 1705 fructus
1954 1650 2235 1721 Sequitur
2266 1668 2280 1706 :
2322 1652 2702 1711 Verumtamen
2754 1651 2886 1705 bene
2930 1650 3162 1719 fecistis,
3197 1648 3250 1702 id
3285 1652 3375 1704 est
3403 1664 3536 1720 par-

114 1730 337 1788 virtutis
362 1737 480 1802 est,
514 1736 790 1792 amabilia
821 1740 873 1792 et
918 1737 1076 1793 bona?
1116 1744 1301 1808 famae.
1335 1738 1473 1793 ldeo
1501 1738 1623 1794 haec
1654 1739 1771 1795 duo
1880 1738 2089 1811 ticipes
2121 1739 2340 1807 fuistis,
2363 1738 2453 1794 vel
2485 1738 2842 1794 subvenistis
2865 1737 3006 1793 mihi
3041 1738 3100 1792 in
3134 1737 3533 1808 tribulatione,

112 1820 407 1894 subjungit
430 1840 444 1878 :
468 1825 535 1879 Si
565 1840 671 1895 qua
696 1824 904 1894 virtus,
922 1827 973 1881 si
1000 1842 1111 1897 qua
1140 1827 1298 1892 laus;
1326 1828 1431 1883 sed
1469 1828 1625 1883 sicut
1654 1843 1770 1883 non
1880 1828 2021 1900 quia
2037 1844 2152 1883 non
2173 1827 2377 1883 debuit
2399 1842 2530 1882 mea
2546 1826 2955 1898 aequanimitas
2974 1830 3230 1882 vestram
3251 1825 3537 1897 impedire

112 1926 142 1966 a
166 1910 329 2011 nobis
368 1911 586 1983 virtus,
617 1914 702 1969 ita
745 1929 854 1969 nec
903 1920 1105 1971 nostra
1148 1914 1302 1980 laus,
1337 1918 1438 1972 sed
1472 1916 1596 1973 Dei.
1632 1922 1769 1975 Hac
1796 1952 1846 2018 Β
1879 1917 2232 1973 mercedem.
2256 1917 2407 1972 Nota
2437 1916 2592 1987 quod
2624 1931 2740 1971 non
2760 1920 2887 1971 erat
2907 1916 2978 1971 de
3003 1914 3243 1970 illorum
3265 1930 3533 1984 numero,

108 2000 362 2069 cogitate;
392 2001 603 2074 utique
629 2019 760 2074 quae
786 2002 888 2059 illa
906 2004 1049 2072 sint,
1070 2021 1193 2076 quae
1217 2005 1503 2077 didicistis,
1546 2022 1640 2062 me
1670 2008 1767 2062 do-
1796 2000 1846 2018 "
1878 2007 1979 2078 qui
2011 2021 2079 2061 ea
2110 2022 2238 2078 quas
2286 2022 2395 2061 sua
2445 2009 2585 2061 sunt
2614 2008 2916 2076 quaerunt;
2951 2003 3088 2059 dicit
3118 2003 3276 2058 enim
3325 2019 3441 2058 non
3472 2020 3536 2060 se

110 2091 279 2143 cente.
321 2089 608 2161 Sequitur
640 2109 653 2147 :
690 2095 756 2147 Et
783 2093 1066 2165 accepistis
1096 2112 1116 2148 :
1145 2110 1360 2149 rursus
1404 2094 1569 2150 unde
1616 2111 1765 2150 acce-
1876 2111 2136 2166 querere
2163 2095 2376 2164 datum,
2400 2095 2501 2150 sed
2535 2094 2831 2165 requirere
2858 2096 3122 2163 fructum.
3147 2091 3255 2157 Qui
3287 2096 3533 2164 possunt

108 2175 276 2245 pictis,
319 2178 561 2237 audistis
609 2184 665 2235 et
708 2181 966 2237 vidistis?
1013 2182 1074 2237 Id
1123 2186 1213 2237 est
1251 2182 1484 2238 audistis
1534 2199 1603 2238 ex
1650 2199 1765 2251 me,
1878 2183 2057 2238 istum
2090 2183 2330 2251 imitari,
2356 2182 2813 2254 gaudeant:qui
2842 2198 2977 2237 vero
3009 2198 3126 2237 non
3158 2185 3428 2254 possunt,
3460 2181 3532 2237 de

109 2263 306 2321 vidistis
335 2267 400 2322 in
431 2283 541 2323 me.
563 2268 696 2324 Haec
726 2269 889 2339 dicit,
924 2270 1064 2341 quia
1089 2287 1208 2326 non
1228 2274 1460 2326 tantum
1489 2271 1765 2343 monitor,
1877 2271 2025 2327 lacte
2047 2271 2241 2327 ovium
2267 2288 2510 2327 suarum
2531 2286 2701 2326 suam
2725 2274 3060 2326 sustentent
3081 2269 3491 2327 necessitatem
3517 2288 3530 2326 :

109 2352 196 2407 sed
252 2357 594 2428 exemplum
646 2357 759 2412 fuit
814 2357 995 2414 totius
1053 2359 1213 2413 boni.
1270 2358 1593 2428 Sequitur:
1638 2361 1767 2415 Hac
1877 2361 1980 2415 sed
2013 2377 2128 2416 non
2165 2359 2464 2432 negligant
2493 2359 2691 2415 ovium
2719 2358 3148 2414 infirmitatem.

109 2443 256 2511 agite.
289 2445 585 2517 Superius
615 2446 841 2501 dixerat
864 2464 877 2502 :
900 2450 1174 2517 Cogitate;
1207 2464 1322 2504 non
1354 2447 1512 2504 enim
1545 2448 1768 2505 sufﬁcit
1947 2450 2133 2520 (1206)
2165 2450 2444 2521 Sequitur
2479 2466 2491 2503 :
2526 2448 2689 2504 Scitis
2736 2452 2923 2503 autem
2966 2452 3019 2504 et
3050 2464 3161 2514 vos,
3194 2451 3303 2503 etc.
3339 2452 3417 2504 De
3464 2462 3532 2503 eo

108 2529 241 2587 bona
270 2533 560 2604 cogitatio
594 2534 820 2607 absque
850 2535 1079 2591 actione
1110 2536 1317 2607 (1202).
1878 2539 2031 2609 quod
2066 2537 2160 2594 hic
2191 2542 2387 2611 aperte
2432 2537 2721 2610 exposuit,
2754 2537 2911 2609 quod
2955 2553 3135 2609 supra
3164 2536 3388 2592 dictum
3420 2540 3531 2607 est,

168 2620 488 2692 Sequitur:
515 2625 579 2677 Et
604 2624 746 2679 Deus
771 2625 927 2696 pacis
955 2627 1063 2680 erit
1092 2626 1393 2681 vobiscum.
1425 2625 1576 2682 Nota
1604 2626 1762 2698 quod
1873 2628 2227 2683 tribulationi
2281 2642 2420 2684 meae
2476 2627 2939 2693 communicastis,
2982 2625 3041 2680 id
3095 2629 3203 2692 est,
3246 2624 3531 2680 auxilium

110 2706 205 2764 hoc
232 2710 550 2783 premium
572 2711 1054 2785 Philippensibus
1079 2714 1331 2770 maxime
1359 2715 1761 2770 necessarium
1874 2715 2257 2788 praastitistis,
2289 2716 2602 2788 praebendo
2634 2714 2985 2771 necessaria.
3010 2714 3171 2778 Quod
3202 2730 3336 2769 vero
3368 2713 3531 2783 dicit,

111 2802 239 2866 erat,
270 2798 328 2853 id
366 2804 482 2871 est,
515 2804 582 2856 ut
611 2817 817 2857 omnes
849 2819 1032 2857 unum
1081 2802 1389 2871 sentirent,
1421 2820 1488 2859 ac
1519 2820 1623 2876 per
1655 2804 1762 2860 hoc
1871 2808 1934 2861 in
1964 2808 2181 2861 ratione
2209 2805 2330 2861 dati
2356 2814 2407 2861 et
2433 2807 2809 2877 accepti,.non
2859 2803 2943 2859 ita
2983 2802 3386 2876 accipiendum
3419 2807 3529 2873 est,

108 2884 274 2943 Deum
308 2891 479 2961 pacis
520 2895 845 2947 amatorem
886 2896 1061 2964 atque
1093 2893 1391 2948 doctorem
1424 2908 1625 2949 secum
1657 2894 1760 2949 ha-
1871 2899 1938 2950 ut
1969 2895 2096 2967 ipse
2127 2894 2347 2967 aliquid
2392 2895 2618 2951 dederit
2648 2894 2748 2966 qui
2782 2893 3029 2966 accepit;
3081 2893 3181 2949 sed
3233 2908 3366 2948 cum
3402 2909 3527 2949 mu-

108 2972 316 3033 berent.
1871 3001 1986 3040 nus
2010 2985 2205 3055 datur,
2235 2984 2384 3039 ratio
2412 2984 2533 3039 dati
2560 2988 2652 3039 est
2680 2987 2738 3038 et
2767 2981 3005 3053 accepti.
3030 2982 3215 3046 Quam
3246 2980 3402 3036 enim
3436 2998 3530 3052 pe-

171 3066 349 3139 (1203)
379 3069 664 3141 Sequitur
696 3085 709 3124 :
744 3068 975 3127 Gavisus
1016 3086 1140 3127 sum
1186 3079 1374 3127 autem
1419 3073 1483 3127 in
1530 3074 1760 3130 Domino
1854 3074 2105 3129 ‘cuniam
2137 3073 2356 3129 Paulus
2402 3072 2604 3127 daret?
2630 3072 2739 3127 Sed
2774 3070 3053 3143 quoniam
3102 3068 3250 3124 ratio
3298 3069 3419 3124 dati
3468 3075 3528 3127 et

109 3153 465 3226 ochmenter,
501 3162 634 3227 etc.;
678 3158 737 3214 id
784 3164 894 3226 est,
926 3161 1256 3230 reﬂoruistis
1287 3160 1426 3216 ﬂore
1456 3160 1594 3217 boni
1623 3178 1758 3235 ope-
1869 3162 2087 3233 accepti
2120 3166 2209 3217 est
2244 3161 2305 3215 in
2354 3160 2626 3232 pecunia,
2660 3159 2925 3230 sequitur
2959 3175 2972 3216 :
3008 3159 3148 3228 Quia
3177 3161 3227 3214 et
3252 3159 3526 3215 Thessalo-

109 3241 202 3307 ris,
222 3261 398 3317 quem
433 3240 553 3303 non
576 3246 787 3304 oblivio
818 3249 1155 3316 arefecerat,
1188 3250 1288 3304 sed
1321 3250 1626 3322 occupatio
1650 3251 1759 3307 imi-
1804 3320 1817 3322 _
1868 3254 2077 3319 nicum,
2113 3256 2221 3306 etc.
2254 3251 2397 3306 Ecce
2428 3249 2687 3305 ostendit
2728 3263 2791 3304 se
2838 3248 2987 3304 scire
3031 3263 3211 3320 quam
3242 3247 3430 3303 devoti
3464 3248 3523 3304 in

107 3332 380 3404 pedierat;
414 3340 475 3393 et
504 3335 635 3415 ideo
666 3337 871 3415 subdit
903 3354 916 3395 :
952 3337 1211 3411 Occupati
1241 3341 1391 3394 enim
1418 3320 1610 3396 eratis.
1788 3320 1832 3389 (δ
1871 3340 2263 3398 ministrando
2293 3339 2529 3408 fuerint,
2554 3338 2606 3393 id
2635 3340 2725 3393 est
2751 3341 2815 3392 ut
2843 3353 2959 3392 non
2982 3335 3174 3393 solum
3196 3337 3352 3409 apud
3384 3353 3525 3393 suos

168 3422 445 3496 Sequitur
474 3429 639 3483 :Non
668 3429 831 3500 quasi
864 3431 1083 3499 propter
1120 3429 1438 3502 penuriam,
1470 3433 1580 3485 etc.
1606 3429 1754 3485 Sub-
1865 3428 2145 3502 Apostolo
2174 3426 2535 3501 praedicanti,
2568 3426 2670 3482 sed
2715 3425 2888 3497 longe
2928 3425 3117 3498 posito
3152 3424 3521 3482 ministrave-

107 3512 366 3569 auditur:
392 3520 461 3571 ut
496 3530 584 3587 ea,
608 3532 737 3588 quas
767 3516 914 3572 mihi
938 3522 1080 3573 sunt
1110 3517 1754 3586 necessaria,mittatis.
1866 3517 2005 3573 rint.

108 3598 169 3654 Et
196 3606 283 3660 est
310 3619 531 3662 sensus
551 3620 566 3661 :
590 3605 718 3662 Non
746 3605 879 3663 ideo
909 3606 1063 3676 dico,
1093 3607 1306 3679 inquit,
1329 3611 1555 3680 propter
1578 3623 1753 3680 penu-
1935 3607 2003 3662 Et
2036 3623 2107 3662 ne
2135 3606 2431 3663 videretur
2459 3605 2567 3661 hoc
2612 3604 2739 3661 ideo
2769 3603 2982 3673 dicere,
3018 3606 3085 3658 ut
3113 3602 3375 3675 accipere
3401 3601 3521 3659 vel-

101 3688 272 3751 riam;
300 3684 416 3748 non
468 3693 633 3749 enim
663 3693 793 3751 volo
825 3711 930 3768 pro
964 3711 1055 3749 me
1087 3695 1355 3752 sentiatis
1397 3695 1457 3751 id
1506 3696 1663 3767 quod
1697 3701 1756 3753 et
1862 3695 1943 3752 let
1971 3695 2191 3767 aliquid
2226 3696 2297 3752 ab
2327 3694 2465 3775 illis,
2498 3692 2806 3765 subjunxit
2838 3708 2850 3747 :
2884 3695 3006 3748 Non
3036 3693 3169 3764 quia
3197 3707 3388 3766 qumro
3415 3690 3517 3747 da-

104 3782 225 3833 ante
252 3780 627 3853 sentiebatis,
650 3788 714 3839 ut
738 3783 883 3840 mihi
910 3784 1249 3851 mitteretis;
1286 3789 1388 3841 aut
1411 3786 1567 3857 quod
1597 3802 1755 3842 nunc
1861 3788 2000 3853 tum,
2030 3785 2122 3841 sed
2169 3786 2394 3857 requiro
2436 3785 2703 3854 fructum.
2748 3782 2874 3838 Non
2924 3797 3053 3854 ego,
3084 3780 3297 3853 inquit,
3329 3797 3520 3853 neque

101 3865 237 3937 volo,
268 3874 332 3925 ut
360 3871 643 3941 mittatis,
678 3877 914 3947 propter
943 3875 1250 3947 penuriam
1283 3874 1433 3931 dico.
1469 3875 1562 3930 Sic
1594 3875 1752 3931 enim
1862 3874 1976 3931 ista
2007 3874 2338 3932 necessaria
2370 3872 2605 3945 requiro
2635 3889 2648 3927 :
2683 3872 2785 3928 sed
2815 3872 3071 3927 fructum
3102 3868 3517 3927 benevolentiae

104 3960 285 4024 postea
334 3960 418 4016 ait
460 3977 473 4016 :
527 3961 649 4017 Non
695 3964 827 4034 quia
874 3978 1066 4034 quaero
1121 3964 1336 4035 datum,
1384 3964 1479 4019 sed
1532 3966 1754 4035 requiro
1860 3967 2087 4020 vestrae.
2121 3963 2331 4019 Datum
2365 3962 2506 4016 dicit
2551 3960 2612 4016 in
2652 3977 2733 4028 re,
2768 3960 3025 4015 fructum
3073 3958 3135 4014 in
3187 3958 3514 4015 devotione.

89 4044 335 4110 fructum
371 4049 752 4106 abundan
798 4053 858 4107 in
908 4054 1162 4108 oratione
1190 4054 1373 4120 (1204)
1420 4056 1597 4109 vestra
1642 4054 1753 4125 (In-
1861 4053 2027 4110 Unde
2056 4056 2115 4107 et
2156 4051 2356 4106 subdit
2386 4067 2399 4105 :
2435 4050 2625 4105 Habeo
2651 4058 2837 4105 autem
2866 4050 3074 4114 omnia,
3106 4050 3156 4102 et
3185 4046 3423 4111 abundo,
3454 4045 3514 4103 id

106 4134 197 4201 Ira
249 4153 324 4205 1v,
385 4140 509 4211 17).
574 4140 699 4195 Non
766 4157 903 4213 ergo
970 4146 1206 4213 pr0pter
1268 4142 1528 4214 inopiam
1592 4142 1750 4199 istud
1863 4148 1953 4200 est
1980 4142 2108 4198 ideo
2139 4158 2254 4196 non
2286 4139 2520 4211 requiro
2550 4138 2779 4203 datum,
2813 4135 2952 4209 quia
2979 4134 3179 4191 omnia
3207 4135 3415 4191 habeo.
3445 4135 3516 4191 Et

114 4236 312 4292 quaero,
353 4229 458 4284 sed
508 4231 581 4284 ut
626 4228 853 4286 fructus
902 4230 982 4287 sit
1030 4231 1340 4287 abundans
1384 4231 1444 4286 in
1492 4232 1753 4288 oratione
1861 4231 2033 4288 multi
2062 4229 2280 4286 habent
2309 4228 2528 4294 omnia,
2561 4228 2662 4284 sed
2697 4244 2812 4283 non
2845 4226 3169 4282 abundant.

111 4317 307 4370 vestra.
1930 4320 2191 4392 Denique
2221 4318 2619 4392 prosequitur,
2643 4320 2709 4372 ut
2734 4316 3007 4373 ostendat
3035 4313 3458 4370 abundantiam
3492 4330 3508 4369 :

167 4398 436 4474 Sequitur
468 4421 482 4460 :
518 4406 633 4475 Ego
672 4407 824 4461 enim
868 4406 1065 4474 didici,
1095 4408 1158 4462 in
1186 4408 1387 4481 quibus
1433 4410 1540 4464 sim
1584 4408 1749 4481 sufﬁ-
1861 4409 2118 4481 Repletus
2136 4425 2261 4464 sum
2290 4410 2528 4475 acceptis
2551 4406 2624 4462 ab
2648 4404 3033 4477 Epaphrodito.
3063 4403 3145 4457 Ne
3170 4402 3509 4474 illud,quod

105 4488 240 4544 aiens
268 4510 290 4546 :
316 4492 507 4550 Didici
539 4494 699 4550 enim
731 4512 859 4567 ego,
894 4500 960 4551 ut
990 4501 1299 4553 contentus
1330 4480 1443 4553 sim
1476 4498 1589 4565 his,
1621 4480 1749 4570 qua:
1860 4480 2143 4559 abundat,
2165 4496 2422 4550 alienum
2456 4494 2555 4559 sit,
2579 4494 2722 4549 dicit
2741 4497 2797 4548 et
2819 4493 3082 4564 ipsorum
3106 4507 3256 4556 esse,
3284 4491 3386 4563 qui
3407 4490 3515 4546 mi-

110 4573 1747 4661 habeo,etinquibussimmihimetipsisufﬁciens(1205).
1860 4590 2083 4644 serunt.
2117 4584 2392 4656 Replctus
2424 4599 2580 4650 sum,
2625 4581 2837 4653 inquit,
2880 4597 3016 4637 cum
3062 4580 3255 4652 accepi
3285 4596 3354 4637 ea
3383 4597 3511 4652 quae

108 4662 219 4721 Non
263 4672 420 4727 enim
451 4673 526 4728 ad
560 4676 865 4745 sumptum
924 4678 1155 4730 tantum
1212 4675 1320 4730 hoc
1379 4675 1748 4733 referendum
1781 4684 1829 4750 Ι)
1861 4694 1964 4751 per
1984 4672 2445 4748 Epaphroditum
2473 4670 2738 4727 misistis.
2762 4671 2926 4726 Sicut
2945 4686 3125 4742 supra
3145 4668 3291 4725 nihil
3323 4668 3514 4740 requi-
3614 4696 3625 4702 -

109 4758 206 4825 est,
237 4760 334 4815 sed
366 4761 439 4816 ad
472 4762 696 4830 omnis,
729 4779 858 4835 qua;
889 4764 963 4819 ab
994 4763 1108 4819 alio
1138 4763 1397 4821 exhiberi
1428 4765 1593 4821 alteri
1625 4783 1755 4838 pos-
1862 4766 1961 4834 rit,
1985 4764 2099 4820 nisi
2130 4762 2412 4830 fructum,
2436 4761 2515 4815 ita
2545 4765 2602 4815 et
2631 4759 2747 4825 hic,
2773 4776 2907 4815 cum
2940 4758 3225 4830 repletum
3256 4773 3320 4814 se
3348 4757 3512 4825 dicit,

108 4852 249 4901 sunt.
277 4848 541 4923 Denique
570 4867 684 4909 non
719 4852 791 4908 ad
826 4853 1106 4924 pecunias
1136 4857 1390 4925 tantum,
1416 4855 1517 4910 sed
1550 4855 1623 4911 ad
1655 4873 1751 4912 ne-
1862 4872 1977 4911 non
2010 4854 2068 4908 in
2102 4851 2194 4909 his
2216 4868 2344 4923 qua:
2369 4849 2553 4906 missa
2573 4853 2713 4905 sunt
2738 4848 2972 4921 gaudet,
2996 4847 3097 4903 sed
3130 4846 3184 4901 in
3210 4846 3515 4902 devotione

108 4936 344 4993 cessaris
372 4956 624 5012 quaeque
654 4941 853 5013 posuit
883 4942 1058 4998 etiam
1091 4942 1218 4998 hoc.
1859 4942 2239 5000 mittentium.
2265 4941 2335 4996 Et
2375 4940 2507 4996 odor
2533 4939 2825 4995 suavitatis
2852 4954 2962 4992 non
2996 4936 3055 4990 in
3088 4950 3149 4992 re
3178 4941 3267 4992 est
3297 4934 3512 5002 oblata,

170 5024 440 5098 Sequitur
472 5046 485 5085 :
522 5028 644 5087 Scio
688 5031 1013 5099 humiliari,
1042 5033 1154 5087 scio
1182 5040 1233 5088 et
1259 5033 1545 5089 abundare
1574 5053 1592 5089 :
1624 5036 1746 5090 ubi-
1858 5034 1958 5089 sed
2010 5033 2069 5087 in
2118 5030 2333 5087 mentis
2367 5028 2689 5096 devotione,
2715 5026 2869 5082 sicut
2915 5024 3265 5082 sacriﬁcium
3302 5025 3420 5082 Noe
3452 5024 3511 5080 in

113 5125 220 5187 que,
249 5120 354 5174 etc.
388 5116 704 5175 Penuriam
735 5121 879 5193 pati,
911 5136 1397 5195 quorumcunque
1436 5122 1747 5181 hominum
1857 5123 2034 5180 odore
2079 5119 2387 5177 suavitatis
2436 5118 2654 5173 dicitur
2682 5116 2836 5187 (Gen.
2869 5132 2992 5180 vm,
3022 5116 3134 5183 21),
3170 5130 3305 5170 cum
3355 5113 3511 5171 Deus

113 5206 208 5271 est,
246 5207 343 5261 sed
391 5204 543 5264 scire
588 5209 899 5282 penuriam
947 5210 1087 5284 pati,
1142 5220 1514 5286 magnorum.
1549 5214 1644 5269 Sic
1691 5217 1750 5271 et
1856 5228 1973 5269 non
2005 5210 2326 5267 delectetur
2363 5206 2421 5264 in
2474 5222 2645 5263 carne
2674 5212 2733 5262 et
2762 5203 3049 5278 sanguine
3097 5220 3394 5277 pecorum.
3428 5203 3511 5262 De

112 5288 392 5354 abundare
422 5297 679 5370 quisque
727 5304 945 5370 potest;
983 5299 1132 5357 scire
1178 5306 1374 5358 autem
1424 5303 1745 5374 abundare,
1857 5318 1926 5359 eo
1957 5301 2111 5373 quod
2140 5316 2256 5356 non
2285 5296 2471 5355 otiose
2498 5296 2621 5353 haec
2645 5294 2804 5362 dicit,
2828 5294 2940 5350 nisi
2972 5298 3075 5350 aut
3094 5292 3508 5366 negligentiae,

111 5449 343 5534 deqdam
374 5457 568 5514 suasit
596 5457 715 5515 divi
742 5460 1041 5517 Ambrosii
1069 5462 1376 5534 expositio,
1408 5463 1580 5534 cujus
1609 5468 1751 5521 sunt
1928 5462 2115 5534 (1203)
2144 5460 2208 5534 In
2238 5460 2437 5534 autog.
2458 5470 2668 5534 marg.
2689 5454 2781 5534 hic
2812 5454 3028 5534 legitur
3051 5469 3179 5527 cap.
3210 5454 3350 5511 XVI.

111 5462 343 5511 aendam
374 5462 568 5514 suasit
596 5462 715 5515 divi
742 5462 1041 5517 Ambrosii
1069 5462 1376 5534 expositio,
1408 5463 1580 5534 cujus
1609 5468 1751 5521 sunt
1954 5462 2115 5527 1203)
2148 5462 2208 5514 In
2239 5462 2433 5526 αυῖοεξ·
2468 5470 2655 5527 ωανε-
2689 5462 2781 5511 ωε
2814 5462 2981 5525 legit“

108 5524 436 5606 “reabse
563 5604 567 5606 .
928 5602 983 5606 -_
1058 5603 1064 5606 λ
1154 5604 1161 5606 .
1512 5604 1549 5606 η
1928 5462 2318 5606 l120:i)_\_’ul_s-
2351 5527 2589 5606 ξιξεέοηεν
2621 5530 2678 5582 ει
2706 5527 2789 5606 859
2820 5526 2981 5606 alibi:

196 5597 315 5652 1201
378 5601 439 5655 In
474 5604 672 5674 autog.
707 5618 894 5676 marg.
927 5602 1021 5659 hic
1052 5603 1269 5677 legitur
1297 5621 1424 5677 cap.
1458 5604 1576 5660 XV.
1800 5618 1807 5621 ‘
1929 5597 2111 5677 (1205)
2142 5597 2329 5658 Verba
2355 5598 2616 5654 didici....
2646 5598 2931 5669 sufﬁciens
2970 5599 3030 5659 in
3061 5598 3287 5656 laterali
3319 5614 3505 5671 marg.

196 5602 344 5742 1202)
372 5671 587 5741 Verba,
625 5677 935 5742 sequitur...
967 5678 1208 5742 actione,
1258 5678 1317 5733 in
1369 5693 1555 5742 marg.
1606 5674 1746 5734 late-
1856 5679 2156 5742 leguntur.
2690 5740 2743 5742 __

190 5667 344 5750 1202)
372 5671 587 5750 verba,
617 5667 935 5747 Sequitur...
967 5667 1208 5746 actione,
1258 5678 1317 5733 in
1367 5667 1555 5750 inarg.
1606 5674 1746 5734 late-
1856 5667 2156 5750 leguntur.

189 5739 205 5793 i
236 5739 530 5814 leguntur.
574 5739 579 5741 ⁷
688 5739 703 5747 ’
1195 5739 1205 5746 ’
1500 5739 1533 5750 ”
1914 5739 2112 5821 (1206)
2144 5746 2207 5802 In
2238 5746 2434 5815 autog.
2467 5756 2654 5813 marg.
2689 5740 2783 5799 hic
2812 5742 3027 5816 legitur
3053 5758 3182 5815 cap.
3213 5739 3377 5799 XVII.
