3898 6418
312 450 440 513 ςθοτ

1342 453 1684 516 ATTONIS
1731 453 2316 516 VERCELLENSIS
2360 451 2714 514 EPISCOPI

3615 447 3740 514 θῦε

324 588 429 640 aut
460 584 658 640 minus
697 585 950 657 copiose,
983 585 1138 643 sicut
1165 586 1410 643 solitum
1453 591 1578 642 erat
1608 588 1680 642 ab
1709 587 1794 643 eis
1825 587 1968 657 fieri,
2000 593 2049 657 Α
2085 603 2121 642 a
2152 585 2500 642 criminibus
2530 585 2772 651 alienos,
2806 599 2924 638 non
2953 600 2989 639 a
3018 581 3272 654 peccatis
3302 580 3507 653 (1209).
3529 581 3745 653 Sequi-

324 673 543 728 lactum
595 674 919 740 videbatur,
954 679 1018 730 ut
1048 676 1488 731 reminiscentes
1538 676 1799 747 priorum
1832 693 1967 746 ope-

323 778 456 817 rum
489 763 707 817 scirent
738 779 800 818 se
822 763 1019 820 minus
1050 763 1251 818 fecisse
1282 781 1458 834 quam
1485 768 1796 835 ccuperant.
1823 765 1970 818 Nota

324 851 480 922 quod
505 850 875 923 eleemosyna
919 853 1093 906 hostia
1123 857 1389 919 vocatur;
1421 857 1476 906 et
1507 853 1658 907 sicut
1687 870 1721 907 a
1750 853 1969 908 sanctis

324 938 524 995 oblata
554 941 858 1010 accipitur,
895 940 973 995 ita
1006 957 1040 994 a
1070 939 1242 994 malis
1285 940 1481 996 oblata
1530 942 1843 1013 respuitur.
1879 941 1968 995 Fi-

325 1028 448 1083 nita
479 1029 811 1083 narratione
843 1029 913 1082 de
943 1027 1332 1099 elsemosyna,
1362 1037 1490 1085 orat
1521 1047 1620 1101 pro
1652 1029 1788 1084 illis.

387 1118 576 1186 (1207)
610 1117 887 1187 Sequitur
932 1135 944 1172 :
995 1119 1136 1172 Deus
1185 1120 1372 1173 autem
1415 1134 1588 1174 mus.
1615 1123 1763 1173 Nota
1814 1119 1968 1189 quod

314 1205 610 1276 justorum
633 1210 721 1260 est
741 1221 847 1259 vox
869 1205 1001 1275 ista,
1017 1221 1267 1276 quorum
1290 1205 1441 1261 Deus
1464 1211 1552 1262 est
1575 1224 1674 1278 per
1693 1208 1966 1278 gratiam.

315 1293 662 1348 .Desiderium
687 1297 930 1348 vestrum
951 1294 1112 1363 dicit,
1129 1311 1382 1366 quorum
1405 1301 1643 1351 noverat
1665 1296 1815 1351 bona
1845 1311 1972 1351 esse

321 1382 515 1436 corda.
539 1383 852 1438 Secundum
878 1383 1103 1439 divitias
1131 1400 1268 1440 suas
1292 1384 1449 1454 dicit,
1477 1402 1590 1440 non
1619 1386 1844 1440 mundi.
1869 1385 1971 1439 Dei

321 1469 534 1524 divitia
561 1471 856 1542 spiritales
887 1476 1044 1528 sunt.
1070 1473 1140 1527 Et
1167 1475 1228 1528 in
1258 1474 1462 1543 gloria,
1486 1477 1543 1528 et
1573 1474 1630 1528 in
1656 1473 1887 1540 Christo,
1911 1473 1971 1527 in

325 1575 439 1630 quo
472 1565 610 1614 sunt
639 1577 846 1616 omnes
876 1560 1138 1617 thesauri
1170 1562 1490 1633 sapientiae,
1519 1567 1574 1616 et
1605 1563 1862 1618 scientiae
1890 1579 1974 1617 re-

212 1671 218 1678 ·
321 1647 561 1703 conditi.
597 1649 744 1705 Nota
775 1651 930 1721 quod
964 1651 1084 1705 hac
1116 1651 1437 1707 benedictio
1471 1669 1584 1707 non
1617 1656 1706 1706 est
1735 1651 1974 1706 inferior

323 1734 834 1792 benedictionibus
865 1739 1353 1808 patriarcharum.

396 1824 718 1896 Sequitur:
753 1827 860 1882 Deo
917 1834 1120 1892 autem,
1167 1831 1224 1881 et
1278 1828 1455 1896 Patri,
1489 1831 1596 1882 etc.
1648 1832 1762 1883 Deo
1821 1828 1972 1882 Patri

325 1911 534 1984 gloria,
557 1912 697 1969 etin
721 1914 950 1970 Christo
977 1917 1112 1970 Jesu
1141 1916 1220 1970 sit
1251 1915 1337 1969 illi
1368 1914 1551 1986 gloria
1581 1920 1815 1980 aeterna,
1845 1933 1972 1988 quas

325 1999 513 2073 gloria
543 2003 830 2058 ambabus
874 2004 1141 2074 personis
1171 2021 1289 2058 una
1317 2020 1452 2059 cum
1482 2004 1703 2076 Spiritu
1750 2009 1970 2072 sancto,

323 2090 423 2160 qui
456 2095 545 2146 est
574 2108 730 2146 unus
756 2092 930 2162 Deus,
958 2093 1222 2148 debetur.
1244 2092 1325 2148 De
1354 2110 1420 2148 eo
1451 2094 1629 2164 quod,
1656 2093 1822 2150 ﬁnita
1851 2094 1974 2166 spi-

321 2178 472 2235 stola
502 2179 561 2233 in
594 2178 787 2250 laude,
820 2180 1032 2236 transit
1059 2183 1131 2236 ad
1165 2180 1596 2237 salutationem.

393 2267 578 2339 (1208)
608 2269 884 2339 Sequitur
917 2286 930 2324 :
963 2270 1212 2326 Salutate
1237 2286 1458 2326 omnem
1485 2278 1754 2326 sanctum.
1782 2271 1972 2327 Terri-

324 2355 459 2427 bile,
491 2358 646 2428 quod
681 2375 796 2413 non
828 2358 943 2414 nisi
983 2364 1220 2415 sanctos
1271 2358 1504 2415 salutat.
1537 2361 1783 2416 Sanctos
1813 2369 1977 2416 vocat

423 2517 580 2593 i297)
605 2516 673 2593 _In
707 2522 902 2590 autog.
937 2534 1119 2590 marg.
1152 2518 1251 2593 hic
1279 2517 1493 2593 legitur
1523 2536 1648 2590 cap.
1679 2519 1876 2593 Xyill.

421 2589 577 2652 1208)
603 2588 666 2643 In
699 2588 896 2714 autog.
931 2588 1116 2661 marg.
1151 2589 1247 2645 hic
1277 2588 1492 2662 legitur
1521 2588 1646 2661 cap.
1679 2590 1818 2645 XIX.

423 2659 580 2714 1209)
629 2661 710 2714 En
763 2661 816 2714 di
869 2661 1151 2714 ereutiam
1203 2663 1354 2714 inter
1401 2662 1622 2714 crimen
1671 2666 1730 2714 et
1773 2677 1818 2714 Di

396 2659 580 2730 (1209)
629 2661 710 2714 En
763 2659 1151 2716 differentiam
1203 2659 1364 2717 inter
1401 2659 1622 2717 crimen
1671 2666 1730 2716 et
1771 2677 1970 2733 pecca-

2004 1961 2052 2030 B

2079 679 2176 730 tur
2208 692 2222 731 :
2256 675 2515 730 Salutant
2560 691 2650 730 vos
2694 689 2880 730 omnes
2925 676 3150 744 fratres,
3181 673 3282 742 qui
3323 687 3541 726 mecum
3587 679 3741 742 sunt,

2079 781 2274 832 carne,
2307 764 2609 819 vobiscum
2655 766 2870 816 mente.
2894 760 3163 816 Salutant
3189 775 3292 814 vos
3340 759 3519 815 etiam
3549 760 3744 815 sancti

2079 853 2485 908 eminentioris
2516 851 2730 921 meriti,
2763 850 2863 905 sed
2916 849 3158 904 maxime
3179 849 3278 920 qui
3322 849 3388 904 de
3431 848 3590 904 domo
3622 847 3742 905 Cae-

2078 944 2221 997 saris
2248 945 2394 996 sunt.
2420 944 2606 1006 Quare
2636 940 2781 994 istos
2813 938 3146 1011 specialiter
3171 937 3374 994 notat?
3401 937 3552 1001 Quia
3581 937 3742 992 vole-

2081 1031 2180 1086 bat
2209 1030 2339 1086 illos
2389 1030 2695 1084 ostendere
2725 1028 3082 1093 devotiores;
3118 1031 3175 1082 et
3206 1031 3271 1082 ut
3315 1026 3400 1081 illi
3431 1027 3744 1082 audientes

2080 1123 2350 1190 potentes
2384 1116 2722 1180 credidisse,
2755 1115 3002 1170 laetiores
3034 1116 3262 1180 fierent,
3287 1130 3355 1170 ac
3387 1115 3437 1170 si
3469 1114 3696 1170 diceret
3729 1131 3742 1170 :

2080 1207 2268 1262 Nolite
2299 1206 2504 1261 timere
2541 1205 2921 1277 Evangelium
2964 1205 3299 1276 pradicare,
3333 1203 3390 1256 in
3423 1220 3540 1274 quo
3573 1208 3748 1259 tanta

2077 1297 2167 1352 vis
2206 1300 2316 1367 est,
2352 1300 2416 1350 ut
2465 1295 2520 1349 hi
2568 1295 2766 1364 etiam,
2801 1294 2900 1363 qui
2951 1292 3257 1365 superbire
3308 1297 3601 1364 poterant,
3631 1293 3745 1348 de-

2080 1385 2271 1458 posita
2301 1383 2507 1439 mundi
2547 1382 2816 1453 elatione,
2851 1381 3075 1437 humile
3105 1381 3320 1437 Christi
3352 1381 3566 1452 jugum
3601 1397 3746 1436 sus-

2079 1475 2363 1545 ceperint.

2154 1561 2352 1617 Gratia
2398 1561 2619 1616 Domini
2661 1560 2842 1614 nostri
2887 1561 3020 1613 Iesu
3065 1558 3295 1624 Christi,
3326 1561 3436 1613 etc.
3469 1557 3616 1623 Quia
3649 1557 3745 1611 di-

2080 1666 2256 1704 versae
2288 1649 2640 1720 quaestiones
2689 1652 2858 1702 erant
2885 1648 2956 1702 de
2987 1647 3236 1717 Christo,
3270 1647 3342 1700 ad
3385 1649 3745 1702 conﬁrman-

2079 1739 2216 1793 dam
2250 1737 2603 1794 soliditatem
2631 1735 2846 1791 Christi
2880 1735 3224 1801 divinitatis,
3259 1751 3615 1807 magnopere
3645 1752 3755 1807 po-

2080 1827 2194 1882 scit
2223 1827 2470 1897 gratiam
2502 1827 2628 1895 ejus
2658 1840 2788 1880 esse
2828 1841 2962 1880 cum
3005 1825 3271 1895 ipsorum
3300 1825 3528 1895 spiritu.
3565 1825 3644 1880 De
3673 1840 3747 1880 eo

2083 1916 2236 1987 quod
2268 1914 2456 1986 gratia
2476 1919 2586 1981 est,
2612 1931 2729 1986 qua
2760 1913 3097 1969 relaxantur
3126 1917 3363 1985 peccata
3391 1929 3570 1984 quam
3602 1929 3747 1969 cum

2085 2005 2295 2076 spiritu
2322 2020 2525 2060 eorum
2557 2019 2686 2059 esse
2707 2007 2888 2074 optat,
2913 2003 3054 2074 quia
3085 2001 3339 2058 nobilior
3359 2007 3448 2058 est
3476 2001 3747 2071 interior,

2083 2111 2261 2164 quam
2293 2092 2541 2148 exterior
2576 2091 2771 2147 homo.

2155 2183 2327 2237 Amen
2374 2182 2685 2236 conﬁrmat
2731 2180 2932 2236 omnia
2979 2197 3107 2252 quae
3165 2179 3437 2251 superius
3484 2179 3748 2248 dixerat;

2085 2271 2224 2342 quia
2255 2286 2423 2326 amen
2461 2269 2675 2324 dicitur
2715 2285 2905 2324 verum
2935 2287 2953 2324 :
2983 2268 3150 2324 valde
3179 2268 3336 2323 enim
3370 2268 3621 2340 impium
3655 2273 3751 2324 est

2083 2359 2155 2414 de
2184 2358 2335 2414 tanti
2367 2357 2630 2413 Doctoris
2657 2356 2828 2412 dictis
2859 2357 2919 2412 in
2951 2355 3146 2428 aliquo
3177 2356 3467 2412 dubitare.

2083 2522 2232 2597 tum,
2292 2516 2410 2572 sive
2444 2593 2450 2597 _
2467 2515 2689 2597 peccati
2747 2517 3304 2588 concupiscentiam,
3358 2532 3537 2588 quam
3599 2516 3750 2572 alibi

2083 2590 2260 2646 etiam
2295 2589 2615 2644 constituit.

627 3001 1098 3096 INCIPIT
1171 3002 1996 3098 CAPITULATIO
2066 3002 2233 3095 AD
2307 2997 3194 3096 COLOSSENSES
3243 2996 3439 3090 “2””.

394 3366 444 3420 1.
481 3366 627 3432 Quia
667 3370 794 3422 orat
843 3383 945 3438 pro
991 3367 1095 3437 eis,
1131 3366 1470 3423 collaudans
1520 3367 1696 3423 ﬁdem
1745 3383 1967 3436 eorum,
2001 3369 2044 3436 C
2153 3368 2206 3421 4.
2237 3366 2296 3422 Si
2328 3363 2544 3421 mortui
2571 3362 2713 3419 estis
2743 3361 2816 3417 ab
2848 3359 3176 3428 elementis,
3212 3360 3353 3433 quid
3385 3361 3579 3416 adhuc
3605 3364 3750 3416 tan-

320 3453 531 3527 dignos
562 3471 661 3510 eos
700 3456 885 3511 factos
929 3456 986 3510 in
1040 3460 1266 3527 partem
1315 3455 1492 3512 sortis
1543 3461 1876 3511 sanctorum
1912 3455 1970 3512 in

320 3542 572 3611 Christo,
621 3543 680 3599 in
727 3560 843 3615 quo
897 3545 1130 3599 condita
1178 3549 1317 3600 sunt
1364 3545 1584 3615 omnia,
1636 3545 1756 3600 sive
1805 3545 1971 3600 thro-

322 3631 403 3698 ni,
435 3635 545 3688 etc.

390 3721 445 3774 2.
479 3721 647 3787 Quia,
687 3737 821 3776 cum
879 3726 1077 3777 essent
1132 3721 1375 3792 inimici,
1423 3721 1774 3778 reconciliati
1834 3726 1974 3777 sunt

322 3808 437 3864 Deo
467 3808 527 3863 in
563 3809 978 3876 ministerium,
1015 3812 1168 3881 quod
1203 3810 1613 3866 absconditum
1647 3810 1754 3866 fuit
1791 3828 1824 3865 a
1866 3827 1971 3865 sae-

321 3896 490 3964 culis,
527 3901 583 3952 et
632 3898 906 3953 docentes
956 3914 1190 3954 omnem
1240 3899 1574 3962 hominem;
1625 3904 1681 3955 et
1729 3899 1868 3970 quia
1913 3898 1972 3953 in

321 3986 553 4042 Christo
585 3986 913 4042 absconditi
948 3991 1087 4042 sunt
1117 4004 1319 4044 omnes
1346 3987 1628 4044 thesauri.

391 4075 444 4129 3.
479 4074 553 4130 Ut
585 4091 699 4130 non
733 4074 1100 4147 decipiantur
1129 4093 1232 4148 pro
1264 4076 1654 4149 philosophia,
1679 4075 1780 4147 qui
1811 4076 1972 4131 Chri-

321 4167 413 4218 sto
441 4162 768 4235 consepulti
801 4169 940 4219 sunt
986 4165 1045 4219 in
1091 4165 1402 4236 baptismo.
1439 4165 1648 4220 Delens
1679 4166 1832 4237 quod
1866 4167 1973 4220 ad-

317 4269 553 4308 versum
585 4270 691 4308 nos
731 4257 872 4318 erat,
910 4253 1390 4326 chirographum.
1425 4254 1495 4308 Et
1539 4270 1709 4309 nemo
1750 4253 1976 4323 judicet

318 4341 377 4396 in
410 4341 562 4412 cibo,
596 4345 698 4396 aut
727 4341 785 4397 in
821 4348 978 4413 potu.
1013 4347 1080 4396 Et
1129 4358 1200 4396 ne
1233 4343 1609 4408 seducantur,
1642 4342 1700 4397 in
1734 4341 1972 4400 humili-

318 4432 435 4485 tate
463 4429 826 4502 angelorum.

2081 3471 2259 3528 quam
2288 3453 2549 3510 viventes
2597 3449 2958 3506 decernitis?
3009 3449 3096 3517 Et,
3131 3466 3259 3521 quae
3309 3466 3552 3505 sursum
3603 3454 3752 3506 sunt

2082 3544 2289 3615 sapite.
2325 3546 2413 3612 Et,
2448 3539 2857 3596 mortificanda
2897 3539 3190 3607 membra,
3221 3554 3349 3610 quas
3395 3543 3536 3593 sunt
3565 3554 3753 3609 super

2080 3637 2318 3688 terram.
2342 3631 2430 3698 Et,
2456 3628 2823 3684 induendum
2857 3643 3074 3683 novum
3107 3627 3405 3682 hominem
3439 3643 3453 3681 :
3487 3626 3589 3682 ubi
3621 3643 3748 3682 non

2083 3724 2170 3775 est
2200 3718 2435 3791 gentilis
2467 3722 2522 3772 et
2549 3717 2808 3772 Judaeus.

2151 3810 2205 3862 5,
2238 3808 2311 3863 Ut
2350 3807 2399 3863 si
2449 3807 2581 3879 quis
2631 3805 2809 3861 habet
2854 3804 3076 3877 aliquid
3127 3803 3407 3860 adversus
3455 3803 3746 3876 aliquem,

2083 3897 2359 3952 dimittat.
2393 3897 2483 3965 Et,
2514 3896 2574 3950 in
2623 3894 2893 3966 psalmis,
2923 3898 2980 3950 et
3029 3892 3266 3965 hymnis
3311 3893 3518 3964 (1211).
3553 3894 3644 3962 Et,
3682 3893 3747 3948 in

2084 3987 2320 4042 nomine
2353 3984 2580 4040 Domini
2614 3983 2814 4040 omnia
2844 3983 3127 4039 facienda.
3168 3982 3258 4048 Et,
3292 3981 3568 4037 mulieres
3598 3982 3746 4036 sub-

2083 4076 2215 4131 ditae
2247 4075 2367 4131 sint
2394 4074 2555 4142 viris,
2592 4078 2648 4128 et
2675 4073 2784 4128 viri
2817 4088 3028 4128 uxores
3059 4070 3330 4143 diligant,
3363 4068 3469 4125 ﬁlii
3500 4075 3558 4125 et
3585 4070 3746 4125 servi

2084 4163 2378 4220 obediant.

2152 4255 2206 4307 6.
2239 4251 2497 4308 Orationi
2552 4250 2896 4307 instandum
2950 4264 3054 4320 pro
3085 4263 3145 4302 se
3178 4263 3191 4302 :
3225 4250 3282 4302 et
3332 4245 3393 4301 in
3452 4246 3749 4317 sapientia

2084 4341 2507 4398 ambulandum
2539 4341 2611 4395 ad
2643 4357 2762 4408 eos,
2794 4339 2895 4410 qui
2927 4336 3067 4393 foris
3102 4339 3261 4404 sunt,
3287 4339 3364 4404 et,
3390 4351 3586 4391 sermo
3619 4335 3748 4393 sale

2083 4431 2162 4486 sit
2191 4430 2486 4487 conditus.
2518 4432 2605 4500 Et,
2637 4429 2709 4484 de
2740 4427 2854 4496 his,
2879 4443 3028 4499 quos
3059 4424 3298 4481 salutat.

530 4623 734 4706 (1212)
766 4626 970 4699 QUOS
1018 4629 1499 4690 SANCTORUM
1546 4627 2612 4778 COM%E310%%FQTE%1;%SSTOLUS
2657 4624 2971 4686 PAULUS
3014 4623 3093 4683 IN
3139 4620 3520 4682 EPISTOLA

1669 4722 1715 4778 A
2071 4721 2110 4778 S
2373 4756 2391 4776 .

1669 4721 1772 4778 AD
1817 4721 2391 4778 COLOSSENSES.

391 4903 746 4976 Epaphram,
769 4919 1064 4975 quemque
1095 4901 1323 4957 fidelem
1357 4900 1692 4958 ministrum
1725 4917 1794 4958 ex
1822 4901 1968 4974 ipsis

319 5007 468 5061 esse,
521 4997 576 5048 et
623 4991 964 5064 Tychicum,
1017 5008 1190 5064 quem
1249 4989 1667 5046 charissimam
1728 4991 1967 5046 fratrem

321 5085 511 5136 vocat.

394 5169 737 5226 Onesimum
764 5172 999 5226 fratrem
1020 5167 1436 5225 charissimum
1454 5171 1511 5222 et
1533 5167 1967 5239 fidelem,quem

323 5273 392 5312 ex
422 5257 568 5328 ipsis
598 5259 780 5315 fuisse
808 5260 964 5315 dicit.
997 5257 1426 5324 Aristarchum,
1461 5273 1635 5328 quem
1672 5257 1967 5330 concapti-

322 5361 463 5399 vum
494 5352 677 5402 vocat.

397 5432 656 5497 Marcum
684 5436 1099 5493 consobrinum
1139 5435 1438 5502 Barnabas,
1471 5435 1544 5492 de
1571 5450 1687 5507 quo
1729 5450 1970 5509 accepe-

355 5633 362 5638 _
398 5571 579 5655 (1”210)
606 5574 850 5655 Titulus,
884 5575 976 5631 hic
1024 5575 1262 5655 litteris,
1297 5577 1568 5655 ut_aiunt_
1616 5575 1966 5655 capitalibus

325 5647 570 5719 partim,
596 5647 890 5719 partimin
915 5649 1426 5719 ventreicoutentis
1457 5647 1707 5718 scriptus
1733 5647 1966 5719 legitur.

400 5713 776 5791 (1211)'Quod
815 5716 995 5771 anis
1021 5718 1301 5790 scriptum
1331 5719 1562 5791 legitur.

348 5784 766 5828 m.m._‘M-.
791 5805 828 5812 .-ν
868 5808 892 5813 η.

2080 4900 2200 4955 rint
2228 4899 2523 4955 mandata.
2556 4899 2625 4952 Et
2665 4896 2891 4964 Jesum,
2927 4895 3028 4967 qui
3061 4895 3278 4950 dicitur
3309 4893 3531 4965 justus.
3568 4894 3642 4950 Hi
3677 4912 3747 4951 ex

2078 4989 2522 5045 circumcisione
2552 4986 2869 5058 adjutores.

2151 5078 2366 5134 Lucam
2398 5076 2694 5133 medicum
2741 5072 3179 5129 charissimum.
3209 5071 3281 5126 Et
3310 5071 3530 5127 Deman
3561 5071 3743 5145 Nym-

2081 5167 2352 5238 pham,et
2371 5182 2516 5237 quas
2546 5164 2608 5219 in
2640 5163 2813 5219 domo
2844 5163 2974 5234 ejus
3002 5161 3313 5218 Ecclesiae.
3345 5159 3742 5233 Archippum,

2079 5271 2256 5327 quem
2277 5256 2609 5310 commonet
2637 5256 2702 5308 ut
2720 5252 2913 5308 videat
2941 5250 3365 5320 ministerium,
3388 5250 3546 5321 quod
3575 5267 3744 5308 acce-

2079 5345 2184 5416 pit.

2147 5575 2580 5701 (1212i‘0mnes
2617 5572 2797 5656 tituli,
2829 5573 2930 5645 qui
2980 5574 3313 5655 sequuntur
3363 5570 3546 5643 hujus
3600 5572 3736 5657 Epi-

2147 5646 2259 5701 Jlaa.
2342 5651 2550 5701 itteris.
2599 5651 2664 5701 ut
2711 5651 2896 5701 alunt.
2944 5643 3275 5700 uncialibus
3316 5617 3625 5700 habentur
3671 5662 3731 5701 1n

2077 5617 2259 5773 sttitlaa,
2315 5617 2550 5718 litteris:
2599 5651 2664 5702 ut
2711 5617 2896 5714 aiunt,
2944 5617 3275 5700 uncialibus
3316 5617 3625 5700 habentur
3648 5617 3731 5701 tin

2077 5735 2150 5773 au
2179 5734 2271 5790 0g.
