3898 6414
116 454 237 517 609

653 456 1071 519 EXPOSITIO
1116 458 1197 518 IN‘
1238 458 1666 520 EPIS’I'OLAS
1712 460 1972 522 PAULl.
2015 494 2089 505 -—
2132 462 2211 521 IN
2260 461 2510 523 EPIST.
2554 463 2658 523 AD
2703 462 3016 525 COLOSS.

3432 461 3555 522 610

1184 594 1741 656 ARGUMENTUM
1790 595 1894 654 AD
1940 596 2507 655 CULOSSENSES.

190 693 578 750 Colossenses
607 698 767 763 sunt,
790 698 847 751 et
869 696 1111 767 hi,sicut
1133 698 1784 765 Laodicenses,Asiani.
1816 699 1874 767 Α
1902 700 2217 772 Archippo,
2252 699 2354 772 qui
2384 704 2442 761 et
2473 700 2870 756 ministerium
2900 703 2960 755 in
3000 717 3098 756 eos
3131 702 3372 773 accepit.
3406 706 3553 774 Ergo

115 786 185 837 Et
213 782 331 853 ipsi
390 783 667 854 praeventi
718 784 905 854 (1213)
962 790 1129 840 erant
1168 802 1202 839 a
1259 785 1786 859 pseudeapostolis.

118 872 239 928 Nec
260 872 335 927 ad
359 886 460 928 eos
483 872 731 927 accessit
754 871 879 944 ipse
903 874 1249 944 Apostolus;
1275 875 1375 931 sed
1403 875 1512 931 bos
1534 891 1636 948 per
1657 874 1788 948 Epi-
1836 904 1857 927 ο.

116 960 335 1017 stolam
396 959 724 1033 recorrigit.
800 961 1124 1017 Audierant
1194 963 1350 1019 enim
1407 964 1652 1019 verbum
1712 967 1785 1020 ab

188 1102 385 1169 (1213)
417 1107 479 1158 ln
511 1103 641 1159 cod.
670 1104 978 1169 praebendi.

191 1173 384 1297 (11214)
406 1172 558 1229 Loco
584 1172 788 1246 Epheso
816 1173 1129 1247 legendum
1154 1177 1399 1234 fortasse
1418 1178 1491 1234 ab
1513 1180 1786 1236 Onesimo.

191 1260 202 1297 ι
232 1244 350 1297 icet
381 1260 483 1297 ner
511 1261 707 1297 quem-
736 1251 793 1297 et
821 1246 1135 1297 Tvchicnm
1170 1247 1351 1297 missa
1384 1254 1474 1297 est
1506 1249 1786 1297 Enistnln-

117 1243 350 1329 spilicet
379 1260 483 1329 per
511 1243 708 1329 quem,
736 1251 793 1301 et
821 1243 1136 1329 ’I‘jchicum
1162 1247 1353 1329 missa
1384 1254 1474 1305 est
1506 1249 1786 1329 Epistola.

115 1315 245 1390 γει,
283 1315 441 1390 quod
471 1315 701 1390 veritati
727 1315 915 1390 magis
937 1324 1397 1375 consentaneum
1434 1315 1675 1387 est,loco
1697 1322 1787 1385 ab,

118 1387 561 1469 legendumft:
583 1394 653 1469 ut
670 1387 903 1469 legatur
929 1406 942 1445 :
973 1392 1181 1469 seribil
1311 1400 1363 1447 et
1385 1393 1609 1469 Ephese
1619 1410 1638 1447 :
1660 1393 1789 1448 dum

114 1458 289 1539 enim
438 1458 1009 1539 Epistolie,'alterave
1040 1462 1114 1539 ad
1149 1458 1552 1534 Philippenses
1582 1467 1787 1539 Roma,

113 1534 175 1584 et
208 1529 269 1583 in
317 1529 571 1587 vinculis
600 1529 854 1604 scriptis,
902 1536 961 1587 et
993 1533 1185 1589 missa
1228 1529 1579 1591 censentur:
1616 1529 1791 1590 sicuti

1899 788 2218 860 Apostolus
2242 789 2368 859 jam
2404 788 2620 861 ligatus
2643 788 2848 844 scribit
2875 789 2959 845 eis
2989 790 3061 845 ab
3088 789 3316 861 Epheso
3346 790 3549 862 (1214).

1993 896 2236 967 Explicit
2266 895 2336 951 ad
2369 894 2705 967 Colossenses
2734 896 2940 967 scripta
2968 894 3036 949 de
3068 896 3253 951 Roma.
3286 896 3454 951 Habet

2416 983 2606 1021 versus
2637 966 2695 1022 C.
2740 966 2798 1021 C.
2845 967 3028 1022 VIII.

1900 1108 1972 1163 de
2001 1106 2113 1162 hac
2134 1107 2511 1181 peculiariter
2534 1108 2749 1179 legitur
2770 1125 2956 1180 pauca
2982 1113 3112 1181 post
3129 1110 3307 1181 verba
3332 1110 3393 1167 in
3423 1112 3551 1167 cod.

1901 1182 2102 1251 nostro
2132 1179 2246 1251 ibi:
2277 1182 2487 1251 scripta
2513 1180 2585 1236 de
2608 1179 2794 1251 Roma.
2830 1179 2996 1244 Quod
3020 1180 3181 1237 nullo
3214 1182 3386 1237 modo
3417 1199 3550 1238 cum

1899 1250 1995 1323 his
2026 1249 2239 1323 verbis,
2269 1252 2339 1323 ab
2369 1249 2573 1322 Epheso
2596 1250 2895 1306 conciliari
2928 1256 3144 1323 posset.
3181 1252 3241 1307 Id
3273 1269 3404 1308 vero
3436 1252 3552 1309 cla-

1900 1320 2024 1375 rius
2055 1320 2308 1394 elucebit
2328 1320 2520 1394 exghis
2543 1337 2670 1393 qua:
2702 1323 2878 1394 paulo
2900 1320 3146 1379 inferius
3178 1323 3549 1381 habenturin

1899 1408 1969 1448 es.
1995 1393 2173 1447 verba
2202 1392 2491 1464 Epistolas,
2534 1392 2620 1449 his
2649 1392 2745 1464 qui
2788 1397 2917 1449 sunt
2948 1396 3177 1451 Colossis
3206 1437 3225 1464 ,
3257 1394 3358 1451 ubi
3388 1412 3551 1451 men-

1899 1464 2040 1547 dose
2063 1464 2120 1519 in
2145 1464 2511 1547 argumentis
2532 1464 2927 1535 Epistolarum
2951 1466 3236 1538 scriptum
3260 1467 3327 1522 ab
3348 1467 3553 1539 Epheso

1900 1535 2229 1591 adinveniri
2250 1535 2553 1592 asseritur.

667 1826 1133 1921 INCIPIT
1193 1817 1808 1924 EPISTULA
1875 1830 2042 1925 AD
2116 1829 3034 1925 COLOSSENSES.

697 2136 1223 2194 ARGUMENTUM.

190 2226 574 2282 Colossenses
606 2227 1083 2298 pseudoapostoli
1138 2231 1396 2282 evertere
1426 2227 1790 2294 nitebantur,

119 2319 186 2369 ut
218 2318 358 2387 post
389 2314 859 2388 praedicationem
890 2315 1172 2388 Epaphras
1204 2314 1323 2371 sive
1351 2315 1791 2389 Archippi,phi-

117 2403 451 2475 losophiois
480 2403 982 2475 disputationibus
1014 2404 1309 2459 irretirent
1345 2403 1790 2476 simplicitatem

123 2491 345 2547 mentis
377 2507 605 2547 eorum.
664 2493 951 2547 Admonet
998 2490 1316 2563 Apostolus
1366 2508 1437 2547 ne
1470 2500 1706 2564 sperent
1730 2492 1790 2549 in

118 2579 461 2635 rationibus
495 2580 942 2647 elementorum,
986 2580 1204 2652 quibus
1233 2579 1401 2651 quasi
1432 2582 1794 2653 gubernatur

120 2668 240 2723 vita
266 2667 555 2723 humana.
590 2667 812 2723 Idcirco
844 2668 952 2723 hoc
992 2667 1306 2739 Apostolus
1338 2685 1440 2741 per
1468 2668 1788 2740 Epistolam

128 2757 406 2813 hortatur
436 2760 495 2811 et
546 2756 843 2822 admonet,
878 2772 949 2811 ne
1007 2756 1223 2811 alicubi
1255 2760 1461 2829 praeter
1488 2757 1789 2813 Christum

126 2845 393 2917 aliquam
426 2861 588 2917 spem
610 2859 739 2901 esse
763 2848 1126 2918 putarent,et
1146 2845 1559 2917 deciperentur
1580 2846 1787 2918 (1215).

199 2982 364 3053 (ΟΑΡ.
399 2979 467 3051 1.)
502 2979 711 3036 Paulus
743 2982 1022 3051 apostolus
1073 2980 1279 3036 Christi
1305 2981 1433 3037 Iesu
1460 2997 1562 3053 per
1591 2982 1788 3037 volun-

126 3075 297 3126 tatem
352 3070 451 3125 Dei
503 3073 554 3124 et
610 3069 926 3125 Timotheus
984 3068 1188 3142 frater.
1222 3070 1286 3124 In
1338 3068 1470 3126 aliis
1519 3070 1790 3142 Epistolis

128 3158 454 3216 Sosthenes
483 3162 541 3214 et
576 3156 889 3230 Sylvanus,
910 3156 1207 3214 interdum
1229 3162 1288 3213 et
1309 3157 1677 3226 Timotheus,
1703 3175 1792 3215 as-

130 3247 416 3304 sumitur.
453 3246 515 3303 In
548 3250 801 3318 quatuor
842 3250 1073 3302 tantum
1134 3246 1503 3313 Timotheus,
1535 3247 1676 3318 quia
1702 3245 1790 3303 vel

131 3337 345 3392 eodem
389 3339 668 3407 tempore,
722 3334 810 3391 vel
868 3340 1153 3407 praesente
1212 3334 1520 3391 Timotheo
1571 3340 1791 3391 caetera

132 3440 375 3499 quoque
396 3423 625 3481 dictata
657 3424 985 3489 sunt.Quod
1018 3423 1237 3498 duplici
1260 3440 1330 3480 ex
1357 3440 1539 3480 causa
1566 3424 1790 3480 factum

130 3514 398 3588 ponitur,
432 3517 497 3569 ut
520 3518 579 3569 et
602 3512 864 3585 Epistula
893 3514 1175 3584 majorem
1207 3512 1451 3569 haberet
1479 3513 1794 3570 auctorita-
1825 3506 1868 3572 C

130 3610 278 3670 tem,
311 3618 441 3674 quae
492 3618 608 3657 non
669 3602 743 3657 ab
791 3617 910 3656 uno
968 3601 1358 3667 scribebatur,
1391 3605 1448 3656 et
1473 3600 1613 3673 quia
1639 3600 1802 3657 nulla

132 3690 437 3771 aemulatio
464 3695 591 3747 erat
617 3690 677 3745 in
711 3689 1057 3762 Apostolo,si
1082 3690 1224 3762 quid
1259 3690 1404 3745 forte
1426 3689 1524 3746 illo
1546 3690 1801 3746 dictante

134 3780 271 3836 aliis
300 3779 559 3851 Spiritus
589 3787 830 3834 sanctus
854 3778 1268 3851 suggessisset,
1293 3778 1519 3849 absque
1547 3777 1667 3833 ulla
1696 3778 1799 3833 tri-

135 3868 303 3926 stitia
331 3868 589 3924 addebat
614 3866 833 3923 Paulus
859 3867 916 3922 in
951 3866 1186 3932 litteris,
1220 3882 1368 3939 quas
1402 3867 1683 3934 dictabat,
1717 3884 1803 3924 se-

132 3959 401 4014 cundum
436 3956 517 4022 id,
550 3958 706 4027 quod
730 3956 856 4027 ipse
877 3955 1199 4011 Corinthiis
1221 3955 1589 4027 praecepit,ut
1618 3957 1667 4012 si
1690 3956 1803 4012 alio

137 4046 529 4119 prophetante
560 4044 658 4100 alii
709 4045 887 4101 fuerit
941 4044 1261 4101 revelatum
1302 4045 1347 4109 (ι
1391 4043 1511 4101 Cor.
1539 4062 1655 4113 x1v,
1687 4045 1800 4116 30),

134 4140 330 4193 taceat
361 4133 461 4190 ille
493 4134 594 4206 qui
628 4133 792 4205 prius
814 4132 1319 4205 prophetabat.lta
1348 4137 1407 4188 et
1424 4133 1548 4205 ipse
1569 4150 1805 4205 quoque

139 4228 503 4296 praeceptum
534 4238 708 4278 suum
734 4238 908 4294 opere
939 4220 1304 4293 complebat:
1327 4225 1385 4277 et
1409 4226 1647 4305 propter
1666 4239 1807 4294 pau-

137 4330 227 4383 ca,
262 4329 396 4384 qua
425 4310 525 4367 alii
550 4310 916 4381 addiderant,
943 4314 1323 4383 suggerentes
1346 4315 1413 4366 ut
1431 4311 1651 4391 sua,ita
1669 4311 1808 4368 alte-

139 4403 270 4458 rius
299 4416 540 4473 quoque
568 4400 747 4456 verba
779 4398 1215 4473 prescribebat.

211 4536 329 4603 His,
363 4534 463 4606 qui
490 4540 621 4589 sunt
667 4531 916 4589 Colossis.
952 4530 1350 4600 Colossenses,
1399 4531 1553 4588 sicut
1581 4536 1637 4588 et
1669 4531 1806 4589 Lao-

138 4625 437 4687 dicenses,
462 4625 602 4678 sunt
621 4620 1166 4677 Asiani.Audierant
1186 4620 1344 4676 enim
1362 4621 1603 4677 verbum
1626 4621 1810 4677 Evan-

138 4711 281 4786 gelii
314 4711 390 4766 ab
422 4710 737 4783 Archippo,
772 4709 870 4783 qui
905 4715 961 4765 et
999 4709 1395 4765 ministerium
1426 4709 1487 4764 in
1537 4708 1621 4765 eis
1649 4725 1807 4766 acce-

140 4802 250 4875 pit.
282 4799 401 4856 Nec
432 4800 503 4856 ad
535 4798 647 4855 hos
677 4802 1002 4855 accesserat
1033 4799 1160 4870 ipse
1184 4797 1507 4871 apostolus,
1533 4800 1633 4854 sed
1666 4798 1808 4855 scri-

1815 2144 1863 2207 B
1896 2158 2044 2196 cere.
2080 2141 2149 2196 Et
2178 2142 2235 2195 in
2270 2140 2478 2212 primis
2502 2141 2674 2195 fidem
2699 2157 2899 2195 eorum
2926 2156 3201 2212 magnam
3231 2142 3468 2199 audisse
3491 2159 3554 2199 se

1903 2229 2121 2284 laudat.
2153 2228 2371 2283 Deinde
2395 2229 2670 2284 admonet
2691 2245 2789 2283 eos
2808 2246 2878 2284 ne
2902 2230 3444 2302 perphilosopbiam
3464 2232 3550 2287 vel

1900 2317 2047 2389 legis
2079 2316 2457 2372 cmrcmonias
2491 2318 2871 2374 seducantur.

1971 2407 2186 2461 Sanctis
2215 2410 2267 2461 et
2294 2405 2550 2475 ﬁdelibus
2592 2406 2865 2476 fratribus
2914 2407 2972 2461 in
3004 2406 3221 2462 Christo
3248 2409 3374 2463 Iesu
3406 2411 3555 2465 Gra-

1900 2496 1983 2550 tia
2013 2495 2166 2549 vobis
2195 2497 2246 2549 et
2271 2510 2390 2564 paa:
2418 2510 2458 2548 α
2488 2494 2593 2549 Deo
2646 2496 2808 2549 Patre
2834 2498 3039 2549 nostro.
3100 2493 3225 2550 Non
3257 2496 3451 2552 omnis
3485 2498 3551 2552 ti-

1901 2582 2047 2637 delis
2079 2587 2167 2637 est
2189 2586 2452 2647 sanctus,
2478 2581 2617 2653 quia
2650 2586 2897 2654 possunt
2923 2583 3100 2638 etiam
3122 2584 3551 2657 catechumeni,

1901 2687 1970 2726 ex
2000 2687 2064 2725 eo
2097 2671 2248 2742 quod
2281 2669 2508 2725 Christo
2530 2670 2797 2737 credunt,
2822 2670 3021 2726 fideles
3045 2670 3180 2738 dici,
3207 2689 3322 2727 non
3356 2678 3551 2729 tamen

1900 2759 2087 2814 sancti
2108 2762 2247 2813 sunt
2269 2752 2371 2831 per
2389 2758 2752 2831 baptismum
2784 2758 3321 2824 sanetitlcati.Quod
3352 2766 3550 2818 tamen

1900 2846 2146 2918 intelligi
2178 2853 2236 2901 et
2265 2846 2435 2902 aliter
2456 2846 2667 2902 melius
2699 2852 2911 2920 potest,
2935 2847 2992 2902 id
3017 2852 3104 2903 est
3131 2853 3193 2903 ut
3213 2854 3449 2905 sanctos
3472 2850 3553 2905 di-

1899 2940 1993 2992 cat
2024 2936 2377 3001 sacerdotes,
2417 2942 2473 2992 et
2527 2935 2831 2992 ministros
2862 2935 3153 3006 Ecclesiae,
3185 2937 3386 2993 ﬁdeles
3419 2956 3552 2995 vero

1899 3031 2167 3080 caateram
2216 3024 2478 3080 fidelium
2528 3024 2991 3079 multitudinem.
3052 3024 3278 3081 Gratias
3336 3029 3569 3097 agimus

1897 3115 2003 3169 Deo
2033 3117 2083 3167 et
2110 3114 2269 3167 Patri
2298 3113 2523 3167 Domini
2562 3114 2744 3168 nostri
2787 3113 2914 3168 Jesu
2959 3111 3185 3179 Christi,
3217 3129 3428 3186 semper
3449 3132 3551 3187 pro

1897 3201 2049 3257 vobis
2078 3205 2314 3256 orantes.
2348 3202 2389 3255 A
2423 3199 2699 3255 laudibus
2730 3200 2828 3255 Dei
2862 3199 3087 3272 incipit,
3116 3202 3271 3273 quod
3298 3201 3437 3258 talia
3465 3204 3552 3259 eis

1899 3291 2221 3357 donaverit,
2256 3306 2384 3361 quae
2414 3289 2659 3345 inferius
2689 3289 3084 3344 continentur.

1968 3379 2257 3434 Audientes
2303 3378 2464 3449 ﬁdem
2521 3384 2766 3434 vestram
2804 3379 2866 3433 in
2920 3379 3135 3435 Christo
3160 3383 3314 3436 Jesu.
3350 3380 3417 3435 Et
3447 3380 3556 3437 hoc

1906 3468 1977 3523 ad
2012 3466 2447 3523 distinctionem
2479 3466 2930 3539 diligentissime
2960 3466 3218 3539 positum
3255 3472 3383 3523 est:
3417 3473 3559 3524 sunt

1909 3556 2123 3627 quippe
2153 3555 2349 3626 plures
2379 3555 2600 3623 ﬁdeles,
2651 3557 2752 3611 sed
2786 3572 2903 3611 non
2934 3555 2994 3610 in
3039 3554 3270 3611 Christo
3299 3555 3460 3612 Jesu.
3494 3557 3561 3612 Et

1908 3645 2276 3717 dilectionem,
2309 3662 2474 3717 quam
2505 3646 2717 3701 habetis
2748 3647 2807 3700 in
2862 3652 3074 3700 sanctos
3103 3660 3306 3700 omnes.
3342 3648 3558 3702 Notan-

1911 3736 2050 3790 dum
2085 3750 2225 3789 sane
2257 3734 2434 3805 quod,
2468 3734 2620 3790 sicut
2658 3732 2993 3789 Corinthios
3015 3731 3266 3788 subliter
3293 3734 3365 3789 de
3393 3737 3559 3789 tena-

1910 3823 2079 3878 citate
2112 3822 2593 3894 reprehendit,ita
2622 3826 2679 3877 et
2707 3822 2821 3878 isto
2843 3822 2915 3877 de
2944 3820 3211 3893 largitate
3233 3821 3561 3879 dilectionis

1912 3910 2239 3966 collaudat:
2297 3911 2562 3982 probatio
2622 3910 2843 3982 quippe
2899 3907 3237 3964 dilectionis
3281 3909 3562 3966 exhibitio

1913 3998 2104 4070 operis
2131 4002 2236 4053 est.

1982 4086 2212 4156 Propter
2238 4101 2388 4157 spem
2443 4100 2563 4156 quae
2590 4085 2831 4155 reposita
2886 4090 2965 4140 est
3015 4086 3166 4140 vobis
3195 4088 3254 4139 in
3284 4084 3461 4140 caelis.
3490 4086 3563 4140 Ac

1912 4174 1963 4230 si
1995 4174 2187 4229 dicat:
2220 4173 2447 4238 Quanto
2480 4173 2635 4228 enim
2687 4172 2943 4245 amplius
2996 4175 3175 4229 Deum
3221 4173 3467 4247 diligitis
3493 4174 3575 4229 ds‘

1915 4262 2096 4330 caelis,
2130 4268 2292 4319 tanto
2324 4262 2583 4335 amplius
2631 4262 2913 4335 proximis
2940 4262 3093 4319 bona
3124 4263 3467 4336 impenditis
3504 4263 3564 4318 in

1912 4351 2107 4416 terris,
2139 4368 2204 4408 eo
2262 4353 2417 4423 quod
2475 4350 2594 4408 illic
2622 4369 2725 4407 vos
2777 4351 3179 4407 thesaurizare
3226 4351 3440 4415 nostis,
3468 4350 3571 4407 ubi

1913 4442 2067 4496 tinea
2096 4456 2207 4497 non
2235 4442 2541 4511 corrumpit
2585 4444 2639 4495 et
2677 4441 2776 4495 ubi
2829 4442 2986 4511 fures
3010 4456 3122 4495 non
3151 4438 3438 4511 effodiunt,
3469 4454 3571 4496 nec

1913 4531 2180 4601 furantur
2209 4528 2424 4600 (Matth.
2451 4544 2530 4595 γι,
2560 4529 2672 4599 20).

1990 4619 2167 4686 Quam
2195 4616 2430 4673 audistis
2459 4618 2519 4671 in
2548 4618 2715 4673 verbo
2760 4618 3016 4673 veritatis
3058 4618 3369 4691 Evangelii.
3402 4617 3568 4681 Quod

1919 4706 2083 4779 prius
2115 4706 2338 4762 dixerat
2379 4706 2623 4761 verbum
2670 4707 2956 4776 veritatis,
3014 4705 3124 4761 hoc
3155 4710 3289 4778 post
3318 4706 3569 4778 repetiit,

1918 4797 2225 4868 Evangelii.
2258 4795 2408 4864 Quia
2462 4812 2662 4852 revera
2699 4795 2864 4853 nulla
2914 4795 3029 4851 alia
3072 4794 3407 4868 praedicatio
3436 4811 3572 4852 vera

138 4891 261 4963 psit
288 4890 413 4958 eis;
458 4906 574 4945 non
598 4890 672 4944 ab
703 4887 954 4961 Epheso,
980 4892 1046 4943 ut
1067 4887 1346 4944 mendose
1366 4888 1425 4943 in
1444 4888 1811 4960 argumentis
1841 4884 1886 4949 D
1917 4891 2027 4957 est,
2061 4885 2171 4941 nisi
2206 4902 2332 4958 quae
2367 4884 2606 4941 fulcitur
2634 4885 2927 4958 Evangelii
2960 4884 3324 4940 auctoritate.

140 4977 538 5053 Epistolarum
555 4978 840 5049 scriptum
867 4975 1182 5047 invenitur,
1208 4977 1307 5033 sed
1324 4993 1359 5033 a
1382 4976 1566 5032 Roma
1592 4977 1662 5031 de
1688 4993 1811 5032 car-

209 5122 401 5193 (1215)
427 5120 549 5193 Hoc
578 5123 999 5193 argumentum
1025 5118 1118 5193 (ut
1135 5117 1456 5193 unicuique
1486 5135 1660 5193 suum
1695 5123 1810 5193 tra-

141 5188 439 5265 damus)'a
458 5192 592 5247 divo
614 5188 1075 5258 A'mbrosio,siVe
1089 5191 1160 5265 die
1176 5188 1393 5265 Hilario
1410 5192 1527 5246 fere
1548 5192 1619 5247 de
1634 5190 1809 5265 verbo

145 5267 215 5322 ad
247 5261 496 5322 verbum
527 5264 910 5333 desumptum
963 5266 1072 5319 est.
1105 5264 1238 5317 Fere
1266 5262 1543 5331 dicimus,
1577 5264 1719 5333 quia
1748 5261 1807 5317 in

141 5338 368 5405 aliquot
395 5334 593 5391 verbis
646 5333 977 5389 differentia
1033 5338 1160 5389 est:
1208 5333 1431 5388 scilicet
1461 5335 1521 5389 in
1555 5334 1649 5405 his
1680 5350 1808 5405 quas

144 5410 225 5464 ita
238 5403 425 5464 habet
449 5412 644 5463 textus
670 5407 788 5460 divi
812 5405 1103 5461 Ambrosii
1127 5420 1139 5460 :
1166 5406 1451 5460 irretirent
1473 5403 1811 5471 simplicita-

141 5485 250 5537 tem
278 5480 485 5536 mentis
516 5493 732 5548 eorum,
762 5493 835 5533 ne
878 5483 1197 5549 spernerent
1241 5479 1484 5532 rationes
1512 5477 1807 5549 elemento-

142 5570 270 5608 rum
298 5553 506 5625 quibus
556 5551 726 5622 quasi
778 5548 1145 5625 gubernator,
1194 5551 1346 5604 etc.:
1397 5548 1611 5625 quoin
1645 5551 1807 5604 textu

139 5621 376 5681 videtur
406 5625 541 5689 hoc,
568 5621 646 5677 ne
684 5621 1006 5691 spernerent
1034 5621 1295 5687 rationes,
1355 5623 1489 5687 etc.,
1522 5623 1806 5691 tanquam

144 5695 781 5769 pseudoapostolorum
804 5694 1094 5769 monitum
1114 5691 1515 5769 protulisseJn
1533 5697 1689 5769 textu
1711 5708 1811 5748 au-

142 5763 259 5829 tem
290 5763 497 5827 nostro
529 5769 668 5841 post
692 5780 763 5824 ea
789 5766 989 5838 verba,
1018 5763 1445 5840 siniplicitatem
1486 5765 1690 5824 mentis
1716 5778 1806 5823 eo-

1993 4974 2143 5042 Quod
2167 4974 2415 5046 pervenit
2461 4973 2530 5030 ad
2587 4990 2678 5031 vos
2726 4976 2868 5030 sicut
2894 4981 2945 5030 et
2994 4976 3051 5030 in
3084 4974 3338 5029 universo
3365 4972 3571 5029 mundo

1916 5136 2062 5186 rum,
2124 5116 2374 5190 legitur:
2436 5117 2697 5172 Admouet
2752 5115 3189 5190 Apostolusgnee
3244 5118 3464 5190 sperent
3514 5117 3574 5190 in

1916 5186 2645 5256 orationes'elementoram,
2674 5186 2872 5260 quibus
2900 5188 3233 5260 quasi,_etc.
3262 5186 3372 5242 Ubi
3393 5186 3575 5243 moni-

1918 5268 2044 5317 tum
2073 5278 2144 5317 ne
2167 5264 2386 5332 sperent
2427 5258 2698 5331 Apostoli‘
2746 5264 2857 5332 est.
2898 5258 3345 5332 Emendaudum
3377 5264 3572 5332 autem

1916 5334 2108 5389 visum
2141 5329 2230 5389 est
2259 5332 2401 5388 illud
2425 5329 2544 5395 nec,
2576 5337 2634 5386 et
2661 5331 2972 5402 legendum
2996 5346 3081 5401 ne,
3108 5329 3335 5402 decoris
3355 5329 3577 5386 scilicet

1917 5404 2207 5461 sermonis
2230 5405 2438 5476 gratia.
2464 5401 2833 5476 Illudetiam,
2859 5404 2920 5476 in
2938 5403 3237 5476 orationes,
3259 5401 3573 5476 legendum

1917 5471 2279 5542 censuimus,
2313 5477 2372 5530 in
2402 5473 2728 5531 rationibus.
2764 5473 2911 5540 Quid
2944 5472 3102 5529 enim
3132 5471 3427 5529 orationes
3456 5471 3573 5529 ele-

1917 5551 2253 5603 mentorum
2274 5545 2301 5600 ?
2323 5548 2458 5612 Quae
2489 5545 2548 5601 in
2579 5545 2665 5601 eis
2708 5561 2841 5614 spes
2861 5544 2889 5599 ‘t
2920 5544 3093 5617 Atqui
3142 5544 3223 5617 de
3241 5543 3575 5617 rationibus

1918 5618 2342 5676 elementorum
2364 5622 2490 5672 tum
2512 5620 2708 5673 textus
2729 5615 3027 5688 Epistolas,
3047 5621 3168 5672 tum
3194 5615 3313 5671 divi
3332 5615 3577 5675 Ambro-

1917 5692 1988 5748 sii
2024 5693 2269 5747 citatum
2303 5694 2722 5763 argumentum
2767 5689 3126 5747 mentionem
3163 5689 3319 5749 facit.
