3898 6400
371 446 497 505 611
1401 438 1744 500 ATTONIS
1791 437 2381 501 VEBCELLENSIS
2427 437 2776 504 EPISCOPI
3280 437 3285 443 ’
3658 443 3759 501 612

368 585 467 641 est,
496 580 548 632 et
573 576 891 645 fructi/teat,
919 575 969 628 et
1015 573 1206 628 crescit
1233 573 1375 627 sicut
1420 574 1473 625 et
1503 572 1565 625 in
1594 570 1764 625 vobis.
1805 570 2021 633 Quam-
2054 572 2109 637 Α
2208 573 2273 626 In
2300 573 2459 626 omni
2484 571 2837 642 sapientia,et
2876 569 3157 624 intellectu
3212 568 3476 639 spiritali.
3512 568 3643 625 Orat
3670 587 3756 643 pro

370 666 459 721 vis
490 662 869 736 Evangelium
904 662 1165 717 nondum
1196 660 1483 715 mundum
1518 659 1753 715 tenebat
1792 660 2025 714 univer-
2153 659 2622 725 Colossensibus,
2656 661 2828 715 sicuti
2861 665 2916 714 et
2966 675 3071 729 pro
3096 658 3372 713 omnibus
3401 655 3681 729 Ecclesiis,
3709 666 3760 715 ut

373 770 546 821 sum;
573 754 676 809 sed
698 750 1050 808 fructiﬁcare
1070 749 1214 804 illud
1237 748 1297 803 in
1325 747 1594 804 universo
1618 749 1837 803 mundo
1856 747 2023 815 dixit,

378 848 436 899 et
463 859 743 911 crescere,
802 844 867 896 ut
916 840 995 895 ita
1052 838 1409 910 signiﬁcaret
1464 854 1771 907 quousque
1819 837 2027 891 fuisset

375 931 799 994 tructiﬁcando,
832 933 890 983 et
920 926 1233 982 crescendo
1259 932 1590 981 venturum.
1625 927 1683 981 Si
1716 942 1853 997 ergo
1887 924 2027 980 latet

375 1020 637 1091 quando,
668 1016 923 1071 Ecclesia
960 1015 1349 1069 fructiﬁcante
1370 1018 1547 1084 atque
1570 1014 2023 1083 crescente,uni-

372 1125 572 1165 versus
601 1106 840 1163 omnino
871 1120 905 1159 a
933 1104 1079 1159 mari
1114 1119 1301 1176 usque
1331 1104 1403 1158 ad
1439 1119 1598 1158 mare
1629 1104 1785 1158 orbis
1820 1101 2028 1174 imple-

376 1199 571 1265 bitur;
606 1192 806 1267 procul
854 1191 1032 1247 dubio
1064 1190 1206 1247 latet
1265 1193 1498 1263 quando
1555 1191 1694 1247 ﬁnis
1725 1191 1855 1257 erit,
1889 1196 2022 1246 ante

374 1286 591 1358 quippe
620 1299 734 1337 non
755 1280 1026 1350 erit,1deo
1048 1280 1206 1336 enim
1231 1281 1305 1335 ad
1327 1278 1661 1352 exemplum
1683 1285 2024 1336 ceterarum

373 1373 637 1448 gentium
667 1371 852 1442 (1216)
901 1370 1009 1425 hos
1069 1385 1347 1440 crescere,
1404 1374 1462 1424 et
1503 1370 1755 1424 fructum
1787 1368 2022 1425 vitalem
2209 1373 2274 1428 Ut
2308 1371 2606 1427 ambuletis
2651 1371 2817 1441 digne
2862 1375 2973 1426 Deo
3023 1385 3123 1440 per
3167 1370 3354 1424 omnia
3380 1369 3684 1440 placentes;
3711 1370 3759 1423 in

374 1464 562 1519 facere
592 1460 768 1516 alacri
800 1474 1070 1515 sermone
1127 1458 1521 1530 prosequitur,
1573 1463 1639 1513 ut
1667 1474 1736 1514 ex
1766 1474 1833 1514 eo
1864 1459 2021 1530 quod
2134 1462 2289 1515 omni
2315 1475 2473 1531 opere
2503 1460 2636 1516 bono
2666 1459 3083 1530 fructiﬁcantes,
3116 1465 3169 1513 et
3197 1460 3494 1513 crescentes
3522 1458 3576 1512 in
3605 1457 3760 1512 scien-

381 1552 477 1607 Dei
508 1550 757 1623 gratiam
790 1552 1194 1619 perceperunt,
1213 1548 1579 1618 proﬁcerent,
1611 1551 1667 1602 et
1697 1552 2025 1617 numero,et
2131 1550 2214 1605 tia
2242 1549 2340 1605 Dei
2360 1565 2379 1608 :
2411 1551 2468 1603 in
2501 1550 2655 1605 omni
2686 1551 2887 1603 virtute
2937 1548 3236 1619 con/artati
3262 1546 3563 1603 secundum
3588 1550 3758 1616 poten-

378 1656 549 1713 Opere
582 1639 972 1709 adjungentes
1004 1636 1137 1691 ﬁdei
1170 1635 1419 1707 suaa,qui
1449 1636 1655 1691 ﬁerent
1686 1637 1895 1691 fratres
1926 1654 2022 1691 eo-
2127 1638 2271 1692 tiam
2297 1639 2565 1693 claritatis
2596 1639 2714 1709 ejus
2737 1640 2794 1692 in
2818 1639 2972 1693 omni
2989 1638 3269 1707 patientia
3289 1644 3342 1691 et
3369 1636 3758 1704 longanimitate

377 1746 509 1785 rum
542 1728 601 1782 in
633 1726 860 1783 Christo
901 1725 1130 1781 attracti
1171 1725 1459 1779 bonorum
1491 1740 1733 1796 cperum
1786 1725 2021 1780 illorum
2132 1742 2258 1781 cum
2287 1726 2509 1794 gaudio.
2542 1727 2685 1781 Ecce
2715 1726 3008 1797 quomodo
3057 1725 3351 1797 gradatim
3383 1740 3482 1780 eos
3512 1723 3759 1796 magister

373 1822 658 1889 exemplo.
2135 1815 2325 1871 bonus
2357 1816 2429 1871 ad
2460 1814 2668 1870 altiora
2688 1814 3041 1883 sustollit,ut
3061 1812 3433 1870 ambularent
3456 1812 3623 1885 digne
3642 1811 3762 1878 Deo,

443 1908 527 1961 Ex
564 1921 668 1977 qua
697 1904 788 1959 die
834 1903 1066 1957 audistis
1096 1910 1146 1957 et
1201 1902 1525 1971 cognovistis
1558 1903 1800 1971 gratiam
1829 1901 1934 1956 Dei
1964 1902 2023 1955 in
2060 1935 2107 2000 B
2139 1920 2242 1975 per
2270 1904 2470 1959 omnia
2500 1904 2551 1959 ei
2587 1904 2905 1975 placentes,
2938 1904 2996 1958 id
3028 1908 3120 1959 est
3156 1903 3214 1957 in
3247 1902 3409 1957 omni
3442 1916 3607 1973 opere
3633 1901 3760 1956 bono

368 1992 734 2051 veritate.llle
750 1991 844 2047 Dei
867 1990 1115 2063 gratiam
1130 1991 1187 2043 in
1208 1990 1448 2045 veritate
1464 1990 1887 2061 cognoscit,qui
1904 2005 2031 2061 gra-
2060 1990 2105 2000 ”
2145 1998 2587 2064 perseverantes
2610 2009 2623 2047 :
2660 1992 2870 2048 deinde
2892 1991 3062 2047 fructi
3072 1992 3311 2047 ﬁcantes
3332 1990 3591 2063 germine
3616 1990 3763 2044 virtu-

369 2084 464 2140 tite
494 2083 596 2138 Dei
629 2098 744 2136 non
777 2080 971 2136 existit
1001 2079 1304 2150 ingratus:
1335 2077 1436 2150 qui
1468 2079 1591 2132 suis
1626 2078 1851 2133 meritis
1881 2077 2027 2132 nihil

371 2172 599 2239 tribuit,
633 2171 682 2226 si
715 2167 938 2240 aliquid
973 2167 1217 2239 dignum
1239 2167 1488 2239 agit,sed
1513 2165 1597 2220 illi
1628 2167 1729 2222 dat
1754 2167 2025 2238 gloriam,

2138 748 2495 820 impleantur
2531 749 2829 821 agnitione
2889 747 3209 803 voluntatis
3255 747 3383 817 ejus
3413 746 3470 800 in
3503 747 3656 802 omni
3679 764 3756 804 sa-

2138 838 2445 909 pientia-et
2493 838 2790 894 intellectu
2840 835 3112 906 spiritali.
3160 834 3442 906 Exposuit
3486 836 3635 907 quod
3670 838 3755 892 ob-

2138 944 2309 983 scure
2340 927 2569 982 dicebat
2592 945 2605 982 :
2631 927 2931 992 Quomodo
2952 930 3101 980 Deus
3127 926 3226 979 det
3254 923 3419 989 velle,
3447 929 3504 980 et
3529 924 3757 996 adjuvet,

2136 1020 2312 1087 atque
2342 1017 2671 1081 conﬁrmet,
2705 1020 2761 1070 et
2812 1015 3089 1085 spirando
3140 1018 3197 1068 et
3226 1013 3521 1080 docendo;
3553 1013 3756 1084 sapien-

2135 1105 2279 1159 tiam
2322 1110 2379 1160 et
2408 1104 2769 1160 intellectum
2801 1103 3072 1159 donando
3102 1119 3204 1175 per
3224 1101 3471 1173 gratiam
3504 1102 3755 1171 suam,li-

2136 1194 2422 1250 bertatem
2474 1192 2704 1251 arbitrii
2761 1192 3086 1265 reparando
3134 1195 3191 1246 et
3240 1191 3631 1247 conﬁrmando
3670 1207 3757 1263 per

2136 1282 2437 1339 assiduam
2473 1282 2725 1355 gratiam
2756 1298 2947 1337 suam.

2142 2085 2294 2149 tum,
2327 2086 2383 2136 et
2414 2086 2761 2147 crescentes,
2813 2098 2928 2136 non
2976 2081 3035 2135 in
3066 2082 3254 2135 forma
3284 2079 3563 2151 corporis,
3595 2077 3686 2134 sed
3712 2077 3758 2132 in

2141 2170 2386 2225 scientia
2410 2169 2533 2224 Dei.
2568 2169 2705 2239 Post
2752 2159 2885 2224 haec.
2928 2169 3127 2225 addit:
3162 2170 3220 2224 In
3254 2170 3409 2224 omni
3432 2170 3627 2223 virtute
3651 2182 3757 2220 con-

370 2264 542 2333 cujus
572 2261 790 2315 donum
825 2262 915 2312 est
947 2256 1233 2328 quidquid
1266 2255 1325 2309 in
1371 2255 1711 2310 hominibus
1746 2256 1880 2310 boni
1913 2260 2020 2311 est.

443 2351 593 2406 Sicut
648 2348 891 2403 didicitis
951 2347 1017 2400 ab
1076 2345 1331 2418 Epaphra
1385 2344 1719 2399 charissima
1771 2361 2025 2401 conservo

368 2445 551 2496 nostra
581 2440 677 2509 qui
703 2445 781 2492 est
805 2435 981 2505 ﬁdelis
1008 2450 1107 2505 pro
1146 2434 1294 2489 vobis
1339 2433 1589 2489 minister
1638 2433 1842 2489 Christi
1873 2436 2021 2490 Jesu.

370 2527 672 2601 Epaphras
692 2525 802 2580 iste
832 2523 956 2595 ipse
987 2522 1201 2595 est,qui
1232 2523 1291 2576 in
1313 2520 1575 2593 Epistola
1593 2522 1664 2578 ad
1692 2521 2026 2593 Philippen-

370 2634 464 2673 ses
497 2612 933 2687 Epaphroditus
965 2611 1305 2667 nominatur
1353 2612 1577 2682 (1217);
1611 2611 1710 2681 qui
1741 2611 1823 2665 eis
1858 2611 2019 2666 mini-

369 2703 576 2761 stravit
605 2701 855 2775 gratiam
887 2700 1103 2755 Christi
1159 2697 1282 2754 vice
1324 2698 1605 2771 Apostoli,
1658 2698 1827 2768 cujus
1857 2715 2016 2753 com-

370 2794 612 2850 mendat
632 2805 963 2862 personam,
988 2786 1280 2843 laudando
1298 2787 1615 2843 etdicendo
1641 2805 1653 2843 :
1681 2786 2017 2842 Charissimo

368 2897 623 2939 converso
652 2888 859 2934 nostro.
920 2878 1128 2932 Postea
1178 2876 1484 2947 subiungit
1512 2880 1569 2931 et
1598 2892 1836 2931 causam
1862 2892 1875 2931 :
1911 2877 2021 2943 Qui

368 2981 446 3028 est
475 2971 653 3041 ﬁdelis
674 2984 776 3039 pro
807 2968 960 3023 vobis
990 2967 1250 3020 minister
1282 2964 1490 3021 Christi
1515 2966 1657 3020 Jesu.

442 3062 547 3128 Qui
574 3060 742 3115 etiam
788 3056 1161 3126 manifestavit
1206 3054 1366 3109 nobis
1403 3053 1748 3109 dilectionem
1778 3057 2016 3109 vestram

364 3151 426 3205 in
439 3149 664 3221 spiritu.
688 3146 912 3200 Laudat
931 3159 1029 3199 eos
1062 3158 1164 3214 per
1184 3141 1401 3213 omnia,
1425 3143 1578 3213 quod
1606 3142 2012 3200 misericordes

363 3242 562 3294 essent
593 3252 730 3307 erga
758 3250 856 3289 eos
906 3232 1006 3304 qui
1049 3249 1117 3287 ex
1166 3230 1609 3287 circumcisione
1641 3249 1743 3304 pro
1776 3232 2010 3289 nomine

364 3325 597 3381 Domini
627 3300 769 3379 Jesu
801 3300 1013 3377 Christi
1046 3320 1284 3391 profecti
1334 3326 1474 3375 sunt
1503 3321 1574 3375 ad
1607 3300 2014 3392 evangelizan-
2046 3300 2089 3365 (ἶ

364 3417 507 3470 dum
539 3414 611 3469 de
642 3416 811 3485 gente
833 3410 891 3465 in
924 3414 1178 3481 gente,et
1201 3410 1271 3464 de
1296 3426 1471 3481 regno
1495 3408 1554 3463 in
1577 3408 1790 3483 populo
1813 3410 2013 3465 altero.

368 3502 531 3558 Unde
561 3507 618 3558 et
647 3502 954 3572 sequitur:

435 3592 555 3648 Ideo
577 3595 625 3646 et
655 3606 751 3646 nos
807 3605 876 3643 ea:
907 3605 1016 3660 qua
1062 3587 1150 3642 die
1205 3588 1539 3656 audivimus,
1597 3604 1705 3642 non
1748 3602 2018 3642 cessamus

367 3698 466 3753 pro
495 3681 649 3734 vobis
679 3682 898 3734 orantes
928 3685 977 3731 et
1005 3676 1343 3745 postulantes
1364 3682 1447 3743 ut,
1474 3677 1826 3745 impleamini
1854 3678 2014 3745 agni-

362 3772 518 3824 tione
549 3767 848 3823 voluntatis
866 3765 1005 3835 cjus.
1037 3764 1293 3818 Audiens
1313 3762 1629 3833 Apostolus
1652 3765 2015 3831 devotam,ac

358 3862 694 3929 promptam
729 3855 1097 3910 voluntatem
1119 3852 1355 3908 illorum
1389 3853 1541 3908 circa
1572 3854 1745 3908 ﬁdem
1779 3854 2014 3925 Christi,

358 3952 488 4002 orat
521 3962 625 4016 pro
657 3945 761 4014 eis,
798 3948 862 3998 ut
905 3942 1275 4014 propensius,
1338 3942 1539 4013 agnita
1568 3942 1863 3999 voluntate
1893 3945 2012 4016 Dei,

362 4033 695 4090 rationabili
728 4048 900 4103 opere
929 4030 1228 4103 explerent
1256 4031 1642 4099 devotionem,
1676 4049 1877 4103 quam,
1910 4050 2013 4089 au-

364 4124 490 4179 dita
522 4124 635 4177 ﬁde
665 4122 903 4187 Christi,
962 4120 1307 4185 didicerant,
1355 4136 1425 4175 ne
1482 4124 1602 4175 tam
1655 4122 1867 4177 mentis
1899 4123 2016 4177 ﬁda

363 4212 668 4267 aedificatio
700 4212 904 4281 (1218),
954 4214 1011 4264 et
1062 4211 1241 4264 robur
1296 4208 1452 4276 ﬁdei,
1512 4209 1654 4263 dum
1686 4208 2015 4267 inconsulte

362 4300 585 4372 aliquid
619 4305 793 4371 atque
838 4299 1110 4370 imperite
1158 4298 1487 4362 conﬁceret,
1520 4297 1737 4373 laboris
1765 4299 1854 4354 sui
1889 4300 2014 4356 fru-

361 4394 523 4444 ctum
556 4388 865 4444 amitteret.
918 4386 1037 4442 Hoc
1082 4385 1237 4442 enim
1290 4384 1538 4441 libenter
1566 4392 1802 4459 accepto
1832 4388 2016 4445 fertur

362 4477 517 4550 quod
546 4477 750 4533 devoto
782 4476 847 4530 ﬁt
877 4477 1095 4540 animo,
1130 4479 1187 4529 et
1215 4474 1554 4545 prudenter.

435 4584 622 4655 (1216)
648 4582 827 4638 Juxta
857 4581 975 4636 divi
1034 4580 1328 4655 Ambrosii
1386 4584 1629 4649 textum,
1663 4598 1698 4637 a
1742 4600 1858 4655 quo
1890 4584 2012 4641 haec

2135 2260 2339 2328 furiali
2357 2258 2658 2313 secundum
2675 2260 2975 2329 potentiam
2998 2259 3273 2314 claritatis
3301 2259 3420 2329 ejus
3447 2259 3505 2314 in
3527 2256 3667 2311 omni
3679 2270 3759 2325 pa-

2137 2350 2360 2413 tientia,
2392 2352 2443 2402 et
2466 2349 2882 2417 longanimitate
2904 2364 3032 2404 cum
3051 2347 3271 2415 gaudio.
3302 2345 3434 2401 Haec
3456 2348 3643 2400 autem
3662 2358 3761 2397 om-

2134 2434 2230 2491 nia
2260 2435 2546 2491 virtutum
2579 2435 2861 2492 culmina.
2900 2440 2955 2491 et
2986 2435 3227 2506 praemia
3272 2434 3589 2491 invitarent
3614 2445 3761 2503 quem

2134 2522 2426 2580 deterrere
2458 2528 2698 2596 possent
2728 2523 3131 2579 adversitates.
3166 2521 3596 2579 Incrementum
3624 2517 3755 2574 enim

2132 2627 2375 2682 operum
2406 2627 2608 2666 eorum
2643 2610 2889 2666 scientia
2917 2608 3041 2665 vult
3081 2606 3227 2680 ﬁeri,
3280 2614 3345 2665 ut
3375 2626 3491 2665 non
3525 2607 3765 2680 ignorent

2131 2699 2264 2754 ﬁdei
2297 2718 2416 2754 sua:
2439 2715 2625 2770 spem.
2653 2698 2815 2755 Tunc
2839 2698 2995 2753 enim
3020 2698 3197 2765 ﬁrmi,
3222 2703 3278 2753 et
3300 2698 3544 2755 stabiles
3563 2699 3705 2763 sunt,
3723 2691 3763 2745 si

2129 2788 2433 2843 advertant
2465 2804 2594 2859 quae
2625 2803 2725 2858 per
2756 2788 2929 2841 ﬁdem
2964 2785 3255 2857 promissa
3277 2792 3441 2853 sunt,
3474 2790 3531 2843 et
3559 2786 3751 2856 quanta

2127 2875 2205 2931 sit
2235 2876 2495 2947 potentia
2525 2875 2722 2946 gloriae
2771 2875 3098 2946 majestatis
3154 2873 3253 2930 Dei
3286 2876 3348 2929 in
3381 2873 3671 2947 patientia,
3700 2873 3753 2924 ut

2123 2975 2302 3036 longa
2312 2963 2743 3035 exspectatione
2756 2964 3050 3019 sustineat
3063 2963 3393 3018 humanum
3413 2956 3753 3035 genus.quod

2123 3052 2499 3108 irreverentia
2526 3069 2634 3108 sua
2662 3070 2777 3108 non
2809 3052 2999 3108 solum
3024 3052 3288 3124 neglexit
3316 3053 3749 3116 Creatorem,ve-

2121 3157 2253 3197 rum
2286 3146 2673 3214 persequatur
2690 3147 2957 3197 amantes
2982 3157 3138 3208 eum,
3173 3146 3238 3196 ut
3267 3145 3327 3197 et
3354 3140 3467 3213 ipsi
3494 3137 3749 3195 similiter

2122 3231 2408 3302 patientes
2441 3232 2578 3298 sint,
2614 3236 2679 3285 ut
2708 3235 3058 3302 supportent
3093 3230 3312 3302 probra
3359 3234 3417 3286 et
3446 3226 3757 3293 maledicta,

2126 3323 2174 3376 si
2208 3320 2381 3375 fuerit
2410 3336 2705 3391 pressura,
2752 3325 3151 3391 exspectantes
3193 3320 3492 3389 judicium
3524 3317 3639 3387 Dei,
3667 3327 3752 3369 nec

2126 3409 2466 3465 dubitantes
2495 3410 2566 3464 de
2598 3426 2684 3476 eo,
2722 3410 2912 3479 magis
2961 3416 3158 3464 autem
3189 3409 3519 3481 gaudentes
3564 3406 3620 3460 in
3648 3416 3755 3476 pro-

2126 3497 2308 3552 missa
2339 3498 2452 3553 vita
2485 3513 2617 3552 cum
2665 3498 2988 3569 gratiarum
3051 3498 3383 3554 actionibus
3447 3499 3580 3561 Deo,
3625 3492 3755 3549 sicut

2126 3586 2307 3642 dicit:

2200 3674 2420 3729 Gratias
2446 3679 2666 3743 agentes
2696 3676 2800 3730 Deo
2841 3678 3014 3730 Patri.
3069 3675 3255 3741 Unde,
3289 3679 3347 3731 et
3393 3672 3621 3746 quare?
3648 3670 3756 3740 Ipse

2123 3764 2462 3834 exponendo
2493 3764 2754 3819 addidit:
2781 3766 2887 3832 Qui
2904 3765 3101 3832 dignos
3133 3780 3239 3820 nos
3263 3766 3395 3836 fecit
3416 3766 3473 3818 in
3498 3763 3647 3833 parte
3663 3772 3757 3813 sor-

2124 3854 2191 3907 tis
2220 3856 2532 3907 sanctorum
2562 3856 2621 3906 in
2651 3854 2878 3908 lumine.
2915 3860 2997 3909 Ac
3028 3853 3077 3909 si
3126 3853 3286 3908 dicat
3312 3871 3326 3909 :
3357 3852 3465 3917 Qui
3497 3851 3750 3922 dignatus

2123 3945 2213 3995 est
2242 3942 2518 3996 advocare
2543 3947 2599 3996 et
2626 3941 2901 3997 inducere
2932 3947 3134 4013 genles
3165 3942 3222 3997 in
3257 3941 3649 4014 promissione
3671 3934 3756 3988 Ju-

2124 4030 2404 4097 dazorum,
2430 4046 2559 4101 quae
2589 4035 2677 4085 est
2735 4029 2933 4086 lumen
2991 4036 3305 4097 aiternum,
3345 4031 3401 4085 id
3458 4034 3549 4085 est
3573 4024 3757 4083 veritas

2125 4124 2423 4190 perpetua.
2457 4117 2614 4173 Solet
2644 4117 2960 4190 aliquando
2989 4119 3314 4191 Apostolus
3346 4119 3615 4175 tenebras
3644 4110 3758 4167 inﬁ-

2123 4206 2514 4270 delitatem,et
2533 4205 2724 4262 lucem
2748 4208 2922 4263 fidem
2946 4207 3330 4277 denuntiare;
3356 4210 3511 4264 sicut
3532 4204 3638 4263 alio
3655 4201 3759 4256 loco

2123 4296 2266 4351 dicit
2292 4314 2304 4351 :
2335 4296 2545 4351 Fuistis
2571 4296 2869 4366 aliquando
2901 4298 3144 4354 tenebrae
3165 4314 3188 4359 ,·
3211 4314 3363 4353 nunc
3393 4306 3573 4353 autem
3601 4294 3691 4348 tua:
3713 4288 3761 4341 in

2122 4387 2350 4443 Domino
2380 4386 2596 4457 (Ephes.
2630 4403 2686 4450 ν,
2716 4386 2809 4457 8);
2844 4386 2898 4441 id
2961 4391 3050 4442 est
3080 4386 3283 4443 fuistis
3312 4385 3627 4458 aliquando
3653 4376 3761 4434 inﬂ-

2124 4476 2282 4532 deles
2307 4494 2321 4544 ;
2354 4492 2511 4531 nunc
2542 4479 2741 4530 autem
2767 4475 2969 4531 ﬁdeles
2990 4476 3133 4531 estis
3156 4492 3263 4548 per
3284 4476 3619 4532 Dominum.
3647 4469 3757 4525 Sor-

2126 4582 2334 4648 stolos,
2367 4582 2486 4637 sive
2510 4582 2581 4634 72
2608 4580 2949 4652 discipulos,
3000 4598 3106 4637 nec
3137 4599 3256 4638 non
3301 4583 3456 4638 inter
3484 4581 3760 4652 episcopos

363 4641 645 4732 expositio
670 4658 936 4732 mutuata
958 4657 1065 4719 est,
1088 4652 1397 4732 etremplum
1415 4641 1745 4732 externi-um
1763 4641 2017 4732 pontium
2052 4668 2097 4732 D
2129 4641 2449 4732 Andriacaa,
2505 4653 2624 4732 sive
2683 4641 2963 4732 Andreas;
3023 4660 3385 4732 repensatum
3436 4641 3758 4732 ψ’βίιθτῐιὶο

366 4722 460 4781 hos
489 4740 725 4781 crescere
777 4723 965 4798 legere
990 4796 996 4798 Α
1020 4722 1344 4798 existimavi
1372 4740 1389 4798 εΔ
1432 4739 1564 4777 cum
1624 4725 1682 4778 in
1715 4722 1910 4798 antog.
1946 4730 2023 4785 le-

362 4802 599 4869 geretur
626 4795 854 4850 tantum
884 4812 897 4850 :
931 4796 1063 4849 ideo
1091 4795 1248 4848 enim
1294 4796 1617 4850 exterarum
1642 4795 1891 4865 gentium
1921 4800 2019 4856 ’lOs'

362 4884 627 4933 crescere,
658 4873 767 4923 etc.

440 4957 624 5027 (1217)
659 4955 908 5027 Philipp.
962 4970 1032 5029 ῃ,
1062 4954 1153 5019 25,
1213 4957 1270 5008 et
1299 4969 1375 5019 1v,
1409 4954 1495 5007 18.
1545 4953 1750 5029 Nescio
1782 4974 1896 5029 quo
1928 4977 2020 5016 ra-

366 5026 546 5083 tionis
580 5026 875 5100 momento
909 5026 1198 5100 adductus
1231 5030 1434 5100 auctor
1462 5030 1662 5079 noster
1687 5026 2018 5100 Epa'phram

368 5114 502 5153 cum
538 5098 930 5169 Epaphrodito
975 5096 1325 5169 confuderit,
1365 5111 1664 5169 unamque
1694 5096 1761 5152 ex
1790 5096 2021 5159 duabus

368 5167 678 5243 personam
710 5168 1061 5243 conﬂaverit.
1105 5167 1540 5243 Epaphroditus
1574 5184 1825 5240 namque
1849 5173 2021 5243 juxta

367 5238 793 5311 fljheodoretum
851 5238 1316 5311 Philippensium
1386 5238 1899 5311 episcopus—sive
1957 5252 2022 5300 ut

371 5308 541 5384 illum
574 5314 812 5384 sanctus
861 5308 1081 5384 Paulus
1134 5310 1399 5384 nominat
1424 5308 1514 5364 ’ad
1552 5308 1799 5384 Philipp.
1832 5332 1894 5381 ιι,
1926 5319 2017 5382 25,

375 5377 834 5453 Ehilippensium
863 5380 1338 5453 apostolusgfuit:
1373 5377 1824 5453 fortasseet'iam
1859 5377 1924 5441 ex
1958 5377 2022 5442 il?

372 5449 447 5505 lis
475 5464 491 5515 ;
524 5449 730 5505 saltem
760 5449 1044 5509 vero‘illis
1099 5451 1267 5508 valde
1298 5457 1472 5508 notus
1504 5458 1560 5507 et
1590 5452 1825 5521 charus,
1858 5464 1924 5514 ut
1953 5476 2022 5515 ex

372 5522 628 5603 vera-2f)
683 5523 947 5603 ejusdem
978 5540 1121 5603 cap.‘
1161 5523 1357 5603 videre
1386 5528 1494 5603 est,
1543 5528 1600 5603 et
1629 5540 1830 5603 eorum
1863 5533 2015 5603 apud

373 5590 723 5672 Apostolum
741 5590 1088 5672 quandoque
1108 5594 1430 5672 legatusmt
1445 5596 1794 5672 exejusdem
1817 5590 1919 5672 Ep:
1943 5619 1998 5657 Iv

376 5609 720 5715 Aéposwrum
741 5609 1088 5718 quandoque
1110 5609 1430 5719 legatusmt
1445 5611 1513 5649 ex
1528 5609 1794 5666 ejusdem
1817 5609 1918 5672 Ep.
1943 5619 2019 5669 IV,

376 5662 848 5755 {gestasse
874 5665 1630 5755 ει.ητριεξξφφηξιρεδεξρξίξω
1676 5668 1846 5755 lator:
1880 5673 2021 5755 Eius

373 5737 598 5808 festum
622 5737 834 5808 tinacia
864 5739 1085 5808 octava,
1109 5737 1231 5808 sive
1253 5753 1407 5791 nona
1430 5737 1524 5791 die
1545 5737 1902 5808 Decembris,
1919 5737 2022 5799 in-

372 5821 550 5885 super
576 5807 649 5867 29
676 5810 734 5865 et
759 5807 831 5866 3O
875 5807 1045 5866 Marti
1092 5805 1442 5879 celebratur,
1492 5812 1666 5881 atque
1694 5809 1848 5870 inter
1877 5805 2021 5890 apo-

2133 4723 3044 4807 praeteream‘us‘Epaphroditum
3070 4725 3400 4807 Tarracina;
3424 4723 3757 4807 episcopali):

2133 4787 2166 4851 is
2196 4801 2398 4851 sancto
2430 4794 2607 4850 Paulo
2628 4787 2956 4866 initiatum,
3001 4812 3175 4867 quem
3213 4787 3489 4853 eumdem
3518 4787 3641 4867 cum
3665 4787 3757 4867 _h_00

2131 4884 2259 4923 esse
2290 4884 2404 4922 non
2437 4871 2701 4939 constat:
2738 4868 2808 4921 de
2838 4861 2953 4938 quo
2987 4861 3045 4921 in
3078 4883 3353 4923 sermone
3383 4861 3756 4939 quodamMg;

2128 4939 2419 5066 ﬁphtrasti
2450 4938 2754 5010 inscripto,
2785 4928 2933 4993 et‘in
2968 4938 3265 5011 Martyrol.
3302 4928 3563 4996 Romano
3592 4931 3677 4988 die
3698 4928 3757 4980 22

2193 5028 2257 5065 ar
2287 5026 2347 5064 ιι.

2193 5010 2347 5065 artii.

2203 5080 2503 5147 Epaphras
2529 5083 2722 5135 autem
2759 5080 2854 5136 hic
2883 5080 3248 5137 Colossensis
3288 5086 3435 5147 erat,
3467 5078 3553 5135 uti
3580 5090 3645 5131 ex
3670 5070 3752 5147 Ερτ

2204 5098 2243 5137 E
2287 5099 2319 5135 a
2366 5098 2503 5136 nras
2529 5098 2722 5135 antem
2759 5098 2854 5136 nnc
2883 5098 3248 5137 uomssenms
3288 5098 3435 5147 erat,
3467 5098 3553 5135 uti
3580 5098 3645 5131 ex
3671 5098 3752 5140 ny-

2132 5154 2200 5208 ad
2234 5098 2456 5232 golposs.
2491 5168 2566 5221 ιν,
2623 5152 2985 5233 l2,‘apparet
3030 5152 3543 5233 manifestissime.
3576 5147 3686 5203 lmo
3712 5140 3758 5233 et

2131 5241 2329 5280 eorum
2349 5223 2603 5295 primum
2616 5223 3049 5295 episcopum,ut
3062 5223 3758 5295 crediturluissemrguen:

2130 5298 2187 5377 d_i
2219 5281 2412 5377 locum
2429 5294 2545 5377 'dat
2563 5281 2882 5377 épo‘stolus
2908 5281 3033 5349 tum
3058 5296 3167 5377 cit._
3184 5313 3347 5377 .cap.,
3361 5281 3659 5377 ’ρατηραξεῖ
3672 5281 3755 5377 3127

2130 5368 2395 5437 ejusdem
2429 5365 2529 5436 Ep.
2562 5353 2643 5421 De
2668 5366 2984 5439 hocretiam
3012 5366 3237 5439 mentio
3266 5353 3462 5439 in'Ep.
3492 5353 3754 5439 adi-{bile-

2131 5425 2362 5493 n'ionem
2395 5425 2555 5501 xxiii,
2589 5437 2722 5492 etin
2756 5437 3187 5508 Martyrologiis
3238 5441 3311 5493 ad
3344 5425 3498 5493 diem
3532 5435 3593 5489 19
3619 5425 3754 5489 Julii:

2129 5510 2227 5565 ubi
2261 5509 2606 5580 martyrium
2637 5508 2892 5565 Colossis
2912 5508 3248 5564 obtinuisse
3279 5513 3568 5564 narratur.

2204 5600 2387 5670 (1218)
2422 5599 2486 5653 In
2519 5599 2648 5671 cod.
2681 5598 2896 5671 legitur
2923 5615 3021 5654 nec
3050 5583 3163 5654 tam.
3180 5584 3316 5654 nilis
3338 5589 3751 5671 ﬁdadicatioﬂf,

2129 5675 2182 5727 et
2211 5664 2399 5743 robur,
2430 5674 2545 5743 etc.
2585 5664 2771 5743 Quam
2803 5672 3088 5743 mendam,
3107 5686 3293 5743 opere
3320 5664 3438 5725 divi
3468 5664 3751 5743 Ampio-8.1}.

2131 5726 2490 5807 sen'llila'rii,
2521 5726 2694 5812 cujus
2725 5746 2814 5801 est
2842 5726 3049 5802 versus
3074 5726 3194 5816 hic,
3226 5742 3302 5800 ad
3333 5743 3550 5800 rectam
3578 5726 3751 5794 lectio-

2130 5829 2266 5872 nem
2298 5811 2514 5887 redegi.
