3898 6418
416 443 534 503 6ίὸ
1434 439 1774 500 ATTONIS
1819 434 2408 499 VERCELLENSIS
2456 438 2813 500 EPISCOPI
3708 442 3811 504 616

417 575 633 631 factum
666 580 774 642 est,
809 578 967 647 patet
998 574 1273 646 profecto,
1307 572 1445 644 quia
1475 572 1599 643 ipse
1644 574 1911 627 creatura
1948 586 2065 624 non
2093 569 2149 636 Α
2179 568 2473 641 pium,per
2501 573 2653 641 quod
2686 571 2836 625 facta
2880 574 3019 624 sunt
3064 569 3283 640 omnia,
3314 570 3731 643 primogenitus
3758 575 3807 631 in

324 678 331 685 '
415 669 524 734 est,
557 681 661 736 per
690 681 865 735 quem
897 662 1088 719 omnis
1117 665 1386 718 creatura
1418 663 1567 715 facta
1595 664 1700 714 est.
1735 660 1843 713 Sed
1878 658 2064 714 scien-
2176 658 2384 728 gratia,
2422 676 2524 729 pro
2556 676 2621 714 eo
2656 659 2804 728 quod
2839 662 2971 713 ante
3003 675 3209 713 omnes
3239 662 3473 714 sanctos
3516 664 3809 718 resurrexit

414 753 554 808 dum
590 752 730 824 quia
758 751 1038 822 quidquid
1068 767 1170 822 per
1197 749 1365 811 illum
1398 750 1615 803 factum
1649 748 1924 814 creditur,
1966 762 2068 818 per
2177 763 2211 800 a
2240 748 2512 815 mortuis,
2543 753 2599 803 et
2630 747 2853 802 devicta
2890 751 3074 802 morte
3113 747 3239 816 jam
3288 752 3495 818 regnat
3535 749 3592 803 in
3643 750 3803 808 caelis.

410 838 577 895 illum
610 840 831 911 regitur
854 836 1618 921 etcontinetur.Sepundum
1653 833 2066 889 carnemomni
2174 834 2432 897 Quorum
2492 836 2739 891 fratrum
2799 841 2952 891 recte
3000 834 3428 907 primogenitae
3482 838 3803 909 appellatur-

410 928 746 984 rationahili
778 933 1057 982 creaturas
1080 925 1306 995 primus
1329 925 1687 979 etl'ectusest.
1715 921 2068 994 Primogeni-
2174 924 2314 994 quia
2344 940 2549 980 omnes
2579 923 2911 995 adOptionis
2943 923 3095 979 ﬁlios
3126 923 3302 980 etiam
3334 924 3465 980 illos
3496 926 3592 996 qui
3638 927 3806 984 incar-

408 1021 526 1088 tus,
558 1016 764 1087 inquit,
798 1032 912 1069 non
944 1014 1135 1086 primo
1163 1017 1489 1077 creatus,ut
1516 1011 1748 1082 genitus
1779 1028 1882 1082 per
1900 1014 2066 1065 natu-
2171 1011 2427 1068 nationis
2456 1013 2585 1082 ejus
2617 1018 2886 1084 tempora
2916 1013 3229 1080 nascendo,
3275 1020 3691 1084 praecesserunt
3727 1018 3802 1073 di-

410 1121 557 1176 ram,
608 1109 667 1160 et
714 1103 941 1175 primus
989 1101 1375 1173 perpetuitate
1424 1100 1716 1155 credatur.
1760 1098 1864 1154 Vel
1909 1113 2061 1154 certe
2171 1100 2394 1172 gnitate
2425 1101 2822 1173 praegreditur.

400 1193 806 1266 primogenitus
834 1207 905 1247 ea;
930 1191 1168 1247 mortuis
1198 1190 1658 1260 (Infra,18),quia
1689 1188 1915 1261 primus
1937 1188 2061 1258 ipse
2250 1191 2315 1246 Ut
2338 1191 2410 1245 sit
2435 1192 2496 1244 in
2524 1191 2783 1245 omnibus
2804 1192 2920 1261 ipse
2946 1192 3250 1260 primatum
3272 1201 3479 1246 tenens.
3510 1192 3648 1255 Quia
3674 1194 3806 1250 vide-

408 1280 745 1339 resurrexit.
779 1280 849 1334 Et
878 1283 943 1334 ut
973 1278 1233 1350 apertius
1263 1279 1642 1349 tradat,quaa,
1666 1282 1722 1333 et
1748 1281 1964 1347 quanta
1988 1274 2065 1329 sit
2172 1277 2330 1343 licet,
2363 1278 2518 1333 sicut
2551 1295 2652 1349 per
2682 1278 3045 1334 divinitatem
3071 1278 3516 1350 principium,et
3546 1287 3709 1354 caput
3727 1288 3804 1338 est

405 1370 664 1443 potentia
695 1368 821 1424 Filii
855 1369 1180 1424 secundum
1214 1366 1603 1435 divinitatem,
1637 1364 1891 1421 ostendit
1932 1381 2060 1435 quin
2170 1365 2535 1438 angelorum,
2578 1367 2661 1422 ita
2714 1370 2771 1421 et
2822 1384 2925 1438 per
2973 1366 3407 1438 susceptionem
3433 1370 3622 1425 carnis
3649 1362 3801 1442 caput

403 1475 507 1531 per
535 1458 729 1530 ipsum
763 1457 911 1525 sint;
947 1457 1003 1511 id
1035 1461 1144 1521 est,
1174 1456 1382 1524 throni,
1430 1455 1852 1519 dominationes,
1896 1454 2057 1525 prin-
2169 1459 2260 1512 est
2288 1456 2554 1511 omnium
2587 1456 2894 1512 hominum
2915 1456 3253 1511 electorum.
3494 1448 3501 1465 ⁴

402 1549 635 1620 cipatus,
682 1549 966 1619 potestates
1014 1563 1033 1601 :
1080 1547 1269 1601 omnia
1319 1561 1414 1616 per
1460 1546 1659 1615 ipsum,
1718 1551 1770 1599 et
1826 1545 1888 1598 in
1944 1544 2060 1613 ipso
2241 1545 2383 1612 Quia
2436 1545 2498 1600 in
2560 1548 2674 1616 ipso
2738 1545 3065 1616 complacuit
3119 1547 3373 1601 omnium
3423 1546 3799 1618 plenitudinem

401 1640 586 1693 creata
613 1639 742 1692 sunt
771 1653 791 1691 :
821 1638 872 1691 et
902 1636 1017 1706 ipse
1044 1638 1125 1691 est
1150 1639 1284 1689 ante
1311 1649 1517 1702 omnes,
1552 1637 1601 1688 et
1630 1634 1822 1688 omnia
1854 1634 1912 1687 in
1944 1633 2059 1703 ipso
2168 1632 2502 1702 inhabitare,
2534 1642 2585 1689 et
2610 1650 2707 1705 per
2735 1649 2861 1690 eum
2890 1634 3245 1690 reconcitiare
3287 1637 3481 1691 omnia
3524 1638 3584 1691 in
3620 1636 3795 1707 ipsum.

402 1730 671 1782 constant.
705 1724 778 1781 Ut
806 1724 1050 1795 proinde
1081 1722 1319 1780 omnino
1347 1722 1544 1778 minus
1576 1721 1722 1777 nihil
1754 1721 1813 1775 in
1844 1737 1911 1775 eo
1933 1737 2056 1776 cre-
2167 1721 2385 1777 Plenus
2417 1721 2633 1793 quippe
2664 1725 2788 1777 erat
2817 1722 3100 1777 Dominus
3132 1722 3352 1794 Spiritu
3389 1722 3795 1795 sanato,plenus

404 1814 577 1869 datur
604 1830 753 1881 esse,
776 1828 951 1884 quam
976 1811 1144 1867 estin
1171 1813 1352 1868 Patre.
1389 1813 1449 1865 Et
1470 1810 1583 1882 ipse
1599 1819 1678 1865 est
1696 1818 1820 1865 ante
1849 1825 2057 1865 omnes.
2168 1810 2355 1881 gratia
2402 1815 2459 1865 et
2506 1810 2746 1866 veritate
2794 1812 2979 1881 (Joan.
3015 1828 3052 1876 ι,
3089 1812 3177 1881 14)
3213 1829 3226 1866 :
3259 1813 3331 1867 de
3363 1813 3532 1884 cujus
3570 1812 3794 1885 plenitu-

402 1902 462 1959 Si
494 1906 603 1972 est,
635 1902 777 1974 quia
807 1900 900 1956 hic
928 1899 1091 1956 solus
1142 1900 1216 1956 de
1265 1899 1430 1997 Patre
1483 1903 1597 1954 Deo
1642 1904 1813 1954 natus
1845 1903 1953 1964 est,
1987 1898 2058 1953 de
2088 1931 2139 1997 Β
2167 1899 2303 1955 dine
2334 1916 2439 1955 nos
2469 1915 2673 1954 omnes
2687 1900 2856 1969 juxta
2877 1900 3117 1956 modum
3140 1905 3353 1956 nostra
3375 1900 3702 1973 capacitatis
3719 1917 3795 1957 ac-

402 1990 667 2063 ingenita
696 1989 901 2061 utique
933 1987 1263 2044 substantia
1300 1986 1421 2043 Dei.
1456 1987 1585 2043 Haec
1617 1994 1814 2043 autem
1844 1986 2057 2042 virtute
2088 1986 2139 1997 ’”
2166 1986 2430 2058 cepimus
2462 2004 2475 2043 :
2511 1987 2650 2058 quia
2681 1990 2986 2058 unicuique
3028 1996 3280 2044 nostrum
3323 1990 3457 2045 data
3496 1993 3579 2046 est
3616 1991 3790 2060 gratia,

400 2080 551 2149 ejus,
585 2095 713 2150 quea
742 2077 1177 2151 generationem
1208 2076 1403 2142 habet,
1429 2076 1486 2131 id
1518 2080 1625 2142 est,
1659 2081 1877 2131 czeterze
1904 2091 2057 2132 crea-
2163 2076 2463 2131 secundum
2485 2092 2807 2132 mensuram
2837 2078 3150 2133 donationis
3174 2077 3606 2149 Christi(Ephes.
3628 2095 3700 2147 ιν,
3725 2078 3788 2147 7).

399 2172 543 2223 turea
573 2185 606 2225 a
640 2168 807 2222 Patre
837 2166 1247 2230 substiterunt,
1308 2181 1423 2220 non
1474 2169 1539 2219 ut
1582 2164 1918 2219 communio
1969 2165 2053 2220 eis
2169 2170 2245 2219 De
2275 2164 2400 2221 solo
2431 2181 2684 2237 namque
2712 2166 3032 2221 mediatore
3056 2166 3153 2222 Dei
3175 2170 3229 2221 et
3255 2166 3563 2222 hominum
3585 2166 3789 2222 homine

399 2256 742 2311 substantias
764 2256 842 2309 sit
860 2270 994 2310 cum
1017 2255 1211 2321 eo,sed
1239 2270 1305 2307 ex
1330 2252 1689 2317 nihilo,nutn
1722 2252 1811 2306 Dei
1840 2252 2051 2317 Patris,
2162 2254 2303 2308 J~su
2352 2253 2583 2310 Christo
2624 2254 2737 2309 dici
2789 2255 2978 2326 potuit
3010 2270 3025 2311 :
3057 2255 3117 2309 Et
3147 2256 3446 2325 requiescet
3490 2270 3648 2326 super
3685 2269 3787 2309 eum

400 2341 1399 2415 Filiocmperunt.Thronienimilla
1419 2341 1657 2412 agmina
1679 2346 2049 2405 suntvocata,
2160 2342 2407 2409 Spiritus
2453 2343 2711 2403 Domini;
2760 2343 2998 2413 Spiritus
3044 2343 3355 2413 Sapientiae
3401 2348 3453 2399 et
3497 2343 3785 2403 intellectus,

399 2431 613 2502 quibus
637 2432 708 2487 ad
730 2431 1116 2488 exercendum
1134 2429 1421 2499 judicium
1448 2445 1678 2500 semper
1700 2434 1849 2484 Deus
1871 2429 2055 2483 omni-
2163 2429 2404 2500 Spiritus
2464 2432 2691 2485 consilii
2738 2436 2789 2486 et
2835 2431 3208 2503 fortitudinis,
3274 2432 3513 2503 Spiritus
3577 2432 3787 2486 scith

399 2522 606 2590 potens
637 2518 1081 2589 prazsidet.Quia
1101 2516 1257 2571 enim
1288 2516 1532 2591 thronos
1562 2516 1764 2571 Latino
1786 2532 2056 2571 sermone
2164 2526 2217 2573 et
2245 2520 2490 2589 pictatis,
2520 2528 2572 2575 et
2601 2521 2828 2590 replevit
2875 2537 3002 2575 eum
3051 2520 3291 2591 Spiritus
3340 2523 3554 2576 timoris
3596 2519 3788 2574 Domini

398 2606 651 2663 dicimus
682 2607 874 2674 sedes,
906 2604 1102 2660 throni
1131 2604 1273 2659 dicti
1301 2610 1440 2660 sunt
1468 2604 1551 2672 hi,
1583 2605 1681 2675 qui
1714 2610 1876 2659 tanta
1909 2605 2051 2659 divi-
2163 2608 2289 2676 (lsa.
2328 2624 2389 2673 ιι,
2420 2608 2476 2673 2,
2509 2608 2586 2678 3).
2618 2607 2833 2664 Omnes
2862 2626 2996 2664 vero
3028 2609 3212 2664 sancti
3248 2626 3366 2664 non
3399 2607 3783 2679 plenitudinem

399 2695 605 2751 nitatis
635 2695 823 2767 gratia
852 2692 1172 2764 replentur,
1206 2698 1271 2747 ut
1301 2692 1358 2747 in
1390 2692 1473 2748 eis
1500 2693 1784 2748 Dominus
1830 2695 2052 2763 sedeat,
2162 2695 2416 2764 Spiritus
2446 2697 2592 2764 ejus,
2614 2696 2714 2751 sed
2746 2697 2817 2750 de
2845 2695 3209 2767 plenitudine
3237 2696 3390 2765 ejus,
3423 2690 3785 2767 quantumillo

398 2788 456 2839 et
488 2799 588 2854 per
617 2798 715 2838 eos
745 2798 855 2837 sua
873 2779 1101 2851 judicia
1131 2782 1424 2836 decernat.
1461 2780 1623 2836 Unde
1657 2786 1713 2836 et
1744 2780 2055 2837 Psalmista
2161 2784 2359 2851 donat,
2376 2784 2689 2854 accipiunt.
2720 2785 2866 2849 Quia
2894 2786 3000 2840 alii
3022 2801 3125 2856 per
3146 2785 3422 2856 Spiritum
3448 2786 3614 2840 datur
3636 2793 3783 2838 sermo

399 2871 582 2927 dicit:
616 2870 773 2926 Sedes
801 2885 964 2941 super
1000 2871 1280 2936 thronum,
1331 2872 1427 2940 qui
1466 2870 1685 2940 judicas
1731 2872 2054 2940 {equitatem
2160 2873 2473 2942 sapientiae,
2517 2874 2623 2927 alii
2678 2888 2855 2928 sermo
2918 2874 3162 2927 scientiae
3217 2873 3520 2928 secundum
3569 2869 3781 2928 eumdem

400 2960 566 3033 (Psat.
602 2976 678 3026 ιχ,
710 2961 788 3029 5).
820 2958 982 3023 Quod
1014 2975 1145 3013 vero
1178 2958 1331 3025 ait,et
1359 2961 1548 3013 omnia
1572 2961 1630 3013 in
1660 2960 1776 3030 ipso
1800 2962 2054 3015 constant
2160 2961 2454 3032 Spiritum,
2505 2962 2671 3015 alteri
2716 2962 2853 3031 ﬁdes
2900 2963 2961 3015 in
3002 2961 3185 3016 eodem
3235 2961 3467 3031 Spiritu,
3498 2960 3607 3015 alii
3629 2960 3779 3029 gratia

398 3050 481 3105 ita
510 3047 957 3120 intelligendum
990 3053 1079 3103 est
1112 3064 1125 3102 :
1160 3047 1299 3118 quia
1329 3048 1455 3103 sine
1484 3064 1550 3103 eo
1583 3048 1726 3102 nihil
1760 3048 2051 3118 sunt,nisi
2160 3051 2458 3105 sanitatem
2494 3051 2553 3103 in
2584 3064 2691 3105 uno
2721 3049 2960 3120 Spiritu,
2993 3050 3101 3105 alii
3129 3052 3376 3121 operatio
3394 3051 3667 3112 virtutum,
3697 3042 3779 3097 alii

397 3138 555 3195 enim
586 3136 721 3195 huic
767 3136 982 3192 fuerint
1012 3136 1269 3204 subdita,
1302 3152 1495 3192 errore
1526 3136 1692 3193 devia
1721 3137 1888 3208 quasi
1922 3154 2050 3208 per-
2160 3138 2464 3209 prophetia,
2495 3138 2607 3193 alii
2633 3138 2885 3193 discretio
2915 3139 3346 3209 spirituum,alii
3371 3137 3775 3207 generalingua-

397 3226 605 3282 ditioni
638 3226 779 3280 ﬁent
808 3224 1076 3280 obnoxia.
2096 3295 2121 3297 _,
2162 3244 2305 3290 rum,
2337 3227 2442 3282 alii
2470 3228 2857 3297 interpretatio
2886 3242 3199 3281 sermonum
3227 3245 3247 3282 :
3279 3228 3400 3284 Hm
3426 3230 3605 3282 autem
3627 3219 3779 3279 omnia

468 3317 536 3369 Et
565 3317 676 3386 ipse
704 3318 782 3369 est
810 3317 972 3384 caput
1002 3313 1247 3385 corporis
1278 3313 1553 3370 Ecclesiae.
1581 3313 1844 3369 Ecclesia:
1875 3317 2053 3385 caput
2081 3295 2123 3362 (ἶ
2162 3319 2425 3386 cperatur
2454 3331 2599 3369 unus
2626 3295 2787 3386 atque
2818 3315 2961 3369 idem
2990 3316 3251 3386 Spiritus,
3295 3316 3543 3371 dividens
3582 3306 3778 3380 singulis

398 3409 488 3459 est
508 3402 795 3470 Christus,
821 3401 868 3456 si
891 3407 1085 3456 tamen
1109 3418 1314 3456 omnes
1354 3419 1535 3458 unum
1575 3403 1831 3458 sentiant
1852 3402 2050 3458 cceles-
2159 3411 2323 3474 prout
2352 3403 2467 3458 vult
2498 3404 2542 3474 (I
2574 3402 2693 3458 Cor.
2727 3420 2829 3464 χιι.
2862 3405 3031 3473 8-11).
3067 3404 3214 3469 Quia
3261 3421 3398 3476 ergo
3445 3405 3516 3458 de
3562 3398 3774 3472 plenitu-

396 3496 506 3557 tes,
540 3496 596 3546 et
626 3490 861 3555 terreni,
896 3494 959 3545 ut
988 3490 1105 3544 sint
1133 3490 1405 3557 Ecclesia,
1440 3489 1547 3545 hoc
1579 3491 1872 3557 est,unius
1896 3491 2048 3547 fidei.
2162 3494 2295 3548 dine
2326 3492 2646 3547 conditoris
2677 3492 2859 3547 nostri
2884 3509 2999 3547 non
3025 3492 3436 3563 quiddam,sed
3461 3504 3626 3547 omne
3646 3481 3779 3556 quid-

399 3582 458 3636 Si
492 3579 809 3652 quominns
840 3579 1090 3634 truncati
1113 3578 1321 3650 capite,
1356 3579 1462 3633 hoc
1492 3586 1599 3645 est,
1633 3580 1896 3635 omnium
1924 3598 2051 3635 cor-
2162 3581 2302 3652 quid
2336 3580 2472 3635 boni
2505 3580 2811 3648 habemus,
2835 3581 3523 3651 accepimus,curandum
3553 3584 3776 3632 summo-

399 3684 632 3741 porum,
660 3666 838 3722 totius
882 3666 1140 3738 corporis
1171 3667 1375 3736 (1226),
1411 3666 1464 3720 id
1488 3671 1907 3722 estacreatorc
1944 3685 2051 3725 suo
2163 3687 2296 3742 pere
2327 3675 2437 3735 est,
2470 3686 2541 3725 ne
2566 3669 2856 3740 quispiam
2889 3670 2960 3723 de
2990 3686 3099 3725 sua
3146 3687 3207 3725 se
3256 3670 3408 3725 bona
3451 3665 3685 3724 actione,
3710 3654 3778 3711 vel

399 3755 670 3829 sejuncti,
704 3755 960 3810 amentia
988 3755 1240 3825 quadam
1281 3759 1338 3808 et
1384 3754 1637 3808 vanitate
1668 3754 2049 3824 bacchantur,
2162 3758 2510 3829 cogitatione
2541 3757 2812 3813 incautus
2844 3757 3101 3824 extollat,
3135 3776 3227 3825 ne,
3262 3759 3310 3814 si
3344 3758 3604 3828 ingratus
3630 3744 3777 3817 largi-

398 3844 699 3909 Quomodo
752 3842 908 3897 enim
942 3846 1119 3913 caput
1149 3841 1404 3912 plurima
1433 3841 1542 3897 sibi
1578 3842 1755 3897 habet
1786 3845 2052 3899 membra
2159 3848 2270 3903 tori
2301 3846 2670 3912 remanserit,
2704 3848 2908 3917 perdat
2939 3846 3157 3902 bonum
3190 3846 3350 3918 quod
3381 3841 3614 3913 accepit.

398 3930 772 4004 subjecta,ita
799 3936 855 3985 et
880 3929 1165 3985 Dominus
1195 3934 1392 3985 noster
1418 3933 1591 3985 Jesus
1621 3930 2048 3998 Christus,cum
2230 3934 2538 4003 Paciﬁcans
2564 3950 2662 4005 per
2688 3937 3015 4005 sanguinem
3058 3937 3238 3990 crucis
3283 3936 3426 4004 ejus,
3455 3934 3561 3986 sive
3596 3936 3709 3999 qua?
3731 3919 3776 3972 ίη

397 4023 475 4078 sit
500 4024 675 4093 caput
703 4018 987 4086 Ecclesiae,
1022 4018 1198 4074 habet
1226 4019 1493 4075 membra
1511 4036 1611 4075 eos
1641 4037 1845 4076 omnes
1869 4022 1965 4093 qui
1991 4022 2048 4077 in
2159 4026 2341 4089 terris,
2371 4025 2488 4079 sive
2516 4038 2645 4095 quae
2676 4026 2736 4078 in
2771 4025 2925 4079 cadis
2966 4028 3117 4078 sunt.
3175 4023 3557 4079 Paciﬁcantur
3600 4011 3775 4084 quippe

394 4109 654 4166 Ecclesia
675 4112 1125 4181 congregantur.
2158 4129 2289 4184 quae
2317 4112 2377 4166 in
2410 4111 2573 4167 ccelis
2605 4119 2763 4176 sunt,
2783 4127 2916 4166 cum
2948 4111 3027 4178 id,
3056 4112 3214 4183 quod
3238 4112 3298 4167 in
3331 4106 3552 4181 angelis
3577 4102 3773 4172 lapsum

470 4200 578 4267 Qui
605 4207 681 4253 est
703 4198 1063 4269 principium,
1111 4198 1508 4268 primogenitus
1558 4213 1629 4253 ea:
1676 4202 1933 4254 mortuis.
1988 4201 2048 4255 Id
2158 4205 2268 4269 est,
2318 4216 2387 4256 ex
2431 4199 2771 4255 hominibus
2820 4201 3103 4256 redditur.
3163 4199 3573 4256 Instaurantur
3614 4189 3776 4244 autem

392 4292 500 4354 est,
535 4304 640 4359 per
667 4286 865 4359 ipsum
895 4286 1086 4341 denuo
1117 4284 1472 4358 negligentia
1499 4286 1755 4357 quadam
1789 4288 1940 4343 facta
1960 4305 2049 4344 ca-
2158 4307 2282 4360 quas
2312 4288 2372 4343 in
2404 4288 2578 4344 terris
2606 4293 2764 4358 sunt,
2797 4304 2932 4344 cum
2975 4288 3088 4361 ipsi
3142 4287 3435 4350 homines,
3464 4279 3562 4353 qui
3589 4270 3775 4349 Ρΐθεάθ·

393 4378 546 4433 duca
576 4374 949 4432 reformando.
971 4375 1308 4441 fuerunt,ne
1329 4375 1400 4429 ad
1425 4374 1703 4445 iniuriam
1726 4376 1853 4445 ejus
1878 4377 2048 4449 perti-
2157 4378 2359 4445 stinati
2408 4380 2546 4433 sunt
2593 4376 2652 4431 in
2696 4381 2972 4433 aiternam
3004 4376 3208 4444 vitam,
3240 4393 3275 4433 a
3304 4361 3679 4440 corruptionis
3704 4369 3774 4451 Vt?-

394 4465 633 4535 neret,si
663 4481 813 4537 opus
836 4464 965 4536 ejus
994 4479 1096 4536 per
1126 4461 1376 4519 alterum
1398 4462 1793 4519 instauratum
1818 4464 2044 4534 fuisset;
2156 4470 2374 4522 tustate
2405 4465 2862 4521 innovantur.Ac
2894 4464 2979 4520 sic
3009 4482 3113 4537 per
3140 4464 3286 4520 illud
3318 4455 3607 4533 singulare
3624 4458 3772 4505 sacrl-

394 4559 462 4612 ut
487 4554 781 4626 quomodo
816 4557 950 4608 ante
980 4568 1183 4607 omnes
1205 4556 1381 4607 natus
1414 4556 1521 4623 est,
1556 4553 1640 4608 sic
1670 4553 1880 4609 iterum
1912 4559 2048 4610 ante
2153 4555 2376 4625 licium,
2408 4554 2468 4608 in
2500 4569 2616 4624 quo
2646 4553 2928 4608 Mediator
2958 4558 3047 4609 est
3074 4542 3593 4617 immolatus,quod
3617 4543 3769 4626 unum

394 4659 600 4700 omnes
628 4642 854 4714 primus
898 4644 1054 4697 esset
1101 4656 1171 4695 ex
1211 4641 1635 4697 resurrectione
1681 4647 2047 4700 mortuorum
2078 4662 2125 4727 Β
2154 4643 2214 4699 in
2270 4641 2397 4715 lege
2454 4640 2649 4696 multa:
2711 4640 2959 4696 victimae
3021 4641 3376 4713 ﬁgurabant,
3435 4622 3771 4727 paciticantﬁl‘

394 4708 901 4803 reddita—pristina
930 4728 1226 4783 vita.Ante
1257 4729 1456 4784 omnia
1484 4729 1640 4785 enim
1674 4736 1846 4786 natus
1869 4738 1957 4788 est
1978 4734 2049 4789 de
2078 4708 2123 4727 υ
2157 4708 2412 4787 cmlestia
2443 4746 2577 4785 cum
2610 4708 3397 4796 terrestribus,etvterrestria
3415 4734 3544 4777 cum
3565 4708 3769 4804 00916.9“?

391 4826 529 4893 Deo,
558 4824 623 4875 ut
653 4802 866 4875 cuncta
894 4821 1135 4885 crearet,
1168 4833 1295 4889 quae
1329 4834 1442 4873 non
1475 4823 1660 4874 erant.
1696 4821 1912 4876 Iterum
1952 4838 2047 4878 ac-
2158 4820 2290 4875 bus.
2324 4820 2610 4888 Quoniam,
2641 4818 2792 4873 sicut
2824 4817 2978 4873 idem
3017 4816 3335 4890 Apostolus
3384 4808 3539 4871 dicit,
3585 4803 3651 4893 θη-
3677 4802 3765 4893 ίΡξίξ

392 4890 559 4981 cepta
583 4924 757 4964 carne
787 4908 859 4962 de
895 4906 1126 4977 Virgine
1152 4909 1325 4961 natus
1346 4911 1531 4976 est,ut
1558 4911 2047 4980 peccatum,quod
2156 4909 2499 4979 complacuit,
2532 4922 2748 4961 omnem
2779 4905 3189 4976 plenitudinem
3236 4899 3559 4960 inhabitare,
3605 4890 3654 4943 ετ
3689 4890 3765 4981 Ρῖξ

390 4976 479 5054 εχ.
516 4996 741 5070 virgine
787 4996 903 5051 Eva
951 4976 1267 5050 intraverat
1311 4994 1372 5049 in
1423 4976 1736 5062 mundum,
1768 4976 2045 5054 aboleret.
2156 4976 2286 5053 eum
2332 4996 2691 5052 reconciliare
2744 4998 2934 5050 omnia
2976 4998 3037 5051 in
3092 4998 3294 5068 ipsum,
3359 4983 3643 5070 patiﬁamf

392 5086 576 5140 Natus
606 5061 763 5157 Ergo,
796 5088 853 5139 et
883 5088 1150 5139 mortuus
1171 5082 1508 5150 resurrexit,
1543 5086 1607 5137 ut
1636 5100 1762 5154 qua:
1789 5085 2047 5157 primum
2153 5088 2491 5156 sanguinem
2518 5085 2699 5139 crucis
2728 5084 2864 5154 ejus,
2895 5085 3011 5139 sive
3043 5061 3163 5155 quae
3212 5061 3284 5138 in
3319 5074 3477 5134 terris
3514 5064 3648 5127 sunt,
3675 5061 3764 5157 5113

393 5174 622 5239 fecerat,
655 5137 857 5245 pbstea
884 5171 1098 5227 iterum
1129 5176 1433 5240 recrearet,
1467 5170 1606 5243 quia
1643 5188 1745 5242 per
1789 5137 2047 5231 crrorem
2156 5137 2290 5247 qua;
2312 5177 2373 5230 in
2400 5175 2568 5229 coctis.
2603 5172 2717 5228 Pax
2746 5173 2859 5228 ista
2888 5173 3185 5245 praacellit,
3218 5169 3369 5226 sicut
3397 5137 3764 5247 εει-ίρωῐξὶρθδξ

395 5236 625 5315 fuerant
647 5236 806 5315 velut
838 5265 1090 5326 mortua,
1125 5265 1191 5315 ut
1220 5236 1452 5333 semper
1486 5236 1558 5315 in
1607 5236 1767 5316 omni
1811 5262 1929 5317 vita
1971 5264 2048 5319 sit
2156 5236 2381 5334 (Philip.
2419 5278 2494 5331 1v,
2524 5262 2599 5332 7),
2632 5277 2865 5316 omnem
2888 5236 2906 5245 ’
2928 5236 3313 5323 intellectum,
3344 5260 3533 5334 neque
3574 5236 3761 5334 sciri-1:l

396 5345 621 5417 primus
650 5351 708 5402 et
737 5347 1027 5418 princeps.
1076 5310 1223 5403 Doce
1273 5310 1420 5404 duas
1467 5353 1693 5404 taxatas
1725 5351 1910 5421 (1227)
1943 5368 2045 5407 na-
2155 5310 2631 5418 nobisfnisimulm
2657 5348 2728 5404 ad
2752 5364 2881 5403 eam
2909 5349 3266 5409 venerimus,
3291 5310 3757 5421 ῥοιθειρυρωίξξο

396 5436 557 5487 turas
587 5434 647 5493 in
679 5451 798 5490 una
824 5451 1075 5509 persona
1104 5435 1333 5493 Domini
1360 5438 1502 5494 Jesu
1534 5412 1767 5493 Christi.
1823 5412 2042 5495 Princi-
2152 5438 2312 5496 enim
2342 5438 2728 5512 paciﬁcantur
2758 5436 3034 5507 ccelestia,
3067 5435 3182 5495 nisi
3212 5412 3383 5490 nobis
3433 5422 3487 5478 id
3518 5417 3617 5480 est:
3644 5412 3756 5465 °°n‘

467 5659 771 5751 (1226))νθι
789 5680 1105 5751 perperam
1134 5666 1448 5751 addita,vel
1477 5668 1865 5751 desideranda
1885 5686 2041 5751 (ιυρ-
2149 5668 2397 5751 ειᾳᾳςὲξτ

396 5729 529 5789 dam
559 5729 1389 5812 orationi'otticiunt,quamvis
1418 5756 1587 5799 mens
1615 5741 1870 5801 auctoris
1897 5729 2043 5801 satis
2221 5741 2404 5816 (1227)
2434 5740 2500 5798 Id
2530 5744 2640 5814 est,
2670 5742 3049 5818 signiﬁcatus.
