3898 6404
156 385 274 443 6H

708 384 1124 447 EXPOSITIO
1167 386 1246 446 IN
1295 384 1720 446 EPISTULAS
1768 381 2127 444 PAULL—
2156 383 2234 444 ΙΝ
2284 386 2534 449 EPIST.
2582 391 2685 449 AD
2730 391 3048 455 COLOSS.

3468 400 3588 460 618

156 515 460 572 cordando
519 515 827 573 nobiscum
859 517 887 573 ‘t
917 518 1063 574 Nam
1094 514 1173 572 ibi
1222 533 1456 590 semper
1483 522 1572 573 est
1603 533 1732 588 pax,
1766 518 1824 572 et
1851 516 1906 582 Α
1935 515 2021 569 vel
2082 516 2349 589 exempla
2406 537 2520 575 non
2553 521 2906 592 deciperent,
2943 527 3045 582 sed
3076 527 3324 585 ﬁrmiter
3353 546 3482 602 quae
3514 533 3584 588 ab

153 605 312 660 inter
342 622 404 660 se
427 605 719 661 universis
740 606 1236 663 intellectualibus
1270 608 1573 676 creaturis,
1596 612 1651 660 et
1685 623 1819 660 cum

153 711 262 749 suo
307 700 618 761 creatore;
654 711 782 766 qum
815 713 925 767 pax
974 697 1275 768 praecellit,
1325 701 1391 749 ut
1439 697 1659 750 dictum
1711 700 1820 761 est,

155 798 397 838 omnem
429 782 791 838 intellectum
820 801 834 851 ;
871 786 969 840 sed
1020 784 1224 856 utique
1257 789 1544 854 nostrum,
1580 801 1694 839 non
1726 800 1822 838 eo-

157 888 314 939 rum,
350 871 453 943 qui
494 888 728 943 semper
754 872 954 929 vident
983 873 1187 928 faciem
1221 873 1409 929 Patris
1438 873 1648 944 (Matth.
1680 889 1821 938 xm,

158 962 267 1031 10).
322 961 504 1017 Nobis
559 967 755 1017 autem
815 968 1308 1034 quantuscunque
1358 963 1435 1017 sit
1492 961 1822 1017 intellectus

157 1047 486 1115 humanus,
523 1065 592 1105 ex
622 1054 786 1121 parte
817 1050 1066 1118 scimus,
1098 1055 1155 1106 et
1185 1051 1452 1106 videmus
1485 1067 1587 1123 per
1615 1067 1821 1121 specu-

155 1137 281 1193 lum
308 1155 323 1193 :
356 1138 419 1194 in
443 1137 751 1211 aenigmate
783 1140 831 1210 (Ι
858 1139 979 1195 Cor.
1005 1156 1127 1204 xm,
1165 1141 1272 1211 12).
1295 1140 1440 1195 Cum
1462 1156 1596 1195 vero
1626 1156 1821 1210 aequa-

158 1226 244 1283 les
268 1227 499 1300 angelis
532 1227 633 1282 Dei
656 1228 963 1294 fuerimus,
983 1232 1145 1295 tunc,
1162 1228 1661 1300 quemadmodum
1685 1227 1819 1299 ipsi,

156 1316 468 1371 videbimus
496 1316 645 1390 faeie
674 1316 746 1371 ad
774 1315 1165 1388 faeiemUbid.)
1197 1334 1209 1371 :
1239 1321 1586 1388 tantamque
1616 1332 1819 1388 pacem

157 1403 515 1460 habebimus
545 1421 685 1476 erga
713 1420 835 1475 eos,
854 1408 1135 1477 quantam
1159 1405 1339 1476 etipsi
1374 1421 1513 1477 erga
1536 1422 1662 1471 nos,
1682 1404 1822 1477 quia

158 1498 399 1548 tantum
433 1510 534 1548 eos
566 1492 836 1548 dilecturi
859 1510 1088 1548 sumus.
1106 1498 1397 1565 quantum
1412 1494 1484 1547 ab
1506 1493 1590 1548 eis
1612 1492 1817 1565 dilige-

158 1598 315 1636 mur.
353 1582 557 1654 Itaque
589 1599 701 1653 pax
749 1598 949 1637 eorum
1001 1587 1141 1637 nota
1200 1582 1368 1637 nobis
1417 1582 1546 1649 erit,
1596 1581 1735 1653 quia
1763 1588 1821 1637 et

156 1674 371 1726 nostra
400 1670 560 1737 talis,
597 1687 663 1725 ac
692 1675 859 1726 tanta
887 1671 1015 1739 erit,
1055 1670 1458 1743 necprzecellet
1486 1675 1627 1726 tune
1648 1670 1818 1726 intel-

1931 606 2211 674 Apostolo
2238 609 2567 677 audierant,
2601 612 2799 666 futura
2829 615 3130 669 crederent

2005 695 2041 747 A
2074 710 2172 760 spe
2208 697 2517 766 Evangelii,
2577 699 2717 769 quod
2746 700 3004 756 audistis.
3062 703 3236 775 Spem
3272 705 3583 779 Evangelii,

1934 781 2047 836 nisi
2083 785 2179 855 qui
2215 787 2542 841 secundum
2575 790 2769 859 ipsum
2800 790 3019 857 vivunt,
3053 790 3267 848 habere
3298 811 3413 850 non
3446 812 3581 867 pos-

1932 878 2108 926 sunt:
2165 875 2492 930 secundum
2550 878 2703 947 quod
2761 878 2874 933 alio
2925 878 3049 935 loco
3081 881 3235 936 idem
3270 883 3586 953 Apostolus

1933 960 2074 1015 dicit
2114 978 2127 1016 :
2181 961 2242 1016 Si
2297 967 2448 1019 enim
2499 969 2858 1038 complantati
2894 971 3167 1039 fuerimus
3222 972 3587 1028 similitudini

1931 1051 2121 1105 mortis
2143 1053 2284 1122 ejus,
2306 1056 2543 1110 simulet
2567 1058 2983 1112 resurrectionis
3005 1046 3395 1131 erimus(Rom.
3411 1061 3580 1132 νι,5).

2007 1140 2157 1205 Quod
2208 1142 2579 1215 praedicatum
2630 1154 2708 1200 est
2763 1147 2824 1199 in
2854 1148 3112 1202 universa
3149 1156 3423 1214 creatura,
3456 1164 3583 1221 quae

1928 1227 2028 1281 sub
2056 1229 2191 1283 caelo
2246 1235 2342 1285 est.
2371 1230 2575 1287 Omnis
2631 1238 2910 1288 creaturae
2959 1235 3196 1290 nomine
3252 1240 3462 1308 potest,
3525 1241 3584 1293 et

1932 1316 2106 1371 debet
2136 1318 2329 1373 omnis
2361 1320 2519 1375 natio
2552 1322 2816 1393 gentium
2873 1322 3189 1395 designari.
3245 1329 3393 1380 Ante
3423 1324 3581 1380 enim

1931 1403 2155 1460 dictum
2190 1407 2377 1462 fuerat
2398 1425 2432 1463 a
2452 1408 2694 1464 Domino
2725 1410 3027 1481 apostolis,
3045 1410 3192 1466 nein
3208 1411 3302 1467 via
3319 1413 3583 1484 gentium

1928 1490 2083 1547 irent
2116 1494 2335 1564 (Matth.
2368 1514 2428 1561 x,
2460 1497 2537 1565 5).
2572 1497 2779 1553 Postea
2806 1514 2941 1553 vero
2963 1500 3203 1570 jussum
3233 1504 3323 1555 est
3351 1504 3417 1555 ut
3443 1518 3587 1573 prte-

1932 1581 2195 1637 dicarent
2225 1584 2603 1657 Evangelium
2637 1586 2797 1641 omni
2830 1591 3107 1642 creaturae
3138 1590 3307 1659 (Mue.
3339 1590 3582 1660 xv:,15).

2000 1671 2169 1742 Cujus
2227 1673 2405 1743 factus
2460 1689 2584 1728 sum
2627 1690 2721 1744 ego
2778 1675 3057 1745 Apostolus
3085 1677 3291 1747 (1228),
3327 1684 3379 1731 et
3406 1676 3586 1732 mini-

157 1760 378 1814 lectum
409 1764 702 1815 nostrum.
763 1759 863 1814 Dei
911 1775 1044 1814 vero
1077 1776 1205 1829 pax,
1244 1775 1371 1830 quae
1419 1758 1536 1814 illic
1563 1764 1652 1815 est
1680 1775 1819 1831 erga
1926 1761 2057 1823 ster,
2118 1761 2220 1830 qui
2273 1777 2423 1815 nunc
2477 1762 2684 1830 gaudeo
2742 1764 2804 1816 in
2859 1763 3210 1834 passionibus
3262 1780 3361 1834 pro
3416 1764 3583 1820 vobis.

154 1864 276 1915 eos,
310 1852 371 1903 et
398 1851 667 1903 nostrum
700 1850 755 1903 et
784 1846 1399 1903 illorumintelleetum
1431 1848 1557 1904 sine
1588 1848 1818 1903 dubita-

156 1937 319 1990 tione
372 1935 693 2009 praecellit;
738 1937 810 1991 de
839 1937 967 2008 ipso
1000 1936 1217 2009 quippe
1249 1937 1417 1993 beata
1445 1941 1534 1992 est
1563 1935 1819 1991 rationa-

157 2024 295 2081 bilis
329 2030 622 2093 creatura,
673 2040 1037 2098 quaecunque
1085 2026 1255 2081 beata
1279 2032 1405 2093 est;
1440 2041 1555 2080 non
1594 2027 1718 2096 ipse
1749 2026 1820 2080 de

156 2114 277 2170 illa.
319 2113 486 2170 Unde
515 2114 840 2169 secundum
899 2114 1009 2169 hoc
1068 2113 1282 2169 melius
1333 2114 1618 2184 accipitur
1662 2114 1819 2184 quod

156 2201 454 2275 scriptum
486 2207 595 2270 est,
628 2219 741 2273 pax
776 2204 890 2270 Dei,
947 2219 1064 2273 quae
1110 2203 1359 2274 prcecelit
1409 2217 1627 2256 omnem
1658 2200 1820 2256 intel-

158 2292 379 2359 lectum,
409 2296 477 2347 ut
508 2291 567 2346 in
600 2308 666 2347 eo
698 2292 852 2362 quod
887 2290 1054 2358 dixit,
1087 2307 1323 2356 omnem,
1358 2307 1464 2346 nec
1494 2290 1621 2360 ipse
1650 2287 1821 2344 intel-

155 2380 346 2436 lectus
376 2385 721 2436 sanctorum
752 2379 1096 2451 angelorum
1148 2394 1277 2435 esse
1310 2378 1496 2449 possit
1524 2382 1820 2448 exceptus,

155 2470 253 2525 sed
295 2470 397 2524 Dei
432 2468 641 2534 solius,
677 2484 868 2538 neque
899 2467 1055 2523 enim
1115 2471 1172 2521 et
1216 2467 1404 2539 ipsius
1456 2465 1821 2521 intellectum

154 2575 263 2630 pax
294 2559 435 2629 ejus
459 2556 707 2612 excellit.

225 2676 288 2730 Et
320 2689 416 2729 vos
475 2689 601 2727 cum
646 2674 834 2727 essetis
890 2670 1188 2742 aliquando
1237 2671 1491 2735 alienati,
1524 2674 1576 2725 et
1606 2669 1827 2724 inimici

153 2781 322 2821 sensu
353 2763 415 2817 in
470 2761 728 2832 operibus
786 2760 982 2824 malis;
1028 2776 1177 2814 nunc
1221 2766 1403 2814 autem
1449 2757 1825 2813 reconciliavit

156 2856 218 2910 in
247 2866 477 2924 corpore
513 2852 709 2906 carnis
753 2849 870 2921 ejus
910 2865 1013 2921 per
1053 2852 1305 2904 mortem.
1367 2846 1546 2911 Quale
1601 2847 1822 2902 donum

152 2942 258 2998 Dei
294 2942 372 2998 sit
401 2955 540 3012 erga
568 2942 798 3011 gentes,
817 2942 1126 3005 memorat,
1145 2942 1209 2992 ut
1240 2936 1511 2992 ostendat
1540 2952 1638 2991 eos
1656 2935 1824 2992 debi~

148 3038 317 3089 tores
367 3046 499 3085 esse
556 3027 809 3083 multum
859 3027 920 3081 in
969 3025 1293 3099 gratiarum
1345 3024 1676 3080 actionibus
1707 3024 1823 3080 Deo

151 3122 259 3193 qui
292 3135 429 3176 eum
462 3116 699 3173 alienati
731 3120 787 3171 et
820 3114 1042 3170 inimici
1091 3130 1382 3181 essemus,
1416 3112 1661 3170 consilio
1694 3129 1822 3182 suo,

148 3227 262 3284 per
292 3207 451 3281 quod
464 3206 717 3262 decrevit
738 3204 976 3260 visitare
993 3220 1181 3276 genus
1196 3203 1547 3269 humanum,
1568 3200 1825 3257 visitavit

150 3305 213 3356 et
244 3295 643 3354 reconciliavit
671 3295 731 3350 in
763 3309 1005 3365 corpore
1036 3292 1232 3347 carnis
1262 3293 1391 3362 ejus
1422 3316 1436 3359 ;
1469 3295 1527 3345 et
1558 3290 1687 3344 ideo
1707 3289 1823 3345 ista

145 3387 359 3446 omnia
383 3382 670 3458 perstitit,
706 3400 777 3438 ne
824 3382 954 3453 ejus
986 3380 1336 3436 beneﬁcium
1376 3378 1607 3433 irritum
1641 3378 1818 3433 facia-

153 3494 324 3542 mus,
356 3474 644 3530 etiterum
670 3471 863 3528 simus
885 3470 1134 3535 inimici,
1167 3469 1321 3525 sicut
1351 3468 1817 3541 quondam,cum

152 3570 220 3623 in
254 3564 433 3620 idolis
460 3563 589 3618 etin
605 3559 881 3633 operibus
904 3559 1125 3631 iniquis
1148 3558 1397 3613 fuerant.
1422 3557 1824 3612 Adoraverunt

153 3655 323 3712 enim
356 3668 532 3721 opera
560 3667 669 3706 sua
699 3666 826 3720 qua:
861 3648 1143 3703 fecerunt.
1176 3644 1569 3701 Misericordia
1600 3649 1818 3712 autem,

154 3750 219 3800 et
280 3739 653 3815 providentia
708 3738 804 3794 Dei
835 3736 1139 3809 requisivit
1185 3753 1304 3805 eos,
1338 3738 1403 3790 ut
1431 3734 1686 3806 gratuito
1719 3733 1820 3788 Dei

157 3830 421 3905 gratiam
455 3832 975 3900 consequerentur,
996 3826 1305 3881 redeuntes
1320 3825 1388 3880 ad
1422 3841 1557 3879 eum
1590 3822 1649 3878 in
1682 3839 1819 3878 con-

157 3921 418 3977 scientia
446 3917 691 3982 munda,
725 3915 867 3971 utin
900 3915 991 3971 die
1013 3914 1248 3985 judicii,
1272 3914 1414 3969 dum
1448 3911 1819 3967 nihilerroris

153 4010 376 4067 veteris
410 4007 767 4063 inveniretur
794 4004 853 4059 in
878 4004 1537 4076 his,adcorporarentur
1575 3999 1818 4056 creatori

155 4116 289 4166 suo,
326 4095 449 4169 qui,
484 4099 550 4150 ut
598 4093 904 4168 prodesset
935 4093 1194 4147 humano
1226 4090 1445 4164 generi,
1479 4089 1820 4144 incarnatus

151 4188 339 4243 homo
372 4185 560 4241 factus
582 4188 700 4252 est,
736 4187 800 4237 ut
828 4181 889 4236 in
921 4197 1096 4237 carne
1126 4197 1235 4236 sua
1265 4179 1520 4235 vinceret
1550 4181 1816 4233 mortem.

227 4310 504 4368 Exhibere
539 4324 631 4364 vos
676 4311 910 4378 sanctos,
959 4314 1010 4362 et
1038 4306 1444 4368 immaculatos,
1484 4308 1535 4359 et
1582 4304 1820 4373 irrepre-

151 4397 467 4458 hensibiles
495 4414 683 4454 coram
723 4397 861 4468 ipes.
922 4395 1066 4449 Ecce
1122 4393 1183 4448 in
1237 4393 1451 4464 quibus
1501 4391 1821 4446 virtutibus

149 4494 286 4545 vult
314 4505 415 4545 eos
443 4503 573 4544 esse
604 4485 954 4558 conspicuos
986 4482 1250 4556 gentium
1282 4481 1645 4554 praedicator.
1670 4479 1819 4534 San-

155 4577 336 4635 ctitas
367 4577 619 4632 refertur
647 4575 719 4630 ad
742 4571 1071 4629 castitatem
1097 4588 1110 4637 ;
1144 4567 1545 4624 immaculatio
1575 4567 1645 4621 ad
1679 4566 1823 4621 inte-

154 4667 478 4740 gritatem;
540 4658 1138 4733 irreprehensibilitas
1196 4658 1267 4713 ad
1312 4654 1723 4729 prudentiam;
1759 4658 1824 4709 ut

154 4759 361 4813 essent
416 4750 931 4825 irrprehensibiles
976 4750 1034 4805 in
1095 4747 1285 4803 medio
1347 4746 1600 4802 nationis
1637 4761 1824 4817 pravae

154 4852 336 4915 atque
370 4858 677 4914 perversae,
709 4846 769 4896 et
798 4839 1062 4894 lucerent
1090 4837 1245 4891 inter
1273 4851 1374 4890 eos
1415 4850 1588 4905 Opere
1639 4834 1827 4888 virtu-

151 4940 308 4999 tum,
344 4931 502 4988 sicut
524 4929 843 4985 luminaria
860 4929 919 4983 in
938 4928 1312 4982 ﬁrmamento
1330 4922 1479 4978 caeli.
1495 4922 1828 4978 Notandum

155 5023 315 5096 quod
348 5020 640 5077 alienatos
677 5037 713 5075 a
744 5024 857 5073 Deo
892 5018 952 5073 in
996 5015 1277 5087 operibus
1311 5010 1483 5067 malis
1514 5010 1829 5082 aliquando

157 5128 293 5169 esse
323 5110 566 5180 dixerit,
600 5124 720 5163 non
744 5110 871 5179 jam
903 5112 1047 5162 tunc
1105 5103 1341 5177 quando
1372 5101 1488 5157 ista
1515 5099 1829 5156 scribebat.

237 5228 301 5284 Si
327 5232 520 5283 tamen
562 5225 903 5298 permanetis
944 5224 1005 5277 in
1033 5220 1139 5291 ﬁde
1195 5218 1438 5291 fundati,
1482 5225 1536 5271 et
1590 5214 1831 5282 stabiles,

166 5321 217 5373 et
247 5315 582 5372 immobiles.
628 5312 702 5368 Ut
732 5312 951 5368 scirent
980 5316 1123 5365 tunc
1153 5309 1433 5380 prodesse
1466 5304 1579 5360 sibi
1611 5301 1835 5375 passio-

166 5424 300 5464 nem
332 5403 583 5472 Cbristi,
634 5403 684 5458 si
714 5401 775 5456 in
808 5404 1044 5473 accepta
1076 5399 1191 5453 ﬁde
1233 5397 1539 5452 manerent
1565 5408 1578 5448 :
1612 5397 1669 5447 et
1698 5396 1838 5446 tunc

163 5492 538 5553 immaculati
554 5492 783 5561 tierent,
807 5490 856 5546 si
877 5488 1011 5545 illos
1027 5486 1338 5543 hominum
1357 5499 1531 5555 prava
1552 5481 1836 5550 doctrina,

234 5602 425 5686 (1222)
460 5597 639 5686 Vulg.
671 5614 769 5668 ego
798 5597 1010 5653 Paulus
1038 5595 1309 5662 minister,
1365 5594 1424 5647 et
1451 5588 1536 5646 sic
1578 5587 1640 5645 in
1669 5590 1840 5645 cate-

166 5671 252 5736 ris
277 5671 670 5735 lectionibus.

465 5799 740 5861 ΡΑΤκυι..
794 5793 1116 5859 CXXXIV.

1931 1847 1990 1901 In
2029 1846 2529 1918 tribulationibus,
2589 1867 2737 1921 quas
2797 1851 3153 1921 patiebatur,
3211 1851 3469 1907 exultare
3524 1867 3586 1907 se

1932 1935 2166 2002 fatetur,
2199 1936 2338 2007 quia
2368 1938 2695 2008 profectum
2728 1955 2902 1994 suum
2934 1940 3091 1994 videt
3115 1938 3173 1993 in
3198 1940 3310 1994 [ide
3338 1940 3583 1995 creden-

1924 2022 2104 2079 tium.
2137 2024 2262 2079 Non
2286 2029 2374 2080 est
2404 2025 2561 2080 enim
2588 2026 2780 2082 inanis
2803 2026 3126 2095 tribulatio,
3159 2027 3393 2098 quando
3423 2044 3580 2095 eum,

1929 2128 2034 2182 pro
2064 2127 2179 2182 quo
2208 2114 2448 2183 patitur,
2476 2113 2728 2184 acquirit
2757 2114 2829 2168 ad
2859 2113 3058 2169 vitam.
3092 2115 3246 2178 Quas
3281 2115 3583 2184 passiones

1929 2199 2159 2254 Christo
2181 2199 2322 2254 dicit
2349 2200 2572 2271 inferri,
2606 2202 2776 2271 cujus
2800 2201 3002 2273 utique
3031 2202 3357 2257 doctrinam
3386 2218 3584 2274 perse-

1932 2292 2213 2357 quuntur,
2267 2291 2331 2340 ut
2360 2287 2614 2357 perﬁdos
2644 2292 2844 2359 gravet
2870 2287 3190 2359 impietatis
3226 2306 3347 2344 suae
3399 2290 3584 2360 (1259)

1933 2372 2297 2438 crudelitate,
2331 2381 2388 2429 et
2431 2374 2703 2430 ﬁdelibus
2759 2375 2859 2431 Dei
2902 2375 3173 2447 praedicet
3216 2377 3582 2445 charitatem,

1934 2463 2104 2533 cujus
2136 2462 2318 2517 Filius
2348 2480 2502 2518 nunc
2533 2463 2986 2535 usqueinjurias
3008 2465 3228 2535 patitur
3250 2482 3354 2537 pro
3387 2466 3577 2522 nobis.

2004 2554 2081 2606 Et
2109 2551 2380 2623 adimpleo
2408 2568 2492 2621 ea,
2540 2567 2666 2624 quae
2711 2552 2910 2608 desunt
2933 2555 3260 2625 passionum
3292 2553 3496 2610 Christi
3525 2556 3588 2609 in

1932 2657 2102 2695 carne
2157 2656 2300 2707 mea,
2352 2656 2456 2710 pro
2512 2655 2741 2712 corpore
2794 2643 2933 2711 ejus,
2992 2640 3133 2712 quod
3186 2645 3264 2697 est
3316 2643 3582 2698 Ecclesia.

1934 2730 2003 2783 Et
2029 2733 2117 2784 est
2147 2745 2358 2784 sensus
2383 2745 2396 2783 :
2430 2728 2702 2785 Christus
2735 2746 2767 2784 a
2789 2729 2931 2785 solis
2960 2729 3181 2785 Judaeis
3205 2731 3496 2786 adductus
3512 2731 3585 2786 ad

1936 2822 2183 2872 mortem
2216 2822 2306 2872 est
2338 2835 2350 2884 ;
2383 2834 2488 2889 ego
2522 2834 2623 2889 pro
2658 2790 2913 2874 Ecclesia
2944 2818 3093 2888 ejus,
3126 2822 3183 2873 et
3213 2835 3247 2873 a
3272 2818 3512 2890 Judaeis,
3530 2823 3589 2875 et

1935 2922 1969 2960 a
1999 2905 2294 2977 gentibus.
2328 2905 2597 2961 Christus
2631 2906 2928 2962 inchoavit
2956 2908 3311 2979 passionem,
3333 2924 3451 2964 non
3475 2907 3586 2962 im-

1935 2994 2112 3066 plevit
2138 3011 2151 3059 ;
2187 2992 2289 3049 sed
2319 2993 2377 3048 in
2413 3010 2653 3066 corpore
2675 3011 2802 3064 suo,
2836 2994 2893 3049 id
2927 2998 3037 3060 est,
3068 2996 3127 3049 in
3159 2994 3415 3051 Ecclesia
3429 3010 3585 3051 nunc

1936 3081 2310 3154 adimpletur,
2342 3083 2484 3136 dum
2505 3099 2608 3153 pro
2627 3082 2793 3137 vobis
2817 3082 3094 3153 patimur,
3123 3086 3188 3136 ut
3214 3099 3316 3137 vos
3337 3083 3585 3138 aedifice-

1938 3187 2097 3237 mus,
2128 3170 2281 3225 sicut
2310 3173 2369 3225 et
2396 3169 2515 3236 ille,
2548 3170 2648 3240 qui
2685 3170 2842 3241 prior
2865 3187 3077 3242 passus
3109 3174 3217 3237 est,
3249 3170 3588 3243 relinquens

1855 3244 1900 3310 C
1938 3258 2107 3314 nobis
2138 3257 2490 3330 exemplum,
2529 3264 2941 3329 ut‘sequamur
2968 3247 3213 3331 vestigia
3242 3261 3390 3330 ejus.

2005 3347 2169 3415 Cuius
2197 3348 2378 3418 factus
2420 3362 2542 3401 sum
2571 3361 2667 3416 ego
2686 3348 2945 3401 minister
2969 3348 3266 3402 secundum
3288 3348 3587 3419 dispensa-

1933 3438 2135 3513 tionem
2166 3437 2282 3502 Dei,
2315 3451 2386 3505 qu
2411 3451 2456 3488 ω
2486 3435 2618 3489 data
2647 3439 2725 3489 est
2754 3435 2901 3488 mihi
2929 3438 2987 3489 in
3031 3435 3196 3490 vobis.
3247 3434 3583 3490 Ministrum

1934 3526 2154 3579 factum
2188 3540 2317 3578 esse
2377 3539 2437 3577 se
2468 3521 2763 3594 Evangelii
2803 3523 2957 3577 inter
3014 3526 3216 3594 gentes
3275 3539 3309 3577 a
3338 3522 3456 3578 Deo
3486 3538 3589 3592 per

1933 3613 2231 3668 Christum
2268 3628 2400 3666 cum
2441 3611 2655 3666 fiducia
2684 3610 2968 3682 loquitUr,
3002 3616 3066 3664 ut
3094 3609 3441 3682 mysterium
3470 3626 3583 3664 co:-

1934 3709 2100 3774 ptum
2135 3719 2167 3756 a
2197 3701 2466 3767 Domino,
2526 3717 2630 3771 per
2682 3699 2958 3755 idoneum
3015 3700 3310 3755 efficacem
3345 3714 3582 3754 servum

1933 3789 2384 3864 possitimpleri,
2404 3789 2559 3859 quod
2581 3788 2846 3860 ignotum
2864 3789 2975 3843 fuit
3006 3806 3040 3843 a
3064 3788 3311 3844 seculis.
3328 3787 3395 3841 Et
3408 3785 3581 3841 mini-

1932 3886 2122 3937 strum
2153 3896 2216 3935 se
2247 3878 2396 3933 sacri
2428 3877 2722 3949 Evangelii
2756 3877 3148 3948 factumdicit,
3173 3894 3289 3932 non
3321 3874 3579 3948 qualem-

1930 3985 2185 4041 cunque,
2216 3968 2318 4022 sed
2339 3967 2410 4021 de
2423 3965 2643 4036 quibus
2666 3966 2946 4020 Dominus
2963 3965 3185 4021 dixerat
3209 3966 3579 4034 :Quis,putas,

1928 4063 2007 4114 est
2038 4057 2216 4127 ﬁdelis
2243 4070 2452 4122 servus,
2478 4062 2530 4107 et
2543 4053 2806 4124 prudens,
2828 4070 2991 4122 quem
3005 4053 3286 4109 constituit
3313 4052 3580 4107 Dominus

1928 4162 2094 4219 super
2122 4144 2403 4216 familiam
2430 4158 2605 4211 suam,
2636 4146 2699 4196 ut
2755 4141 2843 4196 det
2874 4143 2989 4196 illis
3036 4142 3093 4195 in
3125 4150 3368 4211 tempore
3398 4140 3579 4196 tritici

1929 4249 2246 4292 mensuram
2271 4233 2406 4301 (Luc
2433 4248 2531 4298 xu,
2566 4230 2676 4302 42).
2712 4231 2781 4285 Et
2811 4231 3137 4286 notandum
3169 4230 3325 4303 quod
3350 4227 3573 4286 occulte

1931 4321 2210 4397 suggillat
2239 4337 2358 4390 eos,
2391 4320 2489 4391 qui
2504 4335 2572 4374 ex
2601 4318 3046 4375 circumcisione
3073 4317 3405 4385 veniebant,
3431 4332 3578 4388 quos

1931 4411 2213 4469 Dbminus
2245 4410 2313 4464 ad
2349 4408 2457 4463 hoc
2489 4424 2602 4463 non
2635 4406 2887 4480 elegerat
2917 4423 3084 4478 opus.
3121 4407 3232 4461 Sed
3264 4405 3378 4477 ipsi
3411 4408 3582 4476 turpe

1929 4502 2160 4558 lucrum
2192 4501 2480 4554 sectantes
2510 4495 2736 4551 Christo
2767 4495 3014 4551 Domino
3063 4511 3179 4550 non
3229 4493 3580 4560 serviebant,

1860 4603 1903 4668 Ι)
1939 4591 2040 4648 sed
2072 4604 2179 4645 suo
2234 4585 2441 4651 ventri,
2495 4588 2552 4639 et
2601 4601 2703 4656 per
2733 4584 2933 4639 dulces
2962 4599 3283 4651 sermones,
3315 4586 3374 4638 et
3403 4581 3582 4639 falsas

1934 4677 2367 4738 benedictiones
2399 4673 2802 4743 pervertebant
2831 4673 3006 4727 corda
3035 4670 3456 4727 innocentium.

2010 4771 2073 4826 Ut
2096 4765 2354 4837 impleam
2382 4762 2617 4816 verbum
2647 4761 2761 4816 Dei.
2784 4761 2843 4815 In
2888 4760 3000 4816 isto
3030 4760 3205 4815 verbo
3236 4759 3425 4814 multa
3454 4775 3585 4831 pro-

1938 4857 2167 4932 phetica
2196 4852 2571 4909 continentur
2598 4850 2773 4905 verba
2803 4849 2873 4904 de
2902 4850 3202 4903 vocatione
3227 4846 3511 4919 gentium,
3532 4852 3590 4902 et

1939 4944 2343 5019 reprobatione
2374 4939 2573 5012 populi
2593 4939 2951 5008 Judzeorum,
2985 4942 3048 4992 ut
3072 4940 3161 4992 est
3190 4935 3374 4990 illud:
3408 4933 3591 4992 Remi-

1940 5038 2243 5098 niseentur,
2276 5040 2326 5087 et
2354 5031 2731 5085 convertentur
2764 5026 2834 5081 ad
2859 5028 3151 5081 Dominum
3180 5026 3429 5081 universi
3454 5024 3592 5094 ﬁnes

1941 5134 2131 5190 terrae,
2190 5125 2241 5177 et
2295 5118 2602 5173 aaorabunt
2656 5132 2783 5171 eum
2832 5130 3018 5170 omnes
3074 5114 3313 5185 familiae
3340 5113 3591 5184 gentium
3652 5177 3661 5186 ε

1946 5213 2117 5285 (Psal.
2140 5227 2256 5277 xxi,
2289 5208 2402 5279 24).
2437 5204 2614 5260 Vobis
2645 5203 2802 5258 enim
2825 5203 3215 5268 credentibus,
3238 5203 3480 5258 verbum
3497 5201 3594 5257 Dei

1946 5299 2245 5373 impletur,
2265 5295 2500 5367 quando
2515 5292 2852 5366 prephetica
2876 5290 3284 5363 dictaimpleta
3303 5289 3594 5346 videntur.

1948 5390 2113 5446 Unde
2142 5393 2200 5442 et
2220 5388 2520 5455 sequitur:

2023 5476 2364 5549 Mysterium,
2397 5470 2539 5542 quod
2575 5469 2952 5525 absconditum
3021 5468 3136 5541 fuit
3192 5485 3228 5523 a
3281 5467 3504 5525 saeculis
3550 5469 3602 5522 et

2016 5580 2213 5659 (1229)
2240 5574 2611 5647 Ambrosius,
2640 5574 2759 5631 sive
2788 5572 3221 5632 Ambrosiaster
3246 5573 3594 5631 credulitate.

3248 5768 3332 5857 Ἦ
