3898 6438
355 458 472 517 619

1382 444 1718 506 A'I‘TUNIS
1766 444 2348 504 VEIttZELI.l~,i\'SIS
2396 442 2745 503 russeum

3666 444 3794 501 620

351 586 808 661 generationibus.
827 581 1321 637 Considerandum
1343 580 1495 649 quod
1534 577 1874 649 mysterium
1906 592 2002 631 vo-
2034 580 2086 644 Α
2117 576 2173 628 in
2196 574 2611 645 v2rtute.Cujus
2645 574 2723 629 rei
2749 578 3041 629 certamen
3067 577 3269 629 contra
3292 574 3542 645 perﬁdos
3560 573 3796 628 habere

352 675 598 733 cationis
614 674 877 746 gentium
895 688 1007 726 non
1026 667 1550 739 dixeritApostolus
1569 665 1864 721 occultum
1880 680 2008 719 esse

357 765 494 820 ﬁliis
527 764 642 829 Dei,
668 762 723 816 id
745 766 852 827 est,
878 759 1222 831 patriarchis
1252 764 1305 809 et
1336 756 1634 827 prophetis
1660 756 1759 810 sed
1778 753 2009 808 saeculis

356 858 413 909 et
440 850 929 924 generationibus,
950 848 1005 901 id
1040 852 1147 914 est,
1180 844 1547 916 philosophis
1571 843 2009 914 etsapientibus

358 941 585 996 mundi.
619 939 764 993 Nam
798 936 983 992 sancti
1018 936 1309 1005 propheta
1344 934 1490 987 bene
1522 949 1588 987 ea
1620 936 1924 996 noverunt,
1957 934 2013 983 et

357 1030 417 1084 in
446 1028 615 1083 nobis
660 1026 959 1096 implenda
996 1024 1407 1095 praedixerunt.
1446 1021 1605 1075 Unde
1638 1027 1694 1075 et
1725 1019 2009 1090 sequitur.

433 1116 587 1170 Nunc
602 1117 780 1167 autem
805 1116 1159 1181 manifestum
1184 1120 1259 1165 est
1282 1112 1491 1164 sanctis
1515 1111 1653 1180 ejus.
1698 1109 1821 1163 Non
1855 1108 2011 1161 enim

370 1204 605 1275 quando
639 1199 891 1271 apostoli
922 1202 991 1253 ad
1015 1204 1217 1270 gentes
1239 1206 1535 1263 venerunt,
1558 1196 2013 1267 sedillievange-

360 1291 586 1345 lizando
618 1288 800 1344 eﬁ'ecti
829 1292 968 1342 sunt
998 1288 1210 1341 sancti.
1246 1288 1318 1342 Ut
1341 1293 1427 1339 est
1449 1286 1586 1339 illud
1615 1287 1670 1339 in
1711 1284 2014 1355 Evangelio

364 1383 450 1449 (ιι,
480 1381 573 1446 52)
622 1377 945 1432 secundum
978 1376 1262 1430 Joannem
1293 1393 1305 1430 :
1344 1376 1483 1441 Quia
1529 1376 1684 1429 Jesus
1714 1376 2017 1427 moriturus

366 1469 490 1521 erat
517 1481 615 1537 pro
648 1473 826 1533 gente,
860 1473 910 1519 et
944 1480 1053 1517 non
1084 1469 1299 1518 tantum
1318 1480 1422 1534 pro
1449 1468 1626 1532 gente,
1658 1464 1758 1517 sed
1790 1472 1844 1515 ut
1871 1463 2018 1530 ﬁlios

367 1557 490 1626 Dei,
540 1555 637 1626 qui
692 1561 848 1608 erant
903 1553 1162 1623 dispersi,
1211 1561 1560 1621 congregaret
1593 1553 1648 1605 in
1681 1568 1871 1606 unum.
1906 1550 2019 1604 Nec

368 1645 510 1699 dum
524 1646 688 1698 erant
704 1642 804 1695 ﬁlii
819 1641 941 1708 Dei,
956 1641 1069 1695 nisi
1083 1641 1140 1695 in
1157 1641 1793 1712 pradestinatione,sed
1815 1638 2021 1693 unicus

368 1732 471 1787 Dei
500 1731 679 1786 Filius
711 1747 814 1801 pro
845 1729 927 1785 eis
958 1747 1190 1801 passus,
1210 1747 1279 1785 ex
1301 1728 1547 1784 ﬁliisira
1569 1730 1700 1784 fecit
1718 1728 1867 1781 ﬁlios
1886 1728 2022 1780 ado-

367 1820 586 1891 ptionis
616 1835 719 1889 pro
751 1819 965 1889 quibus
1009 1821 1067 1872 et
1095 1819 1380 1888 adjungit.

443 1907 651 1977 Quibut
677 1907 850 1960 votuit
883 1906 1018 1959 Deus
1058 1910 1212 1959 notas
1240 1908 1422 1973 facere
1450 1904 1673 1957 divitias
1691 1904 1889 1973 gloriae
1934 1919 2021 1957 sa-

373 1995 649 2051 cramenti
678 1993 841 2065 hujus
862 1994 917 2047 in
940 1993 1209 2063 gentibus,
1233 1992 1371 2063 quod
1401 1991 1743 2047 estChristus
1773 1993 1833 2045 in
1856 1993 2025 2046 vobis.

380 2083 717 2155 Mysterium
764 2082 919 2151 quod
951 2081 1122 2136 latuit
1150 2098 1182 2135 a
1211 2080 1465 2148 saeculis,
1506 2082 1677 2135 modo
1711 2080 2028 2135 revelatum

385 2172 613 2239 asserit,
644 2171 705 2225 id
734 2176 841 2237 est,
861 2175 1120 2241 tempore
1142 2170 1536 2241 apostolorum
1560 2168 2030 2240 ostens‘um,quia

383 2266 441 2316 et
470 2264 674 2332 gentes
692 2260 1066 2314 admittenda
1092 2265 1289 2314 essent
1311 2260 1435 2313 sine
1452 2258 1898 2313 circumcisione
1911 2274 2030 2311 car-

383 2349 476 2403 nis
506 2350 579 2403 ad
628 2348 804 2401 ﬁdem
846 2346 1084 2414 Christi,
1140 2348 1237 2418 qui
1272 2347 1596 2418 promissus
1638 2351 1763 2400 erat
1790 2346 2024 2400 Judais.

381 2435 551 2491 Prius
564 2436 719 2490 enim
735 2439 867 2489 ante
880 2435 1349 2506 praedicationem
1364 2436 1493 2490 ﬁdei
1515 2434 1851 2489 circumcidi
1870 2452 2030 2488 man-

383 2525 586 2579 datum
620 2516 708 2578 est
737 2522 1404 2595 gentiles,sivoluissent
1427 2524 1499 2578 ad
1522 2523 1708 2595 legem
1733 2524 2025 2577 accedere.

380 2613 545 2668 Nunc
592 2617 786 2667 autem
818 2612 1219 2666 misericordia
1252 2612 1367 2676 Dei,
1402 2614 1481 2665 ita
1527 2619 1589 2666 ut
1618 2617 1774 2677 sunt,
1810 2611 2029 2682 suscipi

373 2701 529 2773 jussi
562 2704 700 2755 sunt
730 2701 801 2754 ad
834 2701 1033 2754 ﬁdem.
1067 2701 1228 2762 Quod
1254 2701 1563 2770 indignum
1596 2700 2028 2771 putabaturJu—

383 2790 544 2857 dais,
578 2793 643 2843 ut
667 2788 955 2854 Christus,
982 2788 1039 2841 in
1060 2805 1173 2859 quo
1191 2806 1323 2860 spes
1338 2789 1833 2856 eratJudazorum,
1852 2789 2028 2843 etiam

385 2881 590 2950 gentes
621 2877 936 2948 participes
963 2876 1175 2931 faceret
1204 2878 1401 2949 gloria
1434 2895 1572 2933 sua.

457 2967 588 3037 Spes
608 2967 822 3037 gloriae,
868 2982 1023 3036 quem
1061 2982 1159 3021 nos
1208 2969 1629 3022 annuntz‘amus.
1662 2967 1806 3038 Spes
1837 2966 2031 3039 gloria

384 3055 652 3111 Christus
665 3054 1003 3125 dicitur,pro
1022 3071 1087 3110 eo
1101 3055 1255 3126 quod
1269 3073 1371 3127 per
1383 3073 1516 3110 eum
1535 3055 1779 3128 gloriam
1797 3057 2035 3126 adeptu-

384 3145 435 3200 ri
447 3145 565 3200 sint
576 3144 874 3199 credentes
888 3144 945 3197 in
959 3144 1487 3216 eum.Corripientes
1498 3162 1716 3199 onmem
1728 3146 2030 3212 hominem,

386 3241 440 3289 et
466 3234 712 3289 docentes
741 3248 955 3287 omnem
983 3233 1256 3288 hominem
1290 3236 1347 3288 in
1379 3236 1529 3289 omni
1558 3237 1827 3304 sapentia,
1848 3240 1911 3287 ut
1942 3250 2033 3288 ex-

2118 681 2179 719 se
2211 664 2488 735 loquitur,
2511 664 2927 734 adjuvantibus
2943 663 3126 734 signis
3144 663 3521 730 virtutum,ut
3540 678 3655 734 per
3671 662 3797 716 hac

2118 751 2269 806 victa
2303 752 2618 805 inﬁdelitas
2641 751 3199 822 comprimatur.Qui
3230 752 3385 806 enim
3420 751 3621 807 verbis
3656 752 3800 805 sub-

2120 840 2331 894 tilitate
2366 841 2616 911 quadam
2650 840 2950 895 diabolica
3010 840 3280 895 versutia
3312 857 3491 895 ausus
3528 844 3626 895 est
3653 856 3799 894 con-

2121 930 2426 997 tradicere,
2463 930 2683 1000 pudore
2724 934 3026 1000 correptus
3076 945 3314 985 necesse
3344 936 3433 985 est
3466 930 3645 983 cedat
3679 926 3799 982 vir-

2123 1018 2252 1071 tuti.
2287 1019 2355 1071 Et
2386 1035 2455 1071 ne
2488 1018 2756 1089 ingratus
2797 1018 3004 1071 divina
3038 1018 3237 1088 gratia
3271 1018 3541 1073 existeret
3575 1017 3799 1089 pradi-

2123 1112 2303 1176 cator,
2354 1106 2642 1177 quidquid
2696 1124 2876 1177 supra
2931 1108 2999 1161 de
3032 1124 3093 1162 se
3124 1107 3292 1173 dixit,
3327 1108 3497 1162 modo
3539 1107 3618 1161 ad
3658 1122 3797 1160 eum

2124 1195 2342 1262 retulit,
2377 1213 2410 1249 a
2467 1213 2582 1266 quo
2644 1196 2885 1268 accepit,
2948 1196 3216 1264 dicendo,
3262 1197 3556 1251 secundum
3604 1211 3805 1266 opera-

2124 1286 2333 1337 tionem
2363 1284 2499 1352 ejus.
2559 1284 2751 1355 Usque
2798 1300 2951 1338 nunc
2984 1284 3376 1339 communiter
3406 1284 3477 1339 de
3507 1283 3804 1340 omnibus

2127 1372 2447 1443 disputavit
2462 1372 2865 1427 :modotamen
2882 1371 3476 1445 ipsisColossensibus
3498 1372 3804 1444 loquitur,

2128 1464 2183 1515 et
2213 1460 2393 1514 dicit:

2202 1551 2350 1618 (CAP.
2382 1548 2472 1618 ΙΙ.)
2526 1549 2646 1604 Volo
2705 1551 2852 1603 enim
2903 1566 2993 1605 vos
3050 1553 3191 1607 scire
3246 1552 3468 1622 qualem
3519 1550 3809 1607 sollicitu-

2130 1636 2316 1690 dinem
2370 1636 2600 1690 habeam
2652 1654 2756 1708 pro
2784 1638 2957 1704 vobis,
3018 1648 3068 1694 et
3092 1656 3194 1710 pro
3216 1640 3324 1707 his,
3356 1642 3454 1712 qui
3481 1644 3621 1695 sunt
3655 1640 3806 1694 Lao-

2131 1724 2314 1792 dicia},
2346 1724 2528 1794 (1230)
2559 1728 2609 1778 et
2638 1726 2951 1797 quicunque
2971 1744 3081 1782 non
3099 1728 3357 1783 viderunt
3384 1729 3587 1800 faciem
3622 1742 3810 1782 meam

2136 1829 2194 1865 in
2212 1827 2395 1879 carne,
2420 1820 2479 1865 ut
2495 1814 2842 1867 consolentur
2861 1815 3037 1871 corda
3059 1817 3323 1887 ipsorum.
3358 1817 3483 1873 Non
3509 1832 3578 1871 se
3603 1814 3807 1870 minus

2136 1899 2451 1955 sollicitum
2477 1917 2579 1971 pro
2628 1900 2741 1971 his,
2777 1918 2924 1971 quos
2955 1903 3015 1956 in
3046 1920 3219 1959 carne
3253 1905 3496 1959 minime
3549 1904 3806 1973 viderat,

2138 2004 2316 2059 quam
2369 1990 2437 2042 de
2482 1987 2601 2043 illis
2645 1994 2786 2057 erat,
2841 1991 3056 2061 quibus
3110 2008 3369 2063 prasens
3412 1993 3803 2064 praedicabat,

2135 2081 2404 2144 testatur,
2439 2081 2502 2131 ut
2532 2077 2745 2132 scirent
2777 2095 2892 2133 non
2942 2079 3153 2134 minori
3185 2081 3394 2135 atfectu
3425 2080 3601 2152 diligi
3639 2098 3709 2136 se
3739 2082 3803 2135 ab

2138 2183 2224 2232 eo,
2260 2165 2397 2236 quia
2425 2182 2524 2220 eos
2555 2183 2667 2220 non
2694 2166 2938 2234 viderat,
2965 2185 3144 2239 quam
3167 2174 3426 2235 caeteros,
3453 2169 3623 2240 apud
3661 2185 3803 2242 quos

2138 2259 2283 2322 erat,
2298 2255 2670 2326 diligebat,ut
2690 2257 2908 2312 foveret
2928 2258 3157 2312 animos
3174 2274 3373 2313 eorum
3402 2258 3459 2311 in
3484 2257 3802 2324 charitate,

2138 2348 2194 2397 et
2224 2343 2478 2413 prompti
2510 2344 2713 2398 ﬁerent
2743 2361 2845 2414 per
2887 2344 3194 2416 epistolam
3232 2344 3598 2417 agnitionem
3654 2346 3803 2401 acci-

2136 2446 2271 2500 pere
2302 2431 2649 2486 sacramenti
2682 2432 2855 2486 Deiin
2887 2432 3140 2488 Christo.
3170 2434 3315 2488 Cum
3344 2434 3501 2489 enim
3540 2450 3801 2490 comme-

2139 2525 2428 2574 morasset
2449 2525 2505 2575 et
2530 2523 3003 2576 commendasset
3022 2522 3334 2594 Apostolus
3354 2528 3655 2594 quantum
3687 2540 3801 2578 cer-

2137 2612 2333 2663 tamen
2393 2626 2494 2680 pro
2552 2610 2636 2664 eis
2669 2610 2928 2679 haberet,
2974 2615 3029 2664 et
3081 2628 3184 2683 pro
3233 2611 3323 2666 bis
3382 2612 3481 2683 qui
3511 2611 3799 2667 Laodicia

2140 2697 2322 2767 (1231)
2356 2697 2602 2765 fuerant,
2637 2702 2694 2752 et
2746 2700 3084 2769 quicunque
3136 2716 3252 2754 non
3284 2700 3556 2755 viderant
3589 2700 3793 2755 faciem

2139 2786 2268 2855 ejus
2300 2786 2358 2838 in
2391 2802 2583 2851 carne,
2617 2790 2683 2840 ut
2713 2788 2988 2842 cordibus
3009 2788 3473 2856 consolarentur,
3500 2787 3792 2861 adjunxit.

2210 2876 2476 2929 Instructi
2520 2877 2579 2927 in
2610 2875 2892 2943 charitate,
2925 2886 2975 2931 et
3008 2880 3069 2931 in
3097 2892 3282 2932 omnes
3307 2876 3531 2932 divitias
3556 2878 3794 2957 pienitu-

2140 2962 2288 3016 diuis
2317 2963 2647 3031 intellectus,
2705 2966 2765 3017 in
2795 2967 3143 3037 agnitionem
3171 2968 3427 3038 mysterii
3460 2966 3560 3021 Dei
3588 2965 3789 3033 Patris,

2140 3059 2194 3106 et
2224 3051 2429 3106 Christi
2451 3055 2596 3107 Iesu.
2631 3054 3006 3109 Advertentes
3065 3054 3172 3110 has
3204 3071 3331 3111 esse
3386 3054 3715 3127 sapientia,
3744 3057 3795 3108 et

2142 3140 2393 3195 scientia
2427 3141 2681 3208 divitias,
2710 3146 2755 3197 si
2783 3148 3137 3214 agnoscatur
3162 3144 3431 3199 Christus
3461 3144 3523 3199 in
3567 3142 3793 3199 deitatis

2142 3245 2260 3282 sua
2294 3228 2654 3299 plenitudine
2686 3232 3429 3305 adorandus.0mneigitur
3451 3231 3790 3305 mysterium

388 3322 670 3377 hibeamus
700 3337 915 3375 omnem
935 3321 1210 3375 hominem
1224 3324 1529 3393 perfectum
1552 3324 1609 3376 in
1643 3323 1853 3378 Christo
1884 3325 2030 3389 Jesu,
2064 3310 2106 3375 C
2147 3319 2603 3373 sacramentiDei
2634 3319 2692 3373 in
2717 3320 2947 3376 Christo
2971 3326 3079 3376 est.
3113 3320 3219 3376 Hic
3249 3327 3336 3376 est
3366 3319 3528 3376 enim
3561 3318 3791 3387 unus,in

385 3410 445 3465 id
463 3410 845 3476 est,Judaum
860 3414 916 3464 et
931 3410 1453 3478 Gracum,servum
1477 3417 1530 3465 et
1544 3411 1790 3466 liberum
1811 3430 1821 3475 ;
1845 3429 1946 3482 pro
1965 3428 2031 3465 eo

390 3500 543 3571 quod
560 3516 674 3553 non
694 3502 782 3553 est
797 3515 1113 3568 personaru
1127 3516 1179 3553 m
1199 3501 1452 3571 acceptio
1471 3500 2028 3571 apudDeum(Ep/ies.

387 3588 540 3658 v1,9)
562 3603 573 3641 :
594 3588 684 3642 sed
716 3589 772 3641 in
804 3590 957 3641 omni
985 3597 1158 3655 gente,
1184 3590 1278 3657 qui
1304 3591 1502 3643 timent
1524 3591 1819 3643 Dominum
1840 3595 2031 3660 etope-

389 3684 589 3730 rantur
608 3677 910 3745 justitiam,
945 3680 1227 3746 acceptum
1256 3682 1331 3731 est
1364 3679 1456 3731 illi
1486 3679 1619 3747 (εισι.
1653 3696 1708 3736 x.
1740 3680 1852 3747 3.3).
1874 3679 2033 3732 Hanc

390 3765 568 3820 enim.
597 3764 737 3819 dicit
766 3781 960 3819 veram
978 3782 1103 3819 esse
1119 3766 1487 3836 sapientiam,
1523 3773 1753 3836 quaest
1784 3767 2032 3821 indissi-

391 3852 554 3925 plina
584 3853 906 3917 Dominica,
939 3870 1070 3907 cum
1104 3856 1439 3924 agnoscitur
1469 3854 1756 3908 Christus.
1782 3855 1941 3919 Quod
1975 3872 2036 3909 se

391 3943 586 4013 ipsum
624 3941 934 4012 Apostolus
956 3959 1312 4013 magnacum
1347 3960 1485 3997 cura
1517 3960 1683 4015 agere
1712 3948 2038 3998 testaturut

393 4032 666 4086 erudiens
684 4046 913 4084 omnem
940 4030 1238 4085 hominem
1254 4032 1312 4085 in
1346 4032 1452 4085 hac
1470 4032 1755 4103 sapientia
1769 4049 2037 4086 consum-

393 4124 618 4174 matum
651 4135 783 4174 eum
816 4120 1081 4174 exhibeat
1111 4120 1226 4175 Deo
1259 4120 1315 4173 in
1345 4120 1702 4175 intellectum
1721 4122 1951 4191 Christi,
1975 4125 2040 4175 ut

393 4207 736 4280 mysterium
761 4208 1082 4263 nativitatis
1100 4225 1165 4261 ex
1188 4209 1388 4279 Deo,et
1415 4208 1736 4263 nativitatis
1760 4225 1825 4263 ex
1839 4209 2035 4279 Maria,

393 4301 451 4350 et
477 4297 659 4351 totius
685 4296 874 4368 operis
896 4297 1384 4366 ejusccelestium,
1414 4298 1843 4352 etterrestrium
1878 4315 2038 4352 asse-

392 4390 626 4457 quatur.
658 4385 725 4439 Et
740 4385 848 4440 hoc
871 4386 1195 4440 notandum
1221 4387 1372 4457 quod
1397 4403 1601 4441 omnes
1622 4386 1748 4441 vult
1769 4386 2038 4441 exhibere

392 4474 677 4546 perfectos
727 4476 1047 4529 secundum
1080 4474 1242 4529 illam
1283 4476 1718 4546 perfectionem,
1753 4492 1869 4546 qua
1899 4476 2037 4530 alibi

393 4563 858 4633 dicitzQuotq-uot
913 4565 1061 4617 enim
1089 4580 1275 4619 sumus
1327 4566 1578 4634 perfecti,
1624 4570 1722 4619 hoc
1758 4567 2038 4635 sapiamus

394 4650 567 4723 (Phil.
602 4667 684 4718 1n,
719 4651 827 4720 15),
861 4667 992 4705 cum
1027 4656 1178 4706 retro
1208 4652 1454 4708 dixerit:
1496 4655 1605 4720 Ego
1634 4669 1721 4707 me
1746 4670 1857 4707 non
1887 4654 2038 4707 arbi-
2070 4675 2116 4741 D

392 4742 513 4794 tror
556 4739 1020 4809 comprehendisse
1066 4741 1249 4810 (Ibid.,
1301 4741 1408 4809 13).
1444 4742 1542 4795 Est
1571 4741 1724 4795 enim
1773 4742 2038 4811 quaedam

393 4826 735 4898 impertecta
768 4829 1060 4898 perfectio,
1094 4834 1156 4882 ut
1187 4830 1332 4883 sciat
1358 4846 1419 4884 se
1462 4830 1635 4884 homo
1680 4830 1739 4884 in
1784 4831 1890 4885 hac
1921 4831 2039 4885 vita

394 4932 508 4970 non
541 4932 711 4987 posse
741 4932 867 4971 esse
890 4919 1230 4987 perlectum.

466 5007 527 5059 In
558 5020 657 5074 quo
686 5008 740 5058 et
769 5005 952 5060 laboro
982 5006 1255 5059 certando.
1294 5006 1454 5059 Sicut
1484 5006 1639 5059 enim
1682 5023 1861 5076 supra
1892 5008 2037 5062 duas

394 5108 487 5148 res
519 5094 839 5164 proposuit,
871 5095 1289 5165 correptionem
1323 5101 1378 5148 et
1408 5096 1841 5157 doctrinam,ita
1862 5101 1916 5150 et
1946 5096 2038 5151 hic

393 5183 560 5248 duas,
592 5181 847 5236 laborem
879 5194 933 5235 et
954 5188 1266 5236 certamen.
1292 5184 1585 5253 Correptio
1608 5185 1760 5237 enim
1791 5187 2040 5254 pertinet

397 5270 466 5322 ad
491 5268 787 5339 improbos
820 5290 831 5338 ;
863 5274 1126 5325 doctrina
1157 5274 1227 5325 ad
1253 5272 1523 5326 humiles.
1554 5273 1638 5326 Ita
1670 5278 1725 5326 et
1748 5274 2039 5338 hic,lab0r

396 5357 467 5410 ad
498 5372 644 5426 opus
675 5359 1133 5428 praedicationis;
1171 5367 1462 5416 certamen
1498 5378 1627 5416 vero
1651 5368 1851 5417 contra
1882 5363 2037 5417 obsi-

395 5448 632 5499 stentes.

468 5532 772 5587 Secundum
801 5540 1171 5605 operationem
1198 5541 1334 5610 ejus,
1367 5556 1526 5612 quam
1567 5546 1827 5611 operatur
1868 5543 1924 5595 in
1952 5558 2037 5597 me

470 5638 649 5707 (1230)
684 5638 744 5692 In
796 5642 921 5695 cod.
972 5645 1293 5700 Lautlociw:
1326 5647 1463 5701 alibi
1492 5647 1768 5703 Laodicea:
1801 5663 1814 5703 :
1849 5653 1904 5702 et
1959 5650 2038 5703 ita

470 5711 936 5787 Ubrysostonius,
997 5721 1053 5770 et
1102 5718 1508 5791 H;cronymus,
1563 5718 1681 5773 sive
1727 5718 2032 5793 Pelagius;

2141 3422 2256 3476 quo
2289 3408 2481 3461 omnis
2504 3412 2771 3464 creatura
2800 3408 2911 3465 nisi
2942 3411 3280 3481 speraverit,
3312 3409 3552 3482 peribit,
3584 3414 3650 3465 ut
3678 3423 3791 3463 om-

2143 3496 2306 3549 nium
2340 3498 2598 3566 potentia
2626 3497 2685 3552 in
2718 3514 2785 3552 eo
2844 3500 2942 3566 sit,
3002 3504 3067 3553 ut
3114 3500 3212 3570 qui
3262 3500 3569 3571 cognoscit
3599 3499 3788 3562 istum,

2142 3589 2486 3639 cunctorum
2521 3603 2884 3657 quacunque
2926 3592 3085 3655 sunt,
3118 3588 3513 3660 cognitionem
3538 3588 3792 3643 videatur

2144 3674 2376 3728 habere.
2409 3674 2521 3728 Nec
2552 3675 2830 3731 colendus
2894 3675 3067 3743 alius,
3130 3683 3339 3749 prater
3395 3676 3559 3732 hunc
3608 3671 3791 3746 requi-

2145 3767 2328 3829 ratur,
2362 3763 2501 3833 quia
2522 3765 2785 3819 omnium
2808 3766 3199 3837 potentiarum
3219 3767 3408 3822 virtus
3428 3765 3493 3822 in
3515 3783 3583 3821 eo
3606 3761 3789 3820 est.Ex

2146 3852 2272 3922 ipso
2304 3852 2459 3906 enim
2491 3854 3122 3911 habentomnes.Unus
3145 3856 3302 3911 enim
3326 3872 3461 3911 cum
3497 3850 3789 3924 sit,omnia

2146 3943 2552 4010 potest.Quare
2571 3947 2626 3996 et
2654 3944 3110 4013 caputomnium
3144 3944 3450 4011 dicitur,ut
3480 3943 3784 4017 peripsum

2148 4045 2350 4083 omnes
2383 4029 2472 4083 sul
2496 4030 2702 4085 sistere
2732 4032 3058 4087 videantur.
3076 4033 3299 4096 Quibus
3329 4033 3488 4088 enim
3521 4033 3635 4088 ista
3663 4026 3789 4085 scri-

2148 4119 2285 4188 psit,
2317 4120 2614 4174 metuebat
2642 4137 2740 4175 eos
2771 4122 2970 4176 seduci
2997 4122 3224 4177 umbris
3254 4139 3450 4177 rerum
3486 4120 3642 4176 dulci
3692 4133 3787 4171 no-

2150 4206 2305 4260 mine
2353 4207 2628 4276 scientia,
2662 4214 2718 4264 et
2767 4210 2944 4265 averti
3005 4228 3039 4266 a
3068 4210 3201 4267 luce
3228 4211 3518 4281 veritatis,
3553 4224 3676 4283 qua
3707 4206 3785 4260 est

2149 4294 2209 4347 in
2241 4294 2468 4349 Christo
2497 4295 2637 4351 Jesu
2668 4297 2915 4353 Domino
2945 4304 3165 4355 nostro.
3198 4300 3285 4355 Ab
3314 4300 3424 4355 hac
3454 4303 3652 4355 autem
3682 4291 3779 4348 sub

2148 4383 2385 4438 nomine
2414 4384 2733 4456 sapientia,
2786 4386 2875 4442 vel
2907 4388 3159 4443 scientia
3189 4405 3330 4444 cura
3358 4401 3665 4451 venarum,
3695 4396 3784 4438 su-

2148 4472 2288 4543 perfl
2301 4489 2505 4528 uarum
2521 4476 3077 4546 observationum,et
3093 4479 3162 4532 de
3185 4477 3601 4550 superstitione
3619 4466 3787 4545 genti-

2148 4559 2349 4629 litatis,
2380 4563 2634 4619 maxime
2665 4565 2736 4619 ab
2789 4565 2894 4633 eis,
2947 4566 3046 4637 qui
3079 4565 3415 4638 philosophi
3476 4552 3783 4630 nuncupati

2150 4654 2311 4715 sunt,
2336 4655 2393 4705 et
2425 4668 2458 4705 a
2483 4652 2788 4709 Judaismo
2818 4655 3145 4709 cavendum
3194 4672 3324 4711 esse
3371 4652 3666 4718 cernebat,
3694 4640 3781 4699 ubi

2150 4744 2315 4796 erant
2330 4743 2547 4795 umbra
2567 4743 2897 4798 futurorum
2914 4739 3778 4817 removenda,quoniamlumen

2149 4846 2349 4884 earum
2374 4831 2498 4899 jam
2532 4831 2800 4886 Christus
2821 4834 3154 4888 advenerat-

2219 4920 2282 4973 In
2313 4935 2412 4988 quo
2443 4924 2571 4974 sunt
2599 4937 2782 4975 omnes
2839 4923 3086 4977 thesauri
3113 4924 3425 4995 sapientia,
3477 4930 3527 4978 et
3553 4912 3776 4975 scientia?

2147 5009 2471 5062 abseonditi.
2506 5009 2689 5079 Digne
2720 5026 2854 5081 ergo
2887 5027 3092 5067 omnes
3120 5012 3383 5066 thesauri
3427 5003 3713 5082 sapientia
3728 5000 3777 5052 et

2148 5098 2405 5153 scientia
2422 5097 2479 5150 in
2495 5114 2560 5151 eo
2580 5098 2858 5152 dicuntur
2870 5100 3427 5155 absconditi.0mnis
3440 5098 3594 5155 enim
3615 5090 3776 5147 scien-

2148 5187 2238 5240 tia
2271 5187 2415 5240 ratio
2454 5187 2633 5241 totius
2662 5194 2938 5243 creatura
2971 5206 3235 5260 superna
3275 5196 3330 5245 et
3352 5195 3588 5245 terrena
3639 5179 3692 5233 in
3722 5186 3776 5227 θο

2148 5277 2224 5330 sit
2254 5282 2496 5342 oportet.
2532 5276 2670 5345 quia
2701 5278 2964 5332 omnium
2996 5296 3198 5333 eorum
3229 5283 3403 5350 caput
3431 5272 3667 5341 est;sive
3695 5276 3777 5350 αρ-

2147 5364 2435 5435 gelorum,
2470 5364 2554 5419 vel
2616 5365 2902 5434 omnium,
2962 5368 3153 5422 omnis
3198 5368 3460 5423 scientia
3490 5348 3771 5445 peritia-itii

2149 5432 2381 5508 auctore
2422 5432 2675 5509 illorum
2725 5460 2831 5522 est,
2888 5432 3087 5528 utqui
3122 5457 3279 5513 hunc
3327 5432 3608 5529 agnoscit,
3640 5432 3766 5498 nihil

2147 5541 2300 5596 ultra
2372 5543 2650 5613 requirat,
2723 5561 2826 5599 nec
2900 5546 3270 5618 sapientiam,
3330 5561 3434 5602 nec
3492 5539 3765 5595 virtutem,

2146 5654 2337 5704 Graece
2360 5666 2507 5703 mem
2524 5670 2586 5721 pe
2612 5660 2688 5701 A1
2706 5647 2915 5705 λδικεία.

2219 5722 2403 5797 (1231)
2440 5726 2654 5777 lterum
2682 5725 2739 5776 in
2785 5727 2891 5778 cod
2926 5724 3227 5781 Lautlocia.
