3898 6404
83 442 198 500 621

655 444 1073 508 EXPOSITIO
1120 449 1196 507 IN
1248 451 1675 512 EPISTOLAS
1726 455 1977 515 PAULI.
2007 489 2079 498 —
2108 457 2185 516 IN
2233 460 2481 518 EPlS'l‘.
2531 462 2632 519 AD
2679 463 2991 524 COLOSS.

3410 471 3527 530 622

88 572 236 642 quia
268 574 515 644 agnovit
544 591 704 639 eum,
755 575 813 630 in
849 593 964 647 quo
1010 580 1267 649 perfecta
1320 583 1524 649 virtus,
1578 585 1761 653 perfe-
1791 589 1844 653 Α
1873 586 2052 655 Cujus
2084 591 2449 659 vagationem
2485 591 2695 646 melius
2718 594 3149 664 cognoscimus,
3184 600 3231 651 si
3264 600 3391 670 ejus
3422 602 3525 655 ad-

88 666 310 732 ctaquc
343 663 640 733 sapientia
672 670 779 719 est.
816 668 1118 739 Quidquid
1150 669 1305 724 enim
1340 672 1475 726 alibi
1508 690 1568 726 se
1597 679 1763 743 puta-

87 750 240 805 verit
268 752 556 823 invenire,
603 752 771 824 plene
800 755 857 809 in
911 756 1043 826 hoc,
1098 762 1155 811 et
1194 758 1441 814 abunde
1485 762 1759 817 inveniet.

91 839 246 894 Nam
280 840 423 911 quid
458 842 790 913 sapientius
832 844 1185 901 Salomone?
1215 847 1360 910 Quid
1414 850 1762 920 prudentius

90 928 367 983 Daniele?
401 930 515 995 Qui
546 931 655 986 bus
688 931 871 987 idirco
929 935 1077 989 Deus
1111 952 1224 1005 prie
1265 939 1484 992 ca3teris
1530 939 1759 1009 sapien-

95 1017 241 1072 tiam
265 1018 448 1086 dedit,
489 1026 553 1072 ut
583 1026 790 1075 notum
820 1023 1034 1077 faceret
1065 1024 1403 1080 inﬁdrlibus
1460 1027 1639 1082 totius
1697 1045 1760 1083 se

92 1107 403 1177 sapientia:
443 1124 574 1163 esse
607 1116 925 1166 auctorem.
948 1112 1760 1183 DeniqueNabucbodonosor

91 1196 481 1251 dicitDanieli
512 1197 815 1253 admirans
847 1217 1023 1271 super
1054 1203 1399 1274 sapientiam
1430 1206 1556 1274 ejus
1586 1224 1598 1260 :
1632 1207 1756 1260 Vere

104 1285 249 1339 Deus
280 1290 458 1340 vester
489 1288 606 1357 ipse
625 1296 705 1342 est
734 1293 880 1343 Deus
924 1294 1076 1345 vivus
1104 1300 1173 1357 et,
1205 1295 1456 1362 aperiens
1492 1298 1756 1364 mysteria

91 1375 261 1439 (Dan.
300 1391 365 1441 ιι,
401 1374 511 1445 47).
573 1376 737 1440 Quod
793 1378 1033 1449 quidem
1090 1397 1322 1435 omnem
1380 1381 1753 1439 incredulum

95 1461 241 1517 latet
272 1464 333 1517 in
358 1463 592 1519 Christo
625 1482 859 1521 omnem
891 1483 1020 1523 esse
1051 1469 1396 1540 sapientiam
1428 1489 1440 1538 ;
1476 1471 1613 1542 quia
1635 1489 1751 1528 non

94 1550 306 1623 legunt
338 1552 397 1606 in
431 1553 762 1626 Evangeliis
792 1556 1189 1627 astrologiam,
1233 1577 1350 1613 non
1382 1561 1440 1613 in
1472 1561 1751 1632 Apostolo

97 1641 510 1712 geometriam,
560 1660 676 1698 non
719 1644 779 1698 in
818 1648 1105 1717 propheta
1155 1647 1586 1704 arithmeticam
1646 1668 1752 1707 nec

99 1730 393 1786 musicam
431 1747 443 1783 :
472 1731 831 1802 quaeideirco
854 1735 1128 1806 despecta
1160 1738 1751 1810 suntanostris,quia

88 1820 156 1874 ad
193 1819 455 1875 salutem
490 1837 604 1875 non
639 1822 951 1894 pertinent,
999 1827 1097 1879 sed
1159 1828 1348 1898 magis
1408 1829 1651 1882 mittunt
1687 1829 1746 1884 in

88 1925 377 1974 errorem,
408 1913 466 1964 et
496 1916 767 1965 revocant
797 1928 831 1966 a
859 1912 996 1979 Deo,
1030 1920 1095 1968 ut
1116 1916 1255 1969 dum
1280 1915 1373 1971 his
1395 1917 1633 1971 student
1654 1935 1745 1972 ra-

94 1995 548 2053 tiocinationum
583 1999 1103 2071 disputationibus,
1137 2020 1335 2058 curam
1388 2005 1595 2060 animae
1627 2024 1745 2062 suat
1779 1968 1826 2032 B

96 2103 207 2139 non
242 2085 521 2142 habeant.
556 2089 691 2151 Quae
724 2089 879 2144 enim
922 2094 1044 2146 tam
1104 2108 1238 2147 vera
1295 2093 1584 2164 sapientia
1634 2100 1744 2163 est,

94 2173 204 2229 nisi
236 2175 586 2247 cognovisse
617 2180 771 2248 quod
821 2180 1024 2249 prosit,
1085 2185 1142 2235 et
1199 2182 1534 2252 despexisse
1587 2185 1744 2255 quod

89 2264 293 2319 obsit?
324 2264 509 2320 Obest
536 2266 719 2332 enim,
752 2267 891 2338 quia
909 2258 1156 2340 impedit
1185 2271 1417 2337 animae,
1450 2289 1520 2327 ne
1542 2289 1741 2328 curam

87 2353 171 2408 sui
204 2356 367 2424 agat.
392 2354 519 2409 Non
551 2354 846 2411 immerito
879 2373 1015 2429 ergo
1031 2358 1129 2429 qui
1162 2358 1458 2414 Christum
1486 2361 1740 2432 agnovit,

84 2439 306 2497 invenit
333 2442 680 2497 thesaurum
733 2445 1031 2516 sapientiai
1089 2450 1146 2501 et
1175 2446 1470 2502 scientiae:
1505 2450 1742 2520 agnovit

88 2530 237 2585 enim
275 2531 428 2601 quid
455 2530 505 2585 ei
538 2531 616 2586 sit
645 2532 808 2599 utile,
842 2538 907 2587 ut
966 2550 1203 2589 omnem
1262 2553 1594 2593 sermonem
1652 2538 1740 2593 vel

87 2635 353 2685 sensum,
378 2619 483 2691 qui
517 2625 723 2691 praeter
751 2620 918 2677 illum
952 2628 1060 2687 est,
1094 2641 1208 2679 non
1242 2625 1435 2680 solum
1467 2644 1584 2681 non
1627 2628 1743 2681 mi—

87 2708 319 2773 remini,
352 2709 456 2763 sed
491 2709 667 2764 etiam
700 2710 1010 2767 stultitiam
1045 2713 1358 2783 deputetis.

154 2798 263 2852 Hoc
284 2802 476 2853 autem
507 2798 650 2862 dico,
681 2803 740 2852 ut
770 2816 924 2854 nemo
954 2816 1043 2855 vos
1082 2800 1319 2872 decipiat
1381 2804 1437 2857 in
1496 2804 1745 2859 sublimi-

86 2889 200 2941 tate
229 2903 555 2942 sermonum
580 2887 696 2942 Hoc
729 2889 881 2955 dico,
913 2888 1125 2960 inquit,
1161 2897 1224 2945 ut
1273 2908 1442 2948 nemo
1471 2910 1572 2947 vos
1630 2893 1741 2949 cir-

89 2975 424 3030 cumveniat
446 2976 506 3030 in
521 2976 1106 3033 verisimilisermone
1124 2996 1137 3043 ;
1158 2979 1568 3049 quiaveritatis
1587 2999 1741 3036 amo-

89 3081 145 3119 re
166 3065 565 3130 ducebantur,
587 3066 1102 3121 verisimilitudine
1120 3066 1252 3121 illos
1277 3069 1575 3132 timuit,ne
1596 3069 1745 3124 deci-

89 3158 404 3224 perentur;
438 3158 495 3207 et
525 3154 654 3209 ideo
689 3155 1122 3210 commendavit
1151 3156 1208 3209 in
1253 3156 1508 3221 Christo,
1569 3174 1744 3228 quem

89 3241 509 3297 dulcissimum
544 3242 840 3298 habebant
868 3243 1236 3315 thesaurum,
1260 3245 1483 3300 scilicet
1513 3246 1740 3317 sapien-

1876 672 1989 727 huc
2014 677 2081 728 ad
2121 678 2447 732 Corinthios
2489 680 2662 734 verba
2692 698 3032 750 pensamus.
3075 686 3168 739 Ait
3198 688 3393 743 enim:
3436 691 3522 744 Ve-

1871 763 2027 816 niam
2056 764 2125 817 ad
2149 782 2395 829 vos,cnm.
2424 768 2794 822 Macedoniam
2813 776 3221 841 pertransiero;
3252 792 3387 829 nam
3407 777 3518 831 Ma-

1870 851 2153 907 cedoniam
2172 858 2536 925 pertransibo.
2571 857 2725 927 Apud
2753 876 2847 913 vos
2874 862 3126 928 forsitam
3156 865 3401 941 manebo,
3434 867 3518 921 vel

1869 943 2037 995 etiam
2062 942 2309 998 hiemabo
2342 945 2485 1016 (Cor.
2516 962 2632 1011 xvr,
2662 947 2739 1014 5).
2900 1002 2913 1011 ,

1939 1028 2091 1107 Sicut
2142 1048 2266 1101 ergo
2324 1035 2607 1101 accepistis
2665 1036 2953 1091 Christum
2997 1039 3183 1092 Jesum
3221 1041 3516 1098 Dominum

1864 1123 2134 1184 nostrum,
2159 1123 2217 1174 in
2243 1124 2355 1192 ipso
2386 1124 2675 1178 ambulate
2728 1126 2982 1191 radicati,
3013 1131 3063 1181 et
3092 1130 3517 1200 superadiﬁcati

1864 1207 1927 1259 in
1957 1208 2092 1278 ipso,
2122 1215 2173 1264 et
2194 1210 2315 1280 jam
2346 1212 2550 1278 firmati
2586 1212 2715 1282 ﬁde,
2743 1216 2887 1268 sicut
2916 1224 2965 1269 et
2995 1215 3283 1287 didicistis,
3333 1219 3508 1273 abun-

1862 1293 2050 1349 dantes
2072 1298 2127 1350 in
2160 1299 2256 1353 ilto
2288 1301 2348 1353 in
2374 1302 2688 1369 gratiarum
2745 1304 2973 1357 actione.
3032 1308 3153 1359 Hoc
3184 1310 3400 1372 monet,
3453 1311 3511 1362 et

1861 1382 2150 1453 hortatur,
2186 1404 2256 1441 ne
2285 1388 2511 1442 devotio
2534 1405 2734 1443 eorum
2770 1390 3155 1461 minueretur,
3187 1399 3243 1448 et
3276 1395 3503 1450 recede-

1859 1477 1991 1526 rent
2020 1490 2052 1527 a
2076 1474 2210 1544 ﬁde,
2247 1492 2423 1546 quam
2452 1477 2682 1531 fuerant
2705 1479 2981 1547 assecuti,
3001 1485 3058 1535 et
3075 1482 3268 1552 pravis
3292 1483 3507 1538 fabulis
3550 1538 3555 1545 ,

1859 1561 2041 1617 eversi
2074 1562 2243 1618 aliter
2270 1565 2565 1620 Christum
2588 1566 2935 1637 acciperent,
2955 1585 3131 1638 quam
3155 1570 3501 1627 didicerant.

1860 1650 2030 1705 Multi
2062 1654 2218 1707 enim
2253 1660 2620 1726 corruptores
2652 1656 2788 1711 fidei
2819 1656 3208 1713 circumibant
3237 1660 3307 1714 ad
3331 1661 3504 1715 sedu-

1858 1741 2075 1795 cendos
2102 1742 2423 1813 simplices,
2455 1743 2676 1813 dolose,
2697 1750 2754 1798 et
2792 1762 2923 1799 cum
2987 1746 3361 1803 simulatione
3400 1766 3503 1803 an-
3556 1758 3565 1763 '

1857 1829 2196 1885 nuntiantes
2217 1831 2692 1902 Christum,quos
2705 1833 2904 1888 evitari
2929 1840 3123 1889 monet
3144 1853 3358 1907 magna
3371 1854 3502 1890 cau-

1856 1918 1993 1982 tela,
2011 1922 2075 1972 ut
2101 1919 2364 1986 stabiles,
2387 1921 2610 1975 etﬁrmi
2643 1939 2821 1992 supra
2846 1922 3295 1978 fundamentum
3319 1922 3505 1979 Trini-

1857 2006 1994 2061 tatis
2026 2024 2127 2078 spe
2162 2010 2489 2063 t'uturorum
2524 2010 2743 2080 gratias
2776 2011 2983 2066 uberes
3039 2017 3278 2083 agerent
3328 2029 3505 2084 super

1856 2094 2261 2152 misericordia
2280 2098 2398 2151 Dei.
2426 2098 2621 2154 Nutrit
2639 2099 2796 2153 enim
2820 2115 2939 2164 eos,
2965 2105 3027 2154 ut
3047 2117 3287 2171 capaces
3307 2106 3504 2156 essent

1855 2183 2396 2255 participandorum
2439 2186 2852 2241 thesaurorum
2885 2188 3141 2243 scientia:
3185 2193 3243 2243 et
3264 2190 3496 2261 sapien-

1853 2272 1969 2337 tire,
2003 2273 2102 2340 qui
2135 2278 2274 2328 sunt
2304 2275 2631 2329 absconditi
2656 2275 2715 2328 in
2733 2275 3063 2343 Christo,ne
3087 2282 3498 2349 tanquamnon

1854 2360 1973 2415 sint
1992 2362 2062 2414 ad
2080 2361 2199 2415 hare
2234 2362 2445 2432 idonei,
2488 2368 2544 2417 et
2564 2363 2863 2418 verisimili
2880 2381 3148 2420 sermone
3170 2365 3496 2436 capientur,

1853 2454 1909 2503 et
1939 2466 1974 2502 a
2001 2450 2261 2505 veritatis
2295 2452 2501 2506 itinere
2531 2452 2763 2507 dcvient
2786 2470 2799 2520 ;
2826 2453 2953 2507 ideo
2985 2454 3283 2525 adjungit:

1929 2538 2108 2592 Videte
2143 2557 2213 2594 ne
2243 2542 2365 2610 quis
2424 2557 2512 2595 vos
2564 2542 2804 2611 decipiat
2855 2558 2956 2612 per
2991 2543 3420 2613 philosophiam,
3452 2551 3506 2598 et
3564 2579 3579 2599 ς

1853 2627 2083 2681 inanem
2113 2630 2421 2695 fallaciam,
2453 2631 2747 2684 secundum
2786 2631 3137 2686 traditionem
3192 2631 3501 2700 hominum,

1853 2716 2148 2770 secundum
2170 2719 2439 2773 elementa
2466 2719 2741 2788 mundi,et
2758 2736 2867 2774 non
2885 2720 3182 2774 secundum
3205 2720 3501 2775 Christum.

1856 2804 2292 2876 Philosophiam
2327 2808 2468 2861 dicit
2499 2812 2812 2873 terrenam,
2848 2824 2950 2879 per
2979 2824 3157 2879 quam
3190 2808 3379 2863 solent
3417 2826 3503 2864 se-

1854 2893 1985 2948 duci
2022 2894 2120 2964 qui
2143 2895 2389 2965 cupiunt
2412 2896 2994 2967 prudentesjudicari
3028 2897 3088 2951 in
3111 2898 3352 2953 mundo.
3377 2898 3506 2954 Haec

1855 2984 2222 3053 argumentis
2253 2989 2311 3038 et
2334 2984 2657 3039 subtilitate
2680 2986 3065 3039 minutiarum
3111 2986 3504 3055 quorumdam

1856 3071 2247 3141 componitur,
2282 3072 2449 3142 quasi
2467 3073 2736 3143 physicas
2758 3072 3193 3144 investigaverit
3224 3074 3501 3140 rationes,

1856 3157 2124 3226 quaedam
2142 3156 2362 3212 habens
2376 3159 2650 3225 admista,
2673 3176 2797 3228 quae
2820 3159 3189 3221 hortamenta
3204 3160 3324 3215 sint
3341 3162 3502 3216 bona:

1854 3244 1981 3298 vita:
2013 3244 2099 3299 vel
2152 3246 2503 3301 documenta
2536 3263 2548 3301 :
2575 3246 2891 3318 aliquando
2909 3248 2979 3303 de
3006 3248 3319 3314 mensuris,
3370 3266 3502 3304 nec-

90 3330 177 3386 tiaz
210 3335 270 3386 et
299 3330 559 3386 scientiae
591 3334 761 3402 cujus
788 3333 1025 3388 nomine
1054 3334 1517 3404 etpromissione
1546 3335 1744 3390 induci
1777 3347 1819 3413 ρ
1861 3335 2059 3389 nonde
2074 3336 2357 3401 numeris,
2385 3335 2701 3407 aliquando
2717 3337 2785 3391 de
2806 3336 3228 3392 elementorum
3250 3337 3504 3409 qualita-

90 3424 363 3491 poterant
395 3420 453 3475 in
482 3436 760 3476 errorem.
795 3420 1133 3477 Commonet
1171 3423 1330 3477 enim
1365 3439 1436 3477 ne
1465 3422 1525 3477 in
1558 3423 1743 3478 malo-

88 3526 217 3564 rum
251 3508 592 3581 colloquiis,
626 3511 916 3565 etastutia
944 3510 1274 3582 iniquitatis
1296 3529 1507 3567 sensus
1539 3529 1744 3567 eorum

87 3598 575 3654 transduceretur
597 3616 611 3665 ;
632 3597 771 3669 quia
792 3599 1084 3669 sapientes
1101 3599 1305 3654 mundi
1321 3604 1442 3654 arte
1466 3601 1748 3671 quadam,

91 3692 146 3742 et
175 3687 451 3743 minutiis
478 3687 946 3758 disputationum
980 3687 1206 3744 irretire
1227 3689 1489 3760 gestiunt
1519 3690 1747 3761 simpli-

92 3776 249 3832 cium
284 3775 539 3842 animas,
574 3781 638 3832 ut
668 3777 892 3831 ratione
923 3778 1358 3832 mundanarum
1391 3795 1584 3834 rerum
1609 3780 1742 3834 abs.

93 3866 334 3922 trahant
365 3881 466 3921 eos
498 3882 532 3921 a
563 3882 687 3937 spe,
722 3882 848 3937 qua:
880 3871 969 3920 est
998 3865 1056 3919 in
1094 3865 1344 3921 Christo.

162 3956 306 4011 Nam
330 3956 434 4010 etsi
461 3970 700 4026 corpore
728 3954 1074 4025 absenssum,
1108 3955 1199 4009 sed
1220 3957 1427 4027 spiritu
1446 3957 1747 4012 vobiscum.

98 4045 230 4100 Ideo
254 4044 325 4099 de
344 4043 463 4099 illis
479 4044 744 4109 timebat,
760 4044 1038 4114 quoniam
1063 4044 1204 4115 quid
1219 4044 1303 4099 eis
1317 4045 1507 4099 adhuc
1524 4046 1753 4101 deesset

95 4135 350 4189 videbat.
376 4132 539 4188 Unde
556 4138 615 4188 et
636 4132 907 4203 sequitur
930 4150 943 4188 :
963 4132 1283 4188 Gaudenset
1298 4135 1487 4189 videns
1505 4134 1753 4190 ordinem

94 4228 384 4284 vestrum;
416 4231 471 4277 et
507 4223 771 4294 suppleas
822 4222 878 4276 id
908 4222 1048 4292 quod
1103 4222 1245 4277 deest
1302 4224 1539 4278 utilitati
1567 4227 1587 4292 (
1626 4224 1750 4295 232)

94 4314 224 4384 ﬁdei
262 4321 474 4367 vestrm.
508 4311 794 4366 Cernebat
837 4312 1041 4382 utique
1091 4313 1410 4382 quamdam
1468 4312 1751 4367 fabricam

96 4399 447 4473 spiritalem,
470 4400 625 4456 sicut
641 4399 778 4454 alibi
799 4399 953 4454 decit
972 4417 984 4453 :
1000 4401 1098 4454 Dei
1110 4399 1400 4471 aedificatio
1422 4403 1555 4455 estis
1571 4401 1752 4471 (ICor.

98 4508 179 4557 ιιι,
198 4492 289 4563 9);
314 4490 443 4546 etin
467 4505 535 4543 ea
549 4489 1180 4559 cernebatutrumque,
1205 4490 1429 4543 etunde
1450 4490 1752 4560 gauderet,

97 4586 152 4635 et
178 4580 336 4634 unde
368 4582 679 4649 satageret.
717 4578 1020 4632 Gaudebat
1049 4593 1116 4631 ex
1148 4594 1213 4632 eo
1244 4579 1397 4648 quod
1426 4578 1552 4648 jam
1575 4578 1755 4631 aedili-

98 4668 253 4725 cium
272 4667 531 4733 videbat,
552 4666 859 4736 satagebat
875 4682 941 4719 ex
958 4682 1023 4720 eo
1048 4666 1201 4737 quod
1227 4682 1412 4737 usque
1429 4667 1500 4720 ad
1524 4665 1757 4720 culmen

98 4754 478 4830 perfectionis
498 4754 692 4813 adhuc
715 4754 1126 4808 aediﬁcandum
1148 4771 1275 4809 esse
1290 4756 1596 4809 sentiebat.
1616 4756 1758 4810 Ecce

98 4845 398 4917 quomodo
417 4849 621 4898 sancto
641 4843 1111 4914 desiderioquasi
1127 4845 1502 4914 vagatur.Hic
1522 4860 1760 4915 corpore

98 4933 539 5002 tenetur;illuc
593 4932 804 5003 spiritu
860 4933 1113 4987 ducitur.
1178 4934 1246 4987 Et
1269 4935 1493 5003 paterni
1539 4933 1759 4988 amoris

103 5026 383 5080 affectum
417 5022 549 5076 istis
584 5021 956 5092 prtesintibus
979 5021 1250 5087 exhibet;
1276 5022 1391 5076 illis
1416 5021 1761 5077 absentibus

104 5112 384 5169 ostendit.
420 5113 627 5164 Coram
662 5110 873 5181 positis
903 5109 1191 5181 impendit
1222 5127 1437 5181 opera;
1476 5110 1763 5165 audienti-

103 5204 209 5257 bus
232 5199 516 5272 exprimit
545 5203 712 5253 vota:
748 5198 1060 5253 efﬁcaciter
1080 5216 1334 5269 praesens
1366 5201 1452 5255 eis
1483 5217 1614 5254 cum
1631 5199 1764 5270 qui-

104 5291 213 5346 bus
235 5294 388 5355 erat;
407 5292 709 5343 nectutem
731 5286 849 5342 illis
863 5288 1238 5351 absens,cum
1256 5289 1474 5359 quibus
1488 5306 1604 5343 non
1620 5293 1763 5343 erat.

171 5396 359 5467 (1232)
394 5393 572 5466 Vulg.
600 5410 715 5448 non
744 5393 849 5467 ita,
905 5394 1006 5448 sed
1035 5410 1046 5448 :
1083 5394 1402 5461 gaudens.et
1437 5394 1625 5467 videns
1680 5409 1769 5467 or-

103 5465 284 5523 dinem
314 5465 583 5531 vcstrum,
616 5470 688 5537 et,
720 5465 1139 5537 ﬁrmamentum
1168 5467 1284 5537 ejus
1313 5480 1437 5537 quae
1468 5466 1527 5517 in
1548 5465 1770 5537 Christo

104 5550 181 5595 est
212 5539 342 5609 ﬁdei
373 5534 794 5609 vestrzenVulg.
832 5538 1125 5591 consentit
1173 5534 1369 5590 Grieca
1396 5607 1401 5609 Α
1426 5535 1595 5590 lectio
1652 5535 1771 5609 divi

106 5607 539 5683 Chrysostorni.
577 5608 744 5683 Hunc
782 5614 976 5683 autem
1004 5612 1251 5683 'textum
1286 5626 1319 5661 a
1349 5607 1483 5662 divo
1534 5608 1775 5662 Ambro-

107 5679 357 5751 siofseu
418 5679 648 5737 Hilario
706 5680 1083 5751 transcripsit
1119 5685 1322 5751 auctor
1379 5684 1596 5747 noster,
1657 5692 1776 5736 una

110 5749 243 5815 cum
273 5768 499 5829 magna
527 5749 915 5824 expositionis
948 5749 1217 5849 Epistolas
1243 5753 1426 5826 parte.

1857 3423 2017 3477 tibus
2048 3429 2104 3478 et
2134 3424 2566 3494 quantitatibus
2591 3424 2947 3479 ordinata.ln
2971 3427 3142 3496 cujus
3163 3426 3508 3497 disputatio-

1858 3511 2033 3565 nibus
2066 3512 2163 3581 qui
2194 3512 2488 3578 inciderit,
2520 3513 2633 3582 vix,
2667 3517 2724 3568 et
2755 3530 2883 3568 raro
2916 3514 3139 3568 evadet.
3203 3514 3508 3571 Detinetur

1859 3600 2016 3654 enim
2049 3600 2469 3669 verisimilibus
2501 3602 2718 3667 causis,
2753 3608 2810 3656 et
2839 3602 3258 3658 commentitiis
3306 3604 3505 3670 rebus,

1860 3688 2009 3742 nihil
2042 3694 2162 3743 tam
2191 3706 2391 3745 verum
2407 3690 2727 3760 aistimans,
2757 3707 2932 3761 quam
2949 3691 3307 3763 conspicitur
3333 3698 3391 3747 et
3416 3692 3508 3748 in-

1860 3777 2150 3849 telligitur
2180 3778 2236 3832 in
2257 3778 2584 3835 elementis.
2608 3783 2675 3834 Et
2692 3778 2829 3851 quia
2842 3795 2967 3850 quis
2992 3780 3062 3834 ad
3079 3795 3336 3852 presens
3349 3784 3508 3846 sunt,

1861 3872 1919 3922 et
1942 3872 2263 3922 cernuntur
2287 3866 2494 3933 oculis,
2527 3866 2729 3923 suavia
2749 3872 2806 3923 et
2826 3867 3195 3923 oblectabilia
3217 3868 3509 3935 videntur,

1862 3955 2199 4026 aliquantus
2222 3956 2637 4027 seducunt,qui
2660 3956 2988 4027 spiritalem
3012 3957 3297 4011 rationem
3314 3956 3510 4027 despi-

1862 4045 2229 4110 ciendam,et
2247 4043 2549 4098 ridendum
2582 4049 2794 4115 putant
2849 4045 3255 4115 desperatione
3305 4045 3507 4111 futuri,

1862 4150 2096 4188 omnem
2122 4132 2237 4186 vim
2272 4132 2447 4187 astris
2480 4134 2850 4204 assignantes
2883 4133 3102 4188 carnali
3160 4133 3370 4188 rationi
3402 4134 3507 4189 ob-

1864 4222 2041 4289 noxii,
2075 4238 2146 4275 ne
2162 4220 2360 4293 gravia
2391 4221 2679 4276 credenda
2704 4220 3067 4277 sintsustolli
3088 4222 3327 4292 possein
3343 4222 3506 4277 cmlo.

1864 4327 2003 4366 neve
2030 4310 2175 4365 levia
2194 4310 2390 4365 venire
2422 4310 2493 4365 ad
2524 4316 2730 4378 terras,
2764 4316 2865 4365 aut
2896 4310 3114 4381 aliquid
3162 4310 3510 4382 Corporeum

1864 4401 1989 4455 sine
2008 4416 2203 4453 rerum
2247 4398 2595 4453 admistione
2612 4399 2899 4469 generari,
2932 4403 3322 4469 repugnantes
3340 4404 3511 4470 poten

1866 4488 1958 4542 tia:
1982 4504 2049 4541 ac
2073 4487 2444 4558 providentiae
2475 4487 2808 4541 Uei.Sciunt
2854 4486 3011 4541 enim
3046 4485 3159 4557 legi
3193 4487 3250 4540 in
3299 4486 3516 4542 divinis

1867 4576 2162 4630 veteribus
2194 4575 2566 4629 Hebraeorum
2587 4574 2987 4629 voluminibus
3013 4575 3199 4630 multa
3230 4581 3397 4647 gesta
3417 4592 3520 4647 per

1870 4666 2128 4737 Moysen,
2164 4680 2291 4734 quae
2326 4662 2587 4716 humana
2616 4661 2761 4716 ratio
2783 4679 2898 4716 non
2931 4663 3087 4734 capit
3112 4662 3321 4729 ;simili
3346 4663 3520 4718 modo

1869 4759 1925 4809 et
1956 4754 2013 4807 in
2050 4753 2210 4806 novis
2239 4750 2405 4805 libris
2427 4754 2576 4805 facta
2599 4768 2633 4805 a
2664 4752 2926 4821 Domino,
2960 4756 3061 4805 aut
3084 4768 3185 4821 per
3205 4750 3520 4821 apostolos,

1870 4859 1996 4913 quae
2027 4846 2312 4895 tractatus
2344 4840 2595 4901 carnalis
2618 4840 3073 4911 prohibetcredi.
3112 4839 3520 4909 Dicunt(1233)

1871 4948 1938 4986 ex
1964 4928 2145 4983 nihilo
2177 4929 2300 4984 fieri
2330 4928 2472 4983 nihil
2500 4947 2697 5001 posse;
2732 4933 2789 4983 et
2821 4928 3079 4982 animam
3123 4932 3224 4982 ant
3282 4927 3518 4981 initium

1872 5036 1988 5074 non
2018 5019 2250 5085 habere,
2275 5023 2376 5072 aut
2406 5035 2533 5073 esse
2564 5018 2867 5073 mortalem
2894 5035 2906 5084 ;
2940 5021 2997 5071 et
3017 5016 3300 5087 virginem
3321 5031 3523 5086 parere

1875 5126 1989 5162 non
2022 5124 2215 5178 posse,
2240 5113 2339 5161 ant
2370 5108 2417 5161 si
2460 5107 2703 5178 peperit,
2736 5111 2802 5160 ut
2832 5106 3016 5175 aiunt,
3049 5105 3213 5176 virgo
3238 5122 3351 5159 non
3385 5108 3474 5159 est
3506 5121 3519 5171 ;

1877 5202 2263 5272 Deumqueex
2284 5196 2522 5250 homine
2556 5195 2738 5262 nasci,
2766 5194 2937 5261 mori,
2991 5198 3169 5265 atque
3219 5209 3523 5265 resurgere

1878 5286 2126 5341 stultum
2151 5302 2279 5339 esse
2310 5286 2542 5339 credere
2559 5288 2889 5339 autumant.
2916 5287 3077 5338 Hanc
3100 5299 3237 5354 ergo
3258 5283 3525 5338 traditio-

1952 5393 2135 5463 (1233)
2172 5392 2230 5445 In
2262 5392 2393 5471 cod.
2441 5390 2653 5471 legitur
2682 5391 2923 5471 (licentes
2955 5409 2973 5449 :
3004 5390 3160 5471 quod
3193 5406 3326 5444 cum
3352 5388 3527 5471 Orela-

1878 5464 2035 5517 tione
2071 5466 2311 5527 careret,
2346 5466 2401 5515 et
2435 5462 2661 5531 ordine,
2696 5462 3125 5516 emendandum
3166 5462 3529 5515 censuimus.

1881 5534 2154 5597 Quamvis
2201 5533 2343 5587 illud
2395 5533 2628 5586 dicentes
2673 5549 2803 5586 cum
2866 5532 3090 5602 aliquot
3148 5532 3533 5602 sequentibus

1881 5607 2147 5660 versibus
2198 5606 2267 5658 de
2299 5606 2470 5658 verbo
2504 5605 2574 5657 ad
2607 5605 2847 5657 verbum
2895 5603 3168 5674 legantur
3201 5604 3259 5657 in
3320 5602 3534 5674 saepius

1884 5676 2231 5749 cit,_Pelagii
2266 5682 2583 5749 comment.
2613 5692 2627 5743 ;
2664 5675 2761 5731 ubi
2785 5672 3026 5732 dicentes
3045 5676 3222 5733 refert
3241 5674 3312 5729 ad
3345 5672 3534 5749 philo-

1885 5747 2098 5821 sophas
2129 5750 2259 5819 ejus
2288 5746 2593 5821 temporis.
