3898 6406
443 489 557 546 623

1460 468 1791 526 A'I‘TONIS
1841 458 2425 523 VEllCEILENSlS
2479 455 2823 515 l'TPlSCOPl

3719 457 3816 515 624

443 632 575 672 nem
607 613 691 669 vel
712 605 1437 686 philosophiam,fallacem
1461 605 1515 656 et
1538 599 1773 653 inanem
1806 594 2078 686 appellat,
2110 595 2163 658 Α
2266 596 2643 686 Abundantia
2670 592 3220 686 divinitgatis,gquain
3246 592 3545 686 elementa
3593 609 3703 649 non
3730 594 3816 652 ha-

444 705 583 775 quia
613 682 730 757 non
762 718 794 757 a
827 699 1086 770 potentia
1107 696 1205 751 Dei
1244 694 1509 748 ordinata
1540 694 1647 752 est,
1683 686 1781 741 sed
1813 682 2089 775 abimbe:

442 769 677 846 cillitate
706 769 1164 845 ratiocinationis
1195 785 1484 842 humanae,
1507 792 1634 847 quis
1656 772 1976 846 potentiam
1992 769 2092 825 Dei

443 879 598 934 intra
618 876 921 934 scientiam
961 888 1127 929 suam
1178 870 1455 930 coarctat,
1487 881 1559 919 ne
1604 862 1774 918 aliter
1821 860 2092 915 credatur

445 968 653 1031 facere,
675 980 850 1035 quam
882 960 1131 1017 carnalis
1158 975 1218 1013 se
1249 956 1508 1011 continet
1524 952 1826 1022 ratio,qua
1841 946 2091 1019 singulis

446 1051 747 1110 elementis
761 1048 1083 1104 divinitatis
1097 1045 1492 1101 diversitatem
1511 1042 1796 1113 deputant
1813 1038 1883 1092 ad
1898 1036 2090 1091 cultu-

446 1157 592 1207 ram,
608 1143 672 1194 ut
692 1131 1634 1208 obligentanimosimperitorum,
1659 1134 1804 1194 ne;se
1816 1127 1885 1181 ad
1909 1128 2089 1181 Deum

444 1244 646 1283 verum
664 1225 994 1281 extendant.
1015 1222 1406 1286 Quamobrem
1428 1219 1744 1274 cavendam
1761 1219 1958 1271 monet
1972 1218 2090 1268 tra-

445 1317 723 1371 ditionem
748 1312 1091 1383 istsm,quia
1121 1309 1325 1365 mundi
1348 1308 1558 1363 cultrix
1579 1312 1689 1370 est,
1721 1322 1834 1359 non
1850 1302 2089 1373 Dei,qui

444 1421 599 1459 unus
637 1407 858 1469 est,nec
883 1401 955 1455 ad
978 1399 1304 1466 Christum,
1328 1397 1427 1451 sed
1455 1412 1488 1451 a
1517 1393 1745 1449 Christo
1778 1390 2086 1447 abstrahit.

512 1490 655 1560 Quia
684 1493 747 1545 in
782 1493 898 1561 ipso
926 1489 1140 1544 habitat
1194 1488 1374 1541 omnis
1424 1482 1707 1555 plenitudo
1764 1480 2079 1536 Divinitatis

439 1581 817 1653 corporaliter.
839 1579 1038 1648 Neque
1064 1578 1220 1631 enim
1255 1574 1532 1630 divinitas
1548 1588 1825 1643 corporea
1845 1574 1960 1637 est;
1986 1568 2087 1622 sed

439 1671 582 1742 quia
610 1673 981 1723 sacramenta
1014 1666 1240 1720 Veteris
1274 1662 1635 1718 Testamenti
1666 1659 1922 1730 appellat
1955 1674 2087 1711 um-

440 1760 605 1813 bram
638 1757 965 1810 futurorum
993 1771 1006 1820 ;
1034 1758 1267 1824 propter
1302 1752 1651 1805 umbrarum
1701 1745 2088 1817 comparatio-

440 1841 1141 1913 nem,corporaliterdixit
1162 1840 1427 1894 habitare
1454 1838 1511 1891 in
1532 1836 1761 1889 Christo
1780 1833 2089 1905 plenitudi-

442 1948 577 1988 nem
594 1928 1005 1995 divinitatis,eo
1045 1928 1198 1997 quod
1224 1927 1283 1980 in
1318 1924 1417 1979 illo
1466 1923 1824 1995 impleantur
1866 1922 2084 1987 omnia,
2117 1958 2164 2023 Β

444 2036 573 2092 qua:
603 2017 721 2072 illis
742 2017 967 2071 umbris
992 2016 1240 2085 ﬁgurata
1262 2017 1421 2068 sunt.
1443 2015 1522 2066 Ac
1542 2013 1626 2067 sic
1652 2011 2086 2081 quodammodo

445 2108 789 2163 umbrarum
806 2104 1038 2159 illarum
1054 2105 1177 2175 ipse
1194 2103 1270 2158 sit
1290 2118 1499 2172 corpus
1519 2100 1649 2156 :hoc
1664 2103 1752 2154 est
1766 2100 1879 2170 ﬁgu
1889 2115 2087 2154 rarum

442 2201 500 2253 et
530 2193 1018 2267 significationum
1040 2191 1277 2247 illarum
1300 2191 1424 2259 ipse
1438 2190 1759 2244 sitveritas.
1782 2190 1891 2242 Sed
1913 2188 2088 2242 verbo

441 2284 721 2339 translato
752 2281 1064 2353 Apostolus
1096 2297 1240 2335 usus
1291 2283 1399 2347 est,
1434 2282 1720 2349 tanquam
1750 2276 1810 2331 in
1868 2276 2087 2347 templo

443 2373 797 2439 manufacto,
819 2386 933 2425 non
951 2368 1347 2440 corporaliter,
1374 2368 1475 2422 sed
1500 2365 1843 2422 umbraliter
1859 2366 2086 2420 habita-

439 2460 608 2526 verit,
638 2459 695 2513 id
727 2463 834 2523 est,
866 2457 1380 2529 praeﬁgurantibus
1412 2455 1616 2527 signis.
1638 2455 1765 2510 Nan
1795 2454 1929 2509 illas
1960 2472 2085 2509 om-

441 2565 547 2605 nes
570 2547 1024 2611 observationes,
1050 2546 1286 2600 umbras
1320 2546 1650 2599 futurorum
1682 2549 1849 2599 vocat
1906 2544 2084 2598 etiam

440 2638 569 2709 ipso
597 2634 880 2691 translato
900 2632 1181 2689 vocabulo
1204 2633 1426 2701 (Coloss.
1444 2633 1906 2701 11,17):summus
1927 2631 2084 2686 enim

442 2726 618 2782 Deus.
643 2725 797 2779 sicut
818 2723 1100 2794 scriptum
1124 2728 1233 2787 est,
1252 2738 1366 2776 non
1389 2721 1449 2775 in
1474 2720 1825 2775 manufactis
1848 2720 2085 2790 templis

444 2814 670 2869 habitat
695 2812 831 2882 (Act.
864 2827 1004 2878 xvn,
1034 2811 1135 2880 24;
1168 2811 1296 2864 Isai.
1322 2826 1470 2875 LXVI,
1495 2810 1567 2879 1).
1600 2811 1715 2862 Aut
1757 2814 1910 2863 certe
1964 2825 2085 2864 cor-

438 2902 707 2974 poraliter
727 2900 947 2954 dictum
996 2901 1103 2965 est,
1156 2898 1295 2968 quia
1350 2901 1406 2952 et
1452 2897 1509 2949 in
1569 2896 1783 2951 Christi
1841 2914 2084 2968 corpore,

444 2991 600 3061 quod
626 2988 948 3057 assumpsit
975 3002 1042 3041 ex
1072 2986 1312 3056 virgine,
1340 2991 1626 3056 tanquam
1656 2984 1715 3038 in
1746 2986 1964 3056 templo
1988 2988 2086 3043 ha-

441 3080 592 3135 bitat
622 3078 796 3142 Deus,
819 3075 965 3129 Hinc
990 3077 1078 3129 est
1098 3073 1254 3128 enim
1284 3074 1440 3144 quod
1469 3073 1688 3128 Judaais
1716 3074 1953 3145 signum
1989 3092 2083 3147 pe-

441 3166 702 3223 tentibus
732 3180 865 3219 cum
916 3162 1196 3217 dixisset:
1222 3162 1423 3217 Solvite
1452 3163 1713 3233 temptnm
1734 3162 1851 3229 hoc,
1887 3167 1937 3218 et
1963 3173 2085 3235 post

438 3256 689 3311 triduum
729 3252 997 3307 suscitabo
1054 3250 1193 3305 illud
1242 3252 1427 3320 (Joan.
1469 3268 1529 3316 ll,
1565 3251 1674 3320 19),
1725 3253 2085 3324 evangelista

440 3344 583 3416 quid
613 3343 722 3397 hoc
752 3346 905 3395 esset
936 3344 1357 3409 consequenter
1377 3319 1692 3410 exponens,
1719 3341 1835 3396 ait:
1862 3319 1963 3398 llle
1976 3360 2079 3398 au-
2112 3319 2155 3387 (ἶ

439 3438 555 3488 tem
588 3431 817 3486 dicebat
836 3430 907 3483 de
936 3428 1154 3498 templo
1180 3428 1439 3499 corporis
1457 3428 1548 3483 sui
1570 3428 1774 3501 (1234).
1809 3430 1927 3485 Hoc
1948 3447 2083 3504 ergo

438 3524 719 3577 interesse
749 3517 1106 3573 arbitramur
1126 3514 1277 3570 inter
1289 3520 1465 3587 caput
1493 3519 1550 3570 et
1569 3520 1775 3572 caetera
1800 3521 2083 3593 membra,

439 3609 595 3682 quod
617 3608 677 3663 in
710 3604 970 3677 quolibet
998 3602 1265 3674 quamvis
1295 3603 1584 3674 praecipuo
1607 3606 1892 3675 membro,
1924 3609 2086 3664 velut

440 3698 501 3753 in
524 3697 723 3766 aliquo
744 3709 957 3764 magno
989 3690 1294 3762 propheta,
1319 3694 1421 3745 aut
1450 3693 1732 3761 apostolo,
1766 3703 2086 3763 quantum-

442 3787 532 3841 vis
566 3782 887 3839 divinitatis
933 3780 1299 3847 habitet,non
1332 3784 1526 3833 tamen
1560 3780 1714 3835 sicut
1760 3783 1821 3835 in
1872 3785 2083 3855 capite,

445 3874 601 3947 quod
635 3877 722 3927 est
754 3869 1044 3933 Christus,
1115 3868 1307 3922 omnis
1365 3866 1666 3938 plenitudo
1725 3870 2080 3942 divinitatis;

444 3964 583 4035 quia
612 3965 671 4016 et
720 3960 775 4013 in
827 3963 1026 4012 nostro
1076 3973 1315 4027 corpore
1373 3957 1527 4011 inest
1572 3975 1780 4013 sensus
1831 3961 2083 4033 singulis

440 4049 747 4118 membris,
779 4048 878 4102 sed
913 4063 1027 4099 non
1049 4050 1251 4099 tantus
1282 4050 1539 4115 quantus
1572 4046 1629 4100 in
1655 4048 1863 4117 capite.

506 4142 581 4193 Et
610 4137 709 4192 esti
741 4138 797 4189 in
828 4137 926 4190 illo
957 4134 1180 4204 repleti,
1214 4136 1309 4205 qui
1338 4142 1412 4188 est
1462 4142 1625 4204 caput
1655 4139 1835 4190 omnis
1864 4140 2083 4208 ρνίηει-

426 4232 595 4299 patus
624 4232 677 4280 et
703 4224 1009 4295 potestatis.
1042 4222 1229 4292 Caput
1257 4226 1452 4276 autem
1485 4223 1750 4277 omnium
1781 4224 2078 4283 Christum

430 4314 785 4389 principium
818 4311 1084 4367 omnium
1111 4309 1291 4364 voluit
1313 4309 1582 4381 intelligi,
1618 4312 1769 4365 sicut
1801 4313 1926 4384 ipse
1975 4315 2074 4383 ait,

429 4422 564 4461 cum
595 4405 647 4459 ei
696 4403 917 4457 dictum
977 4403 1129 4453 esset
1163 4414 1175 4451 :
1229 4400 1301 4451 Tu
1343 4400 1464 4468 quis
1494 4416 1550 4453 es
1574 4402 1797 4470 9(Joan.
1830 4419 1931 4456 VIII
1961 4405 2075 4476 25.)

428 4491 750 4565 Respondit
778 4489 934 4545 enim
968 4505 981 4541 :
1017 4489 1386 4557 Principium,
1417 4488 1555 4559 quod
1606 4492 1655 4543 et
1686 4490 1874 4560 loquor
1902 4492 2071 4548 vobis.

428 4583 623 4637 Omnia
654 4581 804 4635 enim
828 4594 926 4648 per
974 4579 1154 4645 ipsum
1182 4578 1329 4645 facta
1352 4582 1477 4629 sunt
1505 4596 1517 4645 ;
1552 4584 1603 4632 et
1658 4580 1779 4633 sine
1832 4582 1948 4651 ipso
1991 4584 2074 4651 fa-

2205 686 2359 741 bent.
2393 683 2653 755 Denique
2678 685 2733 737 in
2758 682 3127 738 credentibus
3158 682 3410 754 Spiritus
3466 687 3703 739 sanctus
3745 684 3819 739 in-

2200 762 2449 839 habitat,
2483 773 2635 844 quod
2671 772 2975 827 elementis
3001 771 3238 827 concedi
3286 786 3402 826 non
3451 776 3674 842 potest;
3703 774 3821 843 quia

2200 862 2509 934 indignum
2539 868 2660 917 erat
2679 866 2737 916 et
2766 861 3252 932 incongruum,ut
3272 858 3585 915 invisibilis
3616 860 3819 917 habita-

2201 957 2288 1007 ret
2316 952 2375 1005 in
2408 950 2741 1006 substantia
2764 949 3003 1021 visibili,
3026 952 3085 1005 et
3104 948 3481 1020 incorporeus
3509 949 3570 1004 in
3598 949 3819 1022 his,quaa

2199 1039 2506 1095 sensibilia
2534 1044 2693 1094 sunt.
2726 1039 2980 1093 Audiant
3032 1054 3187 1108 ergo,
3212 1043 3269 1091 et
3321 1037 3558 1093 veniant
3595 1038 3819 1095 cultores

2199 1145 2427 1194 eorum,
2461 1134 2520 1183 et
2550 1128 2792 1182 credant
2846 1127 2904 1181 in
2964 1126 3216 1197 Christo,
3274 1130 3339 1182 ut
3398 1126 3543 1182 ﬁant
3593 1128 3820 1198 majores

2201 1232 2427 1287 eorum,
2463 1232 2609 1288 quos
2642 1232 2798 1271 nunc
2822 1215 3041 1271 colunt.

2273 1306 2419 1361 Hinc
2443 1306 2569 1376 jam
2602 1306 2837 1361 Judaeos
2868 1303 3463 1376 etpseudoapostolos
3482 1304 3732 1376 sugillat,
3761 1320 3821 1361 ne

2199 1394 2272 1448 ab
2303 1393 2449 1465 ipsis
2479 1394 2857 1459 seducantur,
2890 1397 2947 1448 et
2972 1392 3114 1447 dicit
3146 1409 3158 1449 :
3193 1396 3255 1447 In
3293 1410 3398 1465 quo
3430 1396 3483 1449 et
3538 1396 3823 1450 circumcisi

2195 1484 2323 1535 estis
2353 1484 2765 1537 circumsicione
2782 1498 2894 1537 non
2921 1498 3092 1536 manu
3114 1481 3267 1554 facta
3289 1483 3433 1539 Hinc
3450 1484 3576 1553 jam
3610 1499 3678 1537 ne
3701 1498 3815 1537 um-

2199 1570 2321 1624 bris
2357 1570 2620 1624 Judaicis
2646 1572 3024 1638 seducantur,
3055 1571 3326 1642 adjungit
3359 1589 3372 1626 :
3403 1573 3467 1626 In
3511 1588 3620 1643 quo
3667 1572 3812 1627 etiam

2196 1660 2511 1713 circumcisi
2538 1660 2667 1713 estis
2694 1661 3109 1713 circumcisione
3136 1676 3248 1714 non
3277 1660 3700 1732 manufacta,id
3728 1664 3822 1725 est,

2198 1760 2301 1815 per
2324 1762 2503 1815 quam
2527 1750 2717 1801 totum
2747 1751 2997 1801 veterem
3033 1746 3331 1802 hominem
3363 1747 3750 1819 exspoliastis.
3774 1746 3823 1801 Hi

2197 1833 2693 1889 circumcidentur
2719 1834 2780 1889 in
2810 1834 3157 1906 cbristo,qui
3189 1840 3499 1908 amputata
3518 1837 3696 1892 totius
3725 1839 3824 1890 tra-

2195 1922 2435 1977 ditionis
2465 1923 2735 1978 humanaa
2764 1924 3019 1991 cultura,
3048 1924 3652 1997 Christojunguntur,
3679 1924 3825 1979 corde

2199 2028 2314 2065 non
2351 2027 2524 2066 carne
2554 2011 2977 2080 circumcisi,id
3007 2013 3183 2080 est,in
3212 2013 3576 2084 spiritu,non
3599 2014 3661 2069 in
3681 2028 3825 2069 carne

2196 2100 2535 2166 servientes,
2569 2105 2689 2155 uta
2718 2101 2965 2156 terrenis
3006 2101 3078 2155 ad
3131 2099 3407 2167 caelestia,
3441 2102 3519 2156 ab
3572 2102 3823 2157 humanis

2198 2188 2271 2243 ad
2305 2188 2522 2258 divina,
2558 2193 2615 2243 et
2644 2189 2717 2243 ab
2747 2205 2940 2244 errore
2971 2193 3388 2244 convertantur
3415 2192 3489 2245 ad
3540 2190 3815 2245 veritatem

2269 2278 2332 2330 In
2361 2278 2755 2347 exspoliatione
2781 2280 3024 2349 corporis
3049 2280 3281 2334 carnis..
3310 2278 3435 2333 Non
3466 2278 3616 2335 duas
3646 2279 3819 2350 utique

2197 2380 2288 2419 res
2318 2365 2563 2437 intelligi
2594 2364 2796 2433 voluit,
2818 2366 2987 2437 quasi
3014 2366 3171 2421 aliud
3205 2367 3281 2420 sit
3300 2382 3456 2433 caro,
3491 2366 3651 2422 aliud
3709 2383 3814 2422 cor-

2195 2470 2307 2525 pus
2344 2456 2572 2521 carnis;
2608 2456 2708 2509 sed
2743 2457 2882 2526 quia
2910 2471 3123 2525 corpus
3155 2454 3477 2510 multarum
3512 2471 3703 2511 rerum
3732 2471 3819 2510 no-

2196 2558 2330 2598 men
2353 2548 2461 2607 est,
2495 2560 2747 2615 quarum
2782 2560 2901 2599 una
2929 2560 3062 2599 caro
3090 2549 3199 2599 est.
3258 2544 3406 2599 Nam
3440 2543 3628 2601 multa
3683 2547 3817 2612 sunt,

2195 2636 2435 2701 excepta
2457 2649 2651 2698 carne,
2681 2648 2925 2704 corpora
2954 2631 3207 2687 caelestia
3238 2637 3295 2688 et
3333 2648 3578 2705 corpora
3629 2636 3818 2689 terres-

2194 2721 2331 2773 tria.
2366 2719 2608 2791 Corpus,
2642 2721 2834 2776 carnis
2856 2720 3021 2788 dixit,
3080 2738 3145 2777 eo
3181 2722 3338 2792 quod
3370 2726 3479 2778 hoc
3536 2721 3659 2778 loco
3713 2738 3815 2777 cor-

2196 2824 2329 2878 pus,
2362 2825 2597 2864 carnem
2615 2809 2867 2879 inteltigi
2896 2809 3096 2865 voluit.
3125 2809 3287 2866 Unde
3323 2815 3380 2866 et
3410 2812 3710 2883 sequitur:

2268 2895 2582 2966 Consepulti
2608 2900 2669 2951 in
2692 2899 2979 2968 baptismo,
3011 2915 3072 2952 in
3100 2914 3205 2968 quo
3233 2904 3288 2954 ct
3336 2900 3714 2955 resurrexistis
3736 2913 3821 2969 per

2193 2984 2356 3052 ﬁdem
2375 2986 2706 3054 Operationis
2733 2988 2848 3053 Dei,
2880 2988 2977 3057 qui
3004 2988 3288 3042 suscitavit
3315 2989 3477 3044 illum
3507 3006 3543 3043 a
3586 2988 3807 3043 mortuis.

2196 3070 2660 3129 Resurrexerunt
2688 3079 2882 3130 autem
2908 3091 3008 3146 per
3035 3076 3211 3130 ﬁdem
3244 3076 3344 3131 Dei
3371 3093 3386 3131 :
3419 3078 3492 3132 de
3544 3093 3656 3148 quo
3711 3089 3810 3131 cre-

2194 3159 2523 3232 dunt,quod
2546 3162 2809 3234 exemplo
2829 3163 3042 3219 Christi
3064 3164 3408 3221 resucitabit
3436 3165 3571 3223 illos
3599 3181 3665 3223 ex
3684 3178 3811 3219 mor-

2192 3248 2331 3304 tuis.
2355 3249 2478 3305 lllic
2508 3250 2664 3306 enim
2695 3252 2871 3307 homo
2927 3257 3096 3308 vetus
3154 3254 3488 3324 deponitur,
3550 3259 3607 3310 et
3652 3265 3808 3309 novus

2194 3338 2519 3393 assumitur
2547 3364 2561 3406 ;
2594 3341 2846 3411 peccatis
2877 3341 3356 3415 moritur(1233),
3390 3348 3457 3400 ut
3486 3344 3640 3400 vivat
3660 3338 3809 3413 justi-

2195 3426 2314 3494 ciaa,
2348 3431 2413 3481 ut
2439 3427 2666 3485 Christo
2698 3430 2975 3497 societur,
3015 3431 3436 3489 resurectionis
3497 3432 3697 3488 futuras
3745 3432 3809 3483 te.

2196 3531 2340 3571 nens
2371 3516 2586 3589 pignus
2614 3518 2877 3590 exemplo
2908 3518 3246 3588 Savaltoris,
3268 3522 3382 3591 'qui
3436 3519 3738 3578 resurrexit
3759 3530 3812 3572 ex

2195 3606 2464 3661 mortuis.
2498 3607 3163 3681 Resurrexistis,inquit,
3194 3609 3254 3665 in
3268 3627 3483 3667 novam
3512 3611 3811 3677 vitam,cre-

2196 3693 2399 3748 (lentes
2452 3700 2509 3749 et
2563 3695 2960 3768 intelligentes
3016 3697 3178 3753 illius
3236 3714 3370 3756 esse
3425 3698 3807 3773 operationem.

2194 3780 2337 3836 Vide
2367 3785 2865 3854 quemadmodum
2895 3790 2953 3841 et
2994 3786 3089 3842 hic
3118 3804 3336 3859 corpus
3365 3790 3580 3846 Christi
3608 3788 3687 3843 eis
3736 3800 3809 3839 os-

2193 3870 2402 3936 tendit,
2435 3872 2629 3927 utista
2648 3880 3047 3943 contemnant,
3080 3877 3445 3935 cohaerentes
3476 3882 3634 3934 tanto
3662 3869 3809 3945 capiti

2195 3976 2320 4025 suo,
2356 3961 2657 4017 mediatori
2695 3963 2789 4017 Dei
2819 3968 2874 4018 et
2903 3964 3233 4032 hominum,
3289 3968 3529 4024 Christo
3574 3969 3720 4028 Jesu,
3766 3965 3810 4014 et

2192 4048 2420 4103 nullum
2454 4049 2689 4117 falsum,
2721 4052 2808 4106 vel
2840 4050 3162 4108 invalidum
3210 4057 3501 4121 medium,
3537 4071 3635 4129 per
3678 4048 3805 4123 quod

2189 4134 2306 4190 Deo
2333 4136 2681 4206 cohaereant,
2713 4141 3095 4210 requirentes.
3123 4141 3253 4197 Haec
3281 4144 3469 4217 igitur
3488 4141 3809 4202 commonet,

2188 4227 2253 4277 ut
2286 4231 2611 4294 perseveret
2640 4227 2700 4282 in
2730 4229 3234 4286 abrenuntiatione
3264 4237 3578 4306 pompis,et
3604 4225 3807 4303 praesti-

2187 4312 2297 4383 giis
2316 4315 2499 4383 (1236)
2522 4317 2751 4372 Satanas
2775 4334 2788 4372 :
2818 4317 2919 4389 qui
2941 4318 3156 4375 idcirco
3172 4319 3595 4378 elementorum
3617 4317 3800 4375 suadet

2185 4400 2500 4473 culturam,
2534 4408 2598 4459 ut
2626 4422 2661 4459 a
2706 4411 2821 4460 Deo
2868 4414 3086 4474 avocet,
3146 4410 3465 4482 participes
3521 4402 3798 4481 apostasia

2184 4504 2302 4543 suae
2324 4490 2523 4547 valens
2545 4493 2774 4549 efﬁcere
2791 4494 3079 4551 homines.
3109 4497 3257 4562 Quia
3276 4501 3435 4554 enim
3459 4498 3566 4555 sub
3598 4493 3803 4552 nomine

2182 4594 2289 4632 suo
2319 4579 2612 4635 culturam
2649 4583 2893 4637 suadere
2917 4600 3033 4638 non
3082 4590 3278 4655 potest
3336 4586 3627 4657 (horretur
3666 4580 3798 4637 enim

423 4675 571 4728 ctum
602 4674 681 4724 est
702 4668 846 4722 nihil
867 4668 1042 4731 (Joan.
1074 4681 1113 4730 1,
1146 4666 1223 4734 3).
1283 4666 1632 4721 Mirabiliter
1692 4674 1887 4723 autem
1944 4670 2073 4725 vult
2100 4688 2147 4752 Ι)
2180 4665 2368 4737 ipsius
2400 4670 2655 4741 nomine)
2687 4672 2798 4725 sub
2828 4671 3069 4727 alterius
3126 4675 3367 4731 nomine
3425 4692 3590 4732 suam
3618 4670 3795 4729 volun-

422 4776 552 4815 esse
581 4759 791 4814 horum
822 4754 979 4808 velut
1010 4753 1368 4807 mirabilium
1429 4760 1883 4826 contemptores,
1933 4774 2068 4813 cum

422 4865 521 4905 eos
544 4845 799 4903 ostendit
830 4859 1042 4913 corpus
1078 4842 1259 4896 factos
1292 4843 1451 4897 illius
1484 4844 1716 4914 capitis,
1765 4847 2010 4901 dicendo
2044 4865 2058 4903 :

419 4939 484 4992 Et
515 4937 640 4991 estis
666 4936 726 4988 in
756 4934 853 4987 illo
885 4932 1101 5000 repleti,
1134 4932 1229 5000 qui
1258 4943 1333 4984 est
1361 4941 1525 5001 caput
1552 4936 1729 4986 omnis
1778 4937 2059 5006 principa-

420 5029 507 5079 tus
535 5030 591 5079 et
608 5024 911 5094 potestatis.
948 5020 1012 5072 Et
1033 5025 1122 5072 est
1154 5035 1385 5086 sensus,
1418 5021 1507 5073 vel
1539 5021 1678 5074 ordo
1709 5023 2020 5077 verborum
2046 5041 2060 5079 :

417 5114 474 5169 Si
508 5113 667 5167 Illius
699 5110 942 5164 scientia
958 5106 1295 5174 erudimini,
1323 5108 1421 5178 qui
1446 5109 1605 5162 dedit
1630 5108 1862 5164 initium
1887 5113 2062 5167 etiam

414 5198 694 5255 invisibili
727 5203 1025 5263 creaturae,
1059 5195 1198 5265 quid
1232 5196 1396 5249 vobis
1428 5196 1726 5251 conferent
1755 5200 1855 5269 qui
1914 5200 2061 5255 nihil

414 5288 667 5359 amplius
690 5285 1047 5355 intelligunt,
1074 5299 1250 5353 quam
1275 5283 1426 5352 quod
1452 5283 1694 5338 vident?
1716 5285 1852 5341 Plus
1874 5288 2061 5359 signi-

412 5377 545 5430 ﬁcat
564 5374 935 5429 credentibus
958 5372 1288 5439 dari,quam
1319 5377 1510 5440 potest
1540 5374 1599 5426 in
1630 5372 1936 5429 elementis
1969 5377 2062 5430 de-

408 5463 736 5535 prehendi:
796 5460 936 5531 quia
990 5459 1089 5529 qui
1148 5459 1207 5512 in
1253 5458 1481 5515 Christo
1514 5466 1621 5527 est,
1670 5463 1926 5533 repletus
1974 5469 2062 5521 est

481 5587 666 5656 (1234)
698 5585 915 5639 Textus
950 5581 1175 5656 hic,per
1198 5586 1585 5656 amanuensis
1626 5587 1874 5646 fortasse
1905 5588 2058 5645 obli-

407 5652 659 5726 vionem,
695 5657 774 5711 ita
804 5656 860 5709 in
894 5653 1021 5726 cod.
1054 5652 1434 5726 desideratur,
1492 5660 1557 5714 ut
1611 5657 1781 5717 illum
1838 5660 2057 5719 adden-

409 5730 548 5787 dum
580 5723 710 5787 vine
743 5723 1017 5807 scrupulo
1045 5724 1173 5781 ausi
1225 5723 1433 5783 simus.

2179 4758 2359 4815 tatem
2395 4764 2636 4814 conatur
2665 4758 2927 4830 implere.

2241 4851 2305 4904 Et
2334 4865 2443 4918 vos,
2476 4865 2601 4903 cum
2629 4850 2815 4903 essetis
2843 4851 3054 4905 mortui
3081 4853 3142 4905 in
3196 4852 3432 4922 delictis,
3465 4857 3518 4909 et
3542 4845 3788 4925 ρνέεραιίθ

2173 4939 2358 4991 carnis
2380 4942 2574 4992 vestra?
2603 4938 3007 5005 conviviﬁcavit
3030 4955 3154 4993 cum
3184 4941 3306 4997 illo.
3368 4943 3625 4997 Mortuos
3679 4933 3796 4992 dicit

2172 5028 2417 5095 gentiles
2450 5026 2667 5079 fuisse:
2695 5024 2951 5095 primum
2985 5028 3247 5097 quidem,
3275 5030 3415 5101 quia
3444 5029 3627 5103 legem
3654 5026 3792 5093 Moy-

2172 5115 2241 5180 si,
2267 5130 2399 5185 quae
2418 5114 2487 5169 ad
2508 5114 2911 5169 testimonium
2936 5117 3072 5171 data
3101 5121 3191 5172 est
3220 5120 3530 5189 Creatoris,
3561 5122 3614 5174 et
3641 5114 3703 5170 ad
3725 5110 3793 5165 vi-

2170 5204 2250 5257 tia
2280 5204 2743 5274 condemnanda,
2767 5204 3019 5275 recipere
3044 5206 3596 5277 noluerunt;deinde
3618 5215 3793 5277 pecca-

2171 5297 2362 5347 torum
2393 5310 2633 5347 suorum
2678 5294 3112 5365 causa,indigni
3171 5301 3341 5352 erant
3360 5298 3515 5364 vita;
3573 5295 3789 5359 ideoque

2169 5380 2443 5436 discrevit
2476 5382 2581 5437 hos
2613 5399 2648 5436 a
2676 5383 2912 5449 Iudaeis,
2982 5384 3150 5453 quasi
3180 5388 3284 5455 qui
3330 5386 3544 5443 fuerint
3595 5373 3788 5438 inimici

2168 5469 2269 5524 Dei
2300 5471 2497 5526 unius.
2540 5471 2729 5525 Judaei
2780 5487 2910 5526 vero
2959 5470 3017 5525 in
3071 5473 3250 5528 unius
3296 5475 3400 5530 Dei
3458 5468 3786 5531 confessione

2166 5662 2221 5722 le
2225 5592 2425 5722 ς(13233)
2455 5594 2667 5665 Verba,
2693 5597 2752 5650 et
2781 5611 3033 5665 novus,..
3066 5596 3339 5670 moritur,
3371 5598 3433 5656 in
3480 5598 3595 5655 imo
3624 5603 3781 5663 marg.

2299 5682 2455 5721 ntur.

2192 5680 2221 5720 e
2266 5680 2455 5721 enzur.

2224 5680 2420 5814 $4236)
2447 5737 2717 5795 Fortasse
2748 5738 2958 5798 melius
2983 5741 3420 5814 praestigiarum.
