3898 6416
319 472 433 533 631

1345 467 1683 529 A'l‘TONIS
1728 466 2313 531 VEBCELLENSIS
2360 470 2713 535 EPlSCOPl

3621 472 3747 533 632

395 606 532 660 Cum
561 607 753 658 autem
793 602 1037 659 Christus
1084 600 1407 674 apparuerit
1463 602 1577 655 vita
1613 603 1809 665 vestra,
1843 606 1971 653 tunc
2003 608 2057 665 Α
2089 602 2365 658 creatoris
2401 604 2515 673 Dei,
2551 604 2811 675 lignis,et
2830 603 3147 677 lapidibus,
3177 603 3266 660 vel
3317 602 3450 659 aliis
3483 602 3748 658 metallis

324 704 376 748 et
403 708 494 747 vos
548 693 889 762 apparebitis
944 707 1068 746 cum
1098 692 1195 746 illo
1241 692 1301 745 in
1352 691 1552 759 gloria.
1601 689 1726 742 Vita
1772 691 1976 742 nostra

325 779 593 836 Christus
623 786 730 847 est,
767 780 904 851 quia
934 778 1199 834 videlicet
1226 778 1350 849 ipse
1382 782 1470 831 est
1507 793 1678 830 verus
1714 781 1883 843 Deus,
1918 778 1978 828 et

325 867 445 922 vita
474 873 713 933 aeterna,
764 869 890 923 sine
948 867 1117 936 cujus
1148 865 1332 935 gratia
1393 865 1665 935 quisquis
1696 881 1757 918 se
1788 864 1976 917 vivere

329 956 531 1023 credit,
564 958 761 1011 vivens
789 961 1054 1010 mortuus
1103 960 1210 1008 est.
1260 955 1329 1009 Et
1358 955 1487 1008 ideo
1540 970 1743 1008 omnes
1777 951 1976 1005 ﬁdeles

330 1061 445 1100 non
464 1046 677 1099 debent
694 1045 863 1099 modo
885 1043 979 1098 hic
996 1060 1251 1114 quairere
1270 1042 1513 1113 gloriam
1536 1058 1798 1110 suam,eo
1820 1040 1974 1111 quod

330 1133 413 1187 illi
446 1134 540 1187 Dei
574 1133 711 1196 sint,
742 1138 799 1186 et
857 1137 1049 1186 tamen
1092 1134 1357 1186 nondum
1410 1136 1651 1202 apparet
1677 1130 1817 1200 quid
1852 1145 1981 1183 esse

336 1222 565 1276 debent.
599 1221 743 1286 Quid
778 1225 866 1274 est
897 1221 1050 1275 enim
1100 1220 1314 1283 dicere.
1348 1237 1472 1275 cum
1523 1220 1771 1273 Christus
1799 1233 1981 1287 appa-

333 1311 508 1366 ruerit
536 1311 650 1365 vita
672 1313 868 1379 vestra,
900 1314 1032 1364 tunc
1058 1317 1109 1364 et
1140 1326 1229 1364 vos
1274 1309 1619 1380 apparebitis
1644 1324 1769 1362 cum
1798 1306 1895 1360 illo
1922 1306 1984 1359 in

330 1400 528 1469 gloria,
564 1398 677 1453 nisi
700 1399 854 1469 quod
878 1398 1208 1453 etJoannes
1240 1397 1600 1468 evangelista
1621 1398 1748 1467 ejus
1780 1410 1986 1464 coapo-

334 1487 521 1542 stolus
543 1487 601 1542 in
626 1504 733 1542 sua
757 1486 1004 1558 epistola
1031 1486 1303 1541 ﬁdelibus
1321 1486 1573 1557 scripsil,
1596 1485 1796 1539 dicens
1816 1501 1827 1538 :
1849 1484 1987 1537 Cha-

332 1578 566 1640 rissimi,
590 1593 742 1631 nunc
793 1576 911 1647 ﬁlii
964 1577 1061 1631 Dei
1118 1593 1331 1641 sumus,
1390 1584 1444 1631 et
1489 1574 1730 1629 nondum
1759 1579 1986 1643 apparet

336 1666 467 1736 quid
494 1668 740 1727 erimus;
790 1668 1000 1720 scimus
1056 1668 1203 1719 enim
1265 1666 1415 1735 quia,
1472 1679 1598 1717 cum
1642 1662 1984 1732 apparuerit,

334 1756 547 1811 similes
575 1756 628 1810 ei
656 1757 876 1821 erimus,
901 1756 1162 1826 quoniam
1186 1753 1488 1808 videbimus
1518 1768 1645 1806 eum
1672 1751 1835 1804 sicuti
1865 1752 1989 1803 est?

339 1844 388 1915 (1
412 1846 576 1900 Joan.
610 1861 693 1907 ιιι,
720 1847 798 1915 2.)
818 1884 831 1891 μ

413 1932 733 2002 Mortiﬁcate
752 1948 879 2000 ergo
908 1933 1156 1986 membra
1180 1936 1376 1998 vestra,
1402 1945 1527 2001 quae
1545 1933 1671 1983 sunt
1695 1944 1859 1998 super
1879 1934 1990 1981 ter-

341 2038 485 2076 ram.
519 2022 804 2083 Quoniam
834 2022 1033 2076 omnia
1063 2020 1238 2075 simul
1269 2024 1505 2091 peccata
1533 2035 1744 2089 corpus
1774 2033 1902 2071 esse
1931 2016 1992 2069 in

346 2109 594 2180 epistola
624 2110 694 2165 ad
728 2110 1021 2165 Romanos
1044 2110 1339 2181 signiﬁcat
1362 2110 1529 2179 (Rom.
1557 2125 1633 2175 v1,
1665 2108 1741 2177 6).
1776 2104 1993 2160 Idcirco

347 2198 581 2269 singula
608 2197 818 2253 delicta
848 2199 1207 2265 describens,
1242 2199 1507 2251 membra
1536 2213 1603 2251 ea
1632 2194 1907 2267 appellat,
1932 2197 1997 2248 ut

348 2294 479 2359 post
506 2292 897 2359 acceptam,ac
928 2293 1215 2342 servatam
1259 2285 1662 2358 Evangelicam
1696 2286 1766 2338 de
1796 2283 1995 2338 Salva-

345 2377 491 2433 toris
520 2376 881 2448 plenitudine
902 2376 1211 2438 rationem,
1243 2377 1406 2431 bonas
1428 2375 1606 2429 vitam
1639 2389 1875 2444 operam
1900 2372 1997 2427 da-

345 2470 495 2529 rent,
528 2464 889 2520 abstinentes
920 2481 981 2518 se
1004 2466 1074 2519 ab
1108 2464 1269 2519 omni
1293 2462 1743 2533 turpitudine,ct
1772 2461 1995 2515 deside-

346 2554 432 2609 rio
465 2552 639 2619 malo,
669 2570 784 2624 quo
816 2552 1042 2624 possint
1094 2552 1310 2623 peritiae
1342 2551 1548 2606 divina:
1588 2551 1842 2604 fructum
1877 2566 1994 2604 non

346 2642 754 2697 amittere.Per
800 2647 1034 2714 tropum
1094 2641 1375 2712 loquitur,
1425 2656 1528 2710 per
1556 2639 1902 2693 efﬁcientem
1936 2637 1993 2690 id

346 2731 502 2801 quod
535 2730 950 2800 efﬁcitur,quia
979 2747 1095 2784 non
1127 2734 1349 2783 statum
1382 2728 1643 2781 cordoris
1674 2725 1993 2794 jubetinte-

346 2817 504 2883 rimi,
536 2833 642 2872 nec
672 2819 936 2872 membra
956 2817 1200 2885 destrui,
1233 2834 1359 2886 quae
1390 2820 1529 2870 sunt
1549 2831 1769 2885 organa
1790 2812 1996 2867 animae

348 2908 416 2963 ad
444 2907 735 2977 agendum
759 2922 907 2978 Opus
929 2904 1577 2975 bonum,membrorum
1593 2903 1749 2957 enim
1776 2900 1997 2955 malum

349 3012 545 3065 usum,
570 2995 723 3050 sicut
743 2995 1184 3062 solet,nominat
1208 2992 1645 3048 membra.Nam
1670 2992 1739 3046 de
1760 3008 1999 3061 corpore

349 3088 547 3140 nostro
580 3083 733 3138 idem
778 3083 1092 3155 Apostolus
1123 3082 1235 3138 alio
1282 3081 1407 3136 loco
1438 3080 1579 3135 dicit
1608 3098 1620 3135 :
1654 3081 1817 3135 Nemo
1846 3081 1999 3134 enim

347 3190 592 3244 unquam
620 3174 741 3228 odio
773 3173 964 3227 habuit
993 3189 1215 3227 carnem
1232 3172 1520 3236 sua-m,sed
1546 3171 1749 3231 nutrit,
1779 3174 1831 3222 et
1858 3171 2000 3239 fovet

348 3278 470 3318 eam
497 3263 713 3332 (Ephes.
747 3278 802 3327 v,
834 3263 946 3327 29).
968 3262 1050 3315 Ad
1083 3263 1254 3330 cujus
1274 3276 1409 3329 ergo
1431 3260 1678 3313 formam
1705 3258 1999 3328 proximos

349 3349 590 3421 diligere
612 3350 913 3420 jubemur,
939 3349 986 3404 si
1012 3348 1455 3419 nobismetipsis
1486 3346 1675 3417 iniqui
1706 3346 1994 3400 exstiteri-
2028 3330 2071 3396 C

351 3456 486 3494 mus
506 3440 534 3492 ‘2
563 3439 710 3503 Quid
742 3438 898 3493 enim
933 3434 1997 3507 mortiﬁcarejubeatApostolus,con-

350 3532 665 3597 sequenter
695 3527 985 3598 abjungit,
1019 3527 1256 3581 dicens:

422 3618 876 3683 Formcationem,
902 3616 1338 3679 immunditiam,
1358 3613 1663 3668 libidinem.
1689 3613 1817 3666 Haec
1840 3616 1998 3666 sunt.

355 3722 482 3775 quin
513 3704 829 3775 Apostolus
860 3702 1403 3772 mortiﬁcarijubet,
1430 3718 1545 3755 non
1564 3704 1783 3754 statum
1806 3716 2004 3771 corpo-

355 3790 459 3855 ris,
493 3791 592 3862 qui
620 3791 670 3845 si
700 3790 845 3846 bene
895 3796 1149 3858 regatur,
1202 3790 1251 3843 si
1299 3788 1660 3858 adjutorium
1693 3788 1861 3842 nobis
1891 3793 2001 3843 est.

355 3879 646 3934 Vitiorum
678 3878 894 3950 quippe
924 3879 1305 3947 consuetudo,
1336 3879 1420 3932 vel
1474 3877 1768 3947 appetitus
1798 3882 1886 3931 est
1917 3893 2003 3932 re-

358 3969 724 4041 primendus,
774 3985 890 4023 non
949 3985 1160 4039 corpus
1219 3967 1572 4022 necandum.
1618 3965 1824 4021 Omnis
1849 3966 2004 4021 enim

358 4056 801 4123 incontinentia,
834 4057 1214 4112 immunditia
1242 4056 1355 4111 dici
1378 4060 1568 4127 potest
1597 4058 1772 4125 atque
1803 4054 2008 4113 libido.

432 4148 495 4201 Et
547 4149 1045 4217 concupiscentiam
1100 4147 1327 4200 malam.
1400 4144 1524 4199 Non
1583 4143 1738 4197 enim
1792 4144 2009 4199 diceret

356 4233 691 4306 Apostolus,
724 4239 774 4289 et
821 4236 1321 4305 concupiscentiam
1358 4232 1594 4299 malam,
1628 4232 1739 4287 nisi
1770 4238 1923 4287 esset
1952 4238 2009 4287 et

358 4324 533 4391 bona,
566 4324 718 4379 sicut
746 4323 871 4395 ipse
909 4325 980 4379 de
1010 4340 1071 4378 se
1120 4327 1389 4388 testatur,
1423 4321 1662 4375 dicens:
1697 4321 1864 4391 Cupio
1891 4322 2007 4376 dis-

356 4423 513 4489 solvi,
546 4430 597 4476 et
625 4437 742 4476 esse
759 4438 884 4475 cum
917 4422 1125 4477 Christo
1156 4420 1386 4490 (Philip.
1420 4435 1459 4487 ι,
1481 4419 1595 4488 23).
1633 4416 1736 4471 Ubi
1762 4418 1917 4472 enim
1947 4419 2006 4473 in

360 4509 514 4564 malo
546 4515 654 4574 est,
687 4510 896 4565 vitium
929 4514 1057 4577 est;
1088 4508 1187 4563 ubi
1210 4524 1343 4563 vero
1371 4507 1429 4562 in
1455 4508 1627 4574 bono,
1661 4523 1777 4561 non
1810 4512 1899 4562 est
1920 4508 2006 4561 vi-

357 4597 532 4661 tium,
566 4599 662 4652 sed
699 4598 945 4653 affectio.

434 4687 748 4756 Sequitur:
812 4689 877 4740 Et
934 4689 1248 4754 avaritiam,
1312 4701 1437 4757 qua?
1474 4695 1551 4741 est
1580 4686 2012 4740 simulacrorum
2042 4699 2087 4760 ί)

359 4776 611 4831 servitus.
664 4775 837 4830 Recte
896 4775 1140 4829 avaritia
1198 4775 1370 4829 idolis
1430 4778 1823 4843 comparatur,
1874 4774 2016 4844 quia
2052 4800 2068 4806 -

362 4864 503 4919 dum
524 4862 793 4918 inetallis
851 4863 978 4917 auri
1008 4867 1067 4917 et
1098 4864 1345 4933 argenti,
1395 4863 1465 4917 de
1496 4862 1713 4932 quibus
1756 4862 1906 4916 ﬁunt
1935 4862 2012 4917 si-

361 4951 644 5015 mulacra,
682 4951 945 5005 homines
975 4952 1356 5006 immoderate
1381 4951 1878 5013 serviunt,aurum
1913 4968 2015 5022 pro

360 5040 476 5095 Deo
506 5045 872 5095 venerantur.
905 5040 1221 5094 Avaritiam
1255 5045 1451 5093 tamen
1484 5038 1822 5093 idololatria:
1855 5056 2015 5093 com-

359 5129 675 5198 paravit,ut
705 5129 850 5183 nihil
901 5128 1002 5181 illa
1047 5128 1353 5183 scelestius
1412 5128 1857 5182 demonstraret.
1893 5127 2014 5182 Sub

359 5232 477 5269 uno
490 5216 726 5272 nomine
741 5218 855 5272 duo
871 5204 1129 5287 pessima
1149 5222 1205 5271 et
1227 5216 1411 5287 impia
1431 5232 1645 5287 genera
1666 5214 2011 5287 designavit,

355 5320 482 5373 quas
510 5304 669 5357 omni
700 5304 924 5359 ratione
973 5310 1171 5360 monet
1226 5305 1522 5375 fugienda.
1558 5304 1820 5358 Primum
1855 5304 2009 5358 enim

354 5395 410 5444 et
440 5406 714 5459 pergrave
755 5393 974 5448 crimen
1008 5393 1336 5449 idololatria
1369 5399 1473 5450 est.
1519 5394 1668 5459 Quid
1701 5394 1854 5449 enim
1886 5396 2009 5447 tam

356 5476 775 5545 pel-uiciusum,
803 5486 1041 5551 tamque
1076 5482 1398 5550 funestum,
1425 5500 1602 5554 quam
1627 5482 1698 5537 ad
1733 5480 2009 5551 injuriam

358 5598 593 5721 ἀέξω
650 5599 734 5653 Ita
762 5605 819 5654 et
849 5602 1015 5659 divus
1052 5607 1435 5663 Ambrosius:
1484 5606 1656 5678 Vulg.
1690 5621 1824 5661 vero
1854 5608 2009 5676 cupi-

444 5690 454 5715 l
481 5705 487 5713 ι
513 5709 523 5718 .

397 5682 523 5719 illis.

434 5737 617 5808 (1255)
649 5744 736 5794 Ita
787 5740 953 5797 divus
1008 5745 1273 5816 Chrysot.
1331 5748 1556 5804 Scilicet
1588 5746 1848 5815 ἀπείθεια,
1883 5764 2009 5817 quae

2085 688 2538 747 honoriﬁcentiaa
2569 697 2698 763 ejus
2743 711 2952 749 nomen
2996 694 3273 756 tribuere,
3308 710 3442 748 cum
3474 692 3591 765 ipsi
3625 709 3748 747 non

2086 777 2401 847 patiantur,
2464 786 2528 835 ut
2556 799 2759 837 servus
2809 782 3046 836 nomine
3079 781 3312 837 Domini
3340 787 3750 853 nuncupetur,

2087 882 2261 936 quem
2285 884 2399 922 non
2423 870 2967 940 naturautique,sed
2988 870 3255 940 quaedam
3278 870 3532 924 conditio
3560 869 3751 939 subji-

2088 957 2166 1009 cit
2196 958 2457 1012 servituti
2482 958 2697 1021 ?.Aliud
2722 964 2925 1013 contra
2945 959 3167 1013 crimen
3190 962 3281 1013 est
3310 957 3587 1025 avaritiae,
3624 974 3746 1012 non

2091 1043 2291 1113 dispar
2321 1045 2564 1114 malitia,
2600 1048 2701 1101 sed
2746 1047 3040 1102 diversum
3092 1046 3151 1101 in
3186 1047 3440 1103 nomine.
3474 1047 3638 1102 Unde
3673 1047 3748 1101 ad

2091 1128 2539 1202 Tiniotheurn’l,
2575 1152 2650 1204 vx,
2684 1137 2753 1189 10
2784 1136 2903 1201 ait;
2937 1136 3122 1191 Radix
3163 1138 3311 1190 enim
3340 1139 3589 1191 omnium
3619 1152 3753 1189 ma-

2092 1220 2272 1276 lorum
2295 1227 2373 1276 est
2402 1225 2638 1278 avaritia
2669 1225 2876 1294 (1252).
2928 1224 3205 1279 Omnium
3254 1224 3410 1279 enim
3445 1242 3628 1295 capax
3660 1229 3758 1279 est

2044 1326 2063 1341 κ
2090 1308 2462 1378 delictorum,
2491 1317 2554 1366 ut
2583 1312 2877 1367 aviditatis
2900 1330 3038 1377 suae,
3074 1313 3226 1383 quod
3249 1311 3613 1383 impossibile
3635 1317 3753 1377 est,

2093 1397 2333 1468 impleat
2363 1400 2745 1466 desiderium,
2778 1418 3010 1472 semper
3060 1402 3268 1456 bibens
3300 1408 3355 1457 et
3402 1418 3637 1473 semper
3669 1400 3755 1453 εἱε-

2094 1487 2264 1542 tiens.
2298 1488 2423 1543 Non
2455 1489 2746 1544 immerito
2777 1506 2913 1561 ergo
2945 1490 3053 1544 sub
3100 1506 3217 1544 uno
3249 1488 3485 1557 nomine
3516 1494 3758 1543 utrum-

2097 1591 2209 1646 que
2242 1575 2460 1630 malum
2519 1578 2792 1632 ostendit.
2843 1577 2991 1632 Pene
3048 1577 3207 1633 enim
3266 1593 3382 1632 uno
3426 1576 3761 1647 explentur

2097 1660 2441 1735 opere,quia
2466 1665 2619 1719 sicut
2641 1664 2970 1719 idololatria
3000 1666 3101 1719 uni
3131 1665 3248 1720 Deo
3280 1666 3508 1721 auferre
3540 1664 3760 1719 nititur

2098 1752 2366 1823 gloriam,
2404 1769 2474 1808 ne
2504 1754 2657 1825 quod
2689 1755 2816 1823 ejus
2876 1753 3165 1825 peculiare
3196 1761 3306 1823 est,
3357 1754 3518 1811 solus
3549 1753 3762 1808 audiat

2100 1858 2314 1896 nomen
2344 1842 2580 1897 deitatis
2610 1841 2722 1896 sibi
2746 1841 2854 1897 soli
2881 1842 3238 1914 condignum
3269 1844 3389 1910 ;ita
3420 1849 3480 1898 et
3508 1842 3764 1898 avaritia

2101 1930 2158 1984 in
2192 1930 2289 1984 Dei
2312 1946 2373 1984 se
2404 1946 2495 1984 res
2513 1930 2791 1998 extendit,
2826 1935 2890 1984 ut
2919 1930 2969 1985 si
3000 1936 3192 2001 potest
3221 1931 3370 1999 ﬁeri,
3404 1948 3560 1986 unus
3592 1930 3762 1985 solus

2103 2023 2426 2073 creaturam
2459 2019 2588 2089 ejus
2618 2018 2730 2073 sibi
2764 2025 3028 2090 usurpet,
3062 2036 3240 2090 quam
3291 2024 3442 2073 Deus
3474 2019 3761 2074 omnibus

2104 2107 2257 2162 fecit.
2294 2107 2452 2162 Unde
2500 2108 2641 2162 dicit
2696 2107 2850 2163 Deus
2897 2126 2997 2179 per
3055 2107 3441 2179 prophetam:
3474 2109 3655 2162 Meum
3686 2108 3765 2162 est

2103 2212 2313 2250 aurum
2340 2204 2391 2250 et
2420 2211 2600 2249 meum
2654 2199 2733 2251 est
2779 2201 3079 2266 argentum
3127 2198 3282 2267 (Agg.
3314 2213 3357 2250 ιι
3388 2197 3463 2265 9).
3503 2195 3763 2267 Utraque

2103 2284 2283 2358 igitur
2313 2284 2429 2339 Deo
2461 2290 2551 2339 est
2599 2284 2874 2353 inimica;
2913 2284 3099 2340 ambae
3128 2285 3285 2340 enim
3317 2290 3431 2340 Deo
3462 2284 3763 2355 abnegant

2105 2391 2230 2445 quae
2261 2374 2389 2443 ejus
2421 2384 2576 2428 sunt.

2175 2482 2406 2550 Pr0pter
2433 2497 2552 2550 quae
2610 2481 2758 2533 venit
2814 2482 2902 2534 ira
2960 2480 3057 2534 Dei
3112 2482 3173 2533 in
3215 2480 3359 2549 ﬁlios
3407 2479 3764 2551 difﬁdentia.

2106 2569 2257 2637 Sive,
2290 2574 2354 2622 ut
2385 2568 2480 2621 alii
2516 2569 2741 2622 codices
2794 2568 3033 2633 habent,
3066 2585 3235 2640 super
3284 2570 3431 2639 ﬁlios
3458 2568 3763 2624 increduli-

2107 2660 2235 2713 tatis
2264 2658 2467 2727 (1253).
2502 2656 2678 2711 Filios
2722 2656 3147 2712 incredulitatis
3194 2656 3449 2729 appellat
3490 2656 3764 2712 Sodomi-

2105 2751 2195 2799 tas
2226 2750 2281 2799 et
2314 2761 2434 2810 eos,
2466 2744 2567 2815 qui
2625 2745 2681 2799 in
2742 2744 2959 2799 diluvio
3012 2746 3330 2817 perierunt,
3375 2747 3497 2802 sive
3527 2762 3626 2800 eos
3658 2746 3770 2817 qui

2108 2831 2205 2886 Dei
2228 2832 2402 2885 verbo
2427 2831 2709 2885 increduli
2728 2832 3035 2887 fueruntin
3058 2834 3313 2889 deserto.
3341 2833 3623 2889 Malorum
3648 2850 3770 2889 me-

2109 2925 2469 2975 moratorum
2500 2936 2679 2975 causa
2708 2926 3023 2975 venturum
3048 2922 3192 2977 dicit
3213 2923 3509 2993 judicium
3542 2922 3664 2987 Dei,
3700 2927 3769 2978 ut

2106 3009 2432 3063 vindicetur
2462 3009 2519 3062 in
2556 3008 2683 3073 hos,
2718 3010 2819 3081 qui
2850 3015 3184 3082 contempto
3217 3016 3330 3066 Deo
3364 3017 3420 3067 et
3450 3011 3575 3083 lege
3608 3013 3764 3083 ejus,

2106 3097 2418 3151 interdicta
2449 3096 2615 3167 sequi
2662 3096 3009 3152 malueruat.
3036 3099 3104 3153 Et
3131 3105 3222 3155 est
3252 3116 3465 3156 sensus
3497 3098 3586 3154 vel
3619 3102 3765 3156 ordo

2107 3186 2440 3241 verborum.
2466 3186 2546 3239 Ex
2577 3187 2886 3256 praeteritis
2913 3189 3111 3243 tutura
3135 3188 3399 3245 timenda
3429 3194 3589 3250 sunt.
3622 3190 3769 3261 quia

2110 3290 2363 3345 quorum
2395 3274 2722 3328 imitatores
2748 3275 2993 3343 fueritis,
3026 3293 3229 3331 eorum
3266 3282 3417 3332 recte
3449 3281 3505 3332 et
3536 3277 3641 3332 ﬁlii
3672 3294 3771 3334 vo-

2109 3362 2408 3419 cabimini.

2180 3468 2497 3541 Sequitur:
2530 3471 2591 3525 In
2640 3471 2837 3541 quibus
2888 3479 2939 3526 et
2986 3487 3077 3527 vos
3109 3473 3440 3528 ambulastis
3466 3473 3771 3545 aliquando

2109 3576 2231 3613 cum
2258 3561 2510 3613 viveretis
2540 3560 2596 3613 in
2631 3559 2746 3613 illis
2776 3564 2918 3615 Cum
2958 3565 3152 3616 autem
3188 3561 3369 3615 dixit:
3403 3579 3530 3617 cum
3558 3565 3774 3619 vivere-
3818 3585 3829 3595 ·

2114 3650 2183 3702 tis
2215 3650 2272 3701 in
2306 3649 2446 3702 illis.
2477 3649 2734 3702 ostendit
2762 3648 2892 3703 illos
2923 3649 3024 3703 diu
3057 3648 3210 3705 male
3242 3650 3478 3716 vixisse,
3509 3655 3566 3705 et
3597 3652 3774 3724 quasi

2113 3736 2301 3791 dicat:
2338 3736 2527 3790 Nolite
2552 3753 2706 3791 nunc
2735 3736 2865 3791 Jam
2898 3738 2979 3793 ita
3007 3737 3217 3803 vivere,
3244 3731 3316 3793 ne
3340 3740 3555 3794 frustra
3575 3739 3776 3795 videa-

2117 3825 2258 3880 mini
2277 3824 2913 3891 credidisse.Quantum
2930 3827 3046 3881 illis
3065 3828 3417 3882 beneﬁcium
3433 3827 3776 3900 praestiterit

2115 3914 2305 3986 gratia
2336 3913 2429 3967 Dei
2462 3930 2563 3984 per
2589 3918 2789 3969 Jesum
2820 3915 3142 3983 Christum,
3179 3933 3293 3972 non
3334 3921 3508 3985 tacet,
3542 3920 3610 3971 ut
3637 3932 3773 3989 gra-

2113 4001 2375 4058 tulentur
2402 4002 2657 4058 evasisse
2710 4019 2772 4057 se
2795 4006 2966 4073 iram,
2992 4021 3120 4075 quae
3151 4009 3394 4059 ventura
3413 4009 3501 4059 est
3531 4009 3775 4075 repente

2116 4108 2294 4161 super
2319 4090 2584 4144 inﬁdeles
2643 4091 2823 4145 totius
2885 4096 3070 4159 terrae,
3122 4099 3180 4147 et
3238 4093 3385 4148 tales
3418 4094 3773 4165 semetipsos

2118 4178 2431 4249 prabeant,
2466 4184 2530 4232 ut
2559 4195 2760 4249 parere
2792 4180 3023 4249 possint
3073 4181 3375 4252 praeceptis
3405 4182 3555 4252 ejus,
3589 4199 3623 4237 a
3654 4199 3773 4254 quo

2116 4285 2151 4323 a
2184 4271 2367 4321 morte
2398 4267 2655 4321 secunda
2685 4272 2824 4322 sunt
2857 4267 3108 4323 liberati.

2188 4380 2347 4430 Nunc
2374 4381 2560 4429 autem
2604 4375 2859 4445 deponite
2917 4380 2969 4430 ct
3018 4393 3110 4430 vos
3155 4393 3371 4432 omnem
3421 4378 3587 4445 iram,
3622 4376 3781 4432 indi-

2116 4465 2449 4535 gnationem,
2520 4464 2784 4531 malitim,
2845 4464 3261 4536 blasphemiam,
3323 4471 3539 4536 turpem
3566 4482 3779 4521 sermo-

2116 4569 2242 4606 nem
2271 4552 2335 4606 de
2364 4568 2455 4607 ore
2486 4553 2854 4607 vestro.Nunc
2876 4554 2946 4607 ab
2974 4553 3068 4607 his
3091 4554 3362 4625 prohibet
3392 4572 3519 4626 quae
3545 4555 3782 4610 minora

2120 4646 2355 4714 peccata
2384 4641 2675 4704 videntur,
2709 4659 2779 4695 ne
2830 4642 2976 4695 forte
3009 4643 3149 4714 quia
3179 4643 3450 4714 superius
3490 4660 3619 4715 quae
3646 4660 3781 4715 gra-

2122 4732 2281 4785 viora
2302 4734 2457 4795 sunt,
2478 4730 2884 4785 mortiﬁcanda
2903 4731 3231 4787 mandavit:
3254 4732 3374 4787 haec
3388 4732 3778 4801 admittenda,

2124 4824 2222 4875 aut
2253 4818 2417 4890 quasi
2453 4835 2559 4873 non
2596 4818 2924 4891 periculosa
2957 4837 3071 4875 non
3096 4821 3372 4892 fugienda
3403 4825 3780 4892 putarentur.

2128 4910 2253 4963 ch
2277 4906 2735 4978 indisciplinatio
2763 4924 2863 4962 nec
2888 4907 3023 4962 ﬁliis
3045 4908 3354 4964 hominum
3378 4910 3523 4965 bene
3554 4910 3783 4967 edoctis

2125 4998 2428 5052 convenit:
2466 5002 2683 5067 quanto
2719 4998 2905 5067 magis
2939 4997 3079 5053 ﬁliis
3111 4998 3259 5053 Dei?

2192 5106 2366 5159 Nolite
2397 5105 2625 5158 mentiri
2654 5106 2905 5159 invicem.
2941 5104 3066 5159 Non
3097 5104 3253 5160 enim
3285 5110 3510 5177 oportet
3543 5107 3785 5162 mentiri

2125 5194 2274 5249 ﬁlios
2306 5192 2587 5257 veritatis,
2638 5209 2772 5248 cum
2806 5211 2977 5247 omne
3029 5194 3398 5249 mendacium
3447 5194 3517 5249 de
3547 5195 3786 5251 diabolo

2123 5284 2218 5351 sit,
2251 5283 2349 5354 qui
2384 5282 2675 5337 homicida
2707 5282 2817 5337 iuit
2868 5283 2939 5336 ab
2974 5282 3161 5355 initio,
3208 5287 3265 5338 et
3294 5284 3354 5338 in
3385 5283 3635 5339 veritate
3669 5302 3787 5340 non

2123 5373 2302 5435 stetit,

2194 5478 2506 5549 Sequitur:
2540 5478 2917 5548 Exspolitmtes
2947 5495 3038 5533 vos
3064 5484 3295 5533 veterem
3345 5479 3624 5533 hominem
3657 5496 3783 5534 cum

2120 5602 2177 5656 in
2237 5602 2502 5656 versione
2560 5601 2923 5655 incredulitas
2988 5602 3197 5657 reddita
3255 5612 3373 5669 est;
3432 5600 3603 5657 facile
3663 5602 3777 5657 sci-

2121 5674 2251 5727 licet
2279 5674 2385 5726 l'uit
2411 5690 2590 5727 unum
2617 5689 2719 5740 pro
2745 5672 2923 5727 altero
2947 5672 3139 5728 Graece
3162 5674 3435 5740 scribere,
3462 5689 3597 5728 cum
3623 5674 3776 5728 difﬁ-

2120 5745 2319 5799 dentia
2349 5743 2567 5796 ἀπιστία
2596 5744 2786 5798 Graece
2811 5744 3121 5801 scribatur.
