3898 6410
115 476 242 540 633

720 485 1132 551 EXPOSl'l‘lO
1178 489 1256 551 IN
1304 490 1732 555 EPISTULAS
1780 491 2133 555 PAULL—
2165 492 2245 554 IN
2292 491 2538 556 EPIST.
2586 494 2690 554 AD
2739 490 3053 554 COLOSS.

3463 485 3582 546 634

128 612 344 669 actibus
373 616 520 682 suis,
553 625 606 673 et
635 617 851 675 induite
877 621 1062 694 (1254)
1091 640 1318 690 novum,
1351 640 1497 688 eum,
1521 626 1617 696 qui
1645 641 1804 680 reno-
1834 627 1889 693 Α
1921 626 2031 680 sub
2063 629 2456 698 septentrione
2489 626 2804 699 frigoribus
2837 623 3052 697 rigens,
3090 620 3352 678 moribus
3379 619 3589 677 barba-

129 706 300 758 vatur
327 705 391 759 in
422 707 718 777 agnitione
741 709 856 774 Dei,
879 711 1180 766 secundum
1209 715 1514 784 imaginem
1544 716 1684 784 ejus,
1718 731 1812 786 qui

130 793 353 849 creavit
387 811 542 850 eum.
571 801 712 852 Tam
765 799 938 853 verbo
992 817 1169 872 quam
1212 807 1368 868 actu,
1415 803 1483 858 ad
1536 803 1816 874 Ephesios

135 900 376 956 quoque
409 885 678 956 apertius
717 887 869 943 hanc
915 889 1230 962 imaginem
1283 893 1624 960 nominavit,
1659 893 1814 949 scili-

135 977 227 1028 cet
259 972 394 1028 aliis
427 975 625 1031 verbis
660 977 919 1048 idipsum
973 980 1313 1052 prmcipiens
1361 999 1373 1036 :
1426 982 1818 1054 Exspaliantes

136 1077 248 1128 vos,
284 1063 507 1133 inquit,
540 1073 779 1121 veterem
810 1067 1087 1124 hominem
1134 1087 1258 1125 cum
1306 1073 1518 1126 artibus
1558 1073 1696 1142 ejus,
1733 1074 1819 1126 in-

137 1151 294 1206 duite
323 1169 584 1234 .novum,
635 1155 733 1224 qui
775 1162 1075 1212 renovatur
1123 1161 1182 1212 in
1227 1162 1512 1231 agnitione
1560 1163 1680 1229 Dei,
1729 1177 1822 1216 se-

138 1241 390 1296 cundum
422 1244 727 1314 imaginem
753 1247 890 1318 eius,
923 1249 1023 1318 qui
1050 1251 1263 1304 creavit
1310 1267 1436 1305 eum
1483 1251 1616 1319 (Col.
1651 1269 1737 1318 ιιι,
1763 1253 1818 1320 9,

143 1329 253 1397 10).
289 1329 458 1393 Quod
499 1349 638 1404 ergo
675 1333 756 1389 ibi
787 1335 1020 1408 legitur,
1055 1339 1265 1393 induite
1293 1356 1492 1394 novum
1523 1342 1821 1408 hominem,

138 1423 238 1490 qui
269 1421 575 1476 secundum
609 1423 780 1478 Deum
806 1429 1028 1482 creatus
1078 1436 1175 1492 est,
1227 1428 1334 1482 hoc
1385 1430 1498 1484 isto
1555 1429 1698 1492 loco,
1733 1432 1822 1484 in-

137 1509 296 1564 duite
325 1526 533 1564 novum
564 1509 866 1582 hominem,
901 1517 1002 1585 qui
1029 1521 1657 1574 renoz'atursecumlum
1678 1523 1822 1574 ima-

138 1598 330 1664 ginem
359 1599 502 1668 ejus,
535 1601 634 1672 qui
661 1605 864 1658 creavit
897 1605 1134 1660 eumJbi
1176 1611 1372 1661 autem
1410 1607 1511 1673 ait,
1555 1608 1825 1662 scundum

141 1686 356 1750 Deum;
433 1687 528 1743 hic
595 1707 753 1756 vero,
804 1693 1101 1749 secundum
1167 1697 1465 1766 imaginem
1521 1697 1660 1766 ejus,
1729 1699 1827 1768 qui

141 1776 358 1830 creavit
386 1791 532 1832 eum.
569 1781 680 1834 Pro
711 1795 778 1834 eo
807 1797 966 1852 vero,
999 1783 1155 1854 quod
1188 1783 1268 1838 ibi
1303 1785 1521 1856 posuit,
1555 1788 1614 1839 in
1643 1787 1824 1858 justi-

138 1865 218 1918 tia
252 1868 310 1919 et
338 1868 635 1923 sanctitate
665 1871 946 1938 veritatis;
998 1871 1108 1927 hoc
1159 1873 1355 1944 posuit
1397 1873 1492 1929 hic
1544 1877 1605 1929 in
1651 1877 1826 1947 agni—

140 1952 289 2008 tione
328 1955 446 2010 Dei.
507 1955 600 2011 Fit
657 1975 792 2031 ergo
848 1960 960 2015 ista
1018 1961 1340 2031 renovatio,
1374 1963 1825 2034 reformatioque

143 2041 385 2113 mentis,
411 2046 739 2102 secundum
773 2047 958 2104 Deum
1012 2049 1098 2104 vel
1143 2053 1467 2108 secundum
1503 2053 1824 2124 imaginem

141 2129 267 2185 Dei.
321 2133 434 2186 Sed
485 2134 616 2190 ideo
665 2136 881 2192 dicitur
926 2139 1228 2194 secundum
1280 2146 1475 2208 Deum,
1508 2159 1580 2196 ne
1611 2157 1824 2197 secun-

140 2219 278 2274 dam
315 2221 496 2277 aliam
528 2229 858 2281 creaturam
891 2228 1012 2283 fieri
1048 2233 1320 2300 putetur;
1356 2231 1485 2286 ideo
1528 2231 1826 2286 secundum

139 2310 454 2380 imaginem
505 2313 621 2378 Dei,
672 2318 738 2368 ut
783 2315 842 2370 in
893 2333 960 2371 ea
1012 2334 1072 2373 re
1115 2318 1482 2384 intelligatur
1533 2319 1656 2374 fieri
1702 2319 1824 2374 haec

141 2400 471 2465 renovatio,
519 2402 622 2456 ubi
671 2408 761 2459 est
809 2405 1003 2478 imago
1054 2406 1176 2474 Dei,
1231 2408 1287 2461 id
1341 2413 1452 2473 est,
1497 2408 1556 2463 in
1604 2412 1819 2465 mente.

143 2489 665 2555 Qaemadmodum
721 2493 976 2550 dicimus
1007 2497 1332 2551 secundum
1367 2514 1603 2569 corpus,
1665 2516 1821 2554 mor-

141 2584 471 2646 tuum,non
503 2582 823 2636 secundum
855 2585 1270 2657 spiritum,qui
1305 2587 1376 2640 de
1406 2603 1646 2658 corpore
1681 2588 1822 2644 fide-

146 2665 220 2723 lis
250 2673 313 2724 et
335 2667 542 2738 justus
575 2670 856 2726 abscedit.
904 2673 1050 2736 Quid
1101 2675 1256 2728 enim
1307 2675 1560 2731 dicimus
1611 2694 1822 2732 secun-

145 2757 292 2812 dum
326 2761 1029 2830 corpus,mortuum,nisi
1066 2779 1326 2834 corpore,
1352 2764 1438 2819 vel
1470 2765 1526 2818 in
1561 2783 1820 2838 corpore,

145 2863 263 2902 non
299 2847 519 2912 anima,
554 2847 641 2903 vel
674 2849 733 2902 in
762 2850 961 2905 anima
996 2853 1334 2907 mortuum?
1381 2855 1532 2908 Sane
1578 2856 1691 2910 ista
1731 2873 1818 2911 re-

145 2937 384 2991 novatio
419 2954 531 2991 non
565 2943 863 2993 momento
908 2956 1025 2995 uno
1079 2942 1144 2994 ﬁt
1192 2942 1381 3012 ipsius
1429 2943 1819 3000 conversatio-

146 3024 264 3091 nis,
299 3029 456 3079 sxcut
505 3032 804 3082 momento
836 3045 950 3083 uno
985 3030 1050 3083 fit
1089 3029 1190 3084 illa
1219 3031 1276 3084 in
1311 3031 1606 3102 baptismo
1647 3050 1821 3088 reno-

146 3113 328 3181 vatio,
393 3114 740 3173 remissione
791 3118 1058 3174 omnium
1106 3125 1502 3190 peccatorum.
1564 3121 1622 3176 Si
1683 3138 1820 3194 ergo

140 3202 422 3274 spiritum
473 3205 690 3260 mentis
754 3211 965 3262 nostra:
1020 3225 1397 3274 renovamus,
1453 3214 1510 3264 et
1556 3208 1682 3280 ipse
1731 3216 1821 3266 est

138 3308 333 3348 novus
366 3292 560 3360 homo,
587 3293 690 3366 qui
722 3299 1032 3350 renovatur
1061 3295 1120 3350 in
1153 3298 1448 3368 agnitione
1481 3299 1813 3366 Dei,secun-

1925 732 2008 770 ra.
2042 720 2173 770 Hrec
2204 733 2269 771 ex
2301 735 2478 772 causa
2509 715 2753 789 Scythas
2786 714 2968 770 fertur
2995 730 3123 769 esse
3152 715 3407 767 vocatos.

1998 805 2276 874 Sequitur
2307 823 2319 862 :
2351 806 2564 861 lnduite
2590 821 2715 874 ergo
2750 821 2837 860 vos
2885 805 3026 858 sicut
3065 803 3222 857 electi
3249 802 3348 856 Dei
3377 799 3582 871 (i255),

1925 909 2133 948 viscera
2163 897 2585 952 misericordia.
2623 895 3034 964 benignitatem,
3066 892 3580 954 humilitatem,mo-

1927 983 2656 1056 destiam,putientiam.Ista
2685 983 2838 1038 enim
2873 983 3106 1047 habere,
3125 986 3301 1052 atque
3325 978 3596 1050 implere,

1929 1081 2017 1129 est
2039 1076 2333 1145 deponere
2362 1080 2615 1130 veterem
2649 1073 2947 1127 hominem
3000 1088 3134 1126 cum
3185 1069 3413 1124 actibus
3446 1067 3591 1133 suis,

1931 1169 1987 1218 et
2049 1165 2288 1220 induere
2347 1181 2581 1230 novum,
2617 1179 2776 1224 eum,
2809 1162 2908 1235 qui
2944 1165 3256 1216 renovatur
3303 1159 3361 1212 in
3427 1156 3592 1228 agni-

1931 1253 2108 1318 tione,
2141 1254 2462 1308 secundum
2497 1252 2812 1323 imaginem
2845 1253 2994 1321 ejus,
3025 1248 3124 1320 qui
3170 1247 3386 1302 creavit
3433 1261 3594 1300 eum.

1931 1343 2014 1396 Ad
2047 1342 2168 1396 haec
2201 1359 2297 1396 eos
2332 1342 2588 1396 facienda
2625 1341 2909 1406 hortatur,
2945 1356 3069 1410 qua:
3101 1337 3378 1392 meritum
3413 1332 3600 1388 collo-

1933 1436 2070 1485 cant
2101 1433 2253 1502 apud
2286 1432 2490 1485 Deum.
2511 1436 2558 1483 A
2583 1430 2836 1500 peccatis
2868 1435 3063 1483 autem
3096 1425 3389 1481 abstinere
3418 1423 3600 1476 timor

1933 1520 2098 1574 facit:
2118 1527 2346 1574 veretur
2367 1520 2521 1574 enim
2556 1537 2627 1574 ne
2657 1519 2813 1574 mala
2834 1517 3052 1572 faciens
3075 1514 3261 1588 pomis
3285 1513 3593 1567 subdatur.

1935 1609 2062 1664 Hrec
2095 1615 2448 1681 autem,qme
2473 1626 2629 1664 nunc
2654 1607 2917 1663 facienda
2940 1605 3235 1668 monet,ad
3269 1603 3594 1674 profectum

1935 1699 2229 1770 pertinent
2260 1700 2599 1753 meritorum
2635 1715 2648 1752 :
2683 1714 2752 1752 ex
2779 1695 3076 1752 voluntate
3107 1692 3265 1749 enim
3289 1692 3591 1754 fiunt,non

1935 1802 2004 1842 ex
2035 1787 2516 1852 necessitate.Qui
2539 1804 2674 1858 ergo
2697 1787 2768 1842 ab
2795 1784 3018 1840 illicitis
3050 1800 3111 1838 se
3143 1778 3600 1846 abstinet,habet

1936 1875 2168 1931 laudem
2193 1895 2206 1944 ;
2242 1876 2343 1947 qui
2375 1894 2508 1932 vero
2541 1894 2574 1932 a
2604 1875 2779 1931 licitis
2808 1876 3116 1944 temperat,
3146 1874 3204 1926 et
3232 1868 3467 1924 laudem
3499 1865 3596 1920 ha-

1937 1967 2052 2032 bet,
2087 1971 2145 2020 et
2178 1965 2507 2038 prmmium.

2007 2055 2402 2123 Supportantes
2433 2056 2683 2118 invicem,
2718 2051 2981 2125 exemplo
3026 2049 3263 2114 Christi,
3295 2046 3396 2121 qui
3429 2045 3598 2100 inﬁr-

1936 2144 2174 2199 mitates
2205 2149 2433 2200 nostras
2459 2144 2720 2216 portavit,
2738 2145 2858 2197 tam
2892 2139 3187 2214 spiritales
3216 2154 3393 2210 quam
3417 2135 3592 2192 etiam

1935 2232 2285 2304 corporales.
2322 2237 2396 2289 Et
2422 2233 2688 2288 donantes
2717 2230 3134 2302 vobismetipsis,
3167 2217 3364 2292 idest,
3393 2223 3589 2280 indul-

1934 2326 2156 2392 gentes,
2185 2327 2244 2378 et
2273 2322 2633 2378 dimittentes
2663 2320 3030 2385 alterutrum,
3063 2319 3217 2374 sicut
3245 2321 3301 2372 et
3323 2315 3594 2370 Christus

1933 2411 2207 2465 omnibus
2238 2410 2504 2477 indulsit,
2538 2410 2714 2466 etiam
2745 2413 2802 2465 et
2835 2406 3309 2480 persecutoribus
3339 2403 3485 2458 suis.

2002 2502 2071 2555 Si
2098 2502 2219 2572 quis
2251 2500 2514 2554 adversus
2544 2500 2785 2570 aliquem
2815 2497 2973 2552 habet
3003 2495 3302 2567 querelam,
3345 2494 3488 2548 sicut
3545 2493 3597 2547 et

1934 2590 2194 2644 Dominus
2221 2589 2449 2646 donavit
2478 2589 2646 2644 vobis.
2679 2590 2756 2641 Ac
2789 2587 2836 2642 si
2869 2587 3025 2641 dicat
3058 2601 3071 2638 :
3102 2584 3158 2639 Si
3191 2582 3286 2638 ille
3307 2581 3596 2652 indulget,

1935 2678 2033 2750 qui
2068 2684 2256 2749 potest
2285 2679 2602 2744 vindicare,
2636 2682 2692 2731 et
2723 2675 2927 2747 parcit,
2974 2675 3034 2729 in
3079 2689 3194 2745 quo
3243 2688 3360 2726 non
3408 2673 3601 2740 potest

1931 2767 2176 2822 inveniri
2214 2773 2510 2838 peccatum
2539 2784 2551 2832 ;
2585 2771 2807 2836 quanto
2833 2763 3020 2834 magis
3046 2779 3170 2829 vos,
3205 2759 3303 2832 qui
3332 2775 3445 2814 non
3487 2775 3595 2830 po-

1930 2857 2096 2912 testis
2127 2857 2315 2911 vivere
2349 2856 2473 2910 sinc
2509 2859 3027 2926 percato,quorum
3058 2850 3318 2907 vindicta
3337 2853 3440 2904 aut
3463 2865 3594 2920 par-

1931 2963 2002 3000 va
2034 2951 2137 3000 aut
2167 2945 2326 3000 nulla
2358 2946 2488 3000 est?
2523 2944 2711 2999 Nolite
2743 2960 2880 3013 ergo
2911 2941 3139 3012 exigere
3188 2955 3365 3011 parva
3395 2955 3428 2993 a
3457 2954 3594 2992 con-

1932 3035 2134 3099 servis,
2172 3052 2241 3090 ne
2270 3034 2434 3088 vobis
2491 3032 2718 3088 indulta
2765 3030 2950 3086 multa
2998 3027 3215 3102 peccati
3265 3027 3462 3082 debita
3510 3042 3596 3081 re-

1932 3125 2265 3197 quirentur.

2003 3213 2176 3281 Super
2206 3213 2393 3268 omnia
2424 3219 2606 3266 autem
2628 3210 2742 3264 haec
2767 3209 3098 3264 charitatem
3143 3207 3422 3262 habentes.
3449 3203 3598 3269 Quia

1929 3302 2084 3358 enim
2119 3299 2376 3356 omnium
2409 3301 2598 3367 major
2621 3304 2710 3353 est
2741 3297 3017 3364 charitas,
3049 3295 3188 3351 huic
3228 3294 3419 3366 magis
3465 3297 3590 3349 stu-

138 3383 286 3437 dum
317 3381 636 3454 imaginem
679 3384 830 3454 ejus,
883 3385 980 3457 qui
1033 3386 1247 3441 creavit
1297 3405 1455 3452 eum,
1506 3388 1653 3442 nulli
1701 3389 1810 3443 du-
1843 3367 1886 3433 Ο
1929 3391 2185 3446 dandum
2221 3389 2681 3444 hortatur.Tunc
2713 3387 2867 3442 enim
2901 3386 3258 3456 omnia,qua3
3279 3400 3459 3454 supra
3481 3397 3598 3438 ser'

137 3471 307 3526 bium
339 3479 451 3539 est,
485 3489 601 3527 non
635 3475 964 3528 secundum
997 3492 1229 3546 corpus,
1265 3493 1454 3547 neque
1488 3479 1817 3534 secundum

136 3558 471 3632 quamlibet
499 3561 711 3617 animas
735 3565 1088 3633 partem,sed
1114 3566 1438 3620 secundum
1467 3568 1816 3624 rationalem

138 3652 426 3714 mentem,
475 3649 577 3704 ubi
628 3655 822 3723 potest
877 3669 1006 3707 esse
1055 3654 1278 3725 agnitio
1338 3654 1457 3717 Dei,
1517 3655 1817 3712 hominem

137 3739 365 3793 factum
398 3739 470 3794 ad
502 3739 822 3812 imaginem
855 3742 1004 3812 ejus,
1042 3742 1138 3814 qui
1184 3743 1399 3798 creavit
1430 3747 1816 3800 eum.Secun-

137 3828 285 3882 dum
342 3827 498 3883 hanc
546 3832 742 3884 autem
795 3831 1232 3886 renovationem
1295 3833 1590 3888 efficimur
1641 3835 1818 3890 etiam

138 3916 270 3972 Filii
303 3915 403 3972 Dei
436 3933 539 3988 per
568 3917 933 3989 baptismum
967 3919 1206 3984 Christi,
1258 3926 1314 3974 et
1363 3921 1675 3977 induentes
1717 3941 1818 3979 no-

135 4022 278 4060 vum
332 4005 658 4073 hominem,
719 4007 1020 4062 Christum
1092 4009 1296 4078 utique
1352 4009 1658 4066 induimus
1719 4030 1822 4084 per

135 4094 342 4150 fidem.
376 4094 520 4161 Quis
551 4099 642 4150 est
672 4111 830 4168 ergo,
863 4097 964 4168 qui
997 4098 1070 4152 ab
1103 4097 1212 4152 hoc
1244 4101 1539 4154 consortio
1571 4101 1819 4157 feminas

138 4183 392 4251 alienas,
425 4199 560 4238 cum
595 4184 718 4240 sint
759 4185 1070 4240 nobiscum
1121 4187 1313 4258 gratia
1361 4187 1712 4254 cohazredes,
1765 4197 1822 4247 et

135 4271 257 4328 alio
293 4271 419 4328 loco
449 4271 608 4328 idem
643 4272 961 4345 Apostolus
1013 4274 1167 4330 dicat
1201 4293 1212 4330 :
1244 4275 1445 4332 Omnes
1491 4281 1641 4334 enim
1691 4281 1824 4345 Filii

134 4364 245 4419 Dei
271 4364 404 4417 estis
431 4377 528 4432 per
557 4362 726 4432 ﬁdem
759 4365 822 4419 in
853 4363 1070 4420 Christo
1115 4366 1262 4420 Jesu.
1317 4367 1641 4438 Quicunque
1670 4372 1821 4426 enim

134 4454 198 4507 in
246 4451 470 4508 Christo
526 4451 794 4523 baptizati
841 4454 996 4518 estis,
1051 4455 1334 4510 Christum
1377 4456 1652 4513 induistis.
1702 4462 1820 4515 Non

129 4548 213 4598 est
263 4541 520 4608 Iudaeus,
564 4558 742 4613 neque
819 4541 1060 4610 Graecus,
1117 4559 1224 4598 non
1285 4549 1368 4599 est
1413 4561 1600 4602 servus
1647 4565 1822 4620 neque

134 4633 286 4688 liber
317 4648 337 4686 :
369 4647 484 4686 non
510 4639 593 4686 est
617 4629 878 4686 maculas
923 4647 1101 4704 neque
1145 4634 1379 4702 femina.
1432 4635 1633 4691 Omnes
1669 4639 1820 4694 enim

1928 3480 2120 3534 venda
2150 3478 2470 3543 mandavit,
2502 3477 2574 3532 ad
2606 3476 2878 3532 effectum
2911 3475 3288 3548 prmmiorum
3318 3476 3597 3544 poterunt

1929 3567 2158 3634 deduci,
2193 3567 2242 3621 si
2275 3567 2423 3622 duce
2471 3565 2752 3620 charitate
2782 3565 2892 3620 iter
2921 3562 3226 3618 ambulent
3259 3560 3423 3633 legis.
3453 3559 3600 3614 Tota

1927 3658 2084 3713 enim
2105 3662 2296 3711 mente
2319 3653 2719 3726 Operatur,qui
2746 3654 2816 3708 de
2840 3669 3036 3706 amore
3059 3649 3282 3722 aliquid
3308 3648 3590 3720 facit.Hy-

1933 3748 2176 3819 pocrisis
2204 3753 2262 3801 et
2284 3744 2583 3801 simulatio
2603 3762 2715 3799 non
2740 3749 2826 3798 est
2860 3743 2916 3797 in
2942 3739 3407 3810 charitate,sicut
3427 3737 3600 3793 Joan-

1934 3854 2036 3892 nes
2067 3837 2146 3892 ait
2180 3853 2192 3892 :
2230 3837 2432 3898 Timor,
2469 3834 2681 3905 inquit,
2712 3849 2824 3888 non
2855 3836 2937 3888 est
2961 3833 3022 3886 in
3050 3831 3318 3886 charitate
3365 3829 3411 3900 (I
3438 3829 3574 3884 Joan

1933 3944 2009 3993 Iv,
2043 3927 2128 3994 18)
2165 3942 2176 3980 :
2215 3925 2310 3996 qui
2345 3923 2502 3978 enim
2533 3923 2702 3978 timet
2728 3924 3019 3995 perfectus
3041 3937 3156 3974 non
3187 3923 3306 3986 est;
3340 3918 3596 3989 perfecta

1931 4015 2088 4071 enim
2111 4013 2340 4068 dilectio
2368 4014 2520 4066 foras
2546 4011 2722 4066 mittit
2749 4007 3210 4064 timorem.Unde
3231 4010 3287 4060 et
3308 4005 3596 4061 Dominus

1930 4101 2114 4156 amari
2142 4118 2202 4155 se
2238 4099 2462 4165 maluit,
2497 4115 2672 4169 quam
2701 4097 2916 4153 timeri.
2950 4096 3078 4150 Haec
3117 4099 3206 4149 est
3251 4093 3430 4158 enim,
3463 4110 3593 4164 qua;

1931 4190 2341 4262 complectitur
2371 4190 2690 4253 unitatem;
2720 4187 2840 4241 haec
2869 4202 2995 4252 quis
3027 4202 3231 4240 omnes
3265 4200 3449 4238 unum
3473 4199 3595 4238 cor-

1931 4298 2043 4353 pus
2076 4279 2244 4342 t'acit;
2273 4279 2393 4333 haec
2425 4284 2534 4345 est,
2567 4294 2694 4349 qua:
2725 4292 2921 4332 veram
2956 4275 3132 4330 habet
3163 4290 3385 4345 pacem,
3414 4289 3592 4344 quam

1931 4371 2105 4426 corde
2135 4385 2282 4441 puro
2311 4367 2585 4422 custodit.
2622 4365 2814 4420 Potest
2861 4363 3016 4419 enim
3069 4379 3181 4434 pax
3219 4361 3354 4428 dici,
3391 4366 3591 4418 etnon

1929 4458 2146 4514 habere
2197 4455 2565 4510 charitatem.
2597 4453 2864 4510 Charitas
2911 4451 3068 4506 enim
3113 4467 3346 4522 semper
3388 4467 3588 4506 secum

1928 4547 2106 4602 habet
2131 4560 2353 4617 pacem.

2003 4635 2153 4704 Quod
2185 4643 2262 4688 est
2288 4632 2572 4688 vinculum
2599 4631 2974 4701 perfectionis.
3025 4629 3401 4688 Perfectionis
3433 4629 3590 4685 enim

132 4738 228 4778 vos
277 4736 460 4775 unum
511 4721 646 4775 estis
693 4721 756 4774 in
809 4720 1022 4776 Christo
1066 4723 1234 4778 Iesu?
1275 4721 1423 4793 (Cat.
1457 4741 1545 4791 III,
1575 4727 1665 4792 26,
1697 4729 1812 4800 27.)
1845 4731 1892 4796 Β
1923 4723 2225 4783 vinculum
2251 4721 2508 4777 cbaritas
2541 4719 2786 4786 dicitur;
2819 4719 2958 4790 quia
2979 4735 3150 4775 omne
3185 4717 3588 4788 bonum,quod

131 4808 564 4882 Nunquidnam
595 4807 777 4880 igitur
806 4809 1009 4865 fideles
1041 4809 1272 4865 feminae
1303 4829 1506 4869 sexum
1553 4817 1814 4887 corporis

133 4897 517 4955 amiserunt?
564 4897 678 4953 Sed
727 4897 871 4970 quia
912 4899 991 4954 ibi
1046 4905 1357 4955 renovatur
1386 4902 1458 4956 ad
1490 4902 1810 4976 imaginem

132 4989 259 5060 Dei,
296 4986 399 5043 ubi
433 5002 612 5042 sexus
643 4985 843 5042 nullus
873 4993 984 5058 est,
1017 4987 1126 5044 hoc
1155 4994 1264 5055 est,
1297 4989 1356 5044 in
1390 4990 1601 5063 spiritu
1644 5010 1813 5048 men-

130 5082 206 5136 tis
239 5094 388 5135 ωε.
1456 5132 1463 5139 .

205 5170 312 5227 Ubi
365 5182 478 5222 non
529 5171 612 5220 est
660 5166 901 5233 gentilis,
953 5174 1013 5221 et
1051 5167 1298 5232 Iudaeus,
1351 5171 1718 5236 circumcisio,
1765 5165 1819 5227 et

133 5261 507 5330 praeputium,
540 5256 844 5322 Barbarus,
875 5257 926 5310 et
956 5255 1176 5328 Scytha,
1209 5274 1418 5328 servus,
1451 5262 1505 5313 et
1535 5259 1698 5326 liber,
1722 5262 1818 5318 sed

136 5364 347 5417 omnm,
382 5354 436 5402 et
463 5347 530 5401 in
560 5345 822 5401 omnibus
853 5344 1119 5401 Christus.
1143 5348 1222 5402 Ac
1251 5346 1301 5402 si
1325 5351 1592 5419 patenter
1621 5348 1812 5405 dicat:

135 5438 305 5511 Apud
341 5437 527 5492 Deum
587 5450 706 5490 non
745 5434 1092 5506 praejudicat
1143 5450 1342 5506 sexus,
1392 5435 1478 5490 vel
1531 5437 1813 5494 conditio:

136 5532 235 5582 aut
267 5542 484 5598 genus,
515 5520 604 5578 vel
636 5522 956 5596 provincia,
989 5523 1090 5578 sed
1122 5522 1246 5578 sola
1277 5524 1640 5581 conversatio
1681 5542 1814 5581 eum

141 5615 252 5672 fide
283 5621 445 5672 recta
475 5612 822 5684 requiritur.
856 5611 1088 5684 Scythia
1129 5617 1218 5668 est
1267 5613 1565 5681 provincia
1596 5621 1819 5672 remota

205 5720 618 5794 (1254)Code_x
647 5721 847 5775 noster
894 5735 1030 5775 cum
1072 5717 1510 5794 Ambrosiastro
1561 5721 1816 5786 induite;

142 5790 313 5869 Vulg.
345 5790 487 5852 cum
523 5790 898 5864 Hieronymo,
932 5807 1035 5848 seu
1065 5791 1296 5864 Pelagio
1329 5791 1635 5850 inducntes.

1925 4816 2139 4888 agitur,
2172 4812 2452 4866 nimirum
2486 4827 2588 4881 per
2620 4809 2884 4876 illam,ne
2907 4807 3385 4878 pereat.ligatur:
3408 4823 3441 4860 a
3464 4813 3589 4888 teng

1921 4887 2107 4960 tatore
2139 4917 2395 4970 namque
2426 4900 2622 4962 citius,
2647 4904 2703 4953 et
2732 4899 3036 4970 quodlibet
3062 4914 3211 4968 opus
3243 4887 3590 4962 evellitur,si

1927 4993 2188 5050 solutum
2221 5008 2254 5046 a
2281 4988 2516 5045 vinculo
2564 4988 2868 5043 charitatis
2921 4987 3235 5044 invenitur.
3273 4985 3335 5040 Si
3392 4990 3591 5040 autem

1927 5100 2118 5146 mens,
2153 5080 2251 5137 Dei
2279 5096 2344 5135 ac
2374 5077 2624 5152 proximi
2655 5076 2965 5132 dilectione
2997 5074 3437 5147 constringitur,
3455 5091 3588 5130 cum

1924 5171 2318 5228 tentationum
2341 5173 2537 5224 motus
2575 5166 2843 5236 quislibet
2861 5168 2912 5222 ei
2935 5166 3156 5237 injuste
3189 5161 3597 5238 suggesserint

1928 5263 2154 5318 obicem
2189 5277 2252 5314 se
2281 5258 2400 5313 illis
2434 5258 2562 5329 ipsa
2596 5255 2830 5310 dilectio
2861 5256 3121 5328 opponit,
3177 5261 3233 5312 et
3268 5257 3596 5324 persuasio-

1928 5350 2044 5416 nis,
2078 5349 2268 5405 undas
2301 5347 2586 5402 virtutum
2623 5343 2810 5411 ostiis,
2851 5361 2917 5400 ac
2965 5351 3122 5402 vecto
3151 5345 3345 5402 intimi
3377 5346 3596 5405 amoris

1928 5439 2164 5510 frangit.

1999 5529 2066 5582 Et
2107 5541 2219 5596 pax
2259 5524 2462 5578 Christi
2503 5522 2739 5578 exsultet
2786 5525 2844 5578 in
2888 5524 3148 5581 cordibus
3203 5527 3419 5582 vestris.
3475 5525 3592 5582 Pax

1927 5615 2142 5672 Christi
2173 5613 2306 5669 talis
2337 5610 2688 5684 est,qualem
2718 5611 2816 5667 ille
2844 5614 3050 5670 habuit
3079 5631 3211 5671 cum
3245 5613 3459 5687 seipso,
3493 5612 3593 5684 qui

1928 5797 1966 5853 ι,
2000 5723 2184 5795 (1255)
2215 5721 2421 5789 Sancti,
2454 5729 2506 5777 et
2531 5720 2722 5777 dilecti
2751 5721 2992 5796 insuper
3021 5723 3241 5780 habent
3288 5722 3413 5778 alia:
3463 5720 3584 5780 leo-.-

1953 5812 2136 5852 nones.

1953 5812 2136 5852 101183.
