3898 6396
347 463 468 522 643

1370 457 1705 518 ATTONIS
1738 458 2341 547 ,VERCELLENSIS
2390 458 2737 518 EPISGOPI

3644 460 3769 517 644

342 609 460 649 rem
489 609 585 663 pro
614 594 779 659 vobis,
816 592 969 648 sicut
999 597 1055 647 et
1084 593 1154 645 de
1186 609 1247 647 se
1276 591 1703 660 testatur,quod
1738 590 1796 643 in
1827 590 1992 644 laho-
2023 594 2075 654 Α
2106 591 2164 643 in
2200 590 2614 645 Laodicensium
2642 592 2897 646 Ecclesita
2920 592 3153 659 legatur,
3172 600 3223 646 et
3249 608 3390 659 eam,
3424 608 3543 663 qua:
3568 591 3769 647 Laodi-

346 679 750 736 ribusmultus
774 682 1044 736 fuerit.Ut
1067 681 1345 735 sollicitos
1362 698 1457 734 eos
1479 678 1850 733 salutationis
1874 696 1990 732 sure

346 771 540 831 faciat,
576 772 823 825 aliorum
858 770 1155 839 vigilantia
1174 774 1393 838 quanta
1423 769 1497 821 sit
1527 785 1627 837 pro
1662 767 1769 827 his,
1806 773 1991 821 osten-

342 859 448 915 dit.
484 859 795 913 Sollieitior
819 859 974 912 enim
1007 859 1138 927 quis
1169 857 1432 927 sit,puto,
1464 857 1695 926 quando
1722 856 1780 910 in
1814 873 1991 910 causa

345 964 452 1003 sua
477 947 724 1002 alterum
758 946 962 999 viderit
989 946 1204 1000 labore.

411 1039 485 1091 Et
514 1035 679 1089 dicite
708 1035 972 1105 Archippo
994 1052 1011 1086 :
1049 1033 1186 1087 Vide
1215 1034 1756 1103 ministerium/[uad
1788 1034 1991 1103 accepi-

343 1125 416 1179 sti
448 1127 507 1178 in
538 1125 785 1192 Domi-no,
818 1130 879 1176 ut
912 1122 1054 1175 illud
1112 1124 1367 1191 impleas.
1407 1124 1567 1187 Quod
1600 1127 1687 1176 est
1719 1122 1984 1176 ministe-

337 1212 671 1282 rium,quod
707 1211 1038 1281 Archippus
1064 1212 1283 1281 accepit
1310 1228 1342 1264 a
1374 1212 1619 1265 Domino
1652 1212 1720 1264 ad
1757 1209 1985 1280 plebem

335 1301 606 1371 Legimus
637 1299 747 1354 alio
781 1300 904 1354 loco
937 1315 949 1352 :
985 1300 1049 1353 Et
1080 1299 1348 1370 Archippo
1393 1301 1755 1354 commilitoni
1784 1308 1985 1368 nostra,

335 1393 392 1443 et
419 1389 692 1454 Ecclesiae,
725 1403 851 1460 quae
882 1390 939 1442 in
990 1390 1151 1443 domo
1207 1394 1302 1442 tua
1359 1397 1438 1443 est
1495 1389 1748 1457 (Philem.
1783 1389 1837 1458 2)
1869 1408 1887 1442 :
1920 1404 1987 1441 ex

336 1493 451 1547 quo
484 1482 761 1548 putamus
792 1482 895 1532 aut
925 1478 1265 1549 episcopum
1315 1494 1447 1531 eum
1483 1478 1662 1531 fuisse
1721 1476 1985 1531 Ecclesiae

329 1565 709 1634 Colossensis,
743 1566 836 1620 cui
868 1567 1223 1622 admonetur
1271 1565 1531 1621 studiose
1562 1565 1986 1636 diligenterque

336 1671 606 1726 praeesse,
631 1660 734 1710 aut
762 1655 1057 1727 Evangelii
1083 1655 1667 1726 praedicatoremAut
1689 1654 1735 1707 si
1771 1655 1847 1707 ita
1870 1671 1979 1707 non

333 1748 425 1798 est
453 1744 596 1798 illud
631 1744 774 1798 mihi
806 1744 867 1798 in
928 1745 1369 1816 praesentiarum
1429 1743 1664 1811 sufﬁcit,
1715 1743 1870 1805 quod
1929 1746 1985 1796 et

331 1832 659 1898 Philemon,
691 1839 746 1887 et
782 1833 1124 1904 Archippus,
1155 1838 1212 1886 et
1242 1832 1556 1885 Onesimus
1588 1831 1731 1900 ipse,
1755 1831 1853 1899 qui
1888 1829 1981 1883 lit-

329 1924 486 1975 teras
546 1921 892 1992 perferebat,
926 1921 1142 1975 fuerint
1181 1919 1556 1974 Colossenses
1616 1936 1628 1972 :
1690 1924 1745 1973 et
1778 1920 1977 1973 eodem

329 2013 593 2080 tempore
638 2014 909 2079 quatuor,
945 2015 1006 2063 ut
1035 2014 1168 2064 ante
1198 2009 1474 2071 diximus,
1512 2008 1770 2079 epistolae
1804 2009 1983 2062 Roma

330 2096 561 2151 directis
595 2099 734 2174 sint.

396 2188 624 2241 Salutat
656 2204 741 2241 vos
801 2189 969 2241 Lucas
997 2188 1235 2241 medicus
1264 2187 1636 2248 charissimus,
1683 2190 1733 2239 et.
1767 2187 1978 2239 Demas.

325 2274 471 2331 Vere
496 2276 883 2331 charissimus
914 2276 1187 2344 Apostolo
1222 2275 1329 2330 fuit
1362 2276 1566 2343 Lucas,
1601 2276 1737 2345 quia
1782 2276 1980 2329 omnia

327 2369 707 2434 postponens,
738 2364 1079 2435 Apostolum
1114 2370 1348 2419 secutus
1390 2368 1479 2417 est
1507 2379 1759 2434 semper,
1792 2363 1889 2433 qui
1924 2367 1979 2416 et

325 2451 704 2523 Bvangelium
728 2457 784 2506 et
807 2457 984 2506 Actus
1015 2451 1413 2523 apostolorum
1445 2451 1752 2521 scripsisse
1785 2451 1976 2521 perhi-

324 2540 512 2595 betur.

399 2628 662 2694 Salutate,
692 2632 913 2695 fratres,
946 2631 1043 2701 qui
1070 2633 1199 2684 sunt
1222 2628 1512 2697 Laodiciw,
1569 2636 1618 2681 et
1647 2629 1974 2698 Nympham,

326 2724 380 2774 et
407 2734 531 2788 qua:
562 2721 622 2773 in
644 2719 799 2773 domo
827 2720 943 2787 ejus
970 2722 1070 2786 est,
1109 2718 1432 2770 l-.‘cclesiam.
1468 2716 1750 2780 Quoniam
1798 2716 1974 2770 simili

268 2862 279 2869 ,
329 2807 586 2873 modo,et
617 2824 719 2878 pro
751 2806 841 2860 his
875 2806 975 2877 qui
1012 2806 1285 2859 Laodicia:
1317 2810 1475 2873 sunt,
1508 2804 1797 2859 sollicitus
1827 2810 1971 2873 erat,

326 2895 386 2949 in
419 2912 620 2950 eorum
652 2894 898 2966 epistola
928 2894 1033 2949 bos
1066 2893 1405 2948 salutandos
1437 2899 1770 2947 commonet
1802 2894 1971 2964 Nym-

321 2983 499 3055 pham
531 2983 856 3038 chariorem
882 2982 1245 3047 existimans,
1272 2984 1441 3051 cujus
1470 2988 1526 3036 et
1549 2983 1787 3036 domum
1812 2982 1968 3036 salu-

320 3077 423 3127 tat.
459 3072 602 3127 Tam
635 3071 788 3126 enim
818 3072 1026 3125 devota
1055 3071 1284 3125 videtur
1315 3071 1515 3133 fuisse,
1556 3077 1619 3124 ut
1651 3071 1841 3125 omnis
1868 3072 1967 3126 do-

323 3177 457 3215 mus
488 3162 616 3231 ejus
647 3160 813 3229 signo
844 3159 1080 3214 titulata
1109 3166 1263 3213 esset
1293 3160 1501 3214 crucis.

396 3250 461 3304 Et
488 3265 614 3304 cum
642 3252 784 3303 tecta
808 3249 993 3325 fuerit
1020 3248 1164 3319 apud
1194 3265 1282 3302 vos
1338 3248 1794 3319 Epistola,facite,
1824 3257 1884 3303 ut
1910 3258 1965 3303 et

2101 682 2341 733 censium
2374 690 2447 734 est
2482 683 2697 751 legatis.
2748 681 2892 744 Quia
2922 679 3221 750 generales
3244 685 3382 735 sunt
3422 681 3764 736 instructio-

2103 785 2204 821 nes
2239 769 2521 839 Apostoli,
2552 774 2606 823 et
2634 770 2703 822 ad
2740 770 3004 822 omnium
3032 772 3354 839 profectum
3380 769 3612 841 scripta
3645 770 3766 841 epi-

2101 856 2262 910 stolte
2297 876 2308 911 :
2344 858 2557 911 idcirco
2581 863 2753 911 etiam
2784 858 3235 912 Laodicensibns
3260 857 3578 928 Epistolam
3604 859 3763 913 hanc

2100 942 2210 1013 legi
2249 945 2535 1015 praecepit,
2569 951 2629 997 ut
2662 962 2763 1015 per
2795 945 2943 999 hanc
2966 947 3105 1015 quid
3135 946 3428 1017 agendum
3460 947 3572 1001 sibi
3593 952 3759 1002 esset

2098 1033 2464 1087 addiscerent
2486 1050 2498 1086 :
2517 1040 2571 1087 et
2594 1034 3059 1099 Colossenses,ut
3077 1051 3277 1089 eorum
3310 1035 3761 1106 legerentjuxta

2100 1137 2340 1174 sensum
2374 1122 2837 1191 suppradictum.

2168 1212 2233 1263 Et
2263 1211 2433 1264 dicite
2465 1211 2732 1280 Archippo
2757 1228 2774 1263 :
2812 1212 2955 1265 Vide
2986 1213 3381 1278 ministerium,
3422 1213 3565 1282 quod
3592 1229 3753 1269 acce-

2093 1300 2229 1368 pisti
2258 1300 2315 1352 in
2350 1300 2575 1353 Domino
2606 1308 2665 1353 ut
2686 1300 2823 1353 illud
2851 1300 3485 1370 impleas.Priepositum
3510 1301 3753 1358 illorum

2098 1404 2199 1456 per
2232 1403 2329 1441 eos
2362 1387 2520 1457 ipsos
2552 1394 2904 1453 eammonet,
2938 1392 3001 1441 ut
3031 1389 3109 1442 sit
3140 1388 3425 1444 sollicitus
3455 1390 3526 1445 de
3555 1389 3753 1446 salute

2097 1476 2381 1545 ipsorum.
2415 1477 2483 1529 Et
2515 1477 2653 1546 quia
2685 1476 2866 1547 plebis
2899 1477 3083 1532 solius
3115 1493 3291 1532 causa
3317 1477 3593 1533 scribitur
3623 1479 3753 1551 Epi-

2095 1564 2265 1630 stola,
2296 1565 2424 1618 ideo
2459 1582 2570 1618 non
2605 1566 2675 1618 ad
2711 1570 2990 1619 rectorem
3027 1566 3417 1636 ipsorum,sed
3452 1568 3521 1621 ad
3556 1566 3752 1623 Eccle-

2094 1653 2265 1707 siam.
2299 1653 2432 1707 Post
2482 1655 2637 1708 enim
2674 1654 3021 1725 Epaphram,
3059 1655 3157 1725 qui
3197 1654 3326 1709 illos
3380 1655 3617 1723 imbuit,
3653 1656 3751 1710 hic

2095 1741 2317 1812 accepit
2348 1744 2660 1811 regendam
2692 1760 2890 1797 eorum
2926 1743 3263 1798 Ecclesiam.

2164 1832 2432 1885 Salutalio
2490 1849 2609 1885 mea
2639 1848 2808 1885 manu
2854 1832 3040 1886 Pauli.
3091 1832 3326 1902 Omnes,
3381 1849 3528 1903 quas
3560 1851 3746 1889 manu

2091 1920 2321 1990 propria
2344 1937 2457 1975 non
2491 1922 2782 1975 scribebat
2812 1920 3191 1991 epistolas,ne
3213 1938 3245 1977 a
3271 1920 3432 1976 falsis
3457 1922 3743 1978 fratribus

2090 2015 2624 2078 corrumperentur,
2664 2009 2892 2078 proprio
2920 2010 3086 2080 signo
3118 2009 3405 2064 hebraicis
3437 2008 3648 2065 litteris
3682 2011 3743 2065 in

2095 2099 2205 2150 ﬁne
2238 2098 2661 2152 subscribendo
2696 2099 3025 2152 roborabat.
3064 2098 3224 2154 Unde
3254 2097 3367 2153 alio
3400 2098 3524 2154 loco
3557 2099 3738 2153 dicit:

2088 2187 2356 2241 Sz-"atatio
2387 2203 2501 2239 mra
2536 2204 2705 2239 manu
2737 2189 2905 2240 Pauli
2926 2205 2945 2248 ,·
2978 2188 3115 2257 quod
3146 2191 3226 2241 est
3252 2189 3472 2257 signum
3495 2190 3552 2242 in
3585 2191 3749 2242 omni

2086 2290 2166 2345 cpt
2212 2274 2319 2327 ‘ola
2354 2278 2429 2342 (Il
2459 2277 2632 2329 Thcss.
2668 2293 2748 2339 ιιι,
2791 2276 2892 2347 17).

2159 2364 2416 2419 Mcmores
2445 2369 2614 2419 estote
2661 2365 3002 2418 vinculorum
3034 2381 3296 2421 meorum.
3331 2365 3482 2419 Dicit
3512 2382 3736 2421 meme-

2089 2469 2246 2517 rans,
2282 2458 2345 2507 ut
2378 2453 2435 2508 in
2467 2459 2660 2507 mente
2695 2454 2945 2508 habeant
2976 2455 3165 2508 exitus
3188 2456 3334 2524 ejus,
3369 2471 3517 2525 quos
3546 2455 3739 2525 patie—

2089 2541 2260 2595 batur
2288 2559 2387 2612 pro
2421 2542 2609 2597 salute
2643 2543 2927 2613 gentium,
2964 2549 3019 2596 et
3049 2542 3194 2597 tales
3226 2560 3286 2597 se
3318 2544 3644 2614 praeberent
3677 2547 3746 2598 ut

2089 2645 2200 2681 non
2234 2644 2380 2699 aegre
2406 2629 2579 2682 ferret
2612 2629 2727 2699 pati
2765 2646 2866 2699 pro
2899 2629 2990 2683 bis
3023 2629 3298 2699 injurias.
3341 2632 3420 2684 Ac
3451 2630 3501 2685 si
3532 2631 3692 2686 dicat
3726 2647 3741 2687 :

2085 2715 2229 2777 Quia
2261 2717 2413 2769 enim
2450 2716 2621 2770 vestri
2654 2734 2831 2771 causa
2863 2717 2982 2771 haec
3033 2718 3239 2789 patior,
3297 2724 3354 2773 et
3382 2735 3485 2775 vos
3537 2719 3737 2774 imita-

2087 2803 2229 2857 mini
2261 2805 2589 2875 exemplum
2625 2822 2840 2860 meum.
3310 2854 3315 2859 .

2158 2892 2342 2947 Gratia
2375 2895 2595 2947 Domini
2643 2896 2767 2948 Jesu
2798 2894 3091 2949 vobiscum.
3125 2896 3312 2949 Amen.
3347 2895 3546 2950 Gratia
3592 2896 3741 2950 dici-

2084 2984 2181 3034 tur
2212 2981 2377 3051 quasi
2411 2984 2592 3051 gratis
2623 2984 2756 3035 data
2786 3000 2797 3036 :
2833 3000 2963 3036 cum
2997 2983 3113 3038 illis
3145 2983 3300 3037 enim
3331 2999 3461 3038 vere
3493 2988 3583 3039 est
3613 3001 3744 3056 gra-

2082 3070 2289 3139 tia,qui
2324 3087 2455 3124 cum
2488 3088 2612 3124 eam
2648 3072 3062 3140 acceperint,et
3089 3071 3149 3125 in
3181 3088 3249 3127 ea
3279 3073 3739 3143 permanserint,

2078 3160 2148 3213 de
2176 3160 2424 3230 propriis
2458 3160 2683 3214 meritis
2712 3177 2827 3215 non
2860 3160 3235 3215 extolluntur.

2608 3255 2718 3304 Deo
2754 3250 2992 3321 gratias.
3028 3253 3209 3304 Amen

868 3613 1482 3706 EPISTOLA
1550 3615 1588 3704 Ι
1661 3615 1825 3705 AD
1887 3614 3194 3761 THESSALONICENSES.

781 3931 1293 3987 ARGUMENTUM
1326 3932 1526 4001 (1266).

396 4023 470 4079 Ut
499 4024 730 4087 horum,
764 4022 820 4076 id
873 4027 983 4085 est,
1042 4019 1650 4075 Thessalonicensium
1708 4020 1971 4092 exemplo

323 4113 472 4169 alios
503 4113 843 4168 exhortatur
864 4111 934 4165 ad
967 4110 1099 4164 fidei
1124 4108 1653 4174 incrementa,istos
1674 4108 1874 4163 laudat
1905 4126 1970 4163 eo

320 4202 475 4274 quod
511 4201 567 4254 in
600 4205 834 4269 accepta
863 4198 1049 4269 gratia
1080 4201 1507 4268 permanentes,
1541 4198 1613 4251 ad
1647 4199 1967 4268 profectum

319 4289 541 4364 praemii
575 4289 728 4344 aucti
759 4292 899 4343 sunt
927 4286 1167 4342 meliora
1200 4286 1569 4352 sectando,ut
1599 4290 1655 4340 et
1686 4286 1753 4339 ad
1790 4287 1970 4355 perfe-

319 4385 476 4435 ctum
510 4379 831 4439 tenderent,
864 4393 1065 4430 eorum
1097 4375 1413 4429 virtutibus
1441 4374 1686 4445 quaesita
1717 4374 1970 4445 dignitas

319 4474 555 4524 caeteros
587 4471 942 4539 provocaret.
980 4466 1177 4519 Tanta:
1237 4465 1392 4519 enim
1452 4463 1585 4517 ﬁdei
1618 4464 1971 4517 imbiberant

320 4556 616 4629 spiritum,
650 4560 717 4609 ut
747 4571 849 4625 spe
899 4555 1231 4608 futurorum
1277 4553 1452 4607 etiam
1482 4552 1693 4606 civium
1727 4568 1967 4606 suorum

320 4640 1371 4714 Macedonum,persecutionesillatas
1390 4658 1489 4712 pro
1508 4641 1745 4695 nomine
1757 4640 1967 4695 Christi

318 4735 522 4789 devoto
553 4733 750 4788 animo
781 4735 1139 4804 paterentur.
1163 4729 1235 4783 Ut
1265 4729 1472 4784 horum
1502 4746 1637 4799 ergo
1670 4731 1965 4795 meritum,

318 4827 375 4879 et
406 4840 575 4878 suam
609 4839 677 4877 ex
706 4836 907 4876 eorum
942 4820 1201 4889 profectu
1224 4818 1482 4872 lmtitiam
1516 4818 1724 4873 litteris
1754 4819 1966 4890 signet,

316 4911 400 4966 ita
430 4909 635 4965 scribit
663 4910 734 4964 ad
770 4925 868 4963 eos
900 4908 1103 4979 (1267).

391 5087 547 5157 (CAP.
585 5087 652 5156 l.)
684 5085 925 5150 Paulus,
959 5088 1007 5139 et
1033 5070 1321 5148 Silvanus,
1358 5087 1406 5137 et
1449 5083 1765 5136 Timotheus
1798 5085 1971 5137 Eccle-

320 5179 425 5231 siae
456 5175 1029 5242 Thessalonicensium,
1088 5177 1144 5227 in
1180 5177 1287 5228 Deo
1334 5173 1522 5231 Patre,
1571 5175 1622 5225 et
1653 5173 1710 5225 in
1743 5174 1968 5227 Domino

321 5265 449 5319 Jesu
480 5262 711 5316 Christo.
761 5261 948 5317 Gratia
992 5264 1145 5318 vobis
1191 5267 1244 5317 et
1300 5278 1432 5332 pax.
1486 5259 1689 5314 Trium
1730 5261 1968 5330 quidem

2006 3959 2047 4025 C
2087 3937 2141 3987 et
2164 3934 2336 3988 verba
2352 3933 2536 3989 solius
2557 3935 2811 4006 Apostoli
2838 3936 3146 3999 sunt.Quia
3176 3936 3331 3991 enim
3358 3954 3494 3993 cum
3523 3956 3740 4011 magno

2080 4023 2294 4092 gaudio
2326 4023 2617 4077 exsultant
2657 4026 2715 4077 in
2747 4025 3004 4095 profectu
3051 4024 3309 4091 illorum,
3341 4043 3410 4081 ex
3440 4044 3736 4083 consensu

2080 4112 2151 4165 ad
2185 4112 2409 4182 plebem
2444 4111 2700 4182 Epistola
2724 4112 3000 4167 scribitur
3030 4114 3086 4167 in
3120 4113 3472 4170 exultatione
3504 4116 3601 4170 Dei
3627 4120 3737 4171 Pa-

2078 4200 2185 4253 tris
2208 4205 2263 4254 et
2298 4200 2520 4253 Domini
2544 4200 2723 4255 nostri
2752 4201 2893 4255 Jesu
2921 4201 3359 4273 Cbristi,pacem
3398 4207 3455 4259 et
3483 4204 3733 4276 gratiam

2079 4289 2172 4343 his
2204 4293 2504 4358 exoptans.

2154 4376 2369 4432 Gratias
2417 4378 2627 4447 agimus
2656 4379 2761 4432 Deo
2781 4395 2995 4450 semper
3020 4397 3118 4450 pro
3150 4383 3403 4436 omnibus
3436 4382 3587 4436 vobis
3616 4398 3736 4437 me-

2078 4469 2312 4520 moriam
2346 4452 2511 4520 uestri
2538 4468 2797 4535 facientes
2817 4469 2876 4519 in
2905 4469 3249 4523 orationibus
3269 4471 3470 4524 nostris
3501 4471 3619 4525 sine
3651 4472 3736 4525 in.

2080 4557 2426 4609 termissione
2455 4570 2713 4608 memores
2746 4557 2921 4624 operis
2951 4556 3081 4623 ﬁdei
3132 4566 3342 4622 vestra),
3402 4568 3451 4613 et
3483 4559 3738 4613 laborum

2079 4643 2576 4712 clzarilatis,(t‘368)
2609 4650 2659 4696 et
2718 4644 3111 4712 expectationis
3149 4646 3331 4717 (1269)
3390 4646 3616 4701 Domini
3640 4664 3734 4702 no-

2078 4734 2186 4786 stri
2212 4734 2337 4787 Jesu
2368 4731 2571 4785 Christi
2607 4747 2792 4785 coram
2826 4733 2950 4795 Deo,
3011 4740 3060 4786 et
3089 4734 3253 4788 Patre
3300 4739 3488 4789 nostro
3520 4736 3729 4806 (1270).

2079 4820 2362 4883 Quoniam
2389 4819 2586 4873 omnia
2614 4821 2764 4873 bona
2793 4836 2827 4873 a
2851 4825 2960 4874 Deo
2984 4823 3362 4887 sunt,idcirco
3385 4824 3434 4877 ei
3469 4824 3733 4894 primum

2078 4909 2294 4981 gratias
2318 4910 2576 4963 referunt
2597 4906 2652 4959 in
2679 4909 2935 4978 profectu
2962 4908 3324 4981 illorum,qui
3346 4911 3622 4982 dignatus
3645 4917 3739 4967 est

2079 5015 2194 5053 non
2210 4998 2397 5051 solum
2417 4997 2633 5049 donum
2651 5013 2822 5049 suum
2845 4998 2979 5050 dare
2996 4996 3336 5053 hominibus
3351 5000 3461 5054 sub
3495 5005 3735 5070 peccato

2079 5084 2541 5149 constitutis,sed
2565 5087 2620 5136 et
2653 5083 2708 5136 in
2736 5083 2886 5139 filios
2918 5084 3021 5138 bos
3052 5086 3535 5157 adoptare,simul
3559 5088 3733 5156 adju-

2076 5192 2217 5228 vans
2250 5190 2349 5227 eos
2384 5173 2451 5225 ad
2509 5171 2707 5225 omnia
2751 5172 2925 5225 exitia
2963 5172 3284 5240 toleranda,
3337 5180 3401 5228 ut
3430 5173 3733 5246 digniores

2081 5265 2239 5316 ﬁant.
2276 5260 2664 5326 Quamobrem
2698 5260 3039 5316 meminisse
3096 5262 3305 5317 horum
3339 5264 3545 5318 dicunt
3577 5282 3641 5318 se
3672 5265 3733 5319 in

324 5350 731 5422 episcoporum
763 5351 1002 5406 nomina
1031 5351 1233 5406 litterae
1263 5348 1583 5405 continent.
1618 5348 1725 5403 Sed
1761 5366 1969 5405 sensus
2000 5320 2045 5383 D
2078 5349 2439 5407 orationibus
2474 5348 2619 5415 suis,
2665 5364 2729 5402 eo
2778 5349 2932 5419 quod
2979 5351 3411 5407 crebrescerent
3464 5350 3525 5406 in
3560 5368 3737 5424 opere

397 5508 581 5575 (1266)
614 5507 843 5562 Titulus
875 5508 967 5562 hic
996 5508 1052 5563 in
1078 5510 1270 5564 codice
1304 5508 1686 5563 desideratur.

394 5580 578 5647 (1267)
611 5581 728 5632 Hoc
758 5586 1169 5649 argumentum
1202 5581 1318 5634 divi
1376 5580 1691 5646 Ambrosii,
1736 5597 1835 5634 seu
1871 5580 1970 5633 Ili-

322 5649 474 5725 lat-ii
491 5649 721 5725 diaconi
746 5655 853 5725 est,
880 5650 997 5725 imo
1018 5658 1074 5707 et
1102 5652 1326 5725 integra
1355 5651 1629 5725 Epistolas
1661 5652 1969 5725 expositio.

394 5721 579 5804 (1268)
613 5720 784 5793 Vulg.
818 5720 1023 5776 laboris
1062 5732 1111 5778 et
1139 5720 1452 5779 cha'ritatis.

2154 5510 2335 5576 (1269)
2367 5508 2534 5575 Vulg.
2579 5507 2703 5561 loco
2753 5512 3191 5578 exspectationis,
3251 5511 3448 5574 habet,
3479 5520 3533 5567 et
3560 5514 3737 5568 susti-

2082 5584 2287 5637 nentia:
2318 5580 2703 5649 spei.Tectum
2736 5596 2868 5633 cum
2903 5582 3031 5637 divo
3065 5584 3364 5638 Ambrosio
3388 5582 3531 5653 legit
3559 5585 3740 5642 inter-

2083 5670 2213 5727 pres
2245 5657 2461 5706 noster.

2153 5724 2335 5799 (1370)
2368 5719 2541 5793 Vulg.
2571 5722 2700 5775 ante
2732 5720 2901 5778 Deum
2930 5727 2984 5778 et
3019 5726 3245 5783 Patrem
3272 5728 3550 5789 nostrum.
