  <div class='ocr_page' id='page_1' title='image "/cluster/home/n/w/nwhite01/storage/ocr_20150623/134-135/uc1.31175013627537/330.png"; bbox 0 0 3898 6424; ppageno 0'>
   <div class='ocr_carea' id='block_1_1' title="bbox 120 483 234 544">
    <p class='ocr_par' dir='ltr' id='par_1_1' title="bbox 120 483 234 544">
     <span class='ocr_line' id='line_1_1' title="bbox 120 483 234 544; baseline 0.009 -1"><span class='ocrx_word' id='word_1_1' title='bbox 120 483 234 544; x_wconf 71' lang='grc'>645</span> 
     </span>
    </p>
   </div>
   <div class='ocr_carea' id='block_1_2' title="bbox 670 487 3043 585">
    <p class='ocr_par' dir='ltr' id='par_1_2' title="bbox 670 487 3043 585">
     <span class='ocr_line' id='line_1_2' title="bbox 670 487 3043 585; baseline 0.004 -39"><span class='ocrx_word' id='word_1_2' title='bbox 670 487 1088 548; x_wconf 85' lang='lat' dir='ltr'>EXPOSlTIO</span> <span class='ocrx_word' id='word_1_3' title='bbox 1135 490 1228 585; x_wconf 38' lang='lat' dir='ltr'>IN,</span> <span class='ocrx_word' id='word_1_4' title='bbox 1255 487 1680 548; x_wconf 78' lang='lat' dir='ltr'>EPISTOLAS</span> <span class='ocrx_word' id='word_1_5' title='bbox 1734 489 1987 551; x_wconf 73' lang='lat' dir='ltr'>PAULI.</span> <span class='ocrx_word' id='word_1_6' title='bbox 2031 523 2105 534; x_wconf 88' lang='lat'>-—</span> <span class='ocrx_word' id='word_1_7' title='bbox 2138 493 2211 550; x_wconf 86' lang='lat' dir='ltr'>IN</span> <span class='ocrx_word' id='word_1_8' title='bbox 2264 494 2507 558; x_wconf 84' lang='lat' dir='ltr'>EPlST.</span> <span class='ocrx_word' id='word_1_9' title='bbox 2554 498 2572 554; x_wconf 93' lang='lat' dir='ltr'>l</span> <span class='ocrx_word' id='word_1_10' title='bbox 2619 499 2722 556; x_wconf 86' lang='lat' dir='ltr'>AD</span> <span class='ocrx_word' id='word_1_11' title='bbox 2769 497 3043 557; x_wconf 85' lang='lat' dir='ltr'>THESS.</span> 
     </span>
    </p>
   </div>
   <div class='ocr_carea' id='block_1_3' title="bbox 3451 499 3572 562">
    <p class='ocr_par' dir='ltr' id='par_1_3' title="bbox 3451 499 3572 562">
     <span class='ocr_line' id='line_1_3' title="bbox 3451 499 3572 562; baseline -0.025 0"><span class='ocrx_word' id='word_1_12' title='bbox 3451 499 3572 562; x_wconf 78' lang='grc'>646</span> 
     </span>
    </p>
   </div>
   <div class='ocr_carea' id='block_1_4' title="bbox 133 618 3569 695">
    <p class='ocr_par' dir='ltr' id='par_1_4' title="bbox 133 618 3569 695">
     <span class='ocr_line' id='line_1_4' title="bbox 133 618 3569 695; baseline 0.004 -21"><span class='ocrx_word' id='word_1_13' title='bbox 133 618 261 674; x_wconf 89' lang='lat' dir='ltr'>ﬁdei</span> <span class='ocrx_word' id='word_1_14' title='bbox 289 619 529 675; x_wconf 67' lang='lat' dir='ltr'>caeteris</span> <span class='ocrx_word' id='word_1_15' title='bbox 555 619 851 682; x_wconf 89' lang='lat' dir='ltr'>Ecclesiis,</span> <span class='ocrx_word' id='word_1_16' title='bbox 877 623 942 674; x_wconf 91' lang='lat' dir='ltr'>ut</span> <span class='ocrx_word' id='word_1_17' title='bbox 975 623 1116 673; x_wconf 86' lang='lat' dir='ltr'>nutu</span> <span class='ocrx_word' id='word_1_18' title='bbox 1147 619 1246 674; x_wconf 85' lang='lat' dir='ltr'>Dei</span> <span class='ocrx_word' id='word_1_19' title='bbox 1279 621 1622 692; x_wconf 86' lang='lat' dir='ltr'>perﬁcerent</span> <span class='ocrx_word' id='word_1_20' title='bbox 1652 637 1801 686; x_wconf 86' lang='lat' dir='ltr'>opus</span> <span class='ocrx_word' id='word_1_21' title='bbox 1834 631 1882 691; x_wconf 75' lang='grc' dir='ltr'>Α</span> <span class='ocrx_word' id='word_1_22' title='bbox 1917 625 2601 694; x_wconf 88' lang='lat' dir='ltr'>agressedicuntfamam</span> <span class='ocrx_word' id='word_1_23' title='bbox 2622 627 2900 684; x_wconf 76' lang='lat' dir='ltr'>introitus</span> <span class='ocrx_word' id='word_1_24' title='bbox 2919 631 3569 695; x_wconf 88' lang='lat' dir='ltr'>sui,etconversationis</span> 
     </span>
    </p>
   </div>
   <div class='ocr_carea' id='block_1_5' title="bbox 137 708 1803 782">
    <p class='ocr_par' dir='ltr' id='par_1_5' title="bbox 137 708 1803 782">
     <span class='ocr_line' id='line_1_5' title="bbox 137 708 1803 782; baseline 0 -18"><span class='ocrx_word' id='word_1_25' title='bbox 137 713 418 782; x_wconf 82' lang='lat' dir='ltr'>cceptum,</span> <span class='ocrx_word' id='word_1_26' title='bbox 451 709 714 780; x_wconf 77' lang='lat' dir='ltr'>prompti</span> <span class='ocrx_word' id='word_1_27' title='bbox 748 709 805 763; x_wconf 91' lang='lat' dir='ltr'>in</span> <span class='ocrx_word' id='word_1_28' title='bbox 839 708 1034 764; x_wconf 85' lang='lat' dir='ltr'>studio</span> <span class='ocrx_word' id='word_1_29' title='bbox 1067 709 1372 763; x_wconf 87' lang='lat' dir='ltr'>charitatis</span> <span class='ocrx_word' id='word_1_30' title='bbox 1403 715 1460 764; x_wconf 91' lang='lat' dir='ltr'>et</span> <span class='ocrx_word' id='word_1_31' title='bbox 1491 710 1803 777; x_wconf 66' lang='lat' dir='ltr'>patientiae,</span> 
     </span>
    </p>
   </div>
   <div class='ocr_carea' id='block_1_6' title="bbox 134 797 1808 870">
    <p class='ocr_par' dir='ltr' id='par_1_6' title="bbox 134 797 1808 870">
     <span class='ocr_line' id='line_1_6' title="bbox 134 797 1808 870; baseline -0.001 -16"><span class='ocrx_word' id='word_1_32' title='bbox 134 802 192 854; x_wconf 91' lang='lat' dir='ltr'>et</span> <span class='ocrx_word' id='word_1_33' title='bbox 218 798 341 868; x_wconf 85' lang='lat' dir='ltr'>spei</span> <span class='ocrx_word' id='word_1_34' title='bbox 366 799 662 853; x_wconf 81' lang='lat' dir='ltr'>adventus</span> <span class='ocrx_word' id='word_1_35' title='bbox 689 798 912 853; x_wconf 89' lang='lat' dir='ltr'>Domini</span> <span class='ocrx_word' id='word_1_36' title='bbox 937 802 1065 852; x_wconf 83' lang='lat' dir='ltr'>ante</span> <span class='ocrx_word' id='word_1_37' title='bbox 1084 799 1274 862; x_wconf 88' lang='lat' dir='ltr'>Deum,</span> <span class='ocrx_word' id='word_1_38' title='bbox 1300 797 1398 869; x_wconf 86' lang='lat' dir='ltr'>qui</span> <span class='ocrx_word' id='word_1_39' title='bbox 1421 797 1692 870; x_wconf 75' lang='lat' dir='ltr'>dignatus</span> <span class='ocrx_word' id='word_1_40' title='bbox 1720 804 1808 852; x_wconf 90' lang='lat' dir='ltr'>est</span> 
     </span>
    </p>
   </div>
   <div class='ocr_carea' id='block_1_7' title="bbox 137 886 1805 958">
    <p class='ocr_par' dir='ltr' id='par_1_7' title="bbox 137 886 1805 958">
     <span class='ocr_line' id='line_1_7' title="bbox 137 886 1805 958; baseline 0 -16"><span class='ocrx_word' id='word_1_41' title='bbox 137 888 351 943; x_wconf 89' lang='lat' dir='ltr'>Filium</span> <span class='ocrx_word' id='word_1_42' title='bbox 371 904 553 942; x_wconf 90' lang='lat' dir='ltr'>suum</span> <span class='ocrx_word' id='word_1_43' title='bbox 574 887 881 942; x_wconf 87' lang='lat' dir='ltr'>incarnare</span> <span class='ocrx_word' id='word_1_44' title='bbox 899 903 1000 958; x_wconf 91' lang='lat' dir='ltr'>pro</span> <span class='ocrx_word' id='word_1_45' title='bbox 1019 886 1208 941; x_wconf 90' lang='lat' dir='ltr'>salute</span> <span class='ocrx_word' id='word_1_46' title='bbox 1227 887 1508 942; x_wconf 86' lang='lat' dir='ltr'>humana.</span> <span class='ocrx_word' id='word_1_47' title='bbox 1523 887 1805 942; x_wconf 79' lang='lat' dir='ltr'>Placitum</span> 
     </span>
    </p>
   </div>
   <div class='ocr_carea' id='block_1_8' title="bbox 133 975 1412 1048">
    <p class='ocr_par' dir='ltr' id='par_1_8' title="bbox 133 975 1412 1048">
     <span class='ocr_line' id='line_1_8' title="bbox 133 975 1412 1048; baseline -0.002 -14"><span class='ocrx_word' id='word_1_48' title='bbox 133 977 297 1034; x_wconf 88' lang='lat' dir='ltr'>enim</span> <span class='ocrx_word' id='word_1_49' title='bbox 332 975 434 1032; x_wconf 90' lang='lat' dir='ltr'>Dei</span> <span class='ocrx_word' id='word_1_50' title='bbox 468 982 580 1042; x_wconf 89' lang='lat' dir='ltr'>est,</span> <span class='ocrx_word' id='word_1_51' title='bbox 616 979 666 1031; x_wconf 93' lang='lat' dir='ltr'>si</span> <span class='ocrx_word' id='word_1_52' title='bbox 697 977 1040 1048; x_wconf 90' lang='lat' dir='ltr'>proﬁciatur</span> <span class='ocrx_word' id='word_1_53' title='bbox 1067 977 1128 1030; x_wconf 90' lang='lat' dir='ltr'>in</span> <span class='ocrx_word' id='word_1_54' title='bbox 1160 977 1412 1032; x_wconf 84' lang='lat' dir='ltr'>Christo.</span> 
     </span>
    </p>
   </div>
   <div class='ocr_carea' id='block_1_9' title="bbox 208 1064 1806 1135">
    <p class='ocr_par' dir='ltr' id='par_1_9' title="bbox 208 1064 1806 1135">
     <span class='ocr_line' id='line_1_9' title="bbox 208 1064 1806 1135; baseline 0 -15"><span class='ocrx_word' id='word_1_55' title='bbox 208 1065 477 1130; x_wconf 88' lang='lat' dir='ltr'>Scientes,</span> <span class='ocrx_word' id='word_1_56' title='bbox 509 1067 723 1135; x_wconf 76' lang='lat' dir='ltr'>fratres</span> <span class='ocrx_word' id='word_1_57' title='bbox 751 1064 942 1118; x_wconf 89' lang='lat' dir='ltr'>dilecti</span> <span class='ocrx_word' id='word_1_58' title='bbox 970 1082 1004 1118; x_wconf 89' lang='lat' dir='ltr'>a</span> <span class='ocrx_word' id='word_1_59' title='bbox 1035 1065 1158 1131; x_wconf 90' lang='lat' dir='ltr'>Deo,</span> <span class='ocrx_word' id='word_1_60' title='bbox 1183 1065 1505 1120; x_wconf 73' lang='lat' dir='ltr'>electionem</span> <span class='ocrx_word' id='word_1_61' title='bbox 1535 1068 1806 1120; x_wconf 78' lang='lat' dir='ltr'>vestram:</span> 
     </span>
    </p>
   </div>
   <div class='ocr_carea' id='block_1_10' title="bbox 126 1153 1808 1227">
    <p class='ocr_par' dir='ltr' id='par_1_10' title="bbox 126 1153 1808 1227">
     <span class='ocr_line' id='line_1_10' title="bbox 126 1153 1808 1227; baseline -0.001 -17"><span class='ocrx_word' id='word_1_62' title='bbox 126 1157 270 1227; x_wconf 84' lang='lat' dir='ltr'>quia</span> <span class='ocrx_word' id='word_1_63' title='bbox 304 1155 667 1224; x_wconf 85' lang='lat' dir='ltr'>Evangelium</span> <span class='ocrx_word' id='word_1_64' title='bbox 699 1161 947 1208; x_wconf 88' lang='lat' dir='ltr'>nostrum</span> <span class='ocrx_word' id='word_1_65' title='bbox 976 1169 1086 1207; x_wconf 85' lang='lat' dir='ltr'>non</span> <span class='ocrx_word' id='word_1_66' title='bbox 1127 1154 1238 1221; x_wconf 80' lang='lat' dir='ltr'>fuit</span> <span class='ocrx_word' id='word_1_67' title='bbox 1285 1153 1358 1208; x_wconf 84' lang='lat' dir='ltr'>ad</span> <span class='ocrx_word' id='word_1_68' title='bbox 1405 1170 1496 1208; x_wconf 82' lang='lat' dir='ltr'>vos</span> <span class='ocrx_word' id='word_1_69' title='bbox 1546 1156 1605 1208; x_wconf 87' lang='lat' dir='ltr'>in</span> <span class='ocrx_word' id='word_1_70' title='bbox 1653 1155 1808 1209; x_wconf 87' lang='lat' dir='ltr'>verbo</span> 
     </span>
    </p>
   </div>
   <div class='ocr_carea' id='block_1_11' title="bbox 124 1242 1810 1316">
    <p class='ocr_par' dir='ltr' id='par_1_11' title="bbox 124 1242 1810 1316">
     <span class='ocr_line' id='line_1_11' title="bbox 124 1242 1810 1316; baseline -0.002 -16"><span class='ocrx_word' id='word_1_71' title='bbox 124 1245 330 1316; x_wconf 86' lang='grc'>(1271)</span> <span class='ocrx_word' id='word_1_72' title='bbox 360 1243 561 1312; x_wconf 87' lang='lat' dir='ltr'>solum,</span> <span class='ocrx_word' id='word_1_73' title='bbox 586 1242 680 1298; x_wconf 88' lang='lat' dir='ltr'>sed</span> <span class='ocrx_word' id='word_1_74' title='bbox 708 1247 762 1297; x_wconf 87' lang='lat' dir='ltr'>et</span> <span class='ocrx_word' id='word_1_75' title='bbox 793 1243 853 1297; x_wconf 84' lang='lat' dir='ltr'>in</span> <span class='ocrx_word' id='word_1_76' title='bbox 887 1243 1102 1308; x_wconf 87' lang='lat' dir='ltr'>virtute,</span> <span class='ocrx_word' id='word_1_77' title='bbox 1124 1246 1174 1296; x_wconf 90' lang='lat' dir='ltr'>et</span> <span class='ocrx_word' id='word_1_78' title='bbox 1207 1243 1266 1296; x_wconf 88' lang='lat' dir='ltr'>in</span> <span class='ocrx_word' id='word_1_79' title='bbox 1287 1242 1498 1312; x_wconf 78' lang='lat' dir='ltr'>Spiritu</span> <span class='ocrx_word' id='word_1_80' title='bbox 1526 1248 1734 1310; x_wconf 79' lang='lat' dir='ltr'>sancto,</span> <span class='ocrx_word' id='word_1_81' title='bbox 1758 1247 1810 1298; x_wconf 89' lang='lat' dir='ltr'>et</span> 
     </span>
    </p>
   </div>
   <div class='ocr_carea' id='block_1_12' title="bbox 123 1332 1808 1405">
    <p class='ocr_par' dir='ltr' id='par_1_12' title="bbox 123 1332 1808 1405">
     <span class='ocr_line' id='line_1_12' title="bbox 123 1332 1808 1405; baseline -0.002 -17"><span class='ocrx_word' id='word_1_82' title='bbox 123 1337 194 1388; x_wconf 83' lang='lat' dir='ltr'>in</span> <span class='ocrx_word' id='word_1_83' title='bbox 247 1332 609 1405; x_wconf 82' lang='lat' dir='ltr'>plenitudine</span> <span class='ocrx_word' id='word_1_84' title='bbox 640 1333 836 1398; x_wconf 86' lang='lat' dir='ltr'>multa,</span> <span class='ocrx_word' id='word_1_85' title='bbox 867 1333 1008 1385; x_wconf 88' lang='lat' dir='ltr'>sicut</span> <span class='ocrx_word' id='word_1_86' title='bbox 1051 1333 1202 1385; x_wconf 89' lang='lat' dir='ltr'>scitis</span> <span class='ocrx_word' id='word_1_87' title='bbox 1233 1332 1420 1402; x_wconf 89' lang='lat' dir='ltr'>quales</span> <span class='ocrx_word' id='word_1_88' title='bbox 1447 1335 1560 1402; x_wconf 75' lang='lat' dir='ltr'>fuci</span> <span class='ocrx_word' id='word_1_89' title='bbox 1577 1334 1717 1386; x_wconf 87' lang='lat' dir='ltr'>imus</span> <span class='ocrx_word' id='word_1_90' title='bbox 1751 1334 1808 1386; x_wconf 90' lang='lat' dir='ltr'>in</span> 
     </span>
    </p>
   </div>
   <div class='ocr_carea' id='block_1_13' title="bbox 121 1419 1810 1490">
    <p class='ocr_par' dir='ltr' id='par_1_13' title="bbox 121 1419 1810 1490">
     <span class='ocr_line' id='line_1_13' title="bbox 121 1419 1810 1490; baseline -0.001 -13"><span class='ocrx_word' id='word_1_91' title='bbox 121 1424 296 1478; x_wconf 87' lang='lat' dir='ltr'>vobis</span> <span class='ocrx_word' id='word_1_92' title='bbox 325 1422 494 1478; x_wconf 78' lang='lat' dir='ltr'>vestri</span> <span class='ocrx_word' id='word_1_93' title='bbox 521 1437 689 1476; x_wconf 88' lang='lat' dir='ltr'>causa</span> <span class='ocrx_word' id='word_1_94' title='bbox 709 1421 915 1490; x_wconf 87' lang='grc'>(1272).</span> <span class='ocrx_word' id='word_1_95' title='bbox 945 1419 1207 1474; x_wconf 82' lang='lat' dir='ltr'>Humiles</span> <span class='ocrx_word' id='word_1_96' title='bbox 1236 1436 1297 1474; x_wconf 90' lang='lat' dir='ltr'>se</span> <span class='ocrx_word' id='word_1_97' title='bbox 1330 1419 1510 1475; x_wconf 86' lang='lat' dir='ltr'>fuisse</span> <span class='ocrx_word' id='word_1_98' title='bbox 1542 1421 1690 1475; x_wconf 88' lang='lat' dir='ltr'>inter</span> <span class='ocrx_word' id='word_1_99' title='bbox 1712 1436 1810 1476; x_wconf 90' lang='lat' dir='ltr'>eos</span> 
     </span>
    </p>
   </div>
   <div class='ocr_carea' id='block_1_14' title="bbox 124 1509 1808 1584">
    <p class='ocr_par' dir='ltr' id='par_1_14' title="bbox 124 1509 1808 1584">
     <span class='ocr_line' id='line_1_14' title="bbox 124 1509 1808 1584; baseline -0.001 -18"><span class='ocrx_word' id='word_1_100' title='bbox 124 1510 513 1584; x_wconf 79' lang='lat' dir='ltr'>signiﬁcant,</span> <span class='ocrx_word' id='word_1_101' title='bbox 548 1515 612 1564; x_wconf 90' lang='lat' dir='ltr'>ut</span> <span class='ocrx_word' id='word_1_102' title='bbox 643 1509 759 1565; x_wconf 86' lang='lat' dir='ltr'>illis</span> <span class='ocrx_word' id='word_1_103' title='bbox 790 1510 1041 1564; x_wconf 90' lang='lat' dir='ltr'>formam</span> <span class='ocrx_word' id='word_1_104' title='bbox 1073 1509 1280 1564; x_wconf 83' lang='lat' dir='ltr'>darent</span> <span class='ocrx_word' id='word_1_105' title='bbox 1311 1509 1808 1581; x_wconf 78' lang='lat' dir='ltr'>mansuetudinis,</span> 
     </span>
    </p>
   </div>
   <div class='ocr_carea' id='block_1_15' title="bbox 123 1597 1812 1672">
    <p class='ocr_par' dir='ltr' id='par_1_15' title="bbox 123 1597 1812 1672">
     <span class='ocr_line' id='line_1_15' title="bbox 123 1597 1812 1672; baseline -0.002 -16"><span class='ocrx_word' id='word_1_106' title='bbox 123 1617 258 1656; x_wconf 89' lang='lat' dir='ltr'>non</span> <span class='ocrx_word' id='word_1_107' title='bbox 295 1599 454 1672; x_wconf 92' lang='lat' dir='ltr'>quod</span> <span class='ocrx_word' id='word_1_108' title='bbox 481 1598 777 1654; x_wconf 85' lang='lat' dir='ltr'>defuerint</span> <span class='ocrx_word' id='word_1_109' title='bbox 807 1614 935 1670; x_wconf 70' lang='lat' dir='ltr'>quae</span> <span class='ocrx_word' id='word_1_110' title='bbox 959 1597 1030 1652; x_wconf 91' lang='lat' dir='ltr'>ad</span> <span class='ocrx_word' id='word_1_111' title='bbox 1065 1597 1238 1652; x_wconf 89' lang='lat' dir='ltr'>ﬁdem</span> <span class='ocrx_word' id='word_1_112' title='bbox 1273 1597 1406 1652; x_wconf 91' lang='lat' dir='ltr'>illos</span> <span class='ocrx_word' id='word_1_113' title='bbox 1438 1597 1812 1653; x_wconf 82' lang='lat' dir='ltr'>hortarentur</span> 
     </span>
    </p>
   </div>
   <div class='ocr_carea' id='block_1_16' title="bbox 123 1685 1812 1760">
    <p class='ocr_par' dir='ltr' id='par_1_16' title="bbox 123 1685 1812 1760">
     <span class='ocr_line' id='line_1_16' title="bbox 123 1685 1812 1760; baseline -0.002 -15"><span class='ocrx_word' id='word_1_114' title='bbox 123 1687 475 1760; x_wconf 85' lang='lat' dir='ltr'>magnalia,</span> <span class='ocrx_word' id='word_1_115' title='bbox 507 1686 647 1759; x_wconf 91' lang='lat' dir='ltr'>quia</span> <span class='ocrx_word' id='word_1_116' title='bbox 677 1685 951 1742; x_wconf 73' lang='lat' dir='ltr'>doctrinas</span> <span class='ocrx_word' id='word_1_117' title='bbox 993 1685 1348 1758; x_wconf 81' lang='lat' dir='ltr'>Evangelica:</span> <span class='ocrx_word' id='word_1_118' title='bbox 1399 1687 1578 1741; x_wconf 90' lang='lat' dir='ltr'>robur</span> <span class='ocrx_word' id='word_1_119' title='bbox 1625 1687 1812 1742; x_wconf 91' lang='lat' dir='ltr'>virtus</span> 
     </span>
    </p>
   </div>
   <div class='ocr_carea' id='block_1_17' title="bbox 123 1774 1812 1852">
    <p class='ocr_par' dir='ltr' id='par_1_17' title="bbox 123 1774 1812 1852">
     <span class='ocr_line' id='line_1_17' title="bbox 123 1774 1812 1852; baseline -0.002 -19"><span class='ocrx_word' id='word_1_120' title='bbox 123 1777 473 1852; x_wconf 71' lang='lat' dir='ltr'>praestabat</span> <span class='ocrx_word' id='word_1_121' title='bbox 494 1776 823 1848; x_wconf 90' lang='lat' dir='ltr'>signorum,</span> <span class='ocrx_word' id='word_1_122' title='bbox 848 1780 905 1831; x_wconf 91' lang='lat' dir='ltr'>et</span> <span class='ocrx_word' id='word_1_123' title='bbox 931 1775 1330 1846; x_wconf 87' lang='lat' dir='ltr'>prodigiorum</span> <span class='ocrx_word' id='word_1_124' title='bbox 1353 1774 1411 1829; x_wconf 90' lang='lat' dir='ltr'>in</span> <span class='ocrx_word' id='word_1_125' title='bbox 1435 1775 1656 1847; x_wconf 84' lang='lat' dir='ltr'>Spiritu</span> <span class='ocrx_word' id='word_1_126' title='bbox 1682 1793 1812 1830; x_wconf 87' lang='lat' dir='ltr'>san-</span> 
     </span>
    </p>
   </div>
   <div class='ocr_carea' id='block_1_18' title="bbox 124 1863 1811 1935">
    <p class='ocr_par' dir='ltr' id='par_1_18' title="bbox 124 1863 1811 1935">
     <span class='ocr_line' id='line_1_18' title="bbox 124 1863 1811 1935; baseline -0.003 -13"><span class='ocrx_word' id='word_1_127' title='bbox 124 1872 260 1932; x_wconf 81' lang='lat' dir='ltr'>cto,</span> <span class='ocrx_word' id='word_1_128' title='bbox 285 1865 347 1921; x_wconf 88' lang='lat' dir='ltr'>id</span> <span class='ocrx_word' id='word_1_129' title='bbox 373 1872 485 1933; x_wconf 87' lang='lat' dir='ltr'>est,</span> <span class='ocrx_word' id='word_1_130' title='bbox 509 1881 627 1920; x_wconf 88' lang='lat' dir='ltr'>non</span> <span class='ocrx_word' id='word_1_131' title='bbox 653 1864 712 1918; x_wconf 91' lang='lat' dir='ltr'>in</span> <span class='ocrx_word' id='word_1_132' title='bbox 739 1863 1068 1935; x_wconf 81' lang='lat' dir='ltr'>phantasia,</span> <span class='ocrx_word' id='word_1_133' title='bbox 1093 1864 1193 1918; x_wconf 90' lang='lat' dir='ltr'>sed</span> <span class='ocrx_word' id='word_1_134' title='bbox 1219 1863 1277 1918; x_wconf 92' lang='lat' dir='ltr'>in</span> <span class='ocrx_word' id='word_1_135' title='bbox 1301 1863 1541 1918; x_wconf 85' lang='lat' dir='ltr'>veritate</span> <span class='ocrx_word' id='word_1_136' title='bbox 1563 1864 1811 1935; x_wconf 80' lang='lat' dir='ltr'>plenitu-</span> 
     </span>
    </p>
   </div>
   <div class='ocr_carea' id='block_1_19' title="bbox 1916 717 3572 790">
    <p class='ocr_par' dir='ltr' id='par_1_19' title="bbox 1916 717 3572 790">
     <span class='ocr_line' id='line_1_19' title="bbox 1916 717 3572 790; baseline 0.007 -25"><span class='ocrx_word' id='word_1_137' title='bbox 1916 728 2117 766; x_wconf 90' lang='lat' dir='ltr'>eorum</span> <span class='ocrx_word' id='word_1_138' title='bbox 2163 731 2293 769; x_wconf 82' lang='lat' dir='ltr'>cum</span> <span class='ocrx_word' id='word_1_139' title='bbox 2348 717 2752 786; x_wconf 59' lang='lat' dir='ltr'>praedicatione</span> <span class='ocrx_word' id='word_1_140' title='bbox 2785 718 3102 790; x_wconf 78' lang='lat' dir='ltr'>Evangelii,</span> <span class='ocrx_word' id='word_1_141' title='bbox 3138 727 3202 776; x_wconf 90' lang='lat' dir='ltr'>ut</span> <span class='ocrx_word' id='word_1_142' title='bbox 3251 738 3364 776; x_wconf 89' lang='lat' dir='ltr'>non</span> <span class='ocrx_word' id='word_1_143' title='bbox 3415 729 3572 778; x_wconf 85' lang='lat' dir='ltr'>esset</span> 
     </span>
    </p>
   </div>
   <div class='ocr_carea' id='block_1_20' title="bbox 1917 805 3570 882">
    <p class='ocr_par' dir='ltr' id='par_1_20' title="bbox 1917 805 3570 882">
     <span class='ocr_line' id='line_1_20' title="bbox 1917 805 3570 882; baseline 0.007 -28"><span class='ocrx_word' id='word_1_144' title='bbox 1917 817 2152 856; x_wconf 81' lang='lat' dir='ltr'>necesse</span> <span class='ocrx_word' id='word_1_145' title='bbox 2175 821 2239 857; x_wconf 89' lang='lat' dir='ltr'>ea</span> <span class='ocrx_word' id='word_1_146' title='bbox 2263 805 2473 860; x_wconf 82' lang='lat' dir='ltr'>dicere.</span> <span class='ocrx_word' id='word_1_147' title='bbox 2499 807 2870 877; x_wconf 79' lang='lat' dir='ltr'>Suprrﬁuum</span> <span class='ocrx_word' id='word_1_148' title='bbox 2899 815 2987 862; x_wconf 91' lang='lat' dir='ltr'>est</span> <span class='ocrx_word' id='word_1_149' title='bbox 3011 809 3167 863; x_wconf 89' lang='lat' dir='ltr'>enim</span> <span class='ocrx_word' id='word_1_150' title='bbox 3192 827 3258 864; x_wconf 87' lang='lat' dir='ltr'>ea</span> <span class='ocrx_word' id='word_1_151' title='bbox 3289 811 3417 876; x_wconf 86' lang='lat' dir='ltr'>fari,</span> <span class='ocrx_word' id='word_1_152' title='bbox 3443 827 3570 882; x_wconf 62' lang='lat' dir='ltr'>quis</span> 
     </span>
    </p>
   </div>
   <div class='ocr_carea' id='block_1_21' title="bbox 1918 890 3567 968">
    <p class='ocr_par' dir='ltr' id='par_1_21' title="bbox 1918 890 3567 968">
     <span class='ocr_line' id='line_1_21' title="bbox 1918 890 3567 968; baseline 0.007 -26"><span class='ocrx_word' id='word_1_153' title='bbox 1918 896 2058 943; x_wconf 88' lang='lat' dir='ltr'>nota</span> <span class='ocrx_word' id='word_1_154' title='bbox 2105 890 2242 944; x_wconf 87' lang='lat' dir='ltr'>sint.</span> <span class='ocrx_word' id='word_1_155' title='bbox 2279 893 2363 945; x_wconf 80' lang='lat' dir='ltr'>Ad</span> <span class='ocrx_word' id='word_1_156' title='bbox 2411 910 2614 948; x_wconf 77' lang='lat' dir='ltr'>omnes</span> <span class='ocrx_word' id='word_1_157' title='bbox 2647 894 2798 947; x_wconf 89' lang='lat' dir='ltr'>enim</span> <span class='ocrx_word' id='word_1_158' title='bbox 2836 895 2892 948; x_wconf 85' lang='lat' dir='ltr'>in</span> <span class='ocrx_word' id='word_1_159' title='bbox 2925 894 3170 949; x_wconf 84' lang='lat' dir='ltr'>circuitu</span> <span class='ocrx_word' id='word_1_160' title='bbox 3203 905 3567 968; x_wconf 83' lang='lat' dir='ltr'>pervenerat,</span> 
     </span>
    </p>
   </div>
   <div class='ocr_carea' id='block_1_22' title="bbox 1917 977 3570 1054">
    <p class='ocr_par' dir='ltr' id='par_1_22' title="bbox 1917 977 3570 1054">
     <span class='ocr_line' id='line_1_22' title="bbox 1917 977 3570 1054; baseline 0.007 -24"><span class='ocrx_word' id='word_1_161' title='bbox 1917 977 1999 1031; x_wconf 85' lang='lat' dir='ltr'>ita</span> <span class='ocrx_word' id='word_1_162' title='bbox 2033 984 2094 1031; x_wconf 91' lang='lat' dir='ltr'>ut</span> <span class='ocrx_word' id='word_1_163' title='bbox 2123 985 2178 1032; x_wconf 88' lang='lat' dir='ltr'>et</span> <span class='ocrx_word' id='word_1_164' title='bbox 2209 981 2627 1036; x_wconf 81' lang='lat' dir='ltr'>annuntiarent</span> <span class='ocrx_word' id='word_1_165' title='bbox 2649 983 2871 1037; x_wconf 65' lang='lat' dir='ltr'>caeteris</span> <span class='ocrx_word' id='word_1_166' title='bbox 2903 1000 3017 1054; x_wconf 90' lang='lat' dir='ltr'>qua</span> <span class='ocrx_word' id='word_1_167' title='bbox 3043 985 3346 1040; x_wconf 79' lang='lat' dir='ltr'>devotione</span> <span class='ocrx_word' id='word_1_168' title='bbox 3378 1004 3570 1042; x_wconf 85' lang='lat' dir='ltr'>susce-</span> 
     </span>
    </p>
   </div>
   <div class='ocr_carea' id='block_1_23' title="bbox 1924 1071 3569 1144">
    <p class='ocr_par' dir='ltr' id='par_1_23' title="bbox 1924 1071 3569 1144">
     <span class='ocr_line' id='line_1_23' title="bbox 1924 1071 3569 1144; baseline 0.007 -25"><span class='ocrx_word' id='word_1_169' title='bbox 1924 1073 2124 1137; x_wconf 85' lang='lat' dir='ltr'>perant</span> <span class='ocrx_word' id='word_1_170' title='bbox 2155 1071 2468 1138; x_wconf 83' lang='lat' dir='ltr'>apostolos.</span> <span class='ocrx_word' id='word_1_171' title='bbox 2495 1071 2563 1124; x_wconf 82' lang='lat' dir='ltr'>Et</span> <span class='ocrx_word' id='word_1_172' title='bbox 2593 1071 2732 1141; x_wconf 89' lang='lat' dir='ltr'>quia</span> <span class='ocrx_word' id='word_1_173' title='bbox 2761 1071 2827 1124; x_wconf 88' lang='lat' dir='ltr'>ad</span> <span class='ocrx_word' id='word_1_174' title='bbox 2865 1073 3080 1140; x_wconf 83' lang='lat' dir='ltr'>omnia,</span> <span class='ocrx_word' id='word_1_175' title='bbox 3105 1090 3232 1144; x_wconf 68' lang='lat' dir='ltr'>qua:</span> <span class='ocrx_word' id='word_1_176' title='bbox 3262 1075 3569 1131; x_wconf 82' lang='lat' dir='ltr'>audierant</span> 
     </span>
    </p>
   </div>
   <div class='ocr_carea' id='block_1_24' title="bbox 1919 1156 3570 1232">
    <p class='ocr_par' dir='ltr' id='par_1_24' title="bbox 1919 1156 3570 1232">
     <span class='ocr_line' id='line_1_24' title="bbox 1919 1156 3570 1232; baseline 0.006 -23"><span class='ocrx_word' id='word_1_177' title='bbox 1919 1163 1992 1210; x_wconf 87' lang='lat' dir='ltr'>ab</span> <span class='ocrx_word' id='word_1_178' title='bbox 2022 1156 2126 1221; x_wconf 89' lang='lat' dir='ltr'>cis,</span> <span class='ocrx_word' id='word_1_179' title='bbox 2154 1160 2380 1212; x_wconf 84' lang='lat' dir='ltr'>fuerant</span> <span class='ocrx_word' id='word_1_180' title='bbox 2401 1159 2806 1230; x_wconf 85' lang='lat' dir='ltr'>promptiores,</span> <span class='ocrx_word' id='word_1_181' title='bbox 2833 1160 3228 1232; x_wconf 85' lang='lat' dir='ltr'>relinquentes</span> <span class='ocrx_word' id='word_1_182' title='bbox 3251 1163 3388 1219; x_wconf 86' lang='lat' dir='ltr'>deos</span> <span class='ocrx_word' id='word_1_183' title='bbox 3415 1181 3570 1219; x_wconf 83' lang='lat' dir='ltr'>mor-</span> 
     </span>
    </p>
   </div>
   <div class='ocr_carea' id='block_1_25' title="bbox 1918 1247 3565 1324">
    <p class='ocr_par' dir='ltr' id='par_1_25' title="bbox 1918 1247 3565 1324">
     <span class='ocr_line' id='line_1_25' title="bbox 1918 1247 3565 1324; baseline 0.007 -27"><span class='ocrx_word' id='word_1_184' title='bbox 1918 1247 2072 1313; x_wconf 90' lang='lat' dir='ltr'>tuos,</span> <span class='ocrx_word' id='word_1_185' title='bbox 2097 1253 2499 1316; x_wconf 82' lang='lat' dir='ltr'>exspectarent</span> <span class='ocrx_word' id='word_1_186' title='bbox 2529 1254 2724 1302; x_wconf 79' lang='lat' dir='ltr'>autem</span> <span class='ocrx_word' id='word_1_187' title='bbox 2749 1249 3043 1303; x_wconf 86' lang='lat' dir='ltr'>Christum</span> <span class='ocrx_word' id='word_1_188' title='bbox 3079 1251 3148 1306; x_wconf 89' lang='lat' dir='ltr'>de</span> <span class='ocrx_word' id='word_1_189' title='bbox 3179 1252 3362 1318; x_wconf 85' lang='lat' dir='ltr'>ccelis,</span> <span class='ocrx_word' id='word_1_190' title='bbox 3393 1269 3565 1324; x_wconf 91' lang='lat' dir='ltr'>quem</span> 
     </span>
    </p>
   </div>
   <div class='ocr_carea' id='block_1_26' title="bbox 1919 1331 3579 1405">
    <p class='ocr_par' dir='ltr' id='par_1_26' title="bbox 1919 1331 3579 1405">
     <span class='ocr_line' id='line_1_26' title="bbox 1919 1331 3579 1405; baseline 0.006 -19"><span class='ocrx_word' id='word_1_191' title='bbox 1919 1331 2189 1387; x_wconf 83' lang='lat' dir='ltr'>humanae</span> <span class='ocrx_word' id='word_1_192' title='bbox 2213 1335 2421 1389; x_wconf 88' lang='lat' dir='ltr'>salutis</span> <span class='ocrx_word' id='word_1_193' title='bbox 2440 1351 2618 1390; x_wconf 88' lang='lat' dir='ltr'>causa</span> <span class='ocrx_word' id='word_1_194' title='bbox 2641 1341 2938 1391; x_wconf 90' lang='lat' dir='ltr'>mortuum</span> <span class='ocrx_word' id='word_1_195' title='bbox 2961 1337 3290 1405; x_wconf 87' lang='lat' dir='ltr'>audierant,</span> <span class='ocrx_word' id='word_1_196' title='bbox 3311 1347 3363 1394; x_wconf 84' lang='lat' dir='ltr'>et</span> <span class='ocrx_word' id='word_1_197' title='bbox 3387 1357 3579 1396; x_wconf 89' lang='lat' dir='ltr'>resur-</span> 
     </span>
    </p>
   </div>
   <div class='ocr_carea' id='block_1_27' title="bbox 1921 1420 3572 1500">
    <p class='ocr_par' dir='ltr' id='par_1_27' title="bbox 1921 1420 3572 1500">
     <span class='ocr_line' id='line_1_27' title="bbox 1921 1420 3572 1500; baseline 0.006 -26"><span class='ocrx_word' id='word_1_198' title='bbox 1921 1420 2140 1476; x_wconf 84' lang='lat' dir='ltr'>rexisse</span> <span class='ocrx_word' id='word_1_199' title='bbox 2167 1423 2394 1477; x_wconf 89' lang='lat' dir='ltr'>devicta</span> <span class='ocrx_word' id='word_1_200' title='bbox 2427 1429 2637 1492; x_wconf 83' lang='lat' dir='ltr'>morte,</span> <span class='ocrx_word' id='word_1_201' title='bbox 2663 1429 2720 1479; x_wconf 91' lang='lat' dir='ltr'>et</span> <span class='ocrx_word' id='word_1_202' title='bbox 2749 1441 2883 1480; x_wconf 92' lang='lat' dir='ltr'>cum</span> <span class='ocrx_word' id='word_1_203' title='bbox 2907 1442 3077 1482; x_wconf 89' lang='lat' dir='ltr'>carne</span> <span class='ocrx_word' id='word_1_204' title='bbox 3109 1433 3482 1500; x_wconf 85' lang='lat' dir='ltr'>assumptum</span> <span class='ocrx_word' id='word_1_205' title='bbox 3516 1429 3572 1484; x_wconf 91' lang='lat' dir='ltr'>in</span> 
     </span>
    </p>
   </div>
   <div class='ocr_carea' id='block_1_28' title="bbox 1920 1509 3571 1587">
    <p class='ocr_par' dir='ltr' id='par_1_28' title="bbox 1920 1509 3571 1587">
     <span class='ocr_line' id='line_1_28' title="bbox 1920 1509 3571 1587; baseline 0.006 -24"><span class='ocrx_word' id='word_1_206' title='bbox 1920 1509 2114 1580; x_wconf 78' lang='lat' dir='ltr'>cmlos,</span> <span class='ocrx_word' id='word_1_207' title='bbox 2147 1510 2419 1566; x_wconf 87' lang='lat' dir='ltr'>ministra</span> <span class='ocrx_word' id='word_1_208' title='bbox 2452 1513 2626 1579; x_wconf 90' lang='lat' dir='ltr'>nube,</span> <span class='ocrx_word' id='word_1_209' title='bbox 2651 1514 2721 1567; x_wconf 91' lang='lat' dir='ltr'>ad</span> <span class='ocrx_word' id='word_1_210' title='bbox 2753 1514 3155 1570; x_wconf 84' lang='lat' dir='ltr'>confusionem</span> <span class='ocrx_word' id='word_1_211' title='bbox 3191 1517 3571 1587; x_wconf 89' lang='lat' dir='ltr'>prudentium</span> 
     </span>
    </p>
   </div>
   <div class='ocr_carea' id='block_1_29' title="bbox 1923 1599 3572 1674">
    <p class='ocr_par' dir='ltr' id='par_1_29' title="bbox 1923 1599 3572 1674">
     <span class='ocr_line' id='line_1_29' title="bbox 1923 1599 3572 1674; baseline 0.007 -23"><span class='ocrx_word' id='word_1_212' title='bbox 1923 1599 2255 1670; x_wconf 89' lang='lat' dir='ltr'>mundi,qui</span> <span class='ocrx_word' id='word_1_213' title='bbox 2275 1601 2741 1656; x_wconf 84' lang='lat' dir='ltr'>consideratione</span> <span class='ocrx_word' id='word_1_214' title='bbox 2759 1602 2960 1658; x_wconf 87' lang='lat' dir='ltr'>habita</span> <span class='ocrx_word' id='word_1_215' title='bbox 2980 1605 3435 1674; x_wconf 87' lang='lat' dir='ltr'>mundanorum,</span> <span class='ocrx_word' id='word_1_216' title='bbox 3452 1623 3572 1662; x_wconf 84' lang='lat' dir='ltr'>car-</span> 
     </span>
    </p>
   </div>
   <div class='ocr_carea' id='block_1_30' title="bbox 1921 1688 3567 1766">
    <p class='ocr_par' dir='ltr' id='par_1_30' title="bbox 1921 1688 3567 1766">
     <span class='ocr_line' id='line_1_30' title="bbox 1921 1688 3567 1766; baseline 0.006 -26"><span class='ocrx_word' id='word_1_217' title='bbox 1921 1688 2014 1742; x_wconf 88' lang='lat' dir='ltr'>nis</span> <span class='ocrx_word' id='word_1_218' title='bbox 2037 1693 2328 1755; x_wconf 85' lang='lat' dir='ltr'>naturam,</span> <span class='ocrx_word' id='word_1_219' title='bbox 2355 1705 2480 1760; x_wconf 73' lang='lat' dir='ltr'>quze</span> <span class='ocrx_word' id='word_1_220' title='bbox 2504 1690 2696 1762; x_wconf 86' lang='lat' dir='ltr'>gravis</span> <span class='ocrx_word' id='word_1_221' title='bbox 2724 1697 2832 1757; x_wconf 89' lang='lat' dir='ltr'>est,</span> <span class='ocrx_word' id='word_1_222' title='bbox 2860 1699 3067 1762; x_wconf 85' lang='lat' dir='ltr'>putant</span> <span class='ocrx_word' id='word_1_223' title='bbox 3091 1709 3201 1748; x_wconf 92' lang='lat' dir='ltr'>non</span> <span class='ocrx_word' id='word_1_224' title='bbox 3229 1710 3400 1766; x_wconf 88' lang='lat' dir='ltr'>posse</span> <span class='ocrx_word' id='word_1_225' title='bbox 3421 1695 3567 1764; x_wconf 90' lang='lat' dir='ltr'>ﬁeri,</span> 
     </span>
    </p>
   </div>
   <div class='ocr_carea' id='block_1_31' title="bbox 1921 1776 3567 1853">
    <p class='ocr_par' dir='ltr' id='par_1_31' title="bbox 1921 1776 3567 1853">
     <span class='ocr_line' id='line_1_31' title="bbox 1921 1776 3567 1853; baseline 0.006 -24"><span class='ocrx_word' id='word_1_226' title='bbox 1921 1781 1987 1830; x_wconf 90' lang='lat' dir='ltr'>ut</span> <span class='ocrx_word' id='word_1_227' title='bbox 2019 1776 2364 1831; x_wconf 85' lang='lat' dir='ltr'>sustollatur</span> <span class='ocrx_word' id='word_1_228' title='bbox 2395 1778 2450 1832; x_wconf 92' lang='lat' dir='ltr'>in</span> <span class='ocrx_word' id='word_1_229' title='bbox 2485 1778 2663 1834; x_wconf 77' lang='lat' dir='ltr'>cmlis.</span> <span class='ocrx_word' id='word_1_230' title='bbox 2693 1780 2809 1835; x_wconf 89' lang='lat' dir='ltr'>Hoc</span> <span class='ocrx_word' id='word_1_231' title='bbox 2832 1781 3037 1836; x_wconf 78' lang='lat' dir='ltr'>effectu</span> <span class='ocrx_word' id='word_1_232' title='bbox 3071 1781 3135 1834; x_wconf 89' lang='lat' dir='ltr'>ﬁt</span> <span class='ocrx_word' id='word_1_233' title='bbox 3159 1782 3410 1853; x_wconf 82' lang='lat' dir='ltr'>Spiritus</span> <span class='ocrx_word' id='word_1_234' title='bbox 3433 1801 3567 1838; x_wconf 88' lang='lat' dir='ltr'>san-</span> 
     </span>
    </p>
   </div>
   <div class='ocr_carea' id='block_1_32' title="bbox 1921 1865 3210 1940">
    <p class='ocr_par' dir='ltr' id='par_1_32' title="bbox 1921 1865 3210 1940">
     <span class='ocr_line' id='line_1_32' title="bbox 1921 1865 3210 1940; baseline 0.005 -22"><span class='ocrx_word' id='word_1_235' title='bbox 1921 1865 2018 1931; x_wconf 91' lang='lat' dir='ltr'>cti,</span> <span class='ocrx_word' id='word_1_236' title='bbox 2053 1870 2118 1919; x_wconf 90' lang='lat' dir='ltr'>ut</span> <span class='ocrx_word' id='word_1_237' title='bbox 2161 1867 2508 1921; x_wconf 83' lang='lat' dir='ltr'>erubescant</span> <span class='ocrx_word' id='word_1_238' title='bbox 2539 1868 2838 1938; x_wconf 72' lang='lat' dir='ltr'>terrigenae</span> <span class='ocrx_word' id='word_1_239' title='bbox 2872 1870 3210 1940; x_wconf 87' lang='lat' dir='ltr'>prudentes.</span> 
     </span>
    </p>
   </div>
   <div class='ocr_carea' id='block_1_33' title="bbox 124 1951 3577 2057">
    <p class='ocr_par' dir='ltr' id='par_1_33' title="bbox 124 1951 3577 2057">
     <span class='ocr_line' id='line_1_33' title="bbox 124 1951 3577 2057; baseline 0 -44"><span class='ocrx_word' id='word_1_240' title='bbox 124 1955 333 2025; x_wconf 87' lang='lat' dir='ltr'>dinis,</span> <span class='ocrx_word' id='word_1_241' title='bbox 359 1959 424 2009; x_wconf 91' lang='lat' dir='ltr'>ut</span> <span class='ocrx_word' id='word_1_242' title='bbox 453 1953 601 2010; x_wconf 89' lang='lat' dir='ltr'>nulli</span> <span class='ocrx_word' id='word_1_243' title='bbox 634 1953 966 2008; x_wconf 86' lang='lat' dir='ltr'>necessitati</span> <span class='ocrx_word' id='word_1_244' title='bbox 995 1952 1224 2007; x_wconf 85' lang='lat' dir='ltr'>deesset</span> <span class='ocrx_word' id='word_1_245' title='bbox 1253 1951 1560 2021; x_wconf 85' lang='lat' dir='ltr'>auxilium,</span> <span class='ocrx_word' id='word_1_246' title='bbox 1585 1953 1685 2008; x_wconf 89' lang='lat' dir='ltr'>sed</span> <span class='ocrx_word' id='word_1_247' title='bbox 1717 1970 1809 2008; x_wconf 86' lang='lat' dir='ltr'>su-</span> <span class='ocrx_word' id='word_1_248' title='bbox 1846 1993 1891 2057; x_wconf 78' lang='grc' dir='ltr'><strong>Β</strong></span> <span class='ocrx_word' id='word_1_249' title='bbox 1993 1955 2151 2025; x_wconf 80' lang='lat' dir='ltr'>(CAP.</span> <span class='ocrx_word' id='word_1_250' title='bbox 2173 1955 2264 2026; x_wconf 88' lang='lat' dir='ltr'>Il.)</span> <span class='ocrx_word' id='word_1_251' title='bbox 2283 1955 2390 2026; x_wconf 84' lang='lat' dir='ltr'>Ipsi</span> <span class='ocrx_word' id='word_1_252' title='bbox 2407 1957 2556 2010; x_wconf 83' lang='lat' dir='ltr'>enim</span> <span class='ocrx_word' id='word_1_253' title='bbox 2575 1957 2754 2022; x_wconf 84' lang='lat' dir='ltr'>scitis,</span> <span class='ocrx_word' id='word_1_254' title='bbox 2771 1959 2995 2028; x_wconf 81' lang='lat' dir='ltr'>fratres,</span> <span class='ocrx_word' id='word_1_255' title='bbox 3017 1959 3306 2013; x_wconf 82' lang='lat' dir='ltr'>introitum</span> <span class='ocrx_word' id='word_1_256' title='bbox 3327 1968 3577 2014; x_wconf 85' lang='lat' dir='ltr'>nostrum</span> 
     </span>
    </p>
   </div>
   <div class='ocr_carea' id='block_1_34' title="bbox 122 2041 1809 2118">
    <p class='ocr_par' dir='ltr' id='par_1_34' title="bbox 122 2041 1809 2118">
     <span class='ocr_line' id='line_1_34' title="bbox 122 2041 1809 2118; baseline -0.002 -17"><span class='ocrx_word' id='word_1_257' title='bbox 122 2044 572 2118; x_wconf 86' lang='lat' dir='ltr'>perabundans</span> <span class='ocrx_word' id='word_1_258' title='bbox 605 2042 794 2114; x_wconf 88' lang='lat' dir='ltr'>gratia</span> <span class='ocrx_word' id='word_1_259' title='bbox 819 2043 1116 2096; x_wconf 89' lang='lat' dir='ltr'>videretur</span> <span class='ocrx_word' id='word_1_260' title='bbox 1158 2046 1216 2096; x_wconf 91' lang='lat' dir='ltr'>et</span> <span class='ocrx_word' id='word_1_261' title='bbox 1259 2042 1316 2096; x_wconf 93' lang='lat' dir='ltr'>in</span> <span class='ocrx_word' id='word_1_262' title='bbox 1349 2041 1632 2110; x_wconf 86' lang='lat' dir='ltr'>doctrina,</span> <span class='ocrx_word' id='word_1_263' title='bbox 1668 2048 1724 2098; x_wconf 89' lang='lat' dir='ltr'>et</span> <span class='ocrx_word' id='word_1_264' title='bbox 1754 2043 1809 2097; x_wconf 90' lang='lat' dir='ltr'>in</span> 
     </span>
    </p>
   </div>
   <div class='ocr_carea' id='block_1_35' title="bbox 123 2131 1812 2203">
    <p class='ocr_par' dir='ltr' id='par_1_35' title="bbox 123 2131 1812 2203">
     <span class='ocr_line' id='line_1_35' title="bbox 123 2131 1812 2203; baseline -0.004 -12"><span class='ocrx_word' id='word_1_265' title='bbox 123 2132 614 2198; x_wconf 87' lang='lat' dir='ltr'>conversatione,</span> <span class='ocrx_word' id='word_1_266' title='bbox 649 2137 707 2186; x_wconf 92' lang='lat' dir='ltr'>et</span> <span class='ocrx_word' id='word_1_267' title='bbox 753 2131 814 2186; x_wconf 91' lang='lat' dir='ltr'>in</span> <span class='ocrx_word' id='word_1_268' title='bbox 865 2131 1034 2202; x_wconf 66' lang='lat' dir='ltr'>aegris</span> <span class='ocrx_word' id='word_1_269' title='bbox 1065 2131 1364 2197; x_wconf 89' lang='lat' dir='ltr'>curandis,</span> <span class='ocrx_word' id='word_1_270' title='bbox 1400 2136 1464 2186; x_wconf 91' lang='lat' dir='ltr'>ut</span> <span class='ocrx_word' id='word_1_271' title='bbox 1495 2133 1812 2203; x_wconf 88' lang='lat' dir='ltr'>perfectum</span> 
     </span>
    </p>
   </div>
   <div class='ocr_carea' id='block_1_36' title="bbox 125 2220 1814 2296">
    <p class='ocr_par' dir='ltr' id='par_1_36' title="bbox 125 2220 1814 2296">
     <span class='ocr_line' id='line_1_36' title="bbox 125 2220 1814 2296; baseline -0.002 -17"><span class='ocrx_word' id='word_1_272' title='bbox 125 2240 298 2296; x_wconf 88' lang='lat' dir='ltr'>opus</span> <span class='ocrx_word' id='word_1_273' title='bbox 317 2221 575 2294; x_wconf 86' lang='lat' dir='ltr'>Spiritus</span> <span class='ocrx_word' id='word_1_274' title='bbox 594 2221 783 2276; x_wconf 88' lang='lat' dir='ltr'>sancti</span> <span class='ocrx_word' id='word_1_275' title='bbox 802 2224 1109 2293; x_wconf 87' lang='lat' dir='ltr'>appareret</span> <span class='ocrx_word' id='word_1_276' title='bbox 1132 2220 1190 2274; x_wconf 92' lang='lat' dir='ltr'>in</span> <span class='ocrx_word' id='word_1_277' title='bbox 1205 2220 1649 2276; x_wconf 81' lang='lat' dir='ltr'>Thessalonicen</span> <span class='ocrx_word' id='word_1_278' title='bbox 1661 2221 1746 2275; x_wconf 89' lang='lat' dir='ltr'>siu</span> <span class='ocrx_word' id='word_1_279' title='bbox 1760 2238 1814 2275; x_wconf 94' lang='lat' dir='ltr'>m</span> 
     </span>
    </p>
   </div>
   <div class='ocr_carea' id='block_1_37' title="bbox 125 2307 1814 2378">
    <p class='ocr_par' dir='ltr' id='par_1_37' title="bbox 125 2307 1814 2378">
     <span class='ocr_line' id='line_1_37' title="bbox 125 2307 1814 2378; baseline -0.002 -10"><span class='ocrx_word' id='word_1_280' title='bbox 125 2309 474 2378; x_wconf 86' lang='lat' dir='ltr'>Ecclesiiis,</span> <span class='ocrx_word' id='word_1_281' title='bbox 493 2313 557 2364; x_wconf 88' lang='lat' dir='ltr'>ut</span> <span class='ocrx_word' id='word_1_282' title='bbox 578 2309 638 2363; x_wconf 92' lang='lat' dir='ltr'>in</span> <span class='ocrx_word' id='word_1_283' title='bbox 664 2307 824 2364; x_wconf 91' lang='lat' dir='ltr'>nullo</span> <span class='ocrx_word' id='word_1_284' title='bbox 847 2325 909 2363; x_wconf 89' lang='lat' dir='ltr'>se</span> <span class='ocrx_word' id='word_1_285' title='bbox 931 2307 1190 2364; x_wconf 79' lang='lat' dir='ltr'>minores</span> <span class='ocrx_word' id='word_1_286' title='bbox 1206 2309 1814 2364; x_wconf 72' lang='lat' dir='ltr'>videntesJudzeorum</span> 
     </span>
    </p>
   </div>
   <div class='ocr_carea' id='block_1_38' title="bbox 129 2397 1816 2470">
    <p class='ocr_par' dir='ltr' id='par_1_38' title="bbox 129 2397 1816 2470">
     <span class='ocr_line' id='line_1_38' title="bbox 129 2397 1816 2470; baseline -0.002 -14"><span class='ocrx_word' id='word_1_287' title='bbox 129 2398 486 2467; x_wconf 88' lang='lat' dir='ltr'>Eccclesiis,</span> <span class='ocrx_word' id='word_1_288' title='bbox 503 2397 830 2470; x_wconf 86' lang='lat' dir='ltr'>gauderent</span> <span class='ocrx_word' id='word_1_289' title='bbox 851 2397 908 2451; x_wconf 90' lang='lat' dir='ltr'>in</span> <span class='ocrx_word' id='word_1_290' title='bbox 927 2397 1078 2452; x_wconf 90' lang='lat' dir='ltr'>dono</span> <span class='ocrx_word' id='word_1_291' title='bbox 1092 2397 1214 2465; x_wconf 89' lang='lat' dir='ltr'>Dei,</span> <span class='ocrx_word' id='word_1_292' title='bbox 1230 2397 1330 2468; x_wconf 89' lang='lat' dir='ltr'>qui</span> <span class='ocrx_word' id='word_1_293' title='bbox 1355 2398 1664 2470; x_wconf 76' lang='lat' dir='ltr'>participes</span> <span class='ocrx_word' id='word_1_294' title='bbox 1685 2397 1816 2454; x_wconf 92' lang='lat' dir='ltr'>illos</span> 
     </span>
    </p>
   </div>
   <div class='ocr_carea' id='block_1_39' title="bbox 127 2485 1526 2559">
    <p class='ocr_par' dir='ltr' id='par_1_39' title="bbox 127 2485 1526 2559">
     <span class='ocr_line' id='line_1_39' title="bbox 127 2485 1526 2559; baseline -0.004 -14"><span class='ocrx_word' id='word_1_295' title='bbox 127 2490 346 2545; x_wconf 84' lang='lat' dir='ltr'>facere</span> <span class='ocrx_word' id='word_1_296' title='bbox 377 2485 662 2559; x_wconf 88' lang='lat' dir='ltr'>dignatus</span> <span class='ocrx_word' id='word_1_297' title='bbox 693 2490 781 2541; x_wconf 90' lang='lat' dir='ltr'>est</span> <span class='ocrx_word' id='word_1_298' title='bbox 816 2485 1225 2557; x_wconf 86' lang='lat' dir='ltr'>promissionis</span> <span class='ocrx_word' id='word_1_299' title='bbox 1258 2486 1526 2541; x_wconf 68' lang='lat' dir='ltr'>Abrahae.</span> 
     </span>
    </p>
   </div>
   <div class='ocr_carea' id='block_1_40' title="bbox 215 2575 1816 2646">
    <p class='ocr_par' dir='ltr' id='par_1_40' title="bbox 215 2575 1816 2646">
     <span class='ocr_line' id='line_1_40' title="bbox 215 2575 1816 2646; baseline -0.002 -12"><span class='ocrx_word' id='word_1_300' title='bbox 215 2580 288 2634; x_wconf 85' lang='lat' dir='ltr'>Et</span> <span class='ocrx_word' id='word_1_301' title='bbox 325 2591 419 2632; x_wconf 88' lang='lat' dir='ltr'>vos</span> <span class='ocrx_word' id='word_1_302' title='bbox 453 2577 760 2631; x_wconf 82' lang='lat' dir='ltr'>imitatores</span> <span class='ocrx_word' id='word_1_303' title='bbox 787 2575 968 2629; x_wconf 86' lang='lat' dir='ltr'>nostri</span> <span class='ocrx_word' id='word_1_304' title='bbox 993 2577 1133 2646; x_wconf 86' lang='lat' dir='ltr'>facti</span> <span class='ocrx_word' id='word_1_305' title='bbox 1157 2576 1306 2640; x_wconf 84' lang='lat' dir='ltr'>estis,</span> <span class='ocrx_word' id='word_1_306' title='bbox 1335 2579 1385 2629; x_wconf 89' lang='lat' dir='ltr'>et</span> <span class='ocrx_word' id='word_1_307' title='bbox 1425 2577 1602 2646; x_wconf 85' lang='lat' dir='ltr'>ipsius</span> <span class='ocrx_word' id='word_1_308' title='bbox 1631 2576 1816 2645; x_wconf 85' lang='grc'>(1273)</span> 
     </span>
    </p>
   </div>
   <div class='ocr_carea' id='block_1_41' title="bbox 135 2663 1816 2736">
    <p class='ocr_par' dir='ltr' id='par_1_41' title="bbox 135 2663 1816 2736">
     <span class='ocr_line' id='line_1_41' title="bbox 135 2663 1816 2736; baseline -0.003 -13"><span class='ocrx_word' id='word_1_309' title='bbox 135 2666 401 2734; x_wconf 80' lang='lat' dir='ltr'>Domini,</span> <span class='ocrx_word' id='word_1_310' title='bbox 425 2665 785 2735; x_wconf 80' lang='lat' dir='ltr'>suscipientes</span> <span class='ocrx_word' id='word_1_311' title='bbox 805 2663 1026 2718; x_wconf 85' lang='lat' dir='ltr'>verbum</span> <span class='ocrx_word' id='word_1_312' title='bbox 1049 2665 1108 2718; x_wconf 90' lang='lat' dir='ltr'>in</span> <span class='ocrx_word' id='word_1_313' title='bbox 1125 2680 1387 2734; x_wconf 86' lang='lat' dir='ltr'>pressura</span> <span class='ocrx_word' id='word_1_314' title='bbox 1411 2667 1586 2718; x_wconf 86' lang='lat' dir='ltr'>multa</span> <span class='ocrx_word' id='word_1_315' title='bbox 1614 2665 1816 2736; x_wconf 74' lang='grc'>(1274),</span> 
     </span>
    </p>
   </div>
   <div class='ocr_carea' id='block_1_42' title="bbox 136 2753 1817 2825">
    <p class='ocr_par' dir='ltr' id='par_1_42' title="bbox 136 2753 1817 2825">
     <span class='ocr_line' id='line_1_42' title="bbox 136 2753 1817 2825; baseline -0.003 -13"><span class='ocrx_word' id='word_1_316' title='bbox 136 2773 276 2812; x_wconf 81' lang='lat' dir='ltr'>cum</span> <span class='ocrx_word' id='word_1_317' title='bbox 303 2753 514 2824; x_wconf 88' lang='lat' dir='ltr'>gaudio</span> <span class='ocrx_word' id='word_1_318' title='bbox 543 2753 784 2825; x_wconf 82' lang='lat' dir='ltr'>Spiritus</span> <span class='ocrx_word' id='word_1_319' title='bbox 812 2754 1010 2819; x_wconf 85' lang='lat' dir='ltr'>sancti,</span> <span class='ocrx_word' id='word_1_320' title='bbox 1044 2755 1119 2807; x_wconf 88' lang='lat' dir='ltr'>ita</span> <span class='ocrx_word' id='word_1_321' title='bbox 1160 2763 1220 2808; x_wconf 87' lang='lat' dir='ltr'>ut</span> <span class='ocrx_word' id='word_1_322' title='bbox 1259 2755 1486 2822; x_wconf 88' lang='lat' dir='ltr'>fueritis</span> <span class='ocrx_word' id='word_1_323' title='bbox 1516 2770 1604 2808; x_wconf 86' lang='lat' dir='ltr'>vos</span> <span class='ocrx_word' id='word_1_324' title='bbox 1634 2770 1817 2808; x_wconf 66' lang='lat' dir='ltr'>exem-</span> 
     </span>
    </p>
   </div>
   <div class='ocr_carea' id='block_1_43' title="bbox 139 2842 1822 2919">
    <p class='ocr_par' dir='ltr' id='par_1_43' title="bbox 139 2842 1822 2919">
     <span class='ocr_line' id='line_1_43' title="bbox 139 2842 1822 2919; baseline -0.001 -19"><span class='ocrx_word' id='word_1_325' title='bbox 139 2847 312 2919; x_wconf 87' lang='lat' dir='ltr'>plum</span> <span class='ocrx_word' id='word_1_326' title='bbox 343 2845 602 2900; x_wconf 84' lang='lat' dir='ltr'>omnibus</span> <span class='ocrx_word' id='word_1_327' title='bbox 632 2843 815 2914; x_wconf 73' lang='lat'>(1275;</span> <span class='ocrx_word' id='word_1_328' title='bbox 846 2842 1198 2896; x_wconf 76' lang='lat' dir='ltr'>credentibus</span> <span class='ocrx_word' id='word_1_329' title='bbox 1243 2844 1304 2896; x_wconf 86' lang='lat' dir='ltr'>in</span> <span class='ocrx_word' id='word_1_330' title='bbox 1335 2843 1653 2898; x_wconf 84' lang='lat' dir='ltr'>Macedonia</span> <span class='ocrx_word' id='word_1_331' title='bbox 1683 2848 1732 2898; x_wconf 87' lang='lat' dir='ltr'>et</span> <span class='ocrx_word' id='word_1_332' title='bbox 1763 2845 1822 2898; x_wconf 87' lang='lat' dir='ltr'>in</span> 
     </span>
    </p>
   </div>
   <div class='ocr_carea' id='block_1_44' title="bbox 145 2932 1821 3006">
    <p class='ocr_par' dir='ltr' id='par_1_44' title="bbox 145 2932 1821 3006">
     <span class='ocr_line' id='line_1_44' title="bbox 145 2932 1821 3006; baseline -0.003 -14"><span class='ocrx_word' id='word_1_333' title='bbox 145 2936 392 2992; x_wconf 79' lang='lat' dir='ltr'>Achaia.</span> <span class='ocrx_word' id='word_1_334' title='bbox 426 2933 634 3006; x_wconf 92' lang='lat' dir='ltr'>Cupidi</span> <span class='ocrx_word' id='word_1_335' title='bbox 669 2932 1031 2988; x_wconf 89' lang='lat' dir='ltr'>credulitatis</span> <span class='ocrx_word' id='word_1_336' title='bbox 1062 2933 1275 3004; x_wconf 89' lang='lat' dir='ltr'>probra</span> <span class='ocrx_word' id='word_1_337' title='bbox 1304 2937 1360 2987; x_wconf 92' lang='lat' dir='ltr'>et</span> <span class='ocrx_word' id='word_1_338' title='bbox 1391 2934 1641 3003; x_wconf 85' lang='lat' dir='ltr'>injurias</span> <span class='ocrx_word' id='word_1_339' title='bbox 1680 2951 1714 2988; x_wconf 90' lang='lat' dir='ltr'>a</span> <span class='ocrx_word' id='word_1_340' title='bbox 1743 2933 1821 2988; x_wconf 85' lang='lat' dir='ltr'>ci-</span> 
     </span>
    </p>
   </div>
   <div class='ocr_carea' id='block_1_45' title="bbox 147 3021 1824 3095">
    <p class='ocr_par' dir='ltr' id='par_1_45' title="bbox 147 3021 1824 3095">
     <span class='ocr_line' id='line_1_45' title="bbox 147 3021 1824 3095; baseline -0.002 -14"><span class='ocrx_word' id='word_1_341' title='bbox 147 3026 337 3081; x_wconf 87' lang='lat' dir='ltr'>vibus</span> <span class='ocrx_word' id='word_1_342' title='bbox 359 3024 490 3079; x_wconf 87' lang='lat' dir='ltr'>suis</span> <span class='ocrx_word' id='word_1_343' title='bbox 522 3022 683 3095; x_wconf 89' lang='lat' dir='ltr'>passi</span> <span class='ocrx_word' id='word_1_344' title='bbox 705 3021 1030 3077; x_wconf 85' lang='lat' dir='ltr'>tolerarunt</span> <span class='ocrx_word' id='word_1_345' title='bbox 1052 3022 1266 3076; x_wconf 88' lang='lat' dir='ltr'>ﬁducia</span> <span class='ocrx_word' id='word_1_346' title='bbox 1286 3021 1640 3078; x_wconf 86' lang='lat' dir='ltr'>futurorum.</span> <span class='ocrx_word' id='word_1_347' title='bbox 1661 3023 1824 3078; x_wconf 86' lang='lat' dir='ltr'>Unde</span> 
     </span>
    </p>
   </div>
   <div class='ocr_carea' id='block_1_46' title="bbox 146 3110 1823 3182">
    <p class='ocr_par' dir='ltr' id='par_1_46' title="bbox 146 3110 1823 3182">
     <span class='ocr_line' id='line_1_46' title="bbox 146 3110 1823 3182; baseline -0.002 -13"><span class='ocrx_word' id='word_1_348' title='bbox 146 3119 208 3170; x_wconf 90' lang='lat' dir='ltr'>et</span> <span class='ocrx_word' id='word_1_349' title='bbox 240 3111 450 3168; x_wconf 68' lang='lat' dir='ltr'>aemuli</span> <span class='ocrx_word' id='word_1_350' title='bbox 483 3112 763 3166; x_wconf 89' lang='lat' dir='ltr'>dicuntur</span> <span class='ocrx_word' id='word_1_351' title='bbox 794 3110 1196 3182; x_wconf 88' lang='lat' dir='ltr'>apostolorum</span> <span class='ocrx_word' id='word_1_352' title='bbox 1248 3115 1306 3164; x_wconf 90' lang='lat' dir='ltr'>et</span> <span class='ocrx_word' id='word_1_353' title='bbox 1357 3110 1543 3182; x_wconf 91' lang='lat' dir='ltr'>ipsius</span> <span class='ocrx_word' id='word_1_354' title='bbox 1573 3112 1823 3178; x_wconf 88' lang='lat' dir='ltr'>Domini,</span> 
     </span>
    </p>
   </div>
   <div class='ocr_carea' id='block_1_47' title="bbox 147 3197 1824 3274">
    <p class='ocr_par' dir='ltr' id='par_1_47' title="bbox 147 3197 1824 3274">
     <span class='ocr_line' id='line_1_47' title="bbox 147 3197 1824 3274; baseline -0.004 -13"><span class='ocrx_word' id='word_1_355' title='bbox 147 3202 300 3274; x_wconf 72' lang='lat' dir='ltr'>quia</span> <span class='ocrx_word' id='word_1_356' title='bbox 326 3205 385 3255; x_wconf 89' lang='lat' dir='ltr'>et</span> <span class='ocrx_word' id='word_1_357' title='bbox 407 3198 699 3254; x_wconf 89' lang='lat' dir='ltr'>Dominus</span> <span class='ocrx_word' id='word_1_358' title='bbox 720 3197 924 3253; x_wconf 88' lang='lat' dir='ltr'>eadem</span> <span class='ocrx_word' id='word_1_359' title='bbox 947 3215 980 3252; x_wconf 91' lang='lat' dir='ltr'>a</span> <span class='ocrx_word' id='word_1_360' title='bbox 1000 3198 1222 3254; x_wconf 67' lang='lat' dir='ltr'>Judaeis</span> <span class='ocrx_word' id='word_1_361' title='bbox 1245 3215 1456 3270; x_wconf 85' lang='lat' dir='ltr'>passus</span> <span class='ocrx_word' id='word_1_362' title='bbox 1479 3205 1590 3265; x_wconf 89' lang='lat' dir='ltr'>est,</span> <span class='ocrx_word' id='word_1_363' title='bbox 1613 3205 1670 3255; x_wconf 93' lang='lat' dir='ltr'>et</span> <span class='ocrx_word' id='word_1_364' title='bbox 1691 3217 1824 3272; x_wconf 86' lang='lat' dir='ltr'>apo-</span> 
     </span>
    </p>
   </div>
   <div class='ocr_carea' id='block_1_48' title="bbox 150 3287 1820 3360">
    <p class='ocr_par' dir='ltr' id='par_1_48' title="bbox 150 3287 1820 3360">
     <span class='ocr_line' id='line_1_48' title="bbox 150 3287 1820 3360; baseline -0.001 -14"><span class='ocrx_word' id='word_1_365' title='bbox 150 3289 292 3346; x_wconf 87' lang='lat' dir='ltr'>stoli</span> <span class='ocrx_word' id='word_1_366' title='bbox 317 3293 638 3360; x_wconf 84' lang='lat' dir='ltr'>sequentes</span> <span class='ocrx_word' id='word_1_367' title='bbox 661 3288 833 3343; x_wconf 90' lang='lat' dir='ltr'>ﬁdem</span> <span class='ocrx_word' id='word_1_368' title='bbox 860 3287 983 3352; x_wconf 92' lang='lat' dir='ltr'>Dei,</span> <span class='ocrx_word' id='word_1_369' title='bbox 1009 3288 1442 3358; x_wconf 86' lang='lat' dir='ltr'>persecutiones</span> <span class='ocrx_word' id='word_1_370' title='bbox 1474 3289 1630 3360; x_wconf 87' lang='lat' dir='ltr'>passi</span> <span class='ocrx_word' id='word_1_371' title='bbox 1663 3294 1820 3357; x_wconf 91' lang='lat' dir='ltr'>sunt,</span> 
     </span>
    </p>
   </div>
   <div class='ocr_carea' id='block_1_49' title="bbox 146 3376 1824 3452">
    <p class='ocr_par' dir='ltr' id='par_1_49' title="bbox 146 3376 1824 3452">
     <span class='ocr_line' id='line_1_49' title="bbox 146 3376 1824 3452; baseline -0.001 -17"><span class='ocrx_word' id='word_1_372' title='bbox 146 3380 482 3452; x_wconf 79' lang='lat' dir='ltr'>gaudentes,</span> <span class='ocrx_word' id='word_1_373' title='bbox 507 3379 640 3448; x_wconf 89' lang='lat' dir='ltr'>quia</span> <span class='ocrx_word' id='word_1_374' title='bbox 670 3376 843 3450; x_wconf 83' lang='lat' dir='ltr'>digni</span> <span class='ocrx_word' id='word_1_375' title='bbox 865 3377 1041 3432; x_wconf 83' lang='lat' dir='ltr'>habiti</span> <span class='ocrx_word' id='word_1_376' title='bbox 1067 3385 1196 3432; x_wconf 88' lang='lat' dir='ltr'>sunt</span> <span class='ocrx_word' id='word_1_377' title='bbox 1225 3393 1322 3448; x_wconf 87' lang='lat' dir='ltr'>pro</span> <span class='ocrx_word' id='word_1_378' title='bbox 1353 3381 1575 3434; x_wconf 86' lang='lat' dir='ltr'>nomine</span> <span class='ocrx_word' id='word_1_379' title='bbox 1603 3380 1824 3434; x_wconf 86' lang='lat' dir='ltr'>Domini</span> 
     </span>
    </p>
   </div>
   <div class='ocr_carea' id='block_1_50' title="bbox 149 3466 1823 3540">
    <p class='ocr_par' dir='ltr' id='par_1_50' title="bbox 149 3466 1823 3540">
     <span class='ocr_line' id='line_1_50' title="bbox 149 3466 1823 3540; baseline -0.003 -13"><span class='ocrx_word' id='word_1_380' title='bbox 149 3469 532 3527; x_wconf 83' lang='lat' dir='ltr'>contumelias</span> <span class='ocrx_word' id='word_1_381' title='bbox 555 3469 680 3540; x_wconf 84' lang='lat' dir='ltr'>pati</span> <span class='ocrx_word' id='word_1_382' title='bbox 699 3468 834 3537; x_wconf 86' lang='lat' dir='ltr'>(Act.</span> <span class='ocrx_word' id='word_1_383' title='bbox 859 3483 912 3531; x_wconf 94' lang='lat' dir='ltr'>v,</span> <span class='ocrx_word' id='word_1_384' title='bbox 938 3466 1049 3536; x_wconf 85' lang='grc'>41),</span> <span class='ocrx_word' id='word_1_385' title='bbox 1073 3467 1324 3522; x_wconf 88' lang='lat' dir='ltr'>scientes</span> <span class='ocrx_word' id='word_1_386' title='bbox 1353 3484 1454 3538; x_wconf 89' lang='lat' dir='ltr'>pro</span> <span class='ocrx_word' id='word_1_387' title='bbox 1485 3467 1578 3522; x_wconf 88' lang='lat' dir='ltr'>his</span> <span class='ocrx_word' id='word_1_388' title='bbox 1609 3484 1823 3540; x_wconf 87' lang='lat' dir='ltr'>magna</span> 
     </span>
    </p>
   </div>
   <div class='ocr_carea' id='block_1_51' title="bbox 146 3555 1824 3631">
    <p class='ocr_par' dir='ltr' id='par_1_51' title="bbox 146 3555 1824 3631">
     <span class='ocr_line' id='line_1_51' title="bbox 146 3555 1824 3631; baseline -0.003 -15"><span class='ocrx_word' id='word_1_389' title='bbox 146 3561 273 3616; x_wconf 88' lang='lat' dir='ltr'>fore</span> <span class='ocrx_word' id='word_1_390' title='bbox 307 3557 558 3631; x_wconf 69' lang='lat' dir='ltr'>prmmia</span> <span class='ocrx_word' id='word_1_391' title='bbox 588 3555 965 3628; x_wconf 87' lang='lat' dir='ltr'>repromissa.</span> <span class='ocrx_word' id='word_1_392' title='bbox 992 3555 1241 3610; x_wconf 89' lang='lat' dir='ltr'>Idoneus</span> <span class='ocrx_word' id='word_1_393' title='bbox 1272 3556 1426 3611; x_wconf 90' lang='lat' dir='ltr'>enim</span> <span class='ocrx_word' id='word_1_394' title='bbox 1463 3574 1666 3611; x_wconf 88' lang='lat' dir='ltr'>servus</span> <span class='ocrx_word' id='word_1_395' title='bbox 1698 3574 1824 3628; x_wconf 89' lang='lat' dir='ltr'>pro-</span> 
     </span>
    </p>
   </div>
   <div class='ocr_carea' id='block_1_52' title="bbox 148 3643 1822 3718">
    <p class='ocr_par' dir='ltr' id='par_1_52' title="bbox 148 3643 1822 3718">
     <span class='ocr_line' id='line_1_52' title="bbox 148 3643 1822 3718; baseline -0.002 -14"><span class='ocrx_word' id='word_1_396' title='bbox 148 3651 356 3717; x_wconf 85' lang='lat' dir='ltr'>batur,</span> <span class='ocrx_word' id='word_1_397' title='bbox 381 3645 623 3718; x_wconf 89' lang='lat' dir='ltr'>quando</span> <span class='ocrx_word' id='word_1_398' title='bbox 647 3661 750 3716; x_wconf 92' lang='lat' dir='ltr'>pro</span> <span class='ocrx_word' id='word_1_399' title='bbox 779 3643 1013 3698; x_wconf 90' lang='lat' dir='ltr'>nomine</span> <span class='ocrx_word' id='word_1_400' title='bbox 1037 3643 1260 3698; x_wconf 89' lang='lat' dir='ltr'>domini</span> <span class='ocrx_word' id='word_1_401' title='bbox 1284 3645 1374 3700; x_wconf 91' lang='lat' dir='ltr'>sui</span> <span class='ocrx_word' id='word_1_402' title='bbox 1404 3645 1672 3701; x_wconf 90' lang='lat' dir='ltr'>inimicos</span> <span class='ocrx_word' id='word_1_403' title='bbox 1694 3648 1822 3716; x_wconf 87' lang='lat' dir='ltr'>ejus</span> 
     </span>
    </p>
   </div>
   <div class='ocr_carea' id='block_1_53' title="bbox 148 3733 1824 3806">
    <p class='ocr_par' dir='ltr' id='par_1_53' title="bbox 148 3733 1824 3806">
     <span class='ocr_line' id='line_1_53' title="bbox 148 3733 1824 3806; baseline -0.002 -13"><span class='ocrx_word' id='word_1_404' title='bbox 148 3734 624 3805; x_wconf 77' lang='lat' dir='ltr'>oﬂ&#39;endit.Cujus</span> <span class='ocrx_word' id='word_1_405' title='bbox 645 3733 726 3788; x_wconf 91' lang='lat' dir='ltr'>rei</span> <span class='ocrx_word' id='word_1_406' title='bbox 751 3749 1039 3788; x_wconf 89' lang='lat' dir='ltr'>memores</span> <span class='ocrx_word' id='word_1_407' title='bbox 1085 3733 1262 3801; x_wconf 77' lang='lat' dir='ltr'>gavisi</span> <span class='ocrx_word' id='word_1_408' title='bbox 1289 3739 1426 3788; x_wconf 91' lang='lat' dir='ltr'>sunt</span> <span class='ocrx_word' id='word_1_409' title='bbox 1449 3751 1552 3806; x_wconf 91' lang='lat' dir='ltr'>spe</span> <span class='ocrx_word' id='word_1_410' title='bbox 1575 3736 1824 3806; x_wconf 90' lang='lat' dir='ltr'>promis-</span> 
     </span>
    </p>
   </div>
   <div class='ocr_carea' id='block_1_54' title="bbox 153 3822 1821 3896">
    <p class='ocr_par' dir='ltr' id='par_1_54' title="bbox 153 3822 1821 3896">
     <span class='ocr_line' id='line_1_54' title="bbox 153 3822 1821 3896; baseline -0.001 -15"><span class='ocrx_word' id='word_1_411' title='bbox 153 3825 351 3882; x_wconf 88' lang='lat' dir='ltr'>sionis</span> <span class='ocrx_word' id='word_1_412' title='bbox 379 3824 442 3878; x_wconf 90' lang='lat' dir='ltr'>in</span> <span class='ocrx_word' id='word_1_413' title='bbox 477 3839 776 3896; x_wconf 90' lang='lat' dir='ltr'>pressura.</span> <span class='ocrx_word' id='word_1_414' title='bbox 806 3822 1006 3892; x_wconf 90' lang='lat' dir='ltr'>Itaque</span> <span class='ocrx_word' id='word_1_415' title='bbox 1039 3838 1252 3894; x_wconf 89' lang='lat' dir='ltr'>magna</span> <span class='ocrx_word' id='word_1_416' title='bbox 1282 3822 1605 3879; x_wconf 84' lang='lat' dir='ltr'>exhortatio</span> <span class='ocrx_word' id='word_1_417' title='bbox 1638 3830 1727 3879; x_wconf 89' lang='lat' dir='ltr'>est</span> <span class='ocrx_word' id='word_1_418' title='bbox 1751 3824 1821 3879; x_wconf 90' lang='lat' dir='ltr'>ad</span> 
     </span>
    </p>
   </div>
   <div class='ocr_carea' id='block_1_55' title="bbox 153 3909 1823 3987">
    <p class='ocr_par' dir='ltr' id='par_1_55' title="bbox 153 3909 1823 3987">
     <span class='ocr_line' id='line_1_55' title="bbox 153 3909 1823 3987; baseline -0.002 -18"><span class='ocrx_word' id='word_1_419' title='bbox 153 3916 521 3987; x_wconf 88' lang='lat' dir='ltr'>protectum,</span> <span class='ocrx_word' id='word_1_420' title='bbox 554 3927 688 3966; x_wconf 91' lang='lat' dir='ltr'>cum</span> <span class='ocrx_word' id='word_1_421' title='bbox 721 3909 944 3965; x_wconf 89' lang='lat' dir='ltr'>similes</span> <span class='ocrx_word' id='word_1_422' title='bbox 979 3909 1108 3964; x_wconf 91' lang='lat' dir='ltr'>illos</span> <span class='ocrx_word' id='word_1_423' title='bbox 1141 3913 1322 3965; x_wconf 79' lang='lat' dir='ltr'>factos</span> <span class='ocrx_word' id='word_1_424' title='bbox 1353 3910 1494 3966; x_wconf 90' lang='lat' dir='ltr'>dicit</span> <span class='ocrx_word' id='word_1_425' title='bbox 1523 3918 1579 3966; x_wconf 93' lang='lat' dir='ltr'>et</span> <span class='ocrx_word' id='word_1_426' title='bbox 1609 3912 1823 3968; x_wconf 88' lang='lat' dir='ltr'>Christi</span> 
     </span>
    </p>
   </div>
   <div class='ocr_carea' id='block_1_56' title="bbox 154 3999 1828 4075">
    <p class='ocr_par' dir='ltr' id='par_1_56' title="bbox 154 3999 1828 4075">
     <span class='ocr_line' id='line_1_56' title="bbox 154 3999 1828 4075; baseline -0.001 -16"><span class='ocrx_word' id='word_1_427' title='bbox 154 4009 213 4059; x_wconf 89' lang='lat' dir='ltr'>et</span> <span class='ocrx_word' id='word_1_428' title='bbox 243 4001 514 4075; x_wconf 80' lang='lat' dir='ltr'>Apostoli</span> <span class='ocrx_word' id='word_1_429' title='bbox 551 4001 754 4070; x_wconf 75' lang='lat'>(1276),</span> <span class='ocrx_word' id='word_1_430' title='bbox 788 4000 859 4053; x_wconf 86' lang='lat' dir='ltr'>ad</span> <span class='ocrx_word' id='word_1_431' title='bbox 911 3999 1159 4053; x_wconf 88' lang='lat' dir='ltr'>formam</span> <span class='ocrx_word' id='word_1_432' title='bbox 1198 4000 1569 4070; x_wconf 73' lang='lat' dir='ltr'>przebendam</span> <span class='ocrx_word' id='word_1_433' title='bbox 1603 4001 1828 4058; x_wconf 68' lang='lat' dir='ltr'>caeteris</span> 
     </span>
    </p>
   </div>
   <div class='ocr_carea' id='block_1_57' title="bbox 155 4087 1830 4159">
    <p class='ocr_par' dir='ltr' id='par_1_57' title="bbox 155 4087 1830 4159">
     <span class='ocr_line' id='line_1_57' title="bbox 155 4087 1830 4159; baseline -0.003 -10"><span class='ocrx_word' id='word_1_434' title='bbox 155 4091 550 4149; x_wconf 87' lang='lat' dir='ltr'>credentibus</span> <span class='ocrx_word' id='word_1_435' title='bbox 580 4089 696 4144; x_wconf 89' lang='lat' dir='ltr'>illis</span> <span class='ocrx_word' id='word_1_436' title='bbox 729 4090 789 4143; x_wconf 90' lang='lat' dir='ltr'>in</span> <span class='ocrx_word' id='word_1_437' title='bbox 821 4087 983 4156; x_wconf 89' lang='lat' dir='ltr'>locis,</span> <span class='ocrx_word' id='word_1_438' title='bbox 1013 4088 1230 4159; x_wconf 88' lang='lat' dir='ltr'>quibus</span> <span class='ocrx_word' id='word_1_439' title='bbox 1253 4090 1408 4143; x_wconf 85' lang='lat' dir='ltr'>fama</span> <span class='ocrx_word' id='word_1_440' title='bbox 1441 4089 1673 4145; x_wconf 91' lang='lat' dir='ltr'>illorum</span> <span class='ocrx_word' id='word_1_441' title='bbox 1710 4107 1830 4145; x_wconf 91' lang='lat' dir='ltr'>am-</span> 
     </span>
    </p>
   </div>
   <div class='ocr_carea' id='block_1_58' title="bbox 157 4181 436 4238">
    <p class='ocr_par' dir='ltr' id='par_1_58' title="bbox 157 4181 436 4238">
     <span class='ocr_line' id='line_1_58' title="bbox 157 4181 436 4238; baseline -0.014 0"><span class='ocrx_word' id='word_1_442' title='bbox 157 4181 436 4238; x_wconf 89' lang='lat' dir='ltr'>bulabat.</span> 
     </span>
    </p>
   </div>
   <div class='ocr_carea' id='block_1_59' title="bbox 229 4267 1828 4340">
    <p class='ocr_par' dir='ltr' id='par_1_59' title="bbox 229 4267 1828 4340">
     <span class='ocr_line' id='line_1_59' title="bbox 229 4267 1828 4340; baseline -0.002 -13"><span class='ocrx_word' id='word_1_443' title='bbox 229 4273 269 4327; x_wconf 82' lang='lat' dir='ltr'><em>A</em></span> <span class='ocrx_word' id='word_1_444' title='bbox 307 4271 465 4326; x_wconf 86' lang='lat' dir='ltr'>vobis</span> <span class='ocrx_word' id='word_1_445' title='bbox 493 4269 642 4323; x_wconf 91' lang='lat' dir='ltr'>enim</span> <span class='ocrx_word' id='word_1_446' title='bbox 671 4267 991 4340; x_wconf 73' lang='lat' dir='ltr'>diffamatus</span> <span class='ocrx_word' id='word_1_447' title='bbox 1019 4270 1095 4322; x_wconf 84' lang='lat' dir='ltr'>est</span> <span class='ocrx_word' id='word_1_448' title='bbox 1123 4281 1296 4321; x_wconf 89' lang='lat' dir='ltr'>sermo</span> <span class='ocrx_word' id='word_1_449' title='bbox 1327 4269 1573 4335; x_wconf 84' lang='lat' dir='ltr'>Domini,</span> <span class='ocrx_word' id='word_1_450' title='bbox 1606 4285 1714 4324; x_wconf 86' lang='lat' dir='ltr'>non</span> <span class='ocrx_word' id='word_1_451' title='bbox 1749 4286 1828 4325; x_wconf 90' lang='lat' dir='ltr'>so-</span> 
     </span>
    </p>
   </div>
   <div class='ocr_carea' id='block_1_60' title="bbox 161 4354 1831 4426">
    <p class='ocr_par' dir='ltr' id='par_1_60' title="bbox 161 4354 1831 4426">
     <span class='ocr_line' id='line_1_60' title="bbox 161 4354 1831 4426; baseline 0 -13"><span class='ocrx_word' id='word_1_452' title='bbox 161 4360 280 4415; x_wconf 85' lang='lat' dir='ltr'>lum</span> <span class='ocrx_word' id='word_1_453' title='bbox 311 4360 376 4413; x_wconf 82' lang='lat' dir='ltr'>in</span> <span class='ocrx_word' id='word_1_454' title='bbox 405 4357 746 4422; x_wconf 74' lang='lat' dir='ltr'>Macedonia,</span> <span class='ocrx_word' id='word_1_455' title='bbox 767 4363 820 4411; x_wconf 86' lang='lat' dir='ltr'>et</span> <span class='ocrx_word' id='word_1_456' title='bbox 851 4356 911 4410; x_wconf 92' lang='lat' dir='ltr'>in</span> <span class='ocrx_word' id='word_1_457' title='bbox 933 4354 1158 4424; x_wconf 80' lang='lat' dir='ltr'>Achaia,</span> <span class='ocrx_word' id='word_1_458' title='bbox 1181 4354 1273 4408; x_wconf 87' lang='lat' dir='ltr'>sed</span> <span class='ocrx_word' id='word_1_459' title='bbox 1304 4356 1365 4410; x_wconf 88' lang='lat' dir='ltr'>in</span> <span class='ocrx_word' id='word_1_460' title='bbox 1397 4356 1548 4410; x_wconf 89' lang='lat' dir='ltr'>omni</span> <span class='ocrx_word' id='word_1_461' title='bbox 1569 4357 1682 4412; x_wconf 91' lang='lat' dir='ltr'>loco</span> <span class='ocrx_word' id='word_1_462' title='bbox 1699 4358 1831 4426; x_wconf 83' lang='lat' dir='ltr'>ﬁdes</span> 
     </span>
    </p>
   </div>
   <div class='ocr_carea' id='block_1_61' title="bbox 164 4443 1829 4518">
    <p class='ocr_par' dir='ltr' id='par_1_61' title="bbox 164 4443 1829 4518">
     <span class='ocr_line' id='line_1_61' title="bbox 164 4443 1829 4518; baseline -0.001 -15"><span class='ocrx_word' id='word_1_463' title='bbox 164 4457 368 4512; x_wconf 84' lang='lat' dir='ltr'>vestra,</span> <span class='ocrx_word' id='word_1_464' title='bbox 400 4459 532 4518; x_wconf 54' lang='lat' dir='ltr'>qua</span> <span class='ocrx_word' id='word_1_465' title='bbox 581 4453 659 4500; x_wconf 87' lang='lat' dir='ltr'>est</span> <span class='ocrx_word' id='word_1_466' title='bbox 707 4443 778 4498; x_wconf 86' lang='lat' dir='ltr'>ad</span> <span class='ocrx_word' id='word_1_467' title='bbox 826 4447 1017 4510; x_wconf 88' lang='lat' dir='ltr'>Deum,</span> <span class='ocrx_word' id='word_1_468' title='bbox 1065 4445 1343 4513; x_wconf 86' lang='lat' dir='ltr'>processit.</span> <span class='ocrx_word' id='word_1_469' title='bbox 1378 4443 1516 4498; x_wconf 87' lang='lat' dir='ltr'>Tale</span> <span class='ocrx_word' id='word_1_470' title='bbox 1565 4448 1651 4499; x_wconf 87' lang='lat' dir='ltr'>est</span> <span class='ocrx_word' id='word_1_471' title='bbox 1701 4444 1829 4516; x_wconf 87' lang='lat' dir='ltr'>hoc,</span> 
     </span>
    </p>
   </div>
   <div class='ocr_carea' id='block_1_62' title="bbox 164 4531 1836 4608">
    <p class='ocr_par' dir='ltr' id='par_1_62' title="bbox 164 4531 1836 4608">
     <span class='ocr_line' id='line_1_62' title="bbox 164 4531 1836 4608; baseline -0.001 -16"><span class='ocrx_word' id='word_1_472' title='bbox 164 4534 342 4608; x_wconf 87' lang='lat' dir='ltr'>quale</span> <span class='ocrx_word' id='word_1_473' title='bbox 365 4539 424 4591; x_wconf 89' lang='lat' dir='ltr'>et</span> <span class='ocrx_word' id='word_1_474' title='bbox 445 4533 590 4589; x_wconf 92' lang='lat' dir='ltr'>illud</span> <span class='ocrx_word' id='word_1_475' title='bbox 614 4533 684 4588; x_wconf 90' lang='lat' dir='ltr'>ad</span> <span class='ocrx_word' id='word_1_476' title='bbox 707 4533 1024 4599; x_wconf 78' lang='lat' dir='ltr'>Romanos,</span> <span class='ocrx_word' id='word_1_477' title='bbox 1050 4547 1089 4598; x_wconf 79' lang='grc' dir='ltr'>ι,</span> <span class='ocrx_word' id='word_1_478' title='bbox 1116 4534 1169 4601; x_wconf 88' lang='grc'>8,</span> <span class='ocrx_word' id='word_1_479' title='bbox 1191 4548 1326 4585; x_wconf 91' lang='lat' dir='ltr'>cum</span> <span class='ocrx_word' id='word_1_480' title='bbox 1351 4531 1524 4586; x_wconf 87' lang='lat' dir='ltr'>dicit:</span> <span class='ocrx_word' id='word_1_481' title='bbox 1553 4535 1680 4603; x_wconf 83' lang='lat' dir='ltr'>quia</span> <span class='ocrx_word' id='word_1_482' title='bbox 1703 4535 1836 4602; x_wconf 83' lang='lat' dir='ltr'>ﬁdes</span> 
     </span>
    </p>
   </div>
   <div class='ocr_carea' id='block_1_63' title="bbox 167 4620 1834 4696">
    <p class='ocr_par' dir='ltr' id='par_1_63' title="bbox 167 4620 1834 4696">
     <span class='ocr_line' id='line_1_63' title="bbox 167 4620 1834 4696; baseline -0.002 -16"><span class='ocrx_word' id='word_1_483' title='bbox 167 4635 350 4682; x_wconf 86' lang='lat' dir='ltr'>vestra</span> <span class='ocrx_word' id='word_1_484' title='bbox 389 4621 734 4696; x_wconf 75' lang='lat' dir='ltr'>praedicatur</span> <span class='ocrx_word' id='word_1_485' title='bbox 780 4623 840 4676; x_wconf 90' lang='lat' dir='ltr'>in</span> <span class='ocrx_word' id='word_1_486' title='bbox 894 4622 1150 4675; x_wconf 88' lang='lat' dir='ltr'>universo</span> <span class='ocrx_word' id='word_1_487' title='bbox 1178 4620 1404 4675; x_wconf 87' lang='lat' dir='ltr'>mundo.</span> <span class='ocrx_word' id='word_1_488' title='bbox 1439 4621 1548 4676; x_wconf 89' lang='lat' dir='ltr'>Sed</span> <span class='ocrx_word' id='word_1_489' title='bbox 1582 4621 1674 4677; x_wconf 90' lang='lat' dir='ltr'>bis</span> <span class='ocrx_word' id='word_1_490' title='bbox 1705 4640 1834 4678; x_wconf 90' lang='lat' dir='ltr'>am-</span> 
     </span>
    </p>
   </div>
   <div class='ocr_carea' id='block_1_64' title="bbox 1925 2043 3576 2118">
    <p class='ocr_par' dir='ltr' id='par_1_64' title="bbox 1925 2043 3576 2118">
     <span class='ocr_line' id='line_1_64' title="bbox 1925 2043 3576 2118; baseline 0.004 -21"><span class='ocrx_word' id='word_1_491' title='bbox 1925 2043 1998 2097; x_wconf 81' lang='lat' dir='ltr'>acl</span> <span class='ocrx_word' id='word_1_492' title='bbox 2029 2059 2137 2108; x_wconf 88' lang='lat' dir='ltr'>vos,</span> <span class='ocrx_word' id='word_1_493' title='bbox 2171 2047 2299 2113; x_wconf 83' lang='lat' dir='ltr'>quia</span> <span class='ocrx_word' id='word_1_494' title='bbox 2329 2061 2434 2097; x_wconf 82' lang='lat' dir='ltr'>non</span> <span class='ocrx_word' id='word_1_495' title='bbox 2470 2045 2656 2099; x_wconf 85' lang='lat' dir='ltr'>inanis</span> <span class='ocrx_word' id='word_1_496' title='bbox 2683 2048 2815 2116; x_wconf 87' lang='lat' dir='ltr'>fuit,</span> <span class='ocrx_word' id='word_1_497' title='bbox 2838 2047 2930 2101; x_wconf 84' lang='lat' dir='ltr'>sed</span> <span class='ocrx_word' id='word_1_498' title='bbox 2961 2057 3088 2102; x_wconf 87' lang='lat' dir='ltr'>ante</span> <span class='ocrx_word' id='word_1_499' title='bbox 3113 2050 3290 2118; x_wconf 82' lang='lat' dir='ltr'>passi,</span> <span class='ocrx_word' id='word_1_500' title='bbox 3313 2051 3362 2103; x_wconf 90' lang='lat' dir='ltr'>et</span> <span class='ocrx_word' id='word_1_501' title='bbox 3390 2052 3576 2104; x_wconf 78' lang='lat' dir='ltr'>contu-</span> 
     </span>
    </p>
   </div>
   <div class='ocr_carea' id='block_1_65' title="bbox 1924 2133 3576 2208">
    <p class='ocr_par' dir='ltr' id='par_1_65' title="bbox 1924 2133 3576 2208">
     <span class='ocr_line' id='line_1_65' title="bbox 1924 2133 3576 2208; baseline 0.004 -23"><span class='ocrx_word' id='word_1_502' title='bbox 1924 2133 2106 2186; x_wconf 84' lang='lat' dir='ltr'>meliis</span> <span class='ocrx_word' id='word_1_503' title='bbox 2138 2134 2355 2202; x_wconf 80' lang='lat' dir='ltr'>af/licti,</span> <span class='ocrx_word' id='word_1_504' title='bbox 2388 2135 2533 2187; x_wconf 77' lang='lat' dir='ltr'>sicut</span> <span class='ocrx_word' id='word_1_505' title='bbox 2562 2136 2733 2200; x_wconf 85' lang='lat' dir='ltr'>scitis,</span> <span class='ocrx_word' id='word_1_506' title='bbox 2769 2137 2826 2188; x_wconf 87' lang='lat' dir='ltr'>in</span> <span class='ocrx_word' id='word_1_507' title='bbox 2859 2137 3153 2208; x_wconf 83' lang='lat' dir='ltr'>Philippis,</span> <span class='ocrx_word' id='word_1_508' title='bbox 3187 2144 3382 2192; x_wconf 67' lang='lat' dir='ltr'>exerta</span> <span class='ocrx_word' id='word_1_509' title='bbox 3413 2138 3576 2193; x_wconf 87' lang='lat' dir='ltr'>liber-</span> 
     </span>
    </p>
   </div>
   <div class='ocr_carea' id='block_1_66' title="bbox 1923 2223 3574 2296">
    <p class='ocr_par' dir='ltr' id='par_1_66' title="bbox 1923 2223 3574 2296">
     <span class='ocr_line' id='line_1_66' title="bbox 1923 2223 3574 2296; baseline 0.004 -23"><span class='ocrx_word' id='word_1_510' title='bbox 1923 2227 2039 2276; x_wconf 88' lang='lat' dir='ltr'>tate</span> <span class='ocrx_word' id='word_1_511' title='bbox 2069 2223 2194 2275; x_wconf 85' lang='lat' dir='ltr'>ausi</span> <span class='ocrx_word' id='word_1_512' title='bbox 2220 2239 2412 2276; x_wconf 86' lang='lat' dir='ltr'>sumus</span> <span class='ocrx_word' id='word_1_513' title='bbox 2462 2225 2518 2276; x_wconf 89' lang='lat' dir='ltr'>in</span> <span class='ocrx_word' id='word_1_514' title='bbox 2561 2225 2798 2278; x_wconf 86' lang='lat' dir='ltr'>Domino</span> <span class='ocrx_word' id='word_1_515' title='bbox 2828 2234 3025 2294; x_wconf 85' lang='lat' dir='ltr'>nostro,</span> <span class='ocrx_word' id='word_1_516' title='bbox 3059 2226 3325 2296; x_wconf 84' lang='lat' dir='ltr'>loquendo</span> <span class='ocrx_word' id='word_1_517' title='bbox 3371 2226 3442 2280; x_wconf 85' lang='lat' dir='ltr'>ad</span> <span class='ocrx_word' id='word_1_518' title='bbox 3485 2243 3574 2282; x_wconf 88' lang='lat' dir='ltr'>vos</span> 
     </span>
    </p>
   </div>
   <div class='ocr_carea' id='block_1_67' title="bbox 1925 2309 3570 2386">
    <p class='ocr_par' dir='ltr' id='par_1_67' title="bbox 1925 2309 3570 2386">
     <span class='ocr_line' id='line_1_67' title="bbox 1925 2309 3570 2386; baseline 0.004 -22"><span class='ocrx_word' id='word_1_519' title='bbox 1925 2309 2297 2378; x_wconf 77' lang='lat' dir='ltr'>Evangelium</span> <span class='ocrx_word' id='word_1_520' title='bbox 2325 2311 2426 2364; x_wconf 89' lang='lat' dir='ltr'>Dei</span> <span class='ocrx_word' id='word_1_521' title='bbox 2473 2313 2529 2364; x_wconf 86' lang='lat' dir='ltr'>in</span> <span class='ocrx_word' id='word_1_522' title='bbox 2561 2329 2757 2382; x_wconf 83' lang='lat' dir='ltr'>magno</span> <span class='ocrx_word' id='word_1_523' title='bbox 2786 2316 3104 2368; x_wconf 70' lang='lat' dir='ltr'>certamine.</span> <span class='ocrx_word' id='word_1_524' title='bbox 3139 2318 3301 2369; x_wconf 87' lang='lat' dir='ltr'>Hanc</span> <span class='ocrx_word' id='word_1_525' title='bbox 3334 2332 3570 2386; x_wconf 84' lang='lat' dir='ltr'>pressu-</span> 
     </span>
    </p>
   </div>
   <div class='ocr_carea' id='block_1_68' title="bbox 1927 2403 3572 2475">
    <p class='ocr_par' dir='ltr' id='par_1_68' title="bbox 1927 2403 3572 2475">
     <span class='ocr_line' id='line_1_68' title="bbox 1927 2403 3572 2475; baseline 0.005 -23"><span class='ocrx_word' id='word_1_526' title='bbox 1927 2417 2072 2466; x_wconf 88' lang='lat' dir='ltr'>ram,</span> <span class='ocrx_word' id='word_1_527' title='bbox 2097 2416 2271 2470; x_wconf 87' lang='lat' dir='ltr'>quam</span> <span class='ocrx_word' id='word_1_528' title='bbox 2310 2417 2462 2454; x_wconf 88' lang='lat' dir='ltr'>nunc</span> <span class='ocrx_word' id='word_1_529' title='bbox 2493 2406 2800 2465; x_wconf 84' lang='lat' dir='ltr'>memorat,</span> <span class='ocrx_word' id='word_1_530' title='bbox 2835 2419 3046 2473; x_wconf 86' lang='lat' dir='ltr'>passus</span> <span class='ocrx_word' id='word_1_531' title='bbox 3077 2408 3165 2457; x_wconf 91' lang='lat' dir='ltr'>est</span> <span class='ocrx_word' id='word_1_532' title='bbox 3196 2403 3253 2456; x_wconf 92' lang='lat' dir='ltr'>in</span> <span class='ocrx_word' id='word_1_533' title='bbox 3287 2403 3572 2475; x_wconf 85' lang='lat' dir='ltr'>Philippis</span> 
     </span>
    </p>
   </div>
   <div class='ocr_carea' id='block_1_69' title="bbox 1925 2488 3571 2564">
    <p class='ocr_par' dir='ltr' id='par_1_69' title="bbox 1925 2488 3571 2564">
     <span class='ocr_line' id='line_1_69' title="bbox 1925 2488 3571 2564; baseline 0.002 -21"><span class='ocrx_word' id='word_1_534' title='bbox 1925 2505 2056 2543; x_wconf 90' lang='lat' dir='ltr'>cum</span> <span class='ocrx_word' id='word_1_535' title='bbox 2085 2488 2234 2542; x_wconf 88' lang='lat' dir='ltr'>Silea</span> <span class='ocrx_word' id='word_1_536' title='bbox 2255 2489 2458 2559; x_wconf 82' lang='grc'>(1277),</span> <span class='ocrx_word' id='word_1_537' title='bbox 2477 2494 2714 2560; x_wconf 84' lang='lat' dir='ltr'>prepter</span> <span class='ocrx_word' id='word_1_538' title='bbox 2739 2489 3010 2561; x_wconf 86' lang='lat' dir='ltr'>spiritum</span> <span class='ocrx_word' id='word_1_539' title='bbox 3033 2491 3376 2562; x_wconf 87' lang='lat' dir='ltr'>Pythonem,</span> <span class='ocrx_word' id='word_1_540' title='bbox 3397 2509 3571 2564; x_wconf 90' lang='lat' dir='ltr'>quem</span> 
     </span>
    </p>
   </div>
   <div class='ocr_carea' id='block_1_70' title="bbox 1927 2577 3574 2650">
    <p class='ocr_par' dir='ltr' id='par_1_70' title="bbox 1927 2577 3574 2650">
     <span class='ocr_line' id='line_1_70' title="bbox 1927 2577 3574 2650; baseline 0.002 -17"><span class='ocrx_word' id='word_1_541' title='bbox 1927 2596 1960 2633; x_wconf 88' lang='lat' dir='ltr'>a</span> <span class='ocrx_word' id='word_1_542' title='bbox 1991 2577 2185 2649; x_wconf 87' lang='lat' dir='ltr'>puella</span> <span class='ocrx_word' id='word_1_543' title='bbox 2213 2579 2460 2647; x_wconf 68' lang='lat' dir='ltr'>eiecerat</span> <span class='ocrx_word' id='word_1_544' title='bbox 2491 2581 2632 2648; x_wconf 83' lang='lat' dir='ltr'>(Act.</span> <span class='ocrx_word' id='word_1_545' title='bbox 2666 2595 2780 2644; x_wconf 78' lang='lat' dir='ltr'>xvi,</span> <span class='ocrx_word' id='word_1_546' title='bbox 2817 2581 2902 2648; x_wconf 85' lang='grc'>18)</span> <span class='ocrx_word' id='word_1_547' title='bbox 2929 2596 2942 2633; x_wconf 87' lang='lat'><strong>:</strong></span> <span class='ocrx_word' id='word_1_548' title='bbox 2972 2581 3124 2650; x_wconf 91' lang='lat' dir='ltr'>quod</span> <span class='ocrx_word' id='word_1_549' title='bbox 3153 2581 3274 2650; x_wconf 88' lang='lat' dir='ltr'>jam</span> <span class='ocrx_word' id='word_1_550' title='bbox 3309 2598 3414 2636; x_wconf 93' lang='lat' dir='ltr'>suo</span> <span class='ocrx_word' id='word_1_551' title='bbox 3446 2581 3574 2638; x_wconf 92' lang='lat' dir='ltr'>loco</span> 
     </span>
    </p>
   </div>
   <div class='ocr_carea' id='block_1_71' title="bbox 1928 2667 3578 2737">
    <p class='ocr_par' dir='ltr' id='par_1_71' title="bbox 1928 2667 3578 2737">
     <span class='ocr_line' id='line_1_71' title="bbox 1928 2667 3578 2737; baseline 0.002 -17"><span class='ocrx_word' id='word_1_552' title='bbox 1928 2667 2148 2720; x_wconf 87' lang='lat' dir='ltr'>dictum</span> <span class='ocrx_word' id='word_1_553' title='bbox 2182 2673 2286 2720; x_wconf 79' lang='lat' dir='ltr'>est.</span> <span class='ocrx_word' id='word_1_554' title='bbox 2313 2667 2414 2720; x_wconf 90' lang='lat' dir='ltr'>Cui</span> <span class='ocrx_word' id='word_1_555' title='bbox 2451 2684 2738 2737; x_wconf 60' lang='lat' dir='ltr'>pressurae</span> <span class='ocrx_word' id='word_1_556' title='bbox 2770 2684 2883 2722; x_wconf 86' lang='lat' dir='ltr'>non</span> <span class='ocrx_word' id='word_1_557' title='bbox 2916 2668 3110 2736; x_wconf 86' lang='lat' dir='ltr'>cessit,</span> <span class='ocrx_word' id='word_1_558' title='bbox 3137 2670 3236 2724; x_wconf 90' lang='lat' dir='ltr'>sed</span> <span class='ocrx_word' id='word_1_559' title='bbox 3262 2669 3465 2724; x_wconf 77' lang='lat' dir='ltr'>fortior</span> <span class='ocrx_word' id='word_1_560' title='bbox 3491 2669 3578 2724; x_wconf 86' lang='lat' dir='ltr'>in-</span> 
     </span>
    </p>
   </div>
   <div class='ocr_carea' id='block_1_72' title="bbox 1927 2754 3576 2829">
    <p class='ocr_par' dir='ltr' id='par_1_72' title="bbox 1927 2754 3576 2829">
     <span class='ocr_line' id='line_1_72' title="bbox 1927 2754 3576 2829; baseline 0.002 -21"><span class='ocrx_word' id='word_1_561' title='bbox 1927 2760 2136 2808; x_wconf 89' lang='lat' dir='ltr'>ventus</span> <span class='ocrx_word' id='word_1_562' title='bbox 2165 2758 2272 2818; x_wconf 81' lang='lat' dir='ltr'>est,</span> <span class='ocrx_word' id='word_1_563' title='bbox 2305 2754 2445 2808; x_wconf 90' lang='lat' dir='ltr'>dum</span> <span class='ocrx_word' id='word_1_564' title='bbox 2480 2756 2655 2809; x_wconf 88' lang='lat' dir='ltr'>audet</span> <span class='ocrx_word' id='word_1_565' title='bbox 2687 2755 3017 2826; x_wconf 75' lang='lat' dir='ltr'>przedicare,</span> <span class='ocrx_word' id='word_1_566' title='bbox 3052 2773 3157 2811; x_wconf 88' lang='lat' dir='ltr'>nec</span> <span class='ocrx_word' id='word_1_567' title='bbox 3196 2757 3354 2829; x_wconf 90' lang='lat' dir='ltr'>loqui</span> <span class='ocrx_word' id='word_1_568' title='bbox 3388 2757 3576 2824; x_wconf 88' lang='lat' dir='ltr'>timet,</span> 
     </span>
    </p>
   </div>
   <div class='ocr_carea' id='block_1_73' title="bbox 1932 2843 3582 2916">
    <p class='ocr_par' dir='ltr' id='par_1_73' title="bbox 1932 2843 3582 2916">
     <span class='ocr_line' id='line_1_73' title="bbox 1932 2843 3582 2916; baseline 0.002 -18"><span class='ocrx_word' id='word_1_569' title='bbox 1932 2860 2032 2914; x_wconf 88' lang='lat' dir='ltr'>spe</span> <span class='ocrx_word' id='word_1_570' title='bbox 2064 2843 2264 2914; x_wconf 86' lang='lat' dir='ltr'>utique</span> <span class='ocrx_word' id='word_1_571' title='bbox 2297 2843 2571 2914; x_wconf 86' lang='lat' dir='ltr'>promissi</span> <span class='ocrx_word' id='word_1_572' title='bbox 2603 2845 2850 2916; x_wconf 77' lang='lat' dir='ltr'>przernii,</span> <span class='ocrx_word' id='word_1_573' title='bbox 2882 2849 2946 2899; x_wconf 92' lang='lat' dir='ltr'>ut</span> <span class='ocrx_word' id='word_1_574' title='bbox 2977 2850 3033 2900; x_wconf 91' lang='lat' dir='ltr'>et</span> <span class='ocrx_word' id='word_1_575' title='bbox 3073 2845 3130 2900; x_wconf 90' lang='lat' dir='ltr'>hi</span> <span class='ocrx_word' id='word_1_576' title='bbox 3163 2846 3352 2901; x_wconf 85' lang='lat' dir='ltr'>securi</span> <span class='ocrx_word' id='word_1_577' title='bbox 3384 2851 3582 2902; x_wconf 74' lang='lat' dir='ltr'>essent</span> 
     </span>
    </p>
   </div>
   <div class='ocr_carea' id='block_1_74' title="bbox 1932 2931 3581 3006">
    <p class='ocr_par' dir='ltr' id='par_1_74' title="bbox 1932 2931 3581 3006">
     <span class='ocr_line' id='line_1_74' title="bbox 1932 2931 3581 3006; baseline 0.002 -21"><span class='ocrx_word' id='word_1_578' title='bbox 1932 2931 1989 2985; x_wconf 91' lang='lat' dir='ltr'>in</span> <span class='ocrx_word' id='word_1_579' title='bbox 2015 2932 2876 3004; x_wconf 87' lang='lat' dir='ltr'>persecutionibus,gaudentes</span> <span class='ocrx_word' id='word_1_580' title='bbox 2899 2939 3134 3006; x_wconf 88' lang='lat' dir='ltr'>propter</span> <span class='ocrx_word' id='word_1_581' title='bbox 3155 2935 3411 2990; x_wconf 86' lang='lat' dir='ltr'>futuram</span> <span class='ocrx_word' id='word_1_582' title='bbox 3437 2952 3581 2990; x_wconf 87' lang='lat' dir='ltr'>mer-</span> 
     </span>
    </p>
   </div>
   <div class='ocr_carea' id='block_1_75' title="bbox 1933 3020 3580 3094">
    <p class='ocr_par' dir='ltr' id='par_1_75' title="bbox 1933 3020 3580 3094">
     <span class='ocr_line' id='line_1_75' title="bbox 1933 3020 3580 3094; baseline 0.002 -18"><span class='ocrx_word' id='word_1_583' title='bbox 1933 3023 2154 3076; x_wconf 88' lang='lat' dir='ltr'>cedem.</span> <span class='ocrx_word' id='word_1_584' title='bbox 2190 3020 2433 3092; x_wconf 85' lang='lat' dir='ltr'>Signum</span> <span class='ocrx_word' id='word_1_585' title='bbox 2468 3037 2603 3092; x_wconf 89' lang='lat' dir='ltr'>ergo</span> <span class='ocrx_word' id='word_1_586' title='bbox 2635 3023 2822 3076; x_wconf 87' lang='lat' dir='ltr'>devoti</span> <span class='ocrx_word' id='word_1_587' title='bbox 2857 3027 2914 3076; x_wconf 89' lang='lat' dir='ltr'>et</span> <span class='ocrx_word' id='word_1_588' title='bbox 2961 3021 3149 3079; x_wconf 89' lang='lat' dir='ltr'>ﬁdelis</span> <span class='ocrx_word' id='word_1_589' title='bbox 3178 3024 3580 3094; x_wconf 80' lang='lat' dir='ltr'>praedicatoris</span> 
     </span>
    </p>
   </div>
   <div class='ocr_carea' id='block_1_76' title="bbox 1932 3109 3582 3182">
    <p class='ocr_par' dir='ltr' id='par_1_76' title="bbox 1932 3109 3582 3182">
     <span class='ocr_line' id='line_1_76' title="bbox 1932 3109 3582 3182; baseline 0.001 -18"><span class='ocrx_word' id='word_1_590' title='bbox 1932 3109 2075 3164; x_wconf 89' lang='lat' dir='ltr'>dicit</span> <span class='ocrx_word' id='word_1_591' title='bbox 2104 3125 2252 3174; x_wconf 88' lang='lat' dir='ltr'>esse,</span> <span class='ocrx_word' id='word_1_592' title='bbox 2287 3109 2333 3164; x_wconf 91' lang='lat' dir='ltr'>si</span> <span class='ocrx_word' id='word_1_593' title='bbox 2367 3109 2424 3162; x_wconf 92' lang='lat' dir='ltr'>in</span> <span class='ocrx_word' id='word_1_594' title='bbox 2458 3125 2735 3180; x_wconf 79' lang='lat' dir='ltr'>pressura</span> <span class='ocrx_word' id='word_1_595' title='bbox 2769 3109 2922 3182; x_wconf 91' lang='lat' dir='ltr'>loqui</span> <span class='ocrx_word' id='word_1_596' title='bbox 2954 3111 3194 3166; x_wconf 89' lang='lat' dir='ltr'>verbum</span> <span class='ocrx_word' id='word_1_597' title='bbox 3229 3111 3330 3166; x_wconf 89' lang='lat' dir='ltr'>Dei</span> <span class='ocrx_word' id='word_1_598' title='bbox 3364 3129 3477 3166; x_wconf 91' lang='lat' dir='ltr'>non</span> <span class='ocrx_word' id='word_1_599' title='bbox 3511 3113 3582 3166; x_wconf 89' lang='lat' dir='ltr'>ti-</span> 
     </span>
    </p>
   </div>
   <div class='ocr_carea' id='block_1_77' title="bbox 1934 3197 3582 3272">
    <p class='ocr_par' dir='ltr' id='par_1_77' title="bbox 1934 3197 3582 3272">
     <span class='ocr_line' id='line_1_77' title="bbox 1934 3197 3582 3272; baseline 0.002 -20"><span class='ocrx_word' id='word_1_600' title='bbox 1934 3201 2107 3266; x_wconf 86' lang='lat' dir='ltr'>meat,</span> <span class='ocrx_word' id='word_1_601' title='bbox 2126 3197 2356 3252; x_wconf 80' lang='lat' dir='ltr'>inanem</span> <span class='ocrx_word' id='word_1_602' title='bbox 2383 3197 2546 3252; x_wconf 88' lang='lat' dir='ltr'>illum</span> <span class='ocrx_word' id='word_1_603' title='bbox 2571 3197 2932 3269; x_wconf 84' lang='lat' dir='ltr'>signiﬁcans,</span> <span class='ocrx_word' id='word_1_604' title='bbox 2950 3199 3049 3270; x_wconf 91' lang='lat' dir='ltr'>qui</span> <span class='ocrx_word' id='word_1_605' title='bbox 3072 3204 3290 3256; x_wconf 88' lang='lat' dir='ltr'>terrore</span> <span class='ocrx_word' id='word_1_606' title='bbox 3312 3201 3582 3272; x_wconf 66' lang='lat' dir='ltr'>praesenti</span> 
     </span>
    </p>
   </div>
   <div class='ocr_carea' id='block_1_78' title="bbox 1936 3286 3583 3358">
    <p class='ocr_par' dir='ltr' id='par_1_78' title="bbox 1936 3286 3583 3358">
     <span class='ocr_line' id='line_1_78' title="bbox 1936 3286 3583 3358; baseline 0.003 -17"><span class='ocrx_word' id='word_1_607' title='bbox 1936 3286 2307 3341; x_wconf 88' lang='lat' dir='ltr'>formidinem</span> <span class='ocrx_word' id='word_1_608' title='bbox 2343 3286 2562 3356; x_wconf 90' lang='lat' dir='ltr'>patitur</span> <span class='ocrx_word' id='word_1_609' title='bbox 2600 3287 2974 3358; x_wconf 69' lang='lat' dir='ltr'>praedicandi.</span> <span class='ocrx_word' id='word_1_610' title='bbox 3009 3289 3116 3352; x_wconf 88' lang='lat' dir='ltr'>Qui</span> <span class='ocrx_word' id='word_1_611' title='bbox 3150 3289 3304 3343; x_wconf 88' lang='lat' dir='ltr'>enim</span> <span class='ocrx_word' id='word_1_612' title='bbox 3339 3305 3583 3346; x_wconf 88' lang='lat' dir='ltr'>securus</span> 
     </span>
    </p>
   </div>
   <div class='ocr_carea' id='block_1_79' title="bbox 1855 3357 3415 3448">
    <p class='ocr_par' dir='ltr' id='par_1_79' title="bbox 1855 3357 3415 3448">
     <span class='ocr_line' id='line_1_79' title="bbox 1855 3357 3415 3448; baseline 0.001 -18"><span class='ocrx_word' id='word_1_613' title='bbox 1855 3357 1898 3423; x_wconf 83' lang='lat' dir='ltr'><strong><em>C</em></strong></span> <span class='ocrx_word' id='word_1_614' title='bbox 1936 3382 2025 3430; x_wconf 87' lang='lat' dir='ltr'>est</span> <span class='ocrx_word' id='word_1_615' title='bbox 2055 3374 2125 3429; x_wconf 90' lang='lat' dir='ltr'>de</span> <span class='ocrx_word' id='word_1_616' title='bbox 2158 3375 2448 3446; x_wconf 65' lang='lat' dir='ltr'>promissa</span> <span class='ocrx_word' id='word_1_617' title='bbox 2478 3357 2750 3446; x_wconf 31' lang='lat' dir='ltr'>spefnon</span> <span class='ocrx_word' id='word_1_618' title='bbox 2783 3376 2954 3448; x_wconf 90' lang='lat' dir='ltr'>cedit,</span> <span class='ocrx_word' id='word_1_619' title='bbox 2989 3381 3055 3431; x_wconf 88' lang='lat' dir='ltr'>ut</span> <span class='ocrx_word' id='word_1_620' title='bbox 3083 3383 3415 3433; x_wconf 87' lang='lat' dir='ltr'>coronetur.</span> 
     </span>
    </p>
   </div>
   <div class='ocr_carea' id='block_1_80' title="bbox 2002 3464 3580 3536">
    <p class='ocr_par' dir='ltr' id='par_1_80' title="bbox 2002 3464 3580 3536">
     <span class='ocr_line' id='line_1_80' title="bbox 2002 3464 3580 3536; baseline 0.001 -15"><span class='ocrx_word' id='word_1_621' title='bbox 2002 3469 2143 3521; x_wconf 86' lang='lat' dir='ltr'>Nam</span> <span class='ocrx_word' id='word_1_622' title='bbox 2185 3464 2493 3518; x_wconf 65' lang='lat' dir='ltr'>exhortatio</span> <span class='ocrx_word' id='word_1_623' title='bbox 2538 3473 2721 3519; x_wconf 87' lang='lat' dir='ltr'>nostra</span> <span class='ocrx_word' id='word_1_624' title='bbox 2767 3480 2877 3520; x_wconf 82' lang='lat' dir='ltr'>non</span> <span class='ocrx_word' id='word_1_625' title='bbox 2923 3481 2994 3520; x_wconf 74' lang='lat' dir='ltr'>ea:</span> <span class='ocrx_word' id='word_1_626' title='bbox 3037 3467 3290 3536; x_wconf 83' lang='lat' dir='ltr'>fallacia,</span> <span class='ocrx_word' id='word_1_627' title='bbox 3322 3483 3498 3536; x_wconf 84' lang='lat' dir='ltr'>neque</span> <span class='ocrx_word' id='word_1_628' title='bbox 3521 3469 3580 3522; x_wconf 84' lang='lat' dir='ltr'>in</span> 
     </span>
    </p>
   </div>
   <div class='ocr_carea' id='block_1_81' title="bbox 1932 3552 3583 3626">
    <p class='ocr_par' dir='ltr' id='par_1_81' title="bbox 1932 3552 3583 3626">
     <span class='ocr_line' id='line_1_81' title="bbox 1932 3552 3583 3626; baseline 0.002 -17"><span class='ocrx_word' id='word_1_629' title='bbox 1932 3555 2368 3617; x_wconf 84' lang='lat' dir='ltr'>immmunditia,</span> <span class='ocrx_word' id='word_1_630' title='bbox 2386 3568 2560 3623; x_wconf 87' lang='lat' dir='ltr'>neque</span> <span class='ocrx_word' id='word_1_631' title='bbox 2582 3555 2640 3606; x_wconf 89' lang='lat' dir='ltr'>in</span> <span class='ocrx_word' id='word_1_632' title='bbox 2661 3552 2809 3623; x_wconf 86' lang='lat' dir='ltr'>dolo,</span> <span class='ocrx_word' id='word_1_633' title='bbox 2827 3553 2920 3608; x_wconf 88' lang='lat' dir='ltr'>sed</span> <span class='ocrx_word' id='word_1_634' title='bbox 2941 3556 3083 3608; x_wconf 83' lang='lat' dir='ltr'>sicut</span> <span class='ocrx_word' id='word_1_635' title='bbox 3099 3557 3318 3626; x_wconf 69' lang='lat' dir='ltr'>probati</span> <span class='ocrx_word' id='word_1_636' title='bbox 3335 3571 3525 3610; x_wconf 89' lang='lat' dir='ltr'>sumus</span> <span class='ocrx_word' id='word_1_637' title='bbox 3547 3573 3583 3612; x_wconf 90' lang='lat' dir='ltr'>a</span> 
     </span>
    </p>
   </div>
   <div class='ocr_carea' id='block_1_82' title="bbox 1935 3640 3578 3715">
    <p class='ocr_par' dir='ltr' id='par_1_82' title="bbox 1935 3640 3578 3715">
     <span class='ocr_line' id='line_1_82' title="bbox 1935 3640 3578 3715; baseline 0.002 -20"><span class='ocrx_word' id='word_1_638' title='bbox 1935 3642 2056 3705; x_wconf 87' lang='lat' dir='ltr'>Deo,</span> <span class='ocrx_word' id='word_1_639' title='bbox 2090 3649 2151 3694; x_wconf 87' lang='lat' dir='ltr'>ut</span> <span class='ocrx_word' id='word_1_640' title='bbox 2196 3640 2510 3694; x_wconf 82' lang='lat' dir='ltr'>crederetur</span> <span class='ocrx_word' id='word_1_641' title='bbox 2553 3643 2708 3694; x_wconf 87' lang='lat' dir='ltr'>nobis</span> <span class='ocrx_word' id='word_1_642' title='bbox 2741 3642 3124 3712; x_wconf 83' lang='lat' dir='ltr'>l&#39;vangelium,</span> <span class='ocrx_word' id='word_1_643' title='bbox 3157 3645 3235 3697; x_wconf 89' lang='lat' dir='ltr'>ita</span> <span class='ocrx_word' id='word_1_644' title='bbox 3283 3644 3578 3715; x_wconf 89' lang='lat' dir='ltr'>loquimur,</span> 
     </span>
    </p>
   </div>
   <div class='ocr_carea' id='block_1_83' title="bbox 1931 3729 3584 3804">
    <p class='ocr_par' dir='ltr' id='par_1_83' title="bbox 1931 3729 3584 3804">
     <span class='ocr_line' id='line_1_83' title="bbox 1931 3729 3584 3804; baseline 0.001 -20"><span class='ocrx_word' id='word_1_645' title='bbox 1931 3747 2042 3784; x_wconf 86' lang='lat' dir='ltr'>non</span> <span class='ocrx_word' id='word_1_646' title='bbox 2075 3738 2133 3784; x_wconf 86' lang='lat' dir='ltr'>ut</span> <span class='ocrx_word' id='word_1_647' title='bbox 2169 3729 2488 3785; x_wconf 87' lang='lat' dir='ltr'>hominibus</span> <span class='ocrx_word' id='word_1_648' title='bbox 2515 3731 2810 3800; x_wconf 87' lang='lat' dir='ltr'>placentes,</span> <span class='ocrx_word' id='word_1_649' title='bbox 2841 3731 2931 3786; x_wconf 87' lang='lat' dir='ltr'>sed</span> <span class='ocrx_word' id='word_1_650' title='bbox 2983 3735 3113 3799; x_wconf 87' lang='lat' dir='ltr'>Deo,</span> <span class='ocrx_word' id='word_1_651' title='bbox 3147 3733 3200 3786; x_wconf 92' lang='lat' dir='ltr'>ei</span> <span class='ocrx_word' id='word_1_652' title='bbox 3244 3737 3338 3804; x_wconf 85' lang='lat' dir='ltr'>qui</span> <span class='ocrx_word' id='word_1_653' title='bbox 3389 3732 3584 3803; x_wconf 85' lang='lat' dir='ltr'>probat</span> 
     </span>
    </p>
   </div>
   <div class='ocr_carea' id='block_1_84' title="bbox 1932 3818 3584 3893">
    <p class='ocr_par' dir='ltr' id='par_1_84' title="bbox 1932 3818 3584 3893">
     <span class='ocr_line' id='line_1_84' title="bbox 1932 3818 3584 3893; baseline 0.002 -19"><span class='ocrx_word' id='word_1_654' title='bbox 1932 3818 2098 3874; x_wconf 86' lang='lat' dir='ltr'>corda</span> <span class='ocrx_word' id='word_1_655' title='bbox 2148 3823 2354 3874; x_wconf 83' lang='lat' dir='ltr'>nostra.</span> <span class='ocrx_word' id='word_1_656' title='bbox 2408 3823 2526 3873; x_wconf 74' lang='lat' dir='ltr'>[loc</span> <span class='ocrx_word' id='word_1_657' title='bbox 2581 3825 2816 3892; x_wconf 88' lang='lat' dir='ltr'>propter</span> <span class='ocrx_word' id='word_1_658' title='bbox 2861 3821 3382 3893; x_wconf 87' lang='lat' dir='ltr'>pseudoapostolos</span> <span class='ocrx_word' id='word_1_659' title='bbox 3421 3821 3584 3891; x_wconf 90' lang='lat' dir='ltr'>dicit,</span> 
     </span>
    </p>
   </div>
   <div class='ocr_carea' id='block_1_85' title="bbox 1936 3907 3588 3978">
    <p class='ocr_par' dir='ltr' id='par_1_85' title="bbox 1936 3907 3588 3978">
     <span class='ocr_line' id='line_1_85' title="bbox 1936 3907 3588 3978; baseline 0.002 -16"><span class='ocrx_word' id='word_1_660' title='bbox 1936 3908 2036 3978; x_wconf 91' lang='lat' dir='ltr'>qui</span> <span class='ocrx_word' id='word_1_661' title='bbox 2067 3907 2220 3975; x_wconf 91' lang='lat' dir='ltr'>dolo,</span> <span class='ocrx_word' id='word_1_662' title='bbox 2250 3913 2306 3961; x_wconf 88' lang='lat' dir='ltr'>et</span> <span class='ocrx_word' id='word_1_663' title='bbox 2334 3907 2565 3962; x_wconf 84' lang='lat' dir='ltr'>fallacia</span> <span class='ocrx_word' id='word_1_664' title='bbox 2595 3909 2988 3978; x_wconf 69' lang='lat' dir='ltr'>praedicabant</span> <span class='ocrx_word' id='word_1_665' title='bbox 3019 3926 3133 3964; x_wconf 84' lang='lat' dir='ltr'>non</span> <span class='ocrx_word' id='word_1_666' title='bbox 3167 3911 3358 3976; x_wconf 89' lang='lat' dir='ltr'>missi,</span> <span class='ocrx_word' id='word_1_667' title='bbox 3383 3917 3448 3965; x_wconf 90' lang='lat' dir='ltr'>ut</span> <span class='ocrx_word' id='word_1_668' title='bbox 3475 3911 3588 3966; x_wconf 89' lang='lat' dir='ltr'>cir-</span> 
     </span>
    </p>
   </div>
   <div class='ocr_carea' id='block_1_86' title="bbox 1937 3996 3588 4070">
    <p class='ocr_par' dir='ltr' id='par_1_86' title="bbox 1937 3996 3588 4070">
     <span class='ocr_line' id='line_1_86' title="bbox 1937 3996 3588 4070; baseline 0.002 -20"><span class='ocrx_word' id='word_1_669' title='bbox 1937 3996 2341 4051; x_wconf 90' lang='lat' dir='ltr'>cumvenirent</span> <span class='ocrx_word' id='word_1_670' title='bbox 2369 4003 2572 4066; x_wconf 74' lang='lat' dir='ltr'>gentes</span> <span class='ocrx_word' id='word_1_671' title='bbox 2605 3997 2675 4050; x_wconf 92' lang='lat' dir='ltr'>ad</span> <span class='ocrx_word' id='word_1_672' title='bbox 2725 3999 3100 4052; x_wconf 86' lang='lat' dir='ltr'>serviendum</span> <span class='ocrx_word' id='word_1_673' title='bbox 3133 3998 3242 4070; x_wconf 82' lang='lat' dir='ltr'>legi</span> <span class='ocrx_word' id='word_1_674' title='bbox 3280 3999 3588 4054; x_wconf 88' lang='lat' dir='ltr'>factorum.</span> 
     </span>
    </p>
   </div>
   <div class='ocr_carea' id='block_1_87' title="bbox 1938 4083 3591 4158">
    <p class='ocr_par' dir='ltr' id='par_1_87' title="bbox 1938 4083 3591 4158">
     <span class='ocr_line' id='line_1_87' title="bbox 1938 4083 3591 4158; baseline 0.002 -19"><span class='ocrx_word' id='word_1_675' title='bbox 1938 4085 2052 4141; x_wconf 90' lang='lat' dir='ltr'>Iste</span> <span class='ocrx_word' id='word_1_676' title='bbox 2075 4091 2272 4138; x_wconf 88' lang='lat' dir='ltr'>autem</span> <span class='ocrx_word' id='word_1_677' title='bbox 2297 4083 2546 4138; x_wconf 89' lang='lat' dir='ltr'>electum</span> <span class='ocrx_word' id='word_1_678' title='bbox 2571 4102 2655 4151; x_wconf 90' lang='lat' dir='ltr'>se,</span> <span class='ocrx_word' id='word_1_679' title='bbox 2679 4090 2736 4140; x_wconf 90' lang='lat' dir='ltr'>et</span> <span class='ocrx_word' id='word_1_680' title='bbox 2768 4087 3015 4141; x_wconf 88' lang='lat' dir='ltr'>missum</span> <span class='ocrx_word' id='word_1_681' title='bbox 3050 4088 3362 4158; x_wconf 64' lang='lat' dir='ltr'>praedicare</span> <span class='ocrx_word' id='word_1_682' title='bbox 3387 4087 3591 4144; x_wconf 90' lang='lat' dir='ltr'>multis</span> 
     </span>
    </p>
   </div>
   <div class='ocr_carea' id='block_1_88' title="bbox 1938 4173 3590 4246">
    <p class='ocr_par' dir='ltr' id='par_1_88' title="bbox 1938 4173 3590 4246">
     <span class='ocr_line' id='line_1_88' title="bbox 1938 4173 3590 4246; baseline 0.002 -19"><span class='ocrx_word' id='word_1_683' title='bbox 1938 4174 2149 4246; x_wconf 88' lang='lat' dir='ltr'>probat</span> <span class='ocrx_word' id='word_1_684' title='bbox 2182 4173 2376 4239; x_wconf 88' lang='lat' dir='ltr'>rebus,</span> <span class='ocrx_word' id='word_1_685' title='bbox 2412 4173 2552 4244; x_wconf 88' lang='lat' dir='ltr'>quia</span> <span class='ocrx_word' id='word_1_686' title='bbox 2582 4177 2638 4227; x_wconf 91' lang='lat' dir='ltr'>et</span> <span class='ocrx_word' id='word_1_687' title='bbox 2669 4173 2726 4228; x_wconf 91' lang='lat' dir='ltr'>in</span> <span class='ocrx_word' id='word_1_688' title='bbox 2761 4176 3052 4245; x_wconf 83' lang='lat' dir='ltr'>pressuris</span> <span class='ocrx_word' id='word_1_689' title='bbox 3084 4176 3289 4231; x_wconf 84' lang='lat' dir='ltr'>fortior</span> <span class='ocrx_word' id='word_1_690' title='bbox 3317 4177 3590 4232; x_wconf 79' lang='lat' dir='ltr'>inventus</span> 
     </span>
    </p>
   </div>
   <div class='ocr_carea' id='block_1_89' title="bbox 1940 4261 3590 4334">
    <p class='ocr_par' dir='ltr' id='par_1_89' title="bbox 1940 4261 3590 4334">
     <span class='ocr_line' id='line_1_89' title="bbox 1940 4261 3590 4334; baseline 0.001 -17"><span class='ocrx_word' id='word_1_691' title='bbox 1940 4268 2049 4334; x_wconf 89' lang='lat' dir='ltr'>est,</span> <span class='ocrx_word' id='word_1_692' title='bbox 2081 4267 2138 4316; x_wconf 90' lang='lat' dir='ltr'>et</span> <span class='ocrx_word' id='word_1_693' title='bbox 2185 4263 2241 4316; x_wconf 87' lang='lat' dir='ltr'>in</span> <span class='ocrx_word' id='word_1_694' title='bbox 2273 4261 2708 4318; x_wconf 79' lang='lat' dir='ltr'>conversatione</span> <span class='ocrx_word' id='word_1_695' title='bbox 2739 4263 3295 4334; x_wconf 88' lang='lat' dir='ltr'>irreprebcnsibilis,</span> <span class='ocrx_word' id='word_1_696' title='bbox 3331 4270 3395 4320; x_wconf 89' lang='lat' dir='ltr'>ut</span> <span class='ocrx_word' id='word_1_697' title='bbox 3442 4264 3590 4319; x_wconf 90' lang='lat' dir='ltr'>nihil</span> 
     </span>
    </p>
   </div>
   <div class='ocr_carea' id='block_1_90' title="bbox 1940 4351 3590 4424">
    <p class='ocr_par' dir='ltr' id='par_1_90' title="bbox 1940 4351 3590 4424">
     <span class='ocr_line' id='line_1_90' title="bbox 1940 4351 3590 4424; baseline 0.001 -18"><span class='ocrx_word' id='word_1_698' title='bbox 1940 4358 2097 4407; x_wconf 87' lang='lat' dir='ltr'>esset</span> <span class='ocrx_word' id='word_1_699' title='bbox 2149 4351 2206 4406; x_wconf 92' lang='lat' dir='ltr'>in</span> <span class='ocrx_word' id='word_1_700' title='bbox 2258 4351 2386 4418; x_wconf 89' lang='lat' dir='ltr'>hoc,</span> <span class='ocrx_word' id='word_1_701' title='bbox 2422 4352 2575 4422; x_wconf 92' lang='lat' dir='ltr'>quod</span> <span class='ocrx_word' id='word_1_702' title='bbox 2613 4351 2808 4406; x_wconf 92' lang='lat' dir='ltr'>minus</span> <span class='ocrx_word' id='word_1_703' title='bbox 2849 4353 2964 4407; x_wconf 92' lang='lat' dir='ltr'>Deo</span> <span class='ocrx_word' id='word_1_704' title='bbox 2995 4353 3239 4424; x_wconf 89' lang='lat' dir='ltr'>dignum</span> <span class='ocrx_word' id='word_1_705' title='bbox 3275 4353 3590 4421; x_wconf 87' lang='lat' dir='ltr'>videretur,</span> 
     </span>
    </p>
   </div>
   <div class='ocr_carea' id='block_1_91' title="bbox 1943 4441 3596 4512">
    <p class='ocr_par' dir='ltr' id='par_1_91' title="bbox 1943 4441 3596 4512">
     <span class='ocr_line' id='line_1_91' title="bbox 1943 4441 3596 4512; baseline 0.002 -19"><span class='ocrx_word' id='word_1_706' title='bbox 1943 4441 2434 4512; x_wconf 85' lang='lat' dir='ltr'>prosequentibus</span> <span class='ocrx_word' id='word_1_707' title='bbox 2464 4441 2671 4511; x_wconf 81' lang='lat' dir='ltr'>signis.</span> <span class='ocrx_word' id='word_1_708' title='bbox 2693 4441 2936 4502; x_wconf 76' lang='lat' dir='ltr'>Quidam</span> <span class='ocrx_word' id='word_1_709' title='bbox 2969 4441 3146 4507; x_wconf 89' lang='lat' dir='ltr'>enim,</span> <span class='ocrx_word' id='word_1_710' title='bbox 3172 4447 3432 4512; x_wconf 67' lang='lat' dir='ltr'>quaestus</span> <span class='ocrx_word' id='word_1_711' title='bbox 3465 4459 3596 4497; x_wconf 86' lang='lat' dir='ltr'>cau-</span> 
     </span>
    </p>
   </div>
   <div class='ocr_carea' id='block_1_92' title="bbox 1944 4527 3597 4598">
    <p class='ocr_par' dir='ltr' id='par_1_92' title="bbox 1944 4527 3597 4598">
     <span class='ocr_line' id='line_1_92' title="bbox 1944 4527 3597 4598; baseline 0.002 -15"><span class='ocrx_word' id='word_1_712' title='bbox 1944 4546 2028 4597; x_wconf 89' lang='lat' dir='ltr'>sa,</span> <span class='ocrx_word' id='word_1_713' title='bbox 2049 4527 2343 4582; x_wconf 89' lang='lat' dir='ltr'>Christum</span> <span class='ocrx_word' id='word_1_714' title='bbox 2371 4530 2782 4598; x_wconf 66' lang='lat' dir='ltr'>prazdicabant,</span> <span class='ocrx_word' id='word_1_715' title='bbox 2809 4530 2987 4583; x_wconf 83' lang='lat' dir='ltr'>favori</span> <span class='ocrx_word' id='word_1_716' title='bbox 3013 4529 3319 4585; x_wconf 91' lang='lat' dir='ltr'>hominum</span> <span class='ocrx_word' id='word_1_717' title='bbox 3345 4531 3597 4586; x_wconf 87' lang='lat' dir='ltr'>servien-</span> 
     </span>
    </p>
   </div>
   <div class='ocr_carea' id='block_1_93' title="bbox 1946 4615 3596 4692">
    <p class='ocr_par' dir='ltr' id='par_1_93' title="bbox 1946 4615 3596 4692">
     <span class='ocr_line' id='line_1_93' title="bbox 1946 4615 3596 4692; baseline 0.002 -20"><span class='ocrx_word' id='word_1_718' title='bbox 1946 4621 2053 4682; x_wconf 85' lang='lat' dir='ltr'>tes,</span> <span class='ocrx_word' id='word_1_719' title='bbox 2088 4616 2226 4687; x_wconf 88' lang='lat' dir='ltr'>quia</span> <span class='ocrx_word' id='word_1_720' title='bbox 2257 4621 2313 4670; x_wconf 94' lang='lat' dir='ltr'>et</span> <span class='ocrx_word' id='word_1_721' title='bbox 2342 4615 2398 4669; x_wconf 90' lang='lat' dir='ltr'>in</span> <span class='ocrx_word' id='word_1_722' title='bbox 2433 4617 2729 4687; x_wconf 89' lang='lat' dir='ltr'>arguendo</span> <span class='ocrx_word' id='word_1_723' title='bbox 2763 4618 3127 4674; x_wconf 80' lang='lat' dir='ltr'>remissiores</span> <span class='ocrx_word' id='word_1_724' title='bbox 3159 4625 3344 4687; x_wconf 88' lang='lat' dir='ltr'>erant,</span> <span class='ocrx_word' id='word_1_725' title='bbox 3377 4620 3596 4692; x_wconf 90' lang='lat' dir='ltr'>quippe</span> 
     </span>
    </p>
   </div>
   <div class='ocr_carea' id='block_1_94' title="bbox 169 4704 3593 4794">
    <p class='ocr_par' dir='ltr' id='par_1_94' title="bbox 169 4704 3593 4794">
     <span class='ocr_line' id='line_1_94' title="bbox 169 4704 3593 4794; baseline -0.001 -26"><span class='ocrx_word' id='word_1_726' title='bbox 169 4715 351 4788; x_wconf 87' lang='lat' dir='ltr'>plius,</span> <span class='ocrx_word' id='word_1_727' title='bbox 376 4711 522 4785; x_wconf 88' lang='lat' dir='ltr'>quia</span> <span class='ocrx_word' id='word_1_728' title='bbox 552 4728 667 4767; x_wconf 89' lang='lat' dir='ltr'>non</span> <span class='ocrx_word' id='word_1_729' title='bbox 702 4709 896 4766; x_wconf 89' lang='lat' dir='ltr'>solum</span> <span class='ocrx_word' id='word_1_730' title='bbox 929 4710 1096 4778; x_wconf 87' lang='lat' dir='ltr'>ﬁdes,</span> <span class='ocrx_word' id='word_1_731' title='bbox 1127 4709 1224 4764; x_wconf 90' lang='lat' dir='ltr'>sed</span> <span class='ocrx_word' id='word_1_732' title='bbox 1258 4726 1406 4781; x_wconf 90' lang='lat' dir='ltr'>opus</span> <span class='ocrx_word' id='word_1_733' title='bbox 1435 4710 1568 4766; x_wconf 86' lang='lat' dir='ltr'>ﬁdei</span> <span class='ocrx_word' id='word_1_734' title='bbox 1600 4711 1833 4768; x_wconf 90' lang='lat' dir='ltr'>illorum</span> <span class='ocrx_word' id='word_1_735' title='bbox 1866 4731 1913 4794; x_wconf 83' lang='lat' dir='ltr'><strong>D</strong></span> <span class='ocrx_word' id='word_1_736' title='bbox 1945 4722 2080 4761; x_wconf 90' lang='lat' dir='ltr'>cum</span> <span class='ocrx_word' id='word_1_737' title='bbox 2115 4721 2218 4760; x_wconf 91' lang='lat' dir='ltr'>nec</span> <span class='ocrx_word' id='word_1_738' title='bbox 2245 4704 2560 4760; x_wconf 86' lang='lat' dir='ltr'>auctoritas</span> <span class='ocrx_word' id='word_1_739' title='bbox 2583 4712 2756 4774; x_wconf 88' lang='lat' dir='ltr'>esset,</span> <span class='ocrx_word' id='word_1_740' title='bbox 2782 4713 2838 4762; x_wconf 89' lang='lat' dir='ltr'>et</span> <span class='ocrx_word' id='word_1_741' title='bbox 2868 4708 2924 4762; x_wconf 92' lang='lat' dir='ltr'>in</span> <span class='ocrx_word' id='word_1_742' title='bbox 2948 4708 3326 4764; x_wconf 89' lang='lat' dir='ltr'>tribulatione</span> <span class='ocrx_word' id='word_1_743' title='bbox 3352 4708 3593 4779; x_wconf 88' lang='lat' dir='ltr'>inﬁrmi,</span> 
     </span>
    </p>
   </div>
   <div class='ocr_carea' id='block_1_95' title="bbox 170 4797 1048 4876">
    <p class='ocr_par' dir='ltr' id='par_1_95' title="bbox 170 4797 1048 4876">
     <span class='ocr_line' id='line_1_95' title="bbox 170 4797 1048 4876; baseline -0.009 -16"><span class='ocrx_word' id='word_1_744' title='bbox 170 4803 440 4876; x_wconf 87' lang='lat' dir='ltr'>pervenit</span> <span class='ocrx_word' id='word_1_745' title='bbox 470 4800 529 4856; x_wconf 92' lang='lat' dir='ltr'>in</span> <span class='ocrx_word' id='word_1_746' title='bbox 563 4815 801 4856; x_wconf 89' lang='lat' dir='ltr'>omnem</span> <span class='ocrx_word' id='word_1_747' title='bbox 833 4797 1048 4854; x_wconf 89' lang='lat' dir='ltr'>locum.</span> 
     </span>
    </p>
   </div>
   <div class='ocr_carea' id='block_1_96' title="bbox 232 4887 1830 4962">
    <p class='ocr_par' dir='ltr' id='par_1_96' title="bbox 232 4887 1830 4962">
     <span class='ocr_line' id='line_1_96' title="bbox 232 4887 1830 4962; baseline -0.001 -14"><span class='ocrx_word' id='word_1_748' title='bbox 232 4894 323 4948; x_wconf 87' lang='lat' dir='ltr'>Ita</span> <span class='ocrx_word' id='word_1_749' title='bbox 369 4895 431 4946; x_wconf 88' lang='lat' dir='ltr'>ut</span> <span class='ocrx_word' id='word_1_750' title='bbox 483 4905 595 4946; x_wconf 86' lang='lat' dir='ltr'>non</span> <span class='ocrx_word' id='word_1_751' title='bbox 644 4904 858 4945; x_wconf 83' lang='lat' dir='ltr'>necesse</span> <span class='ocrx_word' id='word_1_752' title='bbox 906 4887 1202 4942; x_wconf 86' lang='lat' dir='ltr'>habeamus</span> <span class='ocrx_word' id='word_1_753' title='bbox 1249 4903 1346 4942; x_wconf 90' lang='lat' dir='ltr'>nos</span> <span class='ocrx_word' id='word_1_754' title='bbox 1388 4887 1600 4960; x_wconf 82' lang='lat' dir='ltr'>aliquid</span> <span class='ocrx_word' id='word_1_755' title='bbox 1627 4891 1830 4962; x_wconf 90' lang='lat' dir='ltr'>eloqui.</span> 
     </span>
    </p>
   </div>
   <div class='ocr_carea' id='block_1_97' title="bbox 169 4977 1831 5048">
    <p class='ocr_par' dir='ltr' id='par_1_97' title="bbox 169 4977 1831 5048">
     <span class='ocr_line' id='line_1_97' title="bbox 169 4977 1831 5048; baseline -0.002 -12"><span class='ocrx_word' id='word_1_756' title='bbox 169 4981 277 5048; x_wconf 83' lang='lat' dir='ltr'>Ipsi</span> <span class='ocrx_word' id='word_1_757' title='bbox 307 4982 468 5038; x_wconf 83' lang='lat' dir='ltr'>enim</span> <span class='ocrx_word' id='word_1_758' title='bbox 495 4979 563 5034; x_wconf 86' lang='lat' dir='ltr'>de</span> <span class='ocrx_word' id='word_1_759' title='bbox 605 4979 763 5034; x_wconf 89' lang='lat' dir='ltr'>nobis</span> <span class='ocrx_word' id='word_1_760' title='bbox 792 4979 1136 5031; x_wconf 86' lang='lat' dir='ltr'>annuntiant</span> <span class='ocrx_word' id='word_1_761' title='bbox 1166 4977 1383 5047; x_wconf 86' lang='lat' dir='ltr'>qualem</span> <span class='ocrx_word' id='word_1_762' title='bbox 1413 4979 1699 5033; x_wconf 88' lang='lat' dir='ltr'>introitum</span> <span class='ocrx_word' id='word_1_763' title='bbox 1729 4979 1831 5034; x_wconf 92' lang='lat' dir='ltr'>ha-</span> 
     </span>
    </p>
   </div>
   <div class='ocr_carea' id='block_1_98' title="bbox 173 5066 1835 5138">
    <p class='ocr_par' dir='ltr' id='par_1_98' title="bbox 173 5066 1835 5138">
     <span class='ocr_line' id='line_1_98' title="bbox 173 5066 1835 5138; baseline -0.001 -14"><span class='ocrx_word' id='word_1_764' title='bbox 173 5070 460 5126; x_wconf 84' lang='lat' dir='ltr'>buerimus</span> <span class='ocrx_word' id='word_1_765' title='bbox 480 5067 554 5123; x_wconf 89' lang='lat' dir='ltr'>ad</span> <span class='ocrx_word' id='word_1_766' title='bbox 577 5083 690 5138; x_wconf 89' lang='lat' dir='ltr'>vos,</span> <span class='ocrx_word' id='word_1_767' title='bbox 715 5071 767 5121; x_wconf 91' lang='lat' dir='ltr'>et</span> <span class='ocrx_word' id='word_1_768' title='bbox 786 5067 1046 5137; x_wconf 71' lang='lat' dir='ltr'>quomodo</span> <span class='ocrx_word' id='word_1_769' title='bbox 1067 5067 1312 5120; x_wconf 84' lang='lat' dir='ltr'>conversi</span> <span class='ocrx_word' id='word_1_770' title='bbox 1333 5067 1460 5121; x_wconf 87' lang='lat' dir='ltr'>estis</span> <span class='ocrx_word' id='word_1_771' title='bbox 1481 5066 1552 5121; x_wconf 83' lang='lat' dir='ltr'>ad</span> <span class='ocrx_word' id='word_1_772' title='bbox 1573 5068 1741 5122; x_wconf 89' lang='lat' dir='ltr'>Deum</span> <span class='ocrx_word' id='word_1_773' title='bbox 1768 5069 1835 5123; x_wconf 87' lang='lat' dir='ltr'>ab</span> 
     </span>
    </p>
   </div>
   <div class='ocr_carea' id='block_1_99' title="bbox 173 5155 1834 5227">
    <p class='ocr_par' dir='ltr' id='par_1_99' title="bbox 173 5155 1834 5227">
     <span class='ocr_line' id='line_1_99' title="bbox 173 5155 1834 5227; baseline -0.001 -15"><span class='ocrx_word' id='word_1_774' title='bbox 173 5160 348 5226; x_wconf 81' lang='lat' dir='ltr'>idolis,</span> <span class='ocrx_word' id='word_1_775' title='bbox 380 5159 457 5214; x_wconf 81' lang='lat' dir='ltr'>ad</span> <span class='ocrx_word' id='word_1_776' title='bbox 485 5156 842 5212; x_wconf 82' lang='lat' dir='ltr'>serviendum</span> <span class='ocrx_word' id='word_1_777' title='bbox 871 5155 978 5209; x_wconf 82' lang='lat' dir='ltr'>Deo</span> <span class='ocrx_word' id='word_1_778' title='bbox 1009 5157 1126 5208; x_wconf 85' lang='lat' dir='ltr'>vivo</span> <span class='ocrx_word' id='word_1_779' title='bbox 1155 5160 1208 5209; x_wconf 86' lang='lat' dir='ltr'>et</span> <span class='ocrx_word' id='word_1_780' title='bbox 1253 5171 1397 5224; x_wconf 90' lang='lat' dir='ltr'>vero,</span> <span class='ocrx_word' id='word_1_781' title='bbox 1431 5159 1480 5210; x_wconf 84' lang='lat' dir='ltr'>et</span> <span class='ocrx_word' id='word_1_782' title='bbox 1531 5156 1600 5210; x_wconf 82' lang='lat' dir='ltr'>ad</span> <span class='ocrx_word' id='word_1_783' title='bbox 1647 5173 1834 5227; x_wconf 75' lang='lat' dir='ltr'>exspe-</span> 
     </span>
    </p>
   </div>
   <div class='ocr_carea' id='block_1_100' title="bbox 173 5245 1834 5318">
    <p class='ocr_par' dir='ltr' id='par_1_100' title="bbox 173 5245 1834 5318">
     <span class='ocr_line' id='line_1_100' title="bbox 173 5245 1834 5318; baseline -0.001 -16"><span class='ocrx_word' id='word_1_784' title='bbox 173 5251 430 5305; x_wconf 76' lang='lat' dir='ltr'>claudum</span> <span class='ocrx_word' id='word_1_785' title='bbox 451 5246 676 5304; x_wconf 84' lang='lat' dir='ltr'>Filium</span> <span class='ocrx_word' id='word_1_786' title='bbox 695 5247 813 5318; x_wconf 86' lang='lat' dir='ltr'>ejus</span> <span class='ocrx_word' id='word_1_787' title='bbox 834 5247 906 5299; x_wconf 82' lang='lat' dir='ltr'>de</span> <span class='ocrx_word' id='word_1_788' title='bbox 924 5245 1098 5310; x_wconf 73' lang='lat' dir='ltr'>aclis,</span> <span class='ocrx_word' id='word_1_789' title='bbox 1122 5259 1279 5314; x_wconf 87' lang='lat' dir='ltr'>quem</span> <span class='ocrx_word' id='word_1_790' title='bbox 1299 5247 1580 5299; x_wconf 85' lang='lat' dir='ltr'>suscitavit</span> <span class='ocrx_word' id='word_1_791' title='bbox 1601 5262 1670 5300; x_wconf 74' lang='lat' dir='ltr'>ea:</span> <span class='ocrx_word' id='word_1_792' title='bbox 1689 5262 1834 5300; x_wconf 87' lang='lat' dir='ltr'>mor-</span> 
     </span>
    </p>
   </div>
   <div class='ocr_carea' id='block_1_101' title="bbox 173 5333 1831 5409">
    <p class='ocr_par' dir='ltr' id='par_1_101' title="bbox 173 5333 1831 5409">
     <span class='ocr_line' id='line_1_101' title="bbox 173 5333 1831 5409; baseline -0.002 -17"><span class='ocrx_word' id='word_1_793' title='bbox 173 5342 269 5395; x_wconf 85' lang='lat' dir='ltr'>tuis</span> <span class='ocrx_word' id='word_1_794' title='bbox 295 5341 511 5404; x_wconf 85' lang='lat' dir='ltr'>Jesum,</span> <span class='ocrx_word' id='word_1_795' title='bbox 547 5337 646 5409; x_wconf 85' lang='lat' dir='ltr'>qui</span> <span class='ocrx_word' id='word_1_796' title='bbox 673 5336 884 5406; x_wconf 85' lang='lat' dir='ltr'>eripuit</span> <span class='ocrx_word' id='word_1_797' title='bbox 911 5349 1011 5389; x_wconf 88' lang='lat' dir='ltr'>nos</span> <span class='ocrx_word' id='word_1_798' title='bbox 1049 5333 1118 5387; x_wconf 90' lang='lat' dir='ltr'>ab</span> <span class='ocrx_word' id='word_1_799' title='bbox 1167 5334 1252 5387; x_wconf 75' lang='lat' dir='ltr'>ira</span> <span class='ocrx_word' id='word_1_800' title='bbox 1282 5335 1549 5389; x_wconf 83' lang='lat' dir='ltr'>veniente.</span> <span class='ocrx_word' id='word_1_801' title='bbox 1583 5335 1675 5389; x_wconf 89' lang='lat' dir='ltr'>Sic</span> <span class='ocrx_word' id='word_1_802' title='bbox 1705 5351 1831 5405; x_wconf 87' lang='lat' dir='ltr'>per-</span> 
     </span>
    </p>
   </div>
   <div class='ocr_carea' id='block_1_102' title="bbox 257 5497 1029 5572">
    <p class='ocr_par' dir='ltr' id='par_1_102' title="bbox 257 5497 1029 5572">
     <span class='ocr_line' id='line_1_102' title="bbox 257 5497 1029 5572; baseline -0.01 -17"><span class='ocrx_word' id='word_1_803' title='bbox 257 5501 421 5572; x_wconf 87' lang='grc'>1271)</span> <span class='ocrx_word' id='word_1_804' title='bbox 458 5497 632 5572; x_wconf 82' lang='lat' dir='ltr'>Vulg.</span> <span class='ocrx_word' id='word_1_805' title='bbox 669 5497 731 5551; x_wconf 81' lang='lat' dir='ltr'>in.</span> <span class='ocrx_word' id='word_1_806' title='bbox 757 5509 1029 5572; x_wconf 70' lang='lat' dir='ltr'>sermone.</span> 
     </span>
    </p>
   </div>
   <div class='ocr_carea' id='block_1_103' title="bbox 257 5562 1834 5636">
    <p class='ocr_par' dir='ltr' id='par_1_103' title="bbox 257 5562 1834 5636">
     <span class='ocr_line' id='line_1_103' title="bbox 257 5562 1834 5636; baseline 0.002 -17"><span class='ocrx_word' id='word_1_807' title='bbox 257 5562 419 5634; x_wconf 67' lang='lat'>1272&#39;)</span> <span class='ocrx_word' id='word_1_808' title='bbox 460 5562 616 5626; x_wconf 62' lang='lat' dir='ltr'>Locb</span> <span class='ocrx_word' id='word_1_809' title='bbox 647 5567 826 5623; x_wconf 74' lang='lat' dir='ltr'>vestri</span> <span class='ocrx_word' id='word_1_810' title='bbox 851 5581 1046 5621; x_wconf 81' lang='lat' dir='ltr'>causa.</span> <span class='ocrx_word' id='word_1_811' title='bbox 1071 5562 1244 5634; x_wconf 91' lang='lat' dir='ltr'>Vulg.</span> <span class='ocrx_word' id='word_1_812' title='bbox 1269 5562 1445 5618; x_wconf 90' lang='lat' dir='ltr'>habet</span> <span class='ocrx_word' id='word_1_813' title='bbox 1473 5569 1696 5636; x_wconf 88' lang='lat' dir='ltr'>propter</span> <span class='ocrx_word' id='word_1_814' title='bbox 1723 5583 1834 5624; x_wconf 87' lang='lat' dir='ltr'>vos.</span> 
     </span>
    </p>
   </div>
   <div class='ocr_carea' id='block_1_104' title="bbox 229 5637 1227 5716">
    <p class='ocr_par' dir='ltr' id='par_1_104' title="bbox 229 5637 1227 5716">
     <span class='ocr_line' id='line_1_104' title="bbox 229 5637 1227 5716; baseline -0.013 -16"><span class='ocrx_word' id='word_1_815' title='bbox 229 5637 418 5716; x_wconf 65' lang='lat' dir='ltr'>(L373)</span> <span class='ocrx_word' id='word_1_816' title='bbox 675 5642 998 5716; x_wconf 73' lang='lat' dir='ltr'>ipsiusnon</span> <span class='ocrx_word' id='word_1_817' title='bbox 1029 5637 1227 5716; x_wconf 71' lang='lat' dir='ltr'>habet.</span> 
     </span>
    </p>
   </div>
   <div class='ocr_carea' id='block_1_105' title="bbox 225 5709 1841 5788">
    <p class='ocr_par' dir='ltr' id='par_1_105' title="bbox 225 5709 1841 5788">
     <span class='ocr_line' id='line_1_105' title="bbox 225 5709 1841 5788; baseline -0.003 -16"><span class='ocrx_word' id='word_1_818' title='bbox 225 5709 416 5788; x_wconf 69' lang='lat' dir='ltr'>(127i)</span> <span class='ocrx_word' id='word_1_819' title='bbox 451 5709 1022 5788; x_wconf 12' lang='lat' dir='ltr'>Vulgsrexcipientes</span> <span class='ocrx_word' id='word_1_820' title='bbox 1079 5709 1304 5764; x_wconf 87' lang='lat' dir='ltr'>verbum</span> <span class='ocrx_word' id='word_1_821' title='bbox 1367 5709 1426 5762; x_wconf 88' lang='lat' dir='ltr'>in</span> <span class='ocrx_word' id='word_1_822' title='bbox 1479 5709 1841 5768; x_wconf 80' lang='lat' dir='ltr'>tribulatione</span> 
     </span>
    </p>
   </div>
   <div class='ocr_carea' id='block_1_106' title="bbox 160 5787 874 5862">
    <p class='ocr_par' dir='ltr' id='par_1_106' title="bbox 160 5787 874 5862">
     <span class='ocr_line' id='line_1_106' title="bbox 160 5787 874 5862; baseline -0.008 -16"><span class='ocrx_word' id='word_1_823' title='bbox 160 5791 348 5862; x_wconf 85' lang='lat' dir='ltr'>multa,</span> <span class='ocrx_word' id='word_1_824' title='bbox 388 5787 453 5847; x_wconf 87' lang='lat' dir='ltr'>in</span> <span class='ocrx_word' id='word_1_825' title='bbox 483 5787 731 5862; x_wconf 80' lang='lat' dir='ltr'>gaudio,</span> <span class='ocrx_word' id='word_1_826' title='bbox 761 5787 874 5841; x_wconf 85' lang='lat' dir='ltr'>etc.</span> 
     </span>
    </p>
   </div>
   <div class='ocr_carea' id='block_1_107' title="bbox 1945 4794 3592 4867">
    <p class='ocr_par' dir='ltr' id='par_1_107' title="bbox 1945 4794 3592 4867">
     <span class='ocr_line' id='line_1_107' title="bbox 1945 4794 3592 4867; baseline 0.002 -17"><span class='ocrx_word' id='word_1_827' title='bbox 1945 4797 2083 4867; x_wconf 90' lang='lat' dir='ltr'>quia</span> <span class='ocrx_word' id='word_1_828' title='bbox 2103 4811 2216 4850; x_wconf 90' lang='lat' dir='ltr'>non</span> <span class='ocrx_word' id='word_1_829' title='bbox 2239 4811 2307 4848; x_wconf 83' lang='lat' dir='ltr'>ex</span> <span class='ocrx_word' id='word_1_830' title='bbox 2328 4794 2520 4864; x_wconf 90' lang='lat' dir='ltr'>corde,</span> <span class='ocrx_word' id='word_1_831' title='bbox 2544 4802 2640 4850; x_wconf 85' lang='lat' dir='ltr'>sed</span> <span class='ocrx_word' id='word_1_832' title='bbox 2674 4797 2729 4849; x_wconf 91' lang='lat' dir='ltr'>in</span> <span class='ocrx_word' id='word_1_833' title='bbox 2759 4795 2987 4852; x_wconf 85' lang='lat' dir='ltr'>fallacia</span> <span class='ocrx_word' id='word_1_834' title='bbox 3007 4804 3130 4852; x_wconf 87' lang='lat' dir='ltr'>erat</span> <span class='ocrx_word' id='word_1_835' title='bbox 3149 4815 3344 4852; x_wconf 87' lang='lat' dir='ltr'>sermo</span> <span class='ocrx_word' id='word_1_836' title='bbox 3367 4813 3592 4854; x_wconf 90' lang='lat' dir='ltr'>eorum.</span> 
     </span>
    </p>
   </div>
   <div class='ocr_carea' id='block_1_108' title="bbox 1945 4883 3593 4959">
    <p class='ocr_par' dir='ltr' id='par_1_108' title="bbox 1945 4883 3593 4959">
     <span class='ocr_line' id='line_1_108' title="bbox 1945 4883 3593 4959; baseline 0.002 -20"><span class='ocrx_word' id='word_1_837' title='bbox 1945 4884 2148 4939; x_wconf 88' lang='lat' dir='ltr'>Omnis</span> <span class='ocrx_word' id='word_1_838' title='bbox 2169 4883 2347 4952; x_wconf 90' lang='lat' dir='ltr'>enim,</span> <span class='ocrx_word' id='word_1_839' title='bbox 2369 4883 2469 4955; x_wconf 94' lang='lat' dir='ltr'>qui</span> <span class='ocrx_word' id='word_1_840' title='bbox 2495 4886 2618 4940; x_wconf 90' lang='lat' dir='ltr'>sine</span> <span class='ocrx_word' id='word_1_841' title='bbox 2640 4903 2742 4957; x_wconf 88' lang='lat' dir='ltr'>spe</span> <span class='ocrx_word' id='word_1_842' title='bbox 2763 4889 2900 4959; x_wconf 87' lang='lat' dir='ltr'>agit,</span> <span class='ocrx_word' id='word_1_843' title='bbox 2921 4894 3047 4942; x_wconf 89' lang='lat' dir='ltr'>orta</span> <span class='ocrx_word' id='word_1_844' title='bbox 3067 4886 3442 4942; x_wconf 85' lang='lat' dir='ltr'>tribulatione</span> <span class='ocrx_word' id='word_1_845' title='bbox 3463 4904 3593 4943; x_wconf 85' lang='lat' dir='ltr'>suc-</span> 
     </span>
    </p>
   </div>
   <div class='ocr_carea' id='block_1_109' title="bbox 1945 4974 2187 5028">
    <p class='ocr_par' dir='ltr' id='par_1_109' title="bbox 1945 4974 2187 5028">
     <span class='ocr_line' id='line_1_109' title="bbox 1945 4974 2187 5028; baseline -0.012 -1"><span class='ocrx_word' id='word_1_846' title='bbox 1945 4974 2187 5028; x_wconf 91' lang='lat' dir='ltr'>cumbit.</span> 
     </span>
    </p>
   </div>
   <div class='ocr_carea' id='block_1_110' title="bbox 2015 5064 3591 5136">
    <p class='ocr_par' dir='ltr' id='par_1_110' title="bbox 2015 5064 3591 5136">
     <span class='ocr_line' id='line_1_110' title="bbox 2015 5064 3591 5136; baseline 0.001 -19"><span class='ocrx_word' id='word_1_847' title='bbox 2015 5067 2202 5134; x_wconf 88' lang='lat' dir='ltr'>Neque</span> <span class='ocrx_word' id='word_1_848' title='bbox 2231 5067 2376 5117; x_wconf 84' lang='lat' dir='ltr'>enim</span> <span class='ocrx_word' id='word_1_849' title='bbox 2410 5080 2652 5136; x_wconf 83' lang='lat' dir='ltr'>unquam</span> <span class='ocrx_word' id='word_1_850' title='bbox 2700 5067 2759 5119; x_wconf 92' lang='lat' dir='ltr'>in</span> <span class='ocrx_word' id='word_1_851' title='bbox 2808 5066 2964 5120; x_wconf 85' lang='lat' dir='ltr'>verbo</span> <span class='ocrx_word' id='word_1_852' title='bbox 3003 5064 3337 5120; x_wconf 84' lang='lat' dir='ltr'>adulationis</span> <span class='ocrx_word' id='word_1_853' title='bbox 3365 5081 3591 5121; x_wconf 85' lang='lat' dir='ltr'>conver-</span> 
     </span>
    </p>
   </div>
   <div class='ocr_carea' id='block_1_111' title="bbox 1943 5155 3594 5224">
    <p class='ocr_par' dir='ltr' id='par_1_111' title="bbox 1943 5155 3594 5224">
     <span class='ocr_line' id='line_1_111' title="bbox 1943 5155 3594 5224; baseline 0.001 -16"><span class='ocrx_word' id='word_1_854' title='bbox 1943 5155 2056 5208; x_wconf 91' lang='lat' dir='ltr'>sati</span> <span class='ocrx_word' id='word_1_855' title='bbox 2084 5169 2290 5218; x_wconf 85' lang='lat' dir='ltr'>sumus,</span> <span class='ocrx_word' id='word_1_856' title='bbox 2323 5158 2466 5208; x_wconf 88' lang='lat' dir='ltr'>sicut</span> <span class='ocrx_word' id='word_1_857' title='bbox 2494 5157 2668 5222; x_wconf 84' lang='lat' dir='ltr'>scitis,</span> <span class='ocrx_word' id='word_1_858' title='bbox 2701 5171 2876 5224; x_wconf 83' lang='lat' dir='ltr'>neque</span> <span class='ocrx_word' id='word_1_859' title='bbox 2905 5157 2964 5209; x_wconf 91' lang='lat' dir='ltr'>in</span> <span class='ocrx_word' id='word_1_860' title='bbox 2989 5158 3272 5209; x_wconf 84' lang='lat' dir='ltr'>occasione</span> <span class='ocrx_word' id='word_1_861' title='bbox 3299 5156 3594 5215; x_wconf 63' lang='lat' dir='ltr'>avaritiae:</span> 
     </span>
    </p>
   </div>
   <div class='ocr_carea' id='block_1_112' title="bbox 1944 5242 3595 5316">
    <p class='ocr_par' dir='ltr' id='par_1_112' title="bbox 1944 5242 3595 5316">
     <span class='ocr_line' id='line_1_112' title="bbox 1944 5242 3595 5316; baseline 0.001 -20"><span class='ocrx_word' id='word_1_862' title='bbox 1944 5243 2087 5296; x_wconf 88' lang='lat' dir='ltr'>Deus</span> <span class='ocrx_word' id='word_1_863' title='bbox 2118 5245 2270 5297; x_wconf 89' lang='lat' dir='ltr'>testis</span> <span class='ocrx_word' id='word_1_864' title='bbox 2300 5245 2395 5296; x_wconf 82' lang='lat' dir='ltr'>est.</span> <span class='ocrx_word' id='word_1_865' title='bbox 2425 5242 2590 5297; x_wconf 88' lang='lat' dir='ltr'>Nunc</span> <span class='ocrx_word' id='word_1_866' title='bbox 2620 5245 2803 5314; x_wconf 88' lang='lat' dir='ltr'>aperit</span> <span class='ocrx_word' id='word_1_867' title='bbox 2829 5245 2980 5314; x_wconf 91' lang='lat' dir='ltr'>quod</span> <span class='ocrx_word' id='word_1_868' title='bbox 3015 5260 3194 5314; x_wconf 88' lang='lat' dir='ltr'>supra</span> <span class='ocrx_word' id='word_1_869' title='bbox 3224 5243 3595 5316; x_wconf 87' lang='lat' dir='ltr'>signiﬁcavit,</span> 
     </span>
    </p>
   </div>
   <div class='ocr_carea' id='block_1_113' title="bbox 1947 5332 3599 5388">
    <p class='ocr_par' dir='ltr' id='par_1_113' title="bbox 1947 5332 3599 5388">
     <span class='ocr_line' id='line_1_113' title="bbox 1947 5332 3599 5388; baseline 0.001 -2"><span class='ocrx_word' id='word_1_870' title='bbox 1947 5348 2080 5386; x_wconf 91' lang='lat' dir='ltr'>cum</span> <span class='ocrx_word' id='word_1_871' title='bbox 2114 5332 2292 5386; x_wconf 90' lang='lat' dir='ltr'>dicit:</span> <span class='ocrx_word' id='word_1_872' title='bbox 2327 5348 2442 5386; x_wconf 87' lang='lat' dir='ltr'>non</span> <span class='ocrx_word' id='word_1_873' title='bbox 2477 5332 2533 5386; x_wconf 90' lang='lat' dir='ltr'>in</span> <span class='ocrx_word' id='word_1_874' title='bbox 2567 5332 2872 5386; x_wconf 86' lang='lat' dir='ltr'>occasione</span> <span class='ocrx_word' id='word_1_875' title='bbox 2904 5332 3154 5388; x_wconf 69' lang='lat' dir='ltr'>avaritiae</span> <span class='ocrx_word' id='word_1_876' title='bbox 3187 5349 3200 5388; x_wconf 86' lang='lat'><strong>:</strong></span> <span class='ocrx_word' id='word_1_877' title='bbox 3235 5333 3418 5388; x_wconf 90' lang='lat' dir='ltr'>Deum</span> <span class='ocrx_word' id='word_1_878' title='bbox 3451 5333 3599 5387; x_wconf 90' lang='lat' dir='ltr'>dans</span> 
     </span>
    </p>
   </div>
   <div class='ocr_carea' id='block_1_114' title="bbox 2021 5489 3598 5564">
    <p class='ocr_par' dir='ltr' id='par_1_114' title="bbox 2021 5489 3598 5564">
     <span class='ocr_line' id='line_1_114' title="bbox 2021 5489 3598 5564; baseline 0.001 -20"><span class='ocrx_word' id='word_1_879' title='bbox 2021 5489 2403 5564; x_wconf 22' lang='lat' dir='ltr'>(1275)‘Vulg.</span> <span class='ocrx_word' id='word_1_880' title='bbox 2437 5491 2514 5543; x_wconf 89' lang='lat' dir='ltr'>ita</span> <span class='ocrx_word' id='word_1_881' title='bbox 2547 5495 2604 5544; x_wconf 86' lang='lat' dir='ltr'>ut</span> <span class='ocrx_word' id='word_1_882' title='bbox 2629 5493 2774 5564; x_wconf 85' lang='lat' dir='ltr'>facti</span> <span class='ocrx_word' id='word_1_883' title='bbox 2801 5493 2922 5546; x_wconf 89' lang='lat' dir='ltr'>sitis</span> <span class='ocrx_word' id='word_1_884' title='bbox 2949 5491 3154 5564; x_wconf 88' lang='lat' dir='ltr'>forma.</span> <span class='ocrx_word' id='word_1_885' title='bbox 3187 5492 3450 5547; x_wconf 78' lang='lat' dir='ltr'>Sufﬁciat</span> <span class='ocrx_word' id='word_1_886' title='bbox 3481 5507 3598 5564; x_wconf 88' lang='lat' dir='ltr'>una</span> 
     </span>
    </p>
   </div>
   <div class='ocr_carea' id='block_1_115' title="bbox 1945 5561 3596 5634">
    <p class='ocr_par' dir='ltr' id='par_1_115' title="bbox 1945 5561 3596 5634">
     <span class='ocr_line' id='line_1_115' title="bbox 1945 5561 3596 5634; baseline 0.004 -19"><span class='ocrx_word' id='word_1_887' title='bbox 1945 5561 2068 5615; x_wconf 89' lang='lat' dir='ltr'>vice</span> <span class='ocrx_word' id='word_1_888' title='bbox 2114 5561 2328 5615; x_wconf 86' lang='lat' dir='ltr'>dixisse</span> <span class='ocrx_word' id='word_1_889' title='bbox 2372 5569 2593 5616; x_wconf 84' lang='lat' dir='ltr'>textum</span> <span class='ocrx_word' id='word_1_890' title='bbox 2633 5563 2890 5632; x_wconf 67' lang='lat' dir='ltr'>epistolae</span> <span class='ocrx_word' id='word_1_891' title='bbox 2924 5561 3102 5634; x_wconf 79' lang='lat' dir='ltr'>hujus</span> <span class='ocrx_word' id='word_1_892' title='bbox 3134 5564 3247 5618; x_wconf 84' lang='lat' dir='ltr'>divi</span> <span class='ocrx_word' id='word_1_893' title='bbox 3283 5563 3596 5622; x_wconf 84' lang='lat' dir='ltr'>Ambroisii</span> 
     </span>
    </p>
   </div>
   <div class='ocr_carea' id='block_1_116' title="bbox 1955 5634 3277 5706">
    <p class='ocr_par' dir='ltr' id='par_1_116' title="bbox 1955 5634 3277 5706">
     <span class='ocr_line' id='line_1_116' title="bbox 1955 5634 3277 5706; baseline 0.002 -18"><span class='ocrx_word' id='word_1_894' title='bbox 1955 5634 2131 5688; x_wconf 79' lang='lat' dir='ltr'>textui</span> <span class='ocrx_word' id='word_1_895' title='bbox 2172 5652 2227 5684; x_wconf 82' lang='grc' dir='ltr'>ιιι</span> <span class='ocrx_word' id='word_1_896' title='bbox 2261 5635 2538 5686; x_wconf 76' lang='lat' dir='ltr'>munibus</span> <span class='ocrx_word' id='word_1_897' title='bbox 2569 5636 2638 5687; x_wconf 72' lang='lat' dir='ltr'>ual</span> <span class='ocrx_word' id='word_1_898' title='bbox 2673 5654 2894 5706; x_wconf 74' lang='lat' dir='ltr'>apicem</span> <span class='ocrx_word' id='word_1_899' title='bbox 2929 5640 3277 5692; x_wconf 67' lang='lat' dir='ltr'>consentire.</span> 
     </span>
    </p>
   </div>
   <div class='ocr_carea' id='block_1_117' title="bbox 2019 5707 3105 5780">
    <p class='ocr_par' dir='ltr' id='par_1_117' title="bbox 2019 5707 3105 5780">
     <span class='ocr_line' id='line_1_117' title="bbox 2019 5707 3105 5780; baseline 0.009 -23"><span class='ocrx_word' id='word_1_900' title='bbox 2019 5707 2204 5780; x_wconf 52' lang='lat'>(1329&#39;)</span> <span class='ocrx_word' id='word_1_901' title='bbox 2235 5708 2685 5780; x_wconf 45' lang='lat' dir='ltr'>hinlnfosiaster,</span> <span class='ocrx_word' id='word_1_902' title='bbox 2717 5709 3105 5780; x_wconf 83' lang='lat' dir='ltr'>apostolorum.</span> 
     </span>
    </p>
   </div>
   <div class='ocr_carea' id='block_1_118' title="bbox 2019 5775 2537 5857">
    <p class='ocr_par' dir='ltr' id='par_1_118' title="bbox 2019 5775 2537 5857">
     <span class='ocr_line' id='line_1_118' title="bbox 2019 5775 2537 5857; baseline 0.012 -25"><span class='ocrx_word' id='word_1_903' title='bbox 2019 5775 2204 5857; x_wconf 78' lang='grc'>(1277)</span> <span class='ocrx_word' id='word_1_904' title='bbox 2234 5775 2363 5833; x_wconf 87' lang='lat' dir='ltr'>Sive</span> <span class='ocrx_word' id='word_1_905' title='bbox 2395 5777 2537 5838; x_wconf 78' lang='lat' dir='ltr'>Sila.</span> 
     </span>
    </p>
   </div>
  </div>
