3898 6420
387 433 501 492 647

1364 427 1736 519 .A_'l‘TONlS
1782 424 2373 487 VERCELLENSIS
2420 426 2773 489 EPISCOPI

3687 434 3809 494 648

388 570 618 631 testem,
648 565 783 634 quia
807 564 960 619 istud
994 566 1049 617 et
1081 562 1252 617 corde
1283 561 1546 623 faciebat,
1572 577 1685 615 non
1719 558 2031 630 hypocrisi,
2064 559 2118 624 Α
2150 558 2262 624 Dei,
2295 563 2621 629 suscepistis
2662 578 2767 616 non
2821 567 2882 616 ut
2928 563 3149 617 verbum
3179 565 3486 636 hominum,
3517 565 3631 636 sed,
3665 568 3810 622 sicut

389 655 556 725 quasi
588 660 966 709 contemnens
992 658 1267 725 pauca,ut
1298 652 1442 705 forte
1475 652 1642 720 plura
1668 648 2033 703 offerrentur.

389 743 552 798 Unde
575 750 631 796 et
661 744 818 813 ipsos
843 742 1131 805 convenit,
1161 741 1411 795 scientes
1439 754 1503 792 ac
1538 738 1870 809 probantes,
1899 742 2036 807 quia

390 832 535 887 nulli
559 833 745 886 fuerat
768 831 1059 885 adulatus.
1087 829 1312 883 Pseudo
1337 828 1489 880 enim
1516 825 1757 894 apostoli
1787 826 2032 880 formam

389 920 639 976 avaritiae
663 919 786 973 dari
820 919 929 973 sibi
962 919 1261 988 optabant,
1288 922 1351 970 ut
1382 915 1510 986 ipsa
1541 915 1865 978 occasione,
1890 915 2031 968 dum

386 1026 552 1064 veros
617 1007 912 1078 apostolos
980 1006 1176 1059 omnia
1242 1004 1403 1059 illata
1467 1003 1664 1056 vident
1732 1002 2027 1073 accipere,

382 1099 610 1170 possint
637 1097 749 1167 ipsi
800 1097 924 1149 sine
955 1094 1173 1148 invidia
1205 1092 1595 1164 simpliciores
1628 1091 1894 1145 homines
1928 1091 2027 1144 de-

383 1184 647 1257 praedari.

438 1279 518 1332 Ne
544 1275 850 1345 quaerentes
868 1287 937 1326 ea;
984 1272 1242 1326 omnibus
1272 1270 1453 1341 (1278)
1479 1270 1742 1340 gloriam,
1775 1283 1948 1338 neque
1994 1284 2025 1320 a

362 1364 518 1417 vobis
570 1378 737 1430 neque
792 1362 861 1414 ab
914 1361 1070 1424 aliis,
1102 1376 1230 1414 cum
1272 1374 1549 1429 possemus
1599 1372 1750 1411 oneri
1800 1372 1933 1420 esse,
1967 1360 2028 1409 ut

369 1451 583 1506 Christi
600 1449 1163 1521 apostoli.lntantum
1184 1451 1385 1517 gravat
1402 1444 2023 1516 pseudoapostolorum

381 1555 642 1604 causam,
677 1543 741 1591 ut
771 1553 832 1591 se
866 1537 1121 1590 abnuere
1153 1535 1328 1599 dicat,
1354 1551 1486 1588 cum
1521 1533 1718 1594 liceret
1750 1532 1832 1585 illi
1865 1533 2026 1586 obse-

380 1629 519 1701 quia
550 1626 866 1699 requirere,
899 1627 970 1679 ad
1017 1624 1489 1695 comprimendos
1521 1640 1637 1687 eos,
1673 1622 1887 1693 quibus
1918 1636 2024 1673 nec

377 1715 626 1771 facultas
659 1721 802 1778 erat,
836 1730 940 1768 nec
995 1714 1201 1783 pudor,
1235 1718 1291 1766 et
1337 1718 1535 1767 tamen
1586 1711 1865 1763 honorem
1910 1707 2019 1762 sibi

378 1806 715 1876 poscebant.
741 1804 814 1856 Se
842 1802 999 1856 enim
1030 1799 1221 1872 potius
1253 1817 1428 1870 quam
1460 1800 1551 1852 Dei
1576 1797 1843 1851 doctrina
1863 1811 2020 1850 com-

373 1892 636 1948 mendari
689 1889 974 1946 volebant.
1013 1887 1326 1960 Apostolus
1373 1892 1592 1951 autem,
1626 1886 1718 1955 qui
1771 1884 2015 1956 gloriam

369 1998 484 2036 non
556 1981 627 2035 ad
696 1995 972 2051 praesens,
1032 1978 1131 2031 sed
1192 1977 1249 2031 in
1322 1978 1514 2030 futuro
1584 1977 1895 2045 quaerebat,
1959 1991 2020 2026 se

371 2069 653 2125 humilem
734 2068 1010 2131 faciebat,
1091 2071 1153 2119 ut
1229 2065 1322 2118 Dei
1399 2062 1731 2135 praedicatio
1798 2061 2016 2115 exalta-

374 2165 554 2214 retur.

445 2247 544 2301 Sed
585 2248 798 2318 fuimus
823 2244 1050 2315 parvuli
1080 2244 1137 2297 in
1170 2241 1349 2296 medio
1383 2249 1632 2303 vestram,
1667 2245 1929 2310 tanquam
1970 2241 2021 2294 si

368 2338 566 2391 nutrix
593 2338 772 2405 [bveat
797 2334 944 2403 ﬁlios
972 2348 1100 2387 suos
1119 2348 1138 2392 ;
1191 2333 1269 2385 ita
1319 2329 1690 2383 desiderantes
1724 2346 1830 2391 l'tlS,
1863 2330 2015 2397 cupi-

369 2441 489 2479 mus
524 2425 812 2494 impertire
846 2422 989 2475 vobis
1017 2435 1125 2474 non
1176 2418 1359 2472 solum
1388 2416 1746 2487 Evangelium
1782 2418 1895 2479 Dei,
1927 2416 2017 2470 sed

366 2515 535 2567 etiam
561 2512 779 2565 animas
808 2512 1042 2574 nostras,
1087 2509 1183 2578 qui
1210 2508 1486 2561 carissimi
1514 2506 1669 2560 nobis
1696 2506 1832 2574 [acti
1861 2508 2010 2558 estis.

366 2602 618 2655 Tantum
657 2601 931 2654 affectum
981 2596 1193 2651 habere
1247 2612 1309 2649 se
1360 2611 1513 2649 eirea
1561 2592 1691 2647 illos
1740 2594 2014 2662 ostendit,

374 2688 726 2760 quem,quia
745 2703 916 2742 verus
943 2692 1051 2750 est,
1067 2701 1180 2739 non
1202 2683 1391 2739 verbis
1414 2682 1602 2752 magis
1621 2699 1795 2752 quam
1821 2684 2012 2749 rebus,

372 2778 683 2849 probatum
717 2774 841 2829 vult
876 2773 1076 2827 videri.
1112 2773 1307 2826 Potest
1336 2772 1491 2825 enim
1526 2770 1585 2823 in
1616 2770 1807 2824 verbis
1841 2769 2017 2824 latere

370 2864 619 2931 fallacia,
681 2868 746 2918 ut
801 2863 893 2917 his
960 2860 1458 2916 exhortationibus
1516 2858 1830 2938 provocati,
1891 2876 2015 2912 om-

373 2973 507 3010 nem
558 2971 798 3008 sensum
847 2968 1022 3005 suum
1078 2952 1135 3004 in
1186 2948 1493 3004 dilectione
1538 2948 1816 3001 haberent
1861 2955 2016 3016 Apo-

368 3043 523 3099 stoli.

438 3130 763 3184 Meministis
792 3130 959 3194 enim,
993 3128 1218 3199 fratres,
1252 3126 1493 3180 laborem
1522 3131 1793 3187 nos/rum,
1827 3129 1877 3179 et
1926 3128 2013 3194 fa-

368 3220 681 3289 tigationem
704 3234 724 3278 ;
771 3224 929 3271 nocte
965 3232 1029 3269 ac
1073 3214 1164 3269 die
1189 3218 1476 3285 cperantes
1506 3216 1577 3268 ad
1608 3214 1724 3277 hoc,
1758 3232 1826 3267 ne
1854 3231 2015 3285 quem

2145 653 2225 701 est
2257 666 2398 713 vere,
2432 651 2655 703 verbum
2694 654 2812 713 Dei,
2847 652 2987 721 quod
3015 661 3071 705 et
3099 663 3357 722 operatur
3398 657 3459 707 in
3504 656 3674 721 vobis,
3709 660 3809 727 qui

2146 737 2479 794 credidistis.
2514 739 2629 792 Deo
2670 740 2890 809 gratias
2925 742 3202 804 referunt,
3237 742 3376 812 quia
3405 743 3635 813 aperuit
3668 760 3805 799 sen—

2146 842 2277 878 sum
2299 825 2533 880 illorum
2553 828 2622 880 ad
2646 827 3038 898 recipiendum
3057 829 3435 901 Evangelium
3456 849 3653 886 suum.
3671 832 3807 888 Glo-

2143 915 2231 967 ria
2261 915 2415 968 enim
2452 916 2895 985 praedicantium
2945 923 3052 987 est,
3086 935 3221 973 cum
3274 920 3579 976 audientes
3631 922 3802 977 facile

2142 1002 2405 1056 credunt.
2459 1004 2645 1058 Tanta
2702 1005 2858 1059 enim
2915 1008 3217 1061 devotione
3278 1014 3622 1079 receperunt
3670 1027 3798 1065 ver-

2142 1090 2303 1156 bum,
2369 1096 2433 1145 ut
2500 1093 2814 1163 probarent
2880 1110 2941 1148 se
2999 1094 3357 1151 intellexisse
3417 1097 3513 1152 Dei
3569 1099 3799 1154 doctri-

2141 1196 2300 1234 nam.

2214 1268 2308 1322 Vos
2337 1270 2506 1335 enim,
2536 1271 2758 1339 fratres,
2799 1273 3105 1327 imitatores
3152 1275 3290 1343 facti
3337 1277 3468 1330 estis
3511 1277 3796 1331 Ecclesia—

2137 1372 2264 1410 rum
2294 1358 2411 1425 Dei,
2443 1375 2562 1427 qua:
2599 1364 2728 1413 sunt
2772 1360 2832 1414 5n
2869 1360 3089 1431 Judzea,
3122 1378 3240 1432 quae
3285 1372 3415 1419 sunt
3462 1365 3519 1418 in
3572 1364 3798 1420 Christo

2134 1445 2281 1513 Jesu,
2317 1447 2447 1515 quia
2475 1447 2661 1500 eadem
2696 1451 2853 1517 passi
2896 1452 3025 1504 estis
3075 1460 3129 1505 et
3175 1468 3267 1507 vos
3313 1470 3350 1507 α
3392 1455 3797 1509 contribulibus

2134 1534 2354 1598 vestris,
2379 1536 2519 1588 sicut
2551 1540 2601 1588 et
2633 1538 2745 1605 ipsi
2773 1554 2805 1590 (ι
2830 1538 3057 1605 Iudaeis,
3085 1542 3181 1609 qui
3209 1548 3259 1596 et
3291 1543 3582 1596 Dominum
3615 1544 3794 1597 inter-

2134 1624 2582 1677 emeruntJesum
2614 1633 2663 1680 et
2689 1627 3006 1696 prophetas,
3040 1640 3089 1682 et
3118 1645 3215 1683 nos
3241 1632 3514 1700 persecuti
3540 1640 3692 1698 sunt,
3737 1636 3796 1686 et

2131 1713 2246 1764 Deo
2274 1727 2388 1764 non
2413 1712 2758 1780 placuerunt,
2794 1719 2845 1767 et
2876 1717 3125 1771 omnibus
3157 1718 3468 1774 hominibus
3498 1719 3795 1775 adversan-

2128 1798 2239 1865 tur,
2261 1799 2603 1868 prohibentes
2626 1818 2720 1855 nos
2740 1805 2989 1872 gentibus
3015 1806 3259 1875 loqui,ut
3282 1809 3581 1875 solventur,
3598 1811 3668 1864 ad
3691 1810 3797 1865 hoc

2130 1890 2187 1939 ut
2208 1887 2501 1958 suppleant
2521 1898 2736 1959 peccata
2758 1907 2860 1945 sua
2882 1910 3128 1963 semper;
3159 1896 3253 1951 sed
3277 1900 3531 1967 pervenit
3566 1900 3658 1953 ira
3686 1900 3796 1954 Dei

2129 1991 2296 2045 super
2315 1992 2406 2030 eos
2426 1993 2594 2047 usque
2614 1979 2683 2032 ad
2702 1980 2886 2048 ﬁnem.
2906 1980 2984 2036 De
3002 1982 3302 2053 impietate
3321 1990 3496 2056 atque
3519 1986 3795 2042 incredu-

2130 2061 2291 2117 litate
2307 2065 3442 2144 queriturdiflidentiumJudaeorum,qui
3460 2091 3574 2129 non
3589 2075 3785 2131 solum

2131 2169 2247 2205 suae
2270 2153 2477 2209 salutis
2502 2154 2722 2209 inimici
2748 2163 2906 2225 sunt,
2931 2175 3131 2214 verum
3158 2161 3332 2215 etiam
3357 2161 3635 2232 aliorum,
3661 2181 3791 2236 pro-

2129 2240 2141 2294 l
2176 2242 2396 2296 ‘bentes
2421 2260 2490 2297 ne
2512 2245 2774 2311 credant,
2804 2262 2874 2300 ne
2900 2247 3041 2301 salvi
3070 2248 3233 2314 fiant,
3257 2250 3328 2303 ab
3350 2249 3515 2305 initio
3540 2253 3786 2322 parrici-

2129 2331 2181 2383 di
2204 2353 2233 2381 ν.
2262 2329 2359 2384 Vel
2386 2332 2626 2386 Domino
2659 2335 2810 2387 enim
2839 2338 3134 2390 communi
3171 2354 3406 2408 parcere
3434 2340 3783 2411 debuerant,

2129 2419 2225 2488 qui
2254 2420 2543 2474 conservis
2564 2427 2619 2475 et
2644 2424 2967 2493 praepositis
2996 2425 3120 2478 suis
3144 2442 3258 2480 non
3284 2435 3689 2498 pepercerunt.
3712 2430 3787 2486 Ut

2129 2507 2464 2577 repleantur
2494 2515 2729 2579 peccata
2758 2527 2957 2565 eorum
2994 2513 3051 2566 in
3085 2518 3336 2584 tantum,
3361 2533 3433 2571 ne
3465 2517 3784 2587 aliquando

2129 2595 2585 2651 misericordiam
2611 2601 2891 2670 consequi
2925 2607 3279 2657 mereantur.
3310 2604 3440 2659 Ideo
3471 2604 3781 2663 Thessalo-

2128 2683 2392 2739 nicenses
2426 2703 2458 2739 a
2489 2686 2709 2741 civibus
2736 2690 2859 2743 suis
2883 2690 3083 2744 eadem
3117 2708 3322 2762 passos
3347 2693 3487 2749 dicit
3517 2693 3783 2752 imitatos

2127 2773 2469 2842 patientiam
2542 2780 2914 2843 sanctorum,
2982 2783 3037 2832 et
3097 2780 3323 2835 Domini
3394 2783 3577 2837 nostri
3636 2783 3777 2839 Jesu

2125 2859 2335 2913 Christi
2363 2877 2375 2914 :
2412 2863 2579 2930 cujus
2613 2862 2845 2917 sceleris
2877 2870 3145 2922 auctores
3178 2868 3402 2923 inducit
3431 2869 3687 2938 Judazos,
3714 2877 3780 2927 ut

2125 2953 2179 3001 et
2211 2955 2431 3018 quanta
2458 2950 2642 3020 gloria
2662 2952 2822 3022 digni
2854 2952 2989 3019 sint,
3017 2954 3115 3024 qui
3149 2972 3253 3025 pro
3285 2957 3520 3013 nomine
3544 2959 3777 3015 Domini

2125 3035 2450 3107 patiuntur,
2484 3043 2539 3092 et
2587 3056 2712 3108 quae
2766 3040 2907 3095 ultio
2938 3041 3186 3111 infestis,
3223 3045 3419 3101 infidis
3451 3052 3778 3118 praeparata

2125 3124 2220 3193 sit,
2255 3124 2655 3195 dignoseatur.
2679 3130 2705 3169 ⁸

2195 3214 2296 3267 Nos
2350 3221 2561 3273 autem.
2608 3218 2836 3286 fratres,
2871 3218 3102 3274 desolati
3147 3238 3180 3276 a
3234 3223 3380 3278 vobis
3435 3224 3505 3278 ad
3564 3234 3779 3298 tempus

371 3315 605 3362 vestrum
623 3322 992 3374 gravaremus.
1014 3304 1128 3357 Hoc
1149 3308 1257 3373 est,
1280 3304 1430 3374 quod
1458 3303 1597 3357 dicit
1620 3303 1675 3355 in
1696 3304 1857 3356 Actis
1882 3320 2013 3372 apo-
2041 3292 2085 3355 C
2125 3303 2295 3369 horia,
2349 3305 2507 3371 faeie,
2560 3322 2668 3357 non
2729 3307 2910 3372 corde,
2963 3310 3333 3365 abundantius
3388 3314 3780 3383 festinavimus

368 3395 652 3450 stolorum
684 3412 777 3460 xx,
812 3394 881 3447 34
915 3410 926 3447 :
981 3394 1198 3457 Omnia,
1235 3393 1448 3461 inquit,
1480 3407 1601 3461 qua:
1642 3393 1783 3444 mihi
1831 3396 1879 3445 et
1929 3393 2012 3445 his

366 3501 460 3556 qui
489 3489 617 3538 sunt
641 3500 851 3537 mecmn
879 3486 1105 3552 fuerunt
1129 3483 1454 3543 necessaria,
1480 3482 1865 3534 laboravermzt
1896 3497 2013 3535 ma-

366 3590 469 3628 nus
496 3575 629 3628 istae.
657 3573 816 3626 Unde
840 3572 972 3626 etin
996 3570 1108 3625 alia
1129 3569 1376 3642 epistola
1398 3570 1566 3624 dicit:
1595 3571 1698 3636 Qui
1723 3586 1827 3624 non
1857 3570 2009 3624 labo-

364 3671 473 3732 rat,
506 3679 604 3716 nec
649 3661 934 3714 manducet
984 3661 1052 3729 (ll
1087 3662 1257 3712 Thess.
1293 3676 1376 3727 ιιι,
1414 3659 1519 3729 10).
1571 3659 1638 3710 Et
1672 3661 1777 3711 hoc
1809 3666 2011 3712 contra

365 3747 1125 3821 pseudoapostolos,qui,ut
1149 3745 1318 3800 otiosi
1349 3746 2011 3812 manducarent,praedi-

367 3843 589 3894 catores
618 3855 744 3891 esse
766 3854 827 3891 se
862 3838 1175 3907 fingebant.
1202 3834 1274 3888 Ut
1304 3850 1439 3904 ergo
1465 3834 1797 3905 exemplum
1823 3835 2008 3900 daret,

368 3927 863 3999 quemadmodum
896 3924 1277 3995 gubernanda
1308 3923 1384 3976 sit
1426 3923 1538 3976 vita
1569 3923 1919 3993 Christiana,
1954 3930 2013 3979 et

371 4017 749 4071 simulatores
797 4015 1084 4085 proderet,
1136 4012 1320 4067 labori
1372 4012 1677 4066 insistebat
1726 4012 2009 4078 humano,

360 4107 656 4160 oliuscans
691 4100 1245 4174 pseudoapostolos;
1280 4106 1555 4170 praeterea
1582 4100 1720 4170 quia
1772 4101 1870 4171 qui
1925 4100 2012 4156 la-

364 4194 491 4249 bori
544 4193 843 4261 insistunt,
896 4208 930 4245 a
987 4188 1158 4245 malis
1205 4189 1655 4260 cogitationibus
1714 4188 2011 4244 declinant

359 4286 715 4353 occupantes
763 4280 1027 4335 animum
1078 4294 1275 4347 suum,
1307 4281 1365 4331 et
1415 4295 1448 4331 a
1493 4276 1771 4348 periculis
1811 4276 2005 4347 prohi-

358 4372 581 4426 bentes.

430 4461 863 4519 Praedicavimus
909 4460 1057 4513 vobis
1106 4458 1471 4529 Evangelium
1529 4456 1643 4509 Dei.
1706 4456 1797 4510 Vos
1855 4458 2008 4509 testes

357 4552 507 4616 estis,
536 4554 585 4603 et
617 4551 771 4616 Deus,
807 4565 973 4618 quam
996 4552 1203 4617 sancte,
1231 4555 1281 4601 et
1317 4549 1468 4615 juste
1513 4549 1569 4599 et
1617 4546 1737 4599 sine
1789 4545 2008 4614 querela

2118 3394 2318 3461 faciem
2347 3402 2577 3447 vestram
2606 3394 2787 3449 videre
2817 3399 2877 3449 in
2906 3398 3077 3452 multo
3107 3398 3398 3455 desiderio.
3433 3398 3779 3475 Quapropter

2122 3482 2391 3535 voluimus
2422 3484 2606 3536 venire
2636 3482 2705 3535 ad
2736 3500 2842 3549 vos,
2876 3502 2975 3554 ego
3006 3486 3223 3556 quidem
3253 3489 3462 3543 Paulus
3505 3496 3559 3545 et
3604 3495 3779 3549 semel

2119 3578 2167 3624 et
2200 3573 2419 3635 iterum,
2453 3579 2501 3624 et
2533 3572 2811 3641 impedivit
2842 3590 2941 3627 nos
2970 3574 3225 3632 Satanas.
3262 3578 3386 3632 Non
3420 3580 3638 3647 animo,
3669 3583 3770 3638 sed

2119 3675 2356 3730 corpore
2388 3659 2648 3714 divulsos
2700 3678 2759 3715 se
2809 3661 3013 3717 dicunt
3057 3665 3129 3718 ab
3174 3664 3277 3720 eis.
3310 3666 3579 3724 Charitas
3609 3671 3769 3726 enim

2120 3763 2233 3800 non
2266 3747 2565 3816 dividitur,
2595 3765 2698 3802 nec
2732 3756 3053 3821 separatur,
3080 3753 3181 3807 sed
3217 3759 3453 3825 propter
3482 3759 3770 3829 majorem

2119 3835 2559 3891 instructionem
2585 3837 2761 3891 etiam
2792 3840 2994 3893 faciem
3022 3858 3220 3896 eorum
3246 3860 3455 3915 cupere
3476 3861 3539 3900 se
3561 3847 3771 3905 dicunt

2120 3924 2334 3979 videre.
2354 3925 2413 3978 In
2440 3925 2611 3980 rebus
2638 3926 2793 3980 enim
2816 3927 3029 3983 divinis
3057 3930 3336 3987 deficiunt
3356 3934 3584 3989 articuli
3610 3953 3774 3992 com-

2120 4013 2475 4085 prehendere
2498 4030 2623 4085 quzn
2651 4020 2899 4085 possunt
2929 4017 3040 4071 dici
3088 4018 3201 4073 Nec
3224 4020 3376 4074 enim
3402 4023 3622 4079 sufﬁcit
3643 4025 3772 4082 dies

2119 4102 2268 4171 style
2300 4100 2414 4170 his,
2449 4118 2574 4172 quae
2626 4120 2743 4157 una
2787 4102 2931 4159 hora
2961 4112 3209 4175 possunt
3240 4110 3524 4182 depromi,
3558 4118 3623 4166 ut
3652 4130 3773 4169 non

2119 4189 2306 4243 dicam
2337 4190 2603 4259 quaedam
2629 4208 2755 4246 esse
2787 4194 3034 4265 mystica
3061 4194 3359 4267 religionis
3381 4204 3611 4269 nostrai,
3637 4218 3772 4274 qua

2119 4281 2354 4349 propter
2379 4278 2671 4333 carnalem
2696 4297 2956 4349 sensum,
2985 4298 3055 4336 ne
3077 4284 3423 4341 scandalum
3446 4288 3775 4359 patiantur,

2121 4366 2286 4422 facile
2336 4366 2617 4437 publicari
2672 4386 2783 4423 non
2838 4370 3108 4438 debeant,
3142 4375 3280 4443 quia
3323 4392 3445 4430 non
3496 4379 3781 4434 omnibus

2117 4456 2364 4509 dicenda
2394 4460 2533 4511 sunt
2563 4458 2780 4528 omnia,
2815 4459 2914 4514 sed
2961 4477 3063 4531 pro
3099 4462 3565 4536 uniuscujusque
3597 4473 3778 4540 captu

2120 4546 2475 4600 moderanda
2500 4551 2637 4600 sunt
2658 4547 2850 4613 dicta;
2883 4548 3050 4603 aliter
3072 4551 3341 4620 rudibus,
3364 4560 3421 4607 et
3450 4554 3616 4610 aliter
3641 4557 3776 4613 fun-

358 4641 526 4699 vobis,
560 4640 655 4708 qui
681 4637 922 4703 creditis,
955 4638 1087 4705 [acti
1115 4652 1321 4700 sumus,
1354 4638 1495 4689 sicut
1536 4636 1709 4694 scitis,
1744 4632 2008 4703 quomodo
2041 4654 2084 4718 Ι)
2118 4633 2291 4688 datis.
2312 4633 2529 4688 Idcirco
2554 4636 2865 4705 prmsentia
2887 4639 3145 4708 corporis
3168 4641 3503 4712 requiritur,
3525 4644 3666 4715 quia
3688 4646 3775 4700 sic

356 4743 796 4798 unumquemque
852 4735 1109 4789 vestrum,
1154 4728 1211 4778 ut
1256 4730 1414 4794 pater
1460 4723 1629 4794 ﬁlios,
1666 4723 2008 4776 obsecrantes

356 4834 444 4873 vos
472 4822 525 4871 et
566 4817 905 4872 consulentes
936 4815 1119 4885 (I279)
1172 4814 1241 4866 ad
1284 4813 1400 4879 hoc,
1431 4817 1491 4866 ut
1521 4813 1814 4866 ambuletis
1846 4811 2010 4880 digne

361 4911 498 4975 Deo,
548 4908 644 4975 qui
692 4913 845 4959 vocat
894 4920 986 4957 vos
1036 4906 1093 4956 in
1149 4919 1309 4955 suum
1356 4918 1588 4968 regnum
1643 4904 1691 4954 et
1749 4900 2005 4969 gloriam.

361 4994 667 5050 Manifesta
697 4999 833 5047 sunt
855 4991 992 5045 hinc.
1019 4991 1360 5045 Commonet
1381 4990 1538 5043 enim
1562 4988 1694 5042 illos
1720 4988 2008 5056 quomodo

362 5081 717 5137 crediderint
765 5097 825 5136 se
874 5078 1241 5151 praedicante,
1277 5083 1332 5131 et
1364 5075 1594 5147 qualem
1627 5093 1761 5130 cum
1795 5076 2007 5130 fuerint

365 5169 583 5240 experti
637 5176 694 5223 et
743 5186 868 5240 qua:
916 5172 1199 5239 prmcepta
1229 5166 1455 5219 dederit
1484 5165 1586 5230 eis,
1618 5169 1683 5217 ut
1713 5165 1873 5235 digni
1908 5166 2006 5220 lie-

364 5262 492 5312 rent
526 5263 659 5321 Deo,
691 5256 789 5327 qui
822 5256 951 5310 illos
984 5257 1208 5310 vocavit
1256 5255 1326 5308 de
1373 5254 1544 5308 terris
1599 5253 1654 5307 in
1712 5253 1909 5321 caelos,
1944 5259 2009 5308 ut

361 5342 675 5399 exsuscitet
702 5344 958 5398 laetitiam
997 5344 1254 5399 illorum.

426 5432 654 5501 Ideoque
698 5441 747 5487 et
794 5449 891 5487 nos
935 5435 1145 5500 gratias
1188 5433 1405 5503 agimus
1438 5432 1540 5486 Deo
1569 5431 1687 5486 sine
1717 5434 2005 5486 intermis-

360 5522 532 5586 sione,
569 5520 707 5589 quod
734 5536 859 5575 cum
886 5523 1224 5592 accepissetis
1261 5539 1296 5576 a
1339 5521 1497 5575 nobis
1529 5521 1750 5575 verbum
1780 5519 2005 5575 auditus

364 5701 401 5762 b
431 5625 615 5707 (1278)
647 5626 731 5682 Ex
779 5625 1091 5684 hominibus
1137 5626 1295 5699 legit.
1348 5626 1537 5700 Vulg.,
1570 5631 1626 5685 et
1663 5627 1832 5685 divus
1865 5634 2003 5683 Am-

407 5713 617 5756 rosms.

407 5716 617 5755 POSIUS.

2120 4722 2416 4791 perficitur
2447 4723 2660 4778 veritas
2688 4724 3010 4779 charitatis.
3036 4729 3309 4790 Quamvis
3333 4731 3487 4785 enim
3511 4732 3775 4790 Charitas

2120 4826 2235 4864 non
2260 4809 2572 4879 dividatur,
2598 4812 2956 4869 desiderium
2978 4820 3171 4870 tamen
3199 4816 3335 4872 facit
3356 4819 3622 4875 absentia
3643 4839 3773 4877 cor-

2120 4899 2297 4969 poris.
2322 4900 2577 4969 Denique
2599 4900 2836 4968 osculis,
2858 4908 2913 4955 et
2934 4903 3203 4975 amplexu
3227 4905 3555 4963 animorum
3580 4911 3774 4982 exple-

2119 4992 2215 5041 tur
2268 4988 2554 5042 voluntas.
2590 4988 2691 5042 Cui
2744 4990 2825 5044 rei
2878 4991 3293 5063 impedimento
3340 4996 3520 5051 fuisse
3560 5000 3776 5055 asserit

2118 5080 2391 5145 Satanan,
2417 5077 2555 5146 quia
2584 5078 2757 5133 etiam
2791 5080 3068 5150 apostolis
3099 5099 3311 5138 manus
3343 5084 3542 5141 obvias
3573 5090 3777 5145 tende-

2118 5165 2236 5232 bat,
2300 5182 2369 5219 ne
2435 5165 2697 5221 veritatis
2766 5169 2910 5223 ratio
2980 5170 3318 5226 hominibus
3388 5175 3770 5245 panderetur.

2116 5254 2482 5307 Accendebat
2507 5255 2662 5309 enim
2694 5258 3048 5327 perﬁdorum
3084 5265 3329 5326 mentes,
3354 5267 3419 5316 ut
3447 5279 3545 5319 eos
3567 5267 3771 5323 verbe-

2116 5342 2279 5397 ribus
2301 5359 2365 5396 ac
2390 5343 2639 5398 vinculis
2661 5345 3007 5414 detinerent,
3032 5365 3102 5403 ne
3126 5348 3499 5419 loquerentur
3518 5354 3768 5410 verbum

2119 5431 2233 5484 Dei.
2270 5431 2553 5486 Dixerunt
2584 5433 2741 5488 enim
2777 5437 3025 5505 majores
3054 5439 3387 5494 Judaeorum
3431 5442 3717 5512 apostolis
3750 5461 3766 5500 :

2115 5519 2317 5575 Nonne
2340 5521 2743 5593 praecipientes
2765 5525 3240 5582 denuntiavimus
3263 5528 3442 5596 vobis,
3470 5547 3540 5585 ne
3562 5530 3769 5606 loque-

2183 5626 2198 5717 ς
2395 5626 2647 5717 Ῡμιεκθῐ
2670 5630 2845 5717 divus
2868 5633 3214 5691 Ambrosius
3237 5638 3294 5691 et
3323 5635 3492 5694 divus
3514 5637 3769 5717 (ΠΗ-γεω

2114 5702 2363 5773 atomus,
2404 5700 2763 5759 consolantes.
3634 5700 3657 5717 ⁷
3764 5715 3768 5718 ‘
