3898 6404
1944 906 2150 948 curum
2179 893 2403 953 habens
2435 900 2687 959 fructum
2721 905 2855 963 ﬁdei
2889 913 2948 965 et
2987 910 3148 968 bona:
3199 893 3592 976 conversatio-

158 948 405 1016 gloriae?
441 950 662 1009 Nonne
708 971 799 1012 vos
851 974 1038 1015 coram
1084 962 1315 1021 Domino
1360 976 1546 1025 nostra
1590 971 1720 1027 Jesu
1774 975 1836 1028 in
1944 978 2035 1035 nis
2068 997 2293 1039 eorum.

158 1036 401 1094 adventu
431 1041 597 1112 ejus?
634 1048 736 1099 Vos
762 1049 916 1102 enim
961 1050 1088 1105 estis
1130 1053 1311 1123 gloria
1355 1066 1545 1115 nostra
1593 1063 1648 1115 et
1688 1078 1831 1132 gau-

156 1126 331 1221 dium:
366 1127 752 1189 Manifestum
779 1137 1045 1208 est,quia
1073 1142 1349 1210 perfectio
1380 1126 1829 1221 discipulorum,

154 1216 447 1286 gaudium
476 1223 535 1275 et
562 1236 779 1279 corona
809 1225 1078 1298 magistri
1110 1234 1218 1284 est.
1252 1232 1324 1287 lli
1355 1234 1512 1290 enim
1532 1216 1699 1293 'sunt
1728 1216 1829 1310 qui

152 1302 391 1361 labores
419 1307 680 1365 fructum
713 1328 959 1371 suorum
989 1316 1204 1374 edituri
1234 1323 1650 1382 sunt.Fructus
1670 1302 1826 1384 enim

150 1394 424 1464 magistri
460 1395 795 1471 discipulus
825 1406 914 1458 est
945 1404 1246 1475 obediens,
1278 1410 1448 1479 cujus
1486 1412 1629 1469 dum
1672 1416 1828 1472 bona

150 1484 521 1541 conversatio
550 1488 785 1559 proficit
814 1492 1357 1564 magistro,fructus
1384 1499 1478 1555 sui
1500 1503 1636 1559 edat
1669 1502 1827 1561 labo-

148 1587 294 1626 rem.
326 1573 523 1630 Labor
552 1576 711 1633 enim
743 1578 1019 1653 discipuli
1070 1583 1133 1639 in
1163 1601 1336 1658 opere
1363 1587 1516 1646 bono
1547 1606 1822 1650 coronam

146 1658 244 1714 dat
270 1661 565 1734 magistro
587 1665 789 1735 judice
820 1669 1071 1726 Christo.

208 1748 435 1807 Idcirco
454 1752 580 1824 jam
606 1770 718 1810 non
747 1757 1059 1828 tolerantes,
1094 1765 1363 1833 optimum
1412 1768 1705 1836 duximus,
1762 1776 1822 1827 ut

142 1838 379 1895 Athenis
417 1842 530 1897 soli
565 1844 1038 1917 relznqueremur;
1086 1858 1139 1906 et
1186 1855 1442 1911 misimus
1489 1858 1822 1917 Timotheum

140 1928 329 1999 (1280)
358 1931 598 2001 fratrem
632 1937 903 2003 nostrum,
934 1946 988 1993 et
1010 1942 1340 2013 participem
1383 1948 1564 2016 operis
1612 1949 1712 2005 Dei
1758 1952 1821 2006 in

140 2018 457 2087 Evangelia
508 2020 736 2091 Christi,
767 2025 841 2080 ad
871 2026 991 2093 hoc,
1023 2032 1083 2083 ut
1111 2038 1164 2085 et
1193 2047 1286 2087 vos
1311 2036 1614 2105 conﬁrmet,
1648 2046 1700 2094 et
1724 2039 1819 2095 de-

133 2116 400 2176 precetur
442 2124 546 2180 pro
597 2111 705 2182 ﬁde
747 2119 947 2182 vestra,
996 2134 1066 2174 ne
1128 2121 1249 2190 quis
1295 2127 1578 2181 moveatur
1626 2129 1685 2183 in
1728 2127 1819 2184 his

136 2198 456 2262 pressaris;
488 2199 605 2269 ipsi
629 2202 781 2255 enim
808 2204 984 2272 scitis,
1017 2207 1151 2278 quia
1177 2207 1249 2264 ad
1278 2209 1377 2265 hoc
1400 2214 1568 2282 positi
1602 2229 1813 2271 sumus.

137 2286 292 2339 Nam
324 2289 380 2340 et
407 2301 536 2340 cum
563 2290 714 2359 apud
761 2307 850 2347 vos
897 2309 1139 2364 eramus,
1186 2298 1617 2367 pradicavimus
1662 2304 1816 2360 vobis

126 2389 401 2444 passuros
456 2391 557 2432 nos
578 2393 917 2449 pressuram,
949 2391 1089 2438 sicut
1116 2386 1169 2439 et
1192 2386 1409 2455 factum
1457 2394 1613 2456 est,et
1640 2400 1810 2449 scitis.

135 2461 430 2519 Desiderii
463 2481 646 2537 supra
675 2470 982 2526 memorati
1015 2488 1225 2529 causas
1253 2477 1558 2547 expressit.
1590 2478 1812 2537 Idcirco

129 2551 293 2606 enim
324 2559 647 2624 praesentes
675 2571 804 2613 esse
833 2560 988 2629 apud
1012 2576 1112 2617 eos
1138 2563 1433 2633 volebant,
1466 2571 1532 2621 ut
1580 2569 1811 2625 animos

130 2655 343 2705 eorum
376 2640 704 2715 ﬁrmarent,
730 2662 801 2701 ne
831 2647 967 2718 quis
996 2665 1065 2704 ex
1096 2650 1190 2706 his
1221 2653 1565 2711 scandalum
1591 2661 1809 2728 patere-

128 2733 228 2784 tur
259 2730 336 2785 de
367 2733 669 2802 pressuris
701 2735 1126 2806 apostolorum,
1179 2744 1243 2794 ut
1288 2742 1384 2813 qui
1437 2749 1601 2798 tanta
1640 2745 1809 2817 signa

130 2819 417 2890 tacerent,
451 2819 771 2893 aliquando
804 2823 1265 2897 infirmarentur,
1298 2829 1379 2886 ita
1408 2831 1808 2903 humiliati,ut

128 2907 477 2964 verberibus
508 2915 566 2965 et
594 2910 846 2968 vinculis
877 2916 1342 2986 subjacerentur.
1375 2921 1459 2975 Ad
1478 2937 1657 2992 quam
1679 2939 1802 2979 rem

129 2997 558 3055 excusandam.
611 3000 987 3059 Timotheum
1019 3005 1206 3076 (1281)
1237 3007 1487 3065 missum
1531 3014 1802 3080 testatur,

128 3084 412 3141 idoneum
473 3086 793 3159 doctorem,
853 3091 955 3163 qui
1010 3094 1342 3152 ostenderet
1398 3096 1536 3154 hinc
1594 3100 1805 3156 merita

126 3189 391 3231 crescere
436 3173 811 3246 Christianis,
845 3180 895 3236 si
928 3197 1033 3252 pro
1073 3183 1589 3255 nomineDomini
1640 3188 1800 3259 passi

126 3263 353 3334 gratias
383 3268 625 3336 agant,a
646 3281 763 3337 quo
784 3266 964 3340 hujus
997 3269 1078 3326 rei
1110 3273 1439 3328 mercedem
1462 3280 1801 3347 exspectant

2013 1072 2198 1141 Quam
2226 1075 2374 1128 enim
2402 1078 2715 1144 gratiarum
2741 1083 3009 1140 actionem
3051 1103 3338 1158 possumus
3385 1097 3594 1166 referre

1939 1156 2044 1212 Deo
2073 1158 2142 1213 de
2168 1161 2318 1216 vobis
2346 1180 2514 1235 super
2566 1171 2720 1223 omni
2746 1174 2972 1240 gaudio,
3006 1156 3110 1245 quo
3135 1156 3588 1255 gaudemus'pro-

1935 1247 2056 1336 pter
2082 1264 2173 1302 vos
2202 1265 2386 1306 coram
2420 1254 2528 1310 Deo
2555 1262 2763 1324 nostro,
2792 1266 2968 1328 nocte,
2999 1247 3193 1336 dieque
3221 1247 3587 1328 abundantis-

1937 1334 2076 1390 sime
2103 1342 2345 1407 orantes,
2371 1351 2435 1396 ut
2466 1344 2755 1402 videamus
2772 1352 2975 1419 {aciem
2994 1334 3308 1424 vestram,et
3334 1361 3590 1431 supplea-

1933 1439 2057 1479 mus
2071 1441 2193 1520 quae
2205 1426 2404 1520 desunt
2419 1432 2562 1500 ﬁdei
2584 1441 2815 1492 vestrae?
2844 1438 3000 1493 Nihil
3018 1441 3163 1497 dicit
3176 1448 3296 1500 tam
3314 1426 3585 1520 dignum,

1934 1513 2105 1607 quod.
2122 1516 2391 1573 sufﬁcere
2412 1521 2600 1591 possit
2619 1522 2691 1577 ad
2714 1529 3252 1597 compensationem
3280 1513 3582 1607 acquisita;

1932 1599 2142 1658 salutis
2170 1606 2459 1694 gentium.
2478 1608 2545 1663 Et
2564 1610 2845 1682 quoniam
2875 1624 3257 1685 provexerant
3285 1637 3347 1677 se
3366 1599 3578 1694 .perse-

1932 1691 2195 1747 verentia
2224 1693 2445 1758 ﬁdei,et
2472 1702 2602 1752 actu
2631 1698 2760 1755 vita:
2786 1702 3067 1771 melioris,
3104 1707 3294 1780 magis
3313 1691 3582 1784 et‘magis

1931 1778 2095 1849 cupit
2122 1796 2223 1835 eos
2247 1782 2535 1855 videre,ut
2554 1803 2777 1860 ea,qua:
2802 1792 2872 1846 ad
2906 1778 3322 1863 perfectionem
3344 1778 3581 1855 illorum

1931 1867 2246 1937 pertinent,
2267 1871 2929 1941 ediscant,sacramenta
2949 1881 3175 1938 scilicet
3198 1900 3395 1942 rerum
3416 1887 3585 1959 spiri-

1850 1985 1898 2049 B
1931 1952 2297 2049 talium,quae
2325 1959 2496 2016 facile
2526 1963 2810 2034 publicari
2848 1984 2966 2023 non
2997 1970 3233 2043 debent,
3266 1977 3334 2028 ut
3362 1952 3584 2031 scirent

1929 2042 2082 2134 quis,
2115 2049 2180 2134 et
2202 2062 2380 2117 quam
2412 2048 2742 2109 immensus
2773 2060 3063 2127 est,quem
3086 2060 3348 2130 judicem
3378 2079 3579 2134 spera-

1928 2130 2271 2222 bant.Aliud
2297 2140 2387 2191 est
2414 2138 2572 2194 enim
2602 2139 2777 2197 ﬁdem
2806 2145 3151 2217 accipere,et
3177 2148 3338 2205 aliud
3358 2130 3581 2222 exposi-

1926 2218 2144 2275 tionem
2177 2221 2333 2277 ﬁdei.
2367 2223 2564 2281 Altera
2591 2228 2746 2284 enim
2783 2230 3107 2304 disputatio
3135 2240 3225 2292 est
3262 2238 3334 2292 de
3365 2218 3580 2294 natura

1924 2307 2114 2363 Patris
2144 2314 2200 2364 et
2233 2310 2379 2382 Filii,
2404 2319 2462 2369 et
2485 2314 2599 2371 alia
2626 2317 2697 2372 de
2728 2321 3012 2390 personis.
3063 2323 3233 2379 Pater
3279 2326 3577 2398 ingenitus

1923 2400 2031 2462 est,
2061 2397 2242 2454 Filius
2273 2416 2403 2456 vero
2433 2403 3000 2474 genitus.Quantum
3029 2412 3100 2465 ad
3136 2397 3418 2484 personas
3438 2430 3569 2486 per-

1920 2483 2090 2555 tinet,
2122 2486 2419 2545 diversum
2445 2491 2697 2561 videtur,
2729 2511 2863 2552 cum
2914 2497 2995 2553 sit
3040 2483 3342 2557 individua
3372 2483 3571 2558 unitas

1921 2575 2378 2632 naturae.Unitas
2409 2579 2566 2634 enim
2595 2597 2711 2637 non
2742 2582 2802 2637 in
2833 2601 3081 2656 persona
3111 2590 3330 2655 est,sed
3352 2590 3414 2644 in
3435 2592 3574 2646 sub-

1919 2662 2154 2718 stantia.
2190 2663 2446 2736 Spiritus
2477 2673 2674 2724 autem
2708 2679 2949 2728 sanctus
2980 2691 3095 2730 non
3127 2676 3379 2749 degener
3408 2683 3571 2749 pute-

1917 2752 2034 2816 tur,
2066 2750 2205 2821 quia
2234 2752 2444 2808 tertius
2467 2755 2722 2824 ponitur.
2759 2758 2868 2824 Qui
2896 2776 3033 2832 ergo
3063 2762 3133 2817 de
3164 2765 3422 2820 secunda
3443 2782 3569 2837 per-

1916 2854 2061 2894 sona
2092 2854 2207 2895 non
2241 2840 2508 2913 ambigit,
2541 2844 2801 2901 admittit
2830 2852 2888 2903 et
2917 2849 3173 2907 tertiam.

1986 2927 2105 2997 Ipse
2132 2935 2314 2984 autem
2342 2930 2507 3000 Deus,
2548 2935 2601 2987 et
2628 2934 2800 2990 Pater
2848 2940 3053 3005 noster,
3084 2945 3138 2993 et
3172 2939 3437 2995 Dominus
3462 2956 3562 2997 no-

1912 3023 2029 3070 ster
2074 3017 2229 3073 Iesus
2278 3017 2525 3075 Christus
2570 3020 2789 3090 dirigat
2834 3024 2983 3078 viam
3035 3028 3281 3082 nostram
3333 3028 3403 3084 ad
3451 3043 3566 3084 vos.

1913 3102 2145 3175 Integro
2161 3105 2365 3162 ordine
2379 3106 2490 3162 iter
2504 3123 2681 3163 suum
2701 3108 2933 3182 disponi
2950 3110 3212 3183 postulat
3235 3132 3249 3181 ;
3300 3114 3563 3187 primum

1912 3196 2085 3247 aDeo
2118 3192 2302 3261 Patre,
2338 3194 2476 3266 quia
2523 3196 2597 3251 ab
2644 3196 2773 3268 ipso
2822 3203 2964 3254 sunt
3009 3201 3229 3272 omnia,
3273 3201 3485 3259 deinde
3531 3221 3565 3260 a

1912 3280 2161 3335 Domino
2191 3280 2332 3336 Jesu
2367 3281 2619 3351 Christo,
2671 3302 2773 3356 per
2821 3303 2997 3358 quem
3051 3293 3194 3344 sunt
3240 3291 3458 3359 omnia,
3501 3297 3566 3348 ut

128 3350 436 3424 simulque
465 3368 668 3425 preces
696 3354 812 3411 Deo
844 3356 1174 3429 funderent,
1209 3365 1276 3417 ut
1304 3362 1545 3418 stabiles
1580 3369 1797 3421 essent.
1831 3350 1874 3416 (ἶ
1913 3367 2121 3435 virtus,
2156 3373 2334 3441 atque
2365 3350 2730 3441 providentia
2761 3350 2947 3430 Patris
2976 3379 3036 3430 et
3067 3375 3194 3431 Filii
3245 3350 3561 3436 adventum

127 3442 318 3504 Quam
353 3443 827 3515 persecutionem
859 3445 1078 3503 idcirco
1109 3464 1174 3504 se
1204 3466 1483 3520 passuros
1520 3453 1798 3523 pradica-

125 3534 351 3603 verant,
386 3535 453 3585 ut
481 3548 587 3602 per
613 3531 697 3602 id,
732 3534 886 3605 quod
917 3536 1347 3607 prae-scientiam
1379 3539 1558 3611 hujus
1581 3541 1663 3596 rei
1693 3541 1796 3597 ha-

129 3619 263 3674 bere
293 3635 360 3675 se
388 3624 878 3691 protestarentur,
911 3640 1083 3696 posse
1113 3641 1175 3682 se
1214 3628 1470 3701 effugere
1516 3634 1573 3685 et
1621 3630 1800 3687 decli-

124 3724 269 3764 nare
300 3706 412 3764 has
439 3708 690 3780 injurias
712 3713 1242 3783 approbarent.Sed
1268 3717 1408 3788 quia
1428 3734 1563 3789 spes
1586 3734 1801 3791 magna

122 3796 183 3852 in
215 3796 315 3853 his
346 3803 456 3868 est,
492 3799 620 3855 ideo
648 3798 845 3856 illatas
875 3802 1121 3860 sufferre
1170 3804 1312 3860 dicit
1339 3808 1530 3877 (1282)
1562 3808 1799 3879 quidem

121 3885 398 3942 libenter.
433 3887 560 3945 Ideo
588 3892 641 3944 et
669 3905 770 3958 ego
799 3907 912 3947 non
949 3890 1202 3951 tolerans
1245 3896 1506 3967 amplius,
1555 3898 1687 3952 misi
1729 3897 1802 3953 ad

120 3976 237 4042 hoc,
269 3978 332 4031 ut
362 3992 737 4048 cognoscerem
764 3980 931 4048 fidem
959 3985 1220 4048 vestram,
1269 4000 1340 4039 ne
1381 4000 1487 4057 quo
1534 3985 1693 4041 modo
1720 3994 1801 4042 at-

123 4067 426 4122 tentaverit
451 4067 547 4123 ille
568 4070 887 4138 tentator,et
909 4071 1096 4126 inanis
1120 4072 1219 4141 ﬁat
1244 4072 1404 4127 labor
1424 4075 1800 4131 noster.lstud

126 4160 371 4228 propter
400 4158 693 4228 quosdam
725 4158 887 4227 dicit,
922 4159 1024 4231 qui
1057 4161 1286 4232 possint
1328 4163 1529 4218 seduci
1581 4163 1803 4220 astutia

119 4250 375 4302 Satanae.
410 4245 558 4312 Quia
584 4245 648 4301 in
681 4248 840 4304 omni
872 4247 1042 4321 plebe
1083 4256 1173 4306 est
1214 4267 1352 4323 pars
1404 4252 1595 4319 firma,
1626 4258 1683 4308 et
1712 4252 1799 4308 in-

125 4334 323 4400 ﬁrma,
353 4349 605 4405 quorum
636 4352 817 4392 causa
860 4336 1148 4395 sollicitus
1193 4344 1339 4409 erat,
1386 4357 1458 4396 ne
1506 4341 1802 4397 amitteret

121 4422 388 4478 fructum
420 4422 792 4480 credulitatis
822 4442 1044 4482 eorum.
1072 4427 1138 4482 Et
1166 4427 1306 4499 quia
1334 4428 1560 4486 diutius
1589 4446 1803 4501 passus

122 4528 239 4569 non
272 4514 369 4567 est
401 4511 630 4568 nescire
652 4529 715 4569 se
739 4514 881 4585 quid
914 4514 1132 4571 certius
1165 4521 1433 4587 ageretur
1461 4518 1617 4575 circa
1646 4518 1800 4585 illos,

123 4600 291 4656 misit
320 4601 511 4671 (1283)
544 4602 924 4659 Timotheum
974 4604 1318 4678 episcopum
1350 4623 1385 4662 a
1412 4624 1475 4663 se
1516 4612 1800 4668 creatum.

124 4707 156 4745 a
184 4706 307 4762 quo
338 4694 542 4762 posset
573 4696 797 4747 certum
831 4694 1000 4749 scire.

193 4778 351 4834 Modo
380 4783 570 4834 autem
597 4796 726 4835 cum
752 4782 985 4837 venisset
1019 4783 1327 4839 Timetheus
1356 4783 1428 4839 ad
1458 4800 1556 4841 nos
1573 4800 1612 4839 a
1632 4784 1802 4847 vobis,

121 4874 177 4923 et
206 4868 605 4924 annuntiasset
632 4869 788 4924 nobis
815 4869 998 4940 ﬁdem,
1032 4876 1086 4927 et
1112 4872 1434 4929 cbaritatem
1467 4877 1723 4940 vestram,
1753 4865 1806 4928 et

123 4959 397 5029 quoniam
442 4958 772 5013 memoriam
821 4960 996 5015 nostri
1051 4959 1265 5016 habetis
1315 4962 1532 5028 bonam,
1589 4977 1805 5032 semper

124 5046 510 5102 desiderantes
540 5061 639 5102 nos
669 5046 875 5116 videre,
899 5049 1045 5103 sicut
1093 5053 1147 5104 et
1196 5065 1293 5106 nos
1323 5066 1448 5117 vos,-
1472 5051 1593 5106 ideo
1621 5066 1807 5106 conso-

129 5135 410 5193 lationem
437 5151 634 5191 sumus
660 5135 870 5208 adepti,
891 5138 1191 5207 fratres,in
1210 5139 1365 5195 nobis
1395 5155 1564 5208 super
1586 5154 1808 5195 omnem

129 5226 541 5294 necessitatem,
603 5233 655 5279 et
704 5240 1028 5295 pressuram
1098 5235 1347 5282 nostram
1410 5242 1506 5294 per
1570 5236 1810 5283 vestram

128 5313 315 5383 ﬁdem,
347 5315 483 5386 quia
530 5329 683 5368 nunc
719 5314 977 5380 vivimus,
1008 5316 1059 5370 si
1084 5330 1175 5370 vos
1204 5316 1468 5371 steteritis
1492 5317 1553 5370 in
1574 5315 1806 5379 Christo,

126 5402 460 5460 Declaravit
486 5419 594 5459 cur
623 5400 802 5457 alacri
834 5418 1106 5460 sermone
1158 5404 1378 5459 scribat
1406 5403 1479 5460 ad
1505 5419 1625 5460 eos.
1676 5403 1809 5460 Ideo

197 5545 391 5619 (1280)
425 5545 497 5619 In.
522 5544 655 5619 cod_.
682 5544 862 5619 Titum
881 5562 901 5599 :
923 5545 1078 5617 quod
1105 5545 1278 5616 juxta
1297 5560 1504 5602 omnes
1531 5543 1811 5602 lectiones

134 5616 583 5676 emendandum
615 5616 747 5674 fuit.

225 5691 391 5769 1281)
558 5687 724 5769 clare
754 5687 971 5769 legitur
1004 5688 1365 5769 Timotheum:
1440 5763 1449 5769 -
1633 5759 1648 5769 _
1674 5758 1712 5769 Η
1738 5759 1775 5769 η

225 5693 361 5747 1281
423 5691 531 5746 Hic
564 5691 724 5744 clare
754 5691 971 5760 legitur
1004 5691 1365 5745 Timotheum.
1764 5759 1775 5769 .

194 5691 391 5843 {1282i
438 5760 701 5820 Verbum
767 5758 905 5817 dicit
967 5776 1037 5817 ex
1096 5759 1523 5818 Ambrosiastro
1579 5758 1813 5818 addidi-

455 5891 726 5957 Pn‘nct.
782 5885 1103 5950 CXXXIV.

1909 3457 2041 3527 ejus
2073 3461 2537 3521 commendet.ut
2566 3465 2624 3515 et
2652 3462 3028 3534 acceptabilis
3054 3464 3156 3520 fiat
3183 3466 3563 3525 audientibus

1910 3562 1993 3613 se,
2027 3549 2084 3600 et
2112 3546 2538 3617 impedimenta
2567 3547 2787 3603 diaboli
2816 3548 3181 3606 solverentur
3198 3553 3271 3607 ad
3302 3553 3559 3626 dirigen-

1910 3633 2052 3688 dum
2089 3633 2198 3689 iter
2237 3636 2385 3705 ejus.
2444 3640 2552 3690 Vos
2596 3641 2781 3692 autem
2822 3638 3091 3695 Dominus
3136 3641 3465 3713 multiplicet
3514 3650 3568 3699 et

1909 3721 2194 3777 abundare
2236 3725 2409 3794 faciat
2449 3724 2778 3781 charitatem
2827 3728 2887 3783 in
2934 3729 3169 3784 invicem
3197 3731 3335 3785 etin
3364 3747 3478 3801 vos,
3512 3738 3566 3787 et

1909 3810 1971 3864 in
2001 3826 2207 3876 omnes,
2236 3812 2377 3867 sicut
2405 3816 2456 3868 et
2484 3829 2583 3869 nos
2614 3815 2674 3868 in
2704 3830 2818 3885 vos,
2861 3815 2932 3871 ad
2980 3817 3363 3887 conﬁrmanda
3399 3819 3565 3875 corda

1908 3900 2090 3952 vestra
2120 3900 2505 3970 irreprehensa
2525 3902 2585 3958 in
2598 3905 2964 3959 sanctimonia
2992 3921 3182 3961 coram
3202 3907 3309 3962 Deo
3327 3913 3380 3962 et
3396 3913 3564 3964 Patre

1909 3994 2113 4054 nostro,
2146 3988 2206 4041 in
2248 3987 2487 4043 adventu
2532 3990 2754 4046 Domini
2798 3994 2973 4048 nostri
3013 3994 3139 4049 Jesu
3186 3994 3394 4050 Christi
3437 4011 3558 4050 cum

1909 4075 2164 4132 omnibus
2194 4078 2401 4132 sanctis
2428 4079 2561 4133 suis.
2595 4078 2669 4134 Ut
2696 4080 2979 4150 gaudium
3012 4098 3209 4149 suum,
3233 4098 3348 4153 quo
3381 4082 3452 4138 de
3474 4083 3560 4139 eis

1911 4164 2498 4236 gaudet,cumulet,in
2521 4167 2798 4225 omnibus
2829 4168 2998 4223 bonis
3029 4168 3407 4242 multiplicari
3426 4170 3560 4228 illos

1910 4258 2235 4323 exoptat,ut
2262 4254 2500 4310 veniens
2521 4256 2593 4310 ad
2616 4272 2714 4312 eos
2750 4254 2882 4327 plus
2911 4255 3169 4312 inveniat
3198 4258 3258 4313 in
3287 4257 3556 4329 eis,quod

1911 4340 2086 4397 laude
2121 4341 2366 4414 dignum
2416 4344 2510 4410 sit,
2563 4360 2741 4415 quam
2773 4361 2807 4399 a
2837 4344 3144 4400 Timotheo
3175 4344 3458 4415 audierat,
3492 4350 3561 4401 ut

1910 4428 2451 4500 irreprehensibiles
2482 4431 2854 4486 inveniantur
2873 4448 3008 4486 cum
3041 4433 3262 4488 sanctis
3283 4432 3341 4486 in
3367 4432 3558 4488 chario

1911 4522 2029 4572 tate
2091 4518 2185 4572 Dei
2229 4518 2438 4585 Patris,
2487 4522 2545 4572 et
2599 4519 2852 4573 adventu
2904 4518 3131 4574 Domini
3181 4520 3365 4576 nostri
3414 4521 3559 4577 Jesu

1912 4605 2150 4670 Christi,
2170 4622 2305 4661 cum
2335 4605 2573 4677 coeperit
2599 4610 2732 4661 ante
2759 4605 3017 4662 tribunal
3048 4608 3177 4678 ejus
3207 4608 3561 4665 examinatio

1835 4716 1883 4780 D
1913 4693 2178 4766 singulos
2208 4694 2553 4765 approbare.
2589 4699 2766 4749 Deum
2797 4699 2965 4751 vocat
3013 4701 3251 4767 propter
3278 4682 3559 4753 terrorem

1915 4781 2243 4853 maiestatis
2266 4782 2422 4851 ejus;
2458 4785 2689 4837 Patrem
2709 4798 2842 4837 vero
2864 4786 3100 4854 propter
3116 4782 3560 4855 benignitatem,

1914 4887 2033 4941 qua
2054 4870 2334 4940 dignatur
2363 4869 2665 4925 credentes
2694 4869 2806 4924 sibi
2838 4870 3113 4940 adoptare
3140 4868 3200 4924 in
3225 4870 3561 4941 ﬁlios,quod

1912 4958 1973 5014 in
2004 4958 2251 5014 adventu
2286 4957 2509 5013 Domini
2544 4957 3036 5013 manifestabitur.

1986 5047 2137 5118 (CAP.
2170 5045 2286 5117 IV).
2320 5045 2469 5114 Quod
2496 5054 2742 5118 superest
2788 5046 2994 5117 itaque,
3036 5046 3261 5113 fratres,
3302 5060 3562 5113 rogamus

1914 5150 2028 5200 vos,
2057 5140 2109 5190 et
2139 5135 2481 5190 obsecramus
2519 5136 2581 5190 in
2626 5135 2858 5190 Domino
2903 5133 3052 5200 Jesu,
3103 5142 3165 5188 ut
3212 5133 3560 5204 quemadmo-

1916 5222 2047 5278 dum
2075 5224 2358 5295 accepistis
2386 5239 2427 5277 α
2448 5223 2604 5277 nobis
2631 5222 2868 5293 qualiter
2891 5225 3143 5290 oporteat
3162 5237 3255 5278 vos
3274 5223 3564 5278 ambulare

1916 5321 1971 5369 et
1994 5312 2221 5385 placere
2251 5312 2374 5381 Deo,
2413 5313 2552 5366 sicut
2585 5315 2635 5367 et
2684 5310 2977 5365 ambulatis
3023 5310 3229 5383 (1284),
3278 5310 3564 5368 abundetis

1921 5559 2179 5680 milis283)
2211 5611 2430 5667 Iterum
2462 5608 2617 5667 clare
2648 5608 3007 5668 Timotheum.

2020 5684 2177 5757 1284)
2207 5682 2375 5757 Vulg.
2410 5680 2495 5741 sic
2522 5691 2573 5741 et
2604 5681 2923 5740 ambuletis.

3168 5887 3237 5949 21
