3898 6408
129 446 250 507 653

671 444 1087 509 EXPOSITIO
1133 448 1211 508 ΙΝ
1259 449 1687 512 EPISTOLAS
1732 450 1993 512 PAULI.
2024 453 2203 512 -ΙΝ
2251 454 2494 515 EPIST.
2545 457 2569 514 Ι
2614 458 2718 516 AD
2763 459 3041 519 THESS.

3447 463 3567 523 654

132 595 255 634 cum
288 582 530 634 Domtnv
558 594 785 635 erimus.
812 579 873 634 In
903 579 1032 652 ipso
1053 580 1210 636 enim
1234 586 1403 653 raptu
1428 599 1587 638 mors
1607 600 1801 653 prove—
1829 586 1882 649 Α
1915 584 1968 637 id
1990 587 2451 653 est,moriamur,
2476 605 2594 643 una
2614 604 2747 644 cum
2778 589 2876 645 illo
2899 596 3116 648 aeterna
3139 592 3257 649 vita
3274 594 3561 651 fruamur.

135 668 281 735 niet,
310 673 368 723 et
394 667 569 738 quasi
588 684 694 739 per
709 685 1002 738 soporem,
1033 674 1097 723 ut
1121 687 1354 741 egressa
1376 670 1642 725 animuin
1679 689 1798 726 mo-

1913 678 2029 728 Hoc
2052 681 2139 729 est
2161 678 2312 747 quod
2340 677 2701 748 supradixil,
2722 680 2861 750 quia
2884 680 3083 736 ﬁdeles
3106 682 3163 735 in
3184 682 3431 737 adventu
3458 684 3565 738 Do-

135 761 338 812 mento
362 756 668 811 reddatur.
691 755 834 810 Cum
858 757 1015 811 enim
1038 756 1319 813 tollentur
1357 758 1702 829 morientur,
1738 763 1804 813 ut
1912 763 2077 831 mini,
2113 769 2231 819 tam
2256 766 2491 831 mortui,
2526 782 2701 837 quam
2734 768 2871 836 vivi,
2900 770 3130 824 obviam
3152 770 3430 826 tollentur
3459 772 3565 827 Do-

137 845 550 919 pervenientes
579 845 652 900 ad
686 844 1024 910 Dominum,
1057 846 1370 916 praesentia
1399 846 1629 901 Domini
1656 846 1800 902 reci-

133 936 310 1008 piant
338 934 597 1001 animas,
631 933 771 1005 quia
800 950 935 989 cum
965 933 1212 988 Domino
1244 934 1459 989 mortui
1497 950 1625 990 esse
1683 951 1799 989 non

155 1027 395 1079 ossunt.
432 1023 552 1078 Hac
585 1037 689 1093 spe
711 1021 1001 1078 consolari
1025 1022 1353 1077 seinvicem
1374 1024 1545 1093 jubet
1566 1023 1796 1094 eds,qui

127 1113 326 1167 adhuc
355 1128 517 1167 more
559 1110 763 1183 gentili
823 1110 1136 1166 charorum
1194 1128 1435 1166 suorum
1490 1128 1795 1168 excessum

126 1201 425 1273 putabant
454 1198 801 1271 lugendum.

196 1290 362 1360 (ΟΑΡ.
394 1288 494 1359 V.)
516 1288 591 1343 De
609 1286 945 1359 temporibus
960 1290 1145 1342 autem
1163 1292 1217 1342 et
1233 1290 1543 1356 momentis,
1566 1290 1792 1359 fratres,

121 1395 234 1435 non
272 1382 359 1434 est
404 1393 622 1432 necesse
674 1378 822 1432 vobis
840 1376 1030 1431 scribi.
1054 1377 1167 1448 Ipsi
1183 1379 1335 1432 enim
1356 1377 1657 1446 diligenter
1682 1380 1792 1432 scio

121 1472 215 1533 tis,
246 1470 388 1540 quia
418 1468 533 1522 dies
565 1467 806 1532 Domini,
840 1474 905 1520 ut
932 1467 1029 1536 fur
1046 1474 1228 1535 noctu,
1251 1468 1333 1521 sic
1351 1468 1550 1521 veniet.
1589 1466 1793 1520 Etcum

121 1557 299 1618 dicit;
313 1573 452 1628 pax,
486 1559 539 1611 et
556 1556 820 1626 ﬁrmitas,
852 1561 981 1609 tunc
1001 1556 1319 1625 repentinus
1332 1556 1423 1609 illi
1443 1557 1795 1626 superveniet

122 1646 413 1712 interitus,
443 1644 902 1718 quemadmodum
941 1644 1100 1698 dolor
1120 1648 1312 1714 partus
1336 1646 1682 1716 praegnanti,
1743 1651 1799 1698 et

119 1752 228 1792 non
260 1735 559 1808 effugient.
592 1733 712 1789 Hoc
745 1738 856 1799 est,
889 1734 1044 1803 quod
1077 1733 1138 1787 in
1170 1733 1481 1805 Evangelio
1508 1733 1788 1789 Dominus

120 1823 361 1879 locutus
382 1826 495 1891 est,
538 1821 766 1876 dicens:
794 1821 1038 1891 Vigilate,
1062 1823 1196 1893 quia
1214 1822 1438 1876 nescitis
1458 1822 1789 1891 horam,qua

120 1914 393 1969 Dominus
422 1913 604 1966 vester
631 1909 1226 2009 veniet(Matt'z.xx1v,
1268 1911 1377 1972 42;
1433 1910 1600 1965 Marc.
1662 1928 1783 1978 xm,
1818 1950 1867 2015 Β

118 2003 220 2063 33;
248 2002 386 2058 Luc.
420 2017 525 2065 xu,
556 1999 672 2070 3’7.)
701 2001 769 2052 Et
789 1997 1035 2053 iterum:
1077 1998 1138 2053 Si
1160 2000 1283 2071 quis
1327 2000 1478 2054 vobis
1533 1998 1737 2054 dixerit
1766 2017 1786 2055 :

117 2107 241 2146 ecce
261 2090 360 2145 hic
389 2088 666 2155 Christus,
691 2091 785 2142 aut
799 2102 918 2143 ecce
938 2088 1077 2157 illic,
1099 2088 1273 2143 nolite
1317 2087 1532 2143 credere
1573 2088 1783 2159 (Matth.

118 2196 270 2247 χειν,
304 2179 416 2246 23;
449 2179 578 2232 Luc.
609 2193 748 2239 xvn,
779 2176 893 2246 21).
928 2176 1133 2231 Subito
1162 2177 1343 2241 enim,
1379 2182 1435 2232 et
1463 2192 1533 2232 ex
1587 2176 1786 2248 inspe-

114 2274 242 2325 rato
255 2265 753 2340 apparebit,sicut
764 2266 1125 2320 corruscatio
1138 2270 1379 2337 apparet
1399 2266 1472 2321 ab
1494 2264 1785 2320 orientein

114 2358 482 2413 occidentem
495 2354 742 2421 ,hahens
754 2370 954 2409 secum
972 2352 1241 2409 militiam
1266 2355 1556 2410 exercitus
1569 2353 1670 2409 Dei
1688 2353 1789 2408 Pa-

115 2449 250 2513 tris,
278 2446 353 2502 ad
377 2443 771 2517 perditionem
794 2441 1137 2497 Antichristi
1160 2446 1214 2497 et
1254 2441 1572 2497 satellitum
1636 2442 1785 2513 ejus.

107 2538 255 2594 Cum
267 2534 433 2593 enim
446 2532 638 2588 securi
655 2530 871 2587 fuerint
882 2532 1086 2603 perﬁdi
1103 2531 1173 2587 de
1186 2548 1364 2604 regno
1376 2531 1776 2598 diaboli,inter

114 2625 286 2681 fectis
307 2622 556 2692 sanctis,
580 2621 639 2675 id
663 2621 994 2689 est,Enoch,
1018 2626 1075 2676 et
1094 2620 1301 2689 Elia,et
1321 2620 1433 2675 laeti
1457 2622 1528 2675 de
1550 2621 1791 2676 victoria

116 2712 375 2768 invicem
399 2709 513 2765 sibi
536 2709 841 2764 mittentes
861 2708 1291 2773 munera,sicut
1310 2708 1455 2763 dicit
1471 2707 1793 2780 Apocalyp-

120 2803 225 2872 sis,
256 2806 406 2855 tunc
426 2797 550 2852 illis
580 2795 775 2852 subito
806 2796 996 2851 veniet
1016 2795 1358 2867 repentinus
1393 2795 1689 2851 interitus.
1725 2796 1787 2850 In

125 2890 383 2945 adventu
416 2885 574 2941 enim
607 2900 715 2939 suo
746 2883 1017 2940 Christus
1048 2883 1156 2939 hos
1202 2900 1408 2938 omnes
1463 2884 1788 2956 disperdet,

118 2981 187 3032 ut
215 2976 489 3031 videntes
520 2972 732 3038 sancti,
763 2971 866 3043 qui
886 2971 1197 3042 evaserint,
1230 2971 1571 3044 glorientur.

208 3066 303 3120 Vos
333 3071 541 3131 autem,
572 3063 800 3131 fratres,
820 3076 932 3115 non
958 3061 1086 3116 estis
1106 3062 1167 3115 in
1185 3061 1439 3129 tenebris,
1473 3068 1534 3116 ut
1555 3060 1671 3115 dies
1689 3059 1792 3116 ille

126 3171 220 3210 vos
244 3158 519 3224 tanquam
548 3150 649 3222 fur
670 3150 1131 3221 comprehendat:
1154 3150 1350 3205 Omnes
1369 3151 1517 3205 enim
1536 3165 1628 3205 vos
1673 3147 1794 3221 ﬁlii

130 3243 365 3298 luminis
393 3241 545 3310 estis,
567 3247 620 3295 et
634 3240 745 3310 filii
761 3240 859 3294 De:
876 3255 899 3301 ;
913 3253 1022 3295 non
1044 3239 1175 3293 estis
1194 3240 1385 3304 noctis,
1409 3254 1586 3310 neque
1639 3246 1789 3293 tene-

1911 851 2091 915 mino,
2120 854 2431 925 etjsemper
2451 854 2643 909 vivent
2659 872 2793 910 cum
2816 872 2902 911 eo.
2938 862 3000 911 In
3029 857 3137 913 hoc
3157 860 3561 916 meditandum

1910 940 2097 1007 docet,
2134 946 2198 995 ut
2231 943 2475 998 invicem
2507 960 2570 998 se
2600 943 2658 997 in
2693 960 2758 999 eo
2791 944 3080 1000 aediﬁcent
3108 963 3306 1002 sensu.

1982 1029 2251 1096 Rogamus
2271 1035 2455 1084 autem
2471 1047 2581 1100 vos,
2606 1032 2829 1101 fratres,
2860 1036 2919 1086 ut
2942 1036 3283 1104 cognoscatis
3329 1050 3418 1090 eos
3465 1037 3564 1105 qui

1908 1116 2164 1172 laborant
2185 1120 2246 1172 in
2262 1120 2424 1174 nobis
2446 1121 2505 1174 in
2527 1121 2777 1185 Domino,
2799 1123 2853 1174 et
2886 1125 3110 1177 monent
3161 1139 3271 1193 vos,
3328 1128 3391 1178 ut
3444 1125 3562 1179 illis

1903 1221 2183 1262 summum
2202 1206 2458 1262 honorem
2480 1208 2727 1263 habeatis
2752 1210 2810 1263 in
2831 1209 3101 1265 cbaritate
3130 1215 3353 1282 propter
3396 1227 3562 1284 opera

1905 1294 2173 1364 ipsorum.
2206 1296 2410 1351 Pacem
2439 1296 2632 1351 habete
2659 1298 2806 1352 inter
2826 1313 2936 1353 vos.
2962 1298 3078 1353 Hoc
3103 1302 3211 1365 est,
3241 1299 3397 1369 quod
3418 1297 3561 1354 dicit

1903 1386 1962 1436 et
1990 1381 2049 1436 in
2072 1381 2187 1437 alia
2204 1382 2464 1454 Epistola
2523 1385 2570 1455 (Ι
2597 1386 2729 1439 Tim.
2763 1402 2817 1451 v,
2851 1386 2961 1456 17),
3021 1387 3390 1457 presbyteros
3446 1386 3556 1441 du-

1903 1469 2037 1541 plici
2061 1470 2280 1527 honore
2300 1471 2803 1543 honorandos,qui
2828 1472 3095 1528 laborant
3125 1473 3185 1528 in
3206 1476 3378 1530 verbo
3409 1479 3467 1529 et
3494 1473 3556 1529 in

1902 1559 2391 1615 doctrina.Potest
2402 1560 2558 1615 enim
2574 1562 2770 1633 pigere
2786 1578 2983 1633 eum,q
2993 1563 3050 1617 ui
3068 1562 3324 1633 inopiam
3338 1564 3560 1634 patitur

1901 1648 2240 1702 exercitium
2277 1650 2484 1715 facere,
2518 1650 2672 1721 quod
2718 1650 2903 1721 prosit
2952 1650 3346 1707 audientibus.
3404 1651 3554 1716 Quid

1900 1736 2055 1790 enim
2081 1737 2320 1808 prodest
2341 1737 2619 1792 honorem
2646 1738 2772 1793 sine
2795 1738 2986 1793 fructu
3008 1738 3259 1794 habere?
3278 1741 3392 1793 Aut
3412 1739 3553 1810 quid

1902 1840 2183 1896 magnum
2203 1831 2291 1880 est
2313 1825 2517 1881 offerre
2540 1825 2589 1880 ei
2604 1825 2991 1895 carnalia,qui
3010 1826 3219 1880 tribuit
3238 1825 3556 1897 spiritalia?

1900 1911 2064 1967 Sicut
2087 1913 2245 1969 enim
2271 1912 2484 1969 divitiae
2506 1912 2921 1985 negligentiam
2956 1913 3191 1984 pariunt
3219 1914 3449 1980 salutis,
3473 1914 3557 1971 ita

1897 2002 2300 2073 egestas,dum
2320 2002 2571 2057 saturari
2593 2002 2858 2073 quaerit,a
2878 2002 3109 2073 iustitia
3127 2001 3554 2058 declinat.Hinc

1897 2088 2171 2145 Salomon
2196 2106 2299 2144 nec
2324 2089 2502 2144 nimis
2523 2089 2763 2144 divitem
2787 2105 2848 2145 se
2871 2090 3014 2161 petit
3035 2088 3178 2156 fieri,
3203 2105 3308 2145 nec
3327 2095 3553 2161 egesto-

1898 2193 2032 2232 sum
2064 2180 2250 2248 (Prov.
2282 2195 2414 2241 xxx,
2443 2178 2520 2247 9).
2542 2178 2660 2232 Hoc
2679 2177 2876 2248 ipsum
2911 2182 3109 2232 tamen
3162 2178 3221 2232 in
3271 2178 3554 2234 cbaritate

1900 2267 2022 2321 ﬁeri
2057 2267 2289 2331 debere,
2324 2270 2390 2320 ut
2430 2265 2874 2320 honoriﬁcentia
2930 2266 3249 2321 sacerdotis
3308 2283 3424 2321 non
3479 2268 3552 2322 de

1898 2358 2108 2410 timore
2121 2356 2309 2425 magis
2324 2355 2420 2421 sit,
2437 2354 2536 2409 sed
2553 2354 2623 2409 de
2636 2370 2857 2421 amore,
2882 2354 3135 2409 utetiam
3154 2353 3235 2408 illi
3265 2355 3549 2426 proﬁciat,

1900 2443 2001 2515 qui
2032 2444 2190 2498 facit.
2215 2444 2326 2499 Res
2348 2443 2526 2513 enim,
2551 2459 2681 2513 quae
2702 2447 2911 2513 sponte
2930 2459 3042 2496 non
3068 2443 3151 2508 ﬁt,
3169 2443 3242 2497 ad
3279 2444 3551 2498 allectum

1902 2550 2017 2587 non
2036 2532 2314 2604 pervenit.
2339 2532 2617 2597 Quamvis
2634 2532 2703 2585 ad
2721 2547 2977 2602 praesens
2994 2531 3255 2602 proficiat
3269 2548 3335 2587 su
3345 2530 3550 2604 menti,

1906 2620 2053 2676 nihil
2073 2630 2266 2677 tamen
2292 2620 2550 2692 proderit
2569 2619 2629 2674 in
2652 2620 2848 2675 futuro
2870 2620 3056 2675 danti.
3081 2620 3147 2674 Et
3162 2618 3299 2691 quia
3323 2619 3551 2675 dissen-

1904 2710 1992 2765 sio
2014 2710 2207 2769 multa,
2220 2715 2459 2781 generat
2480 2708 2655 2779 mala,
2680 2708 2953 2779 paciﬁcos
2970 2724 3069 2763 eos
3090 2725 3218 2763 esse
3268 2708 3556 2765 hortatur.

1979 2801 2248 2870 Rogamus
2295 2807 2479 2853 autem
2504 2814 2615 2865 vos,
2671 2799 2893 2867 fratres,
2952 2797 3214 2867 corripite
3268 2798 3558 2869 inquietos,

1905 2888 2273 2945 consolamini
2299 2887 2702 2959 pusillanimes,
2743 2886 3099 2957 opilulamini
3146 2885 3406 2955 inﬁrmis,
3456 2903 3560 2957 pa-

1907 2979 2105 3033 tientes
2135 2985 2301 3032 estote
2329 2976 2399 3031 ad
2441 2991 2647 3031 omnes.
2679 2975 2859 3030 Videte
2899 2990 2971 3029 ne
3013 2976 3140 3045 quis
3184 2974 3404 3029 malum
3457 2989 3560 3042 pro

1904 3066 2054 3121 malo
2083 3066 2257 3121 alicui
2286 3064 2511 3125 reddat;
2540 3064 2633 3118 sed
2654 3079 2865 3134 semper
2893 3062 3033 3134 quod
3052 3062 3251 3117 bonum
3305 3070 3385 3117 est
3438 3077 3559 3119 sec-

1906 3154 2110 3208 tamini
2138 3154 2199 3207 in
2229 3154 2482 3217 invicem,
2517 3156 2569 3206 et
2591 3152 2649 3205 in
2673 3165 2876 3206 omnes.
2937 3149 3161 3221 Semper
3214 3149 3446 3219 gaudete
3497 3151 3561 3206 in

1907 3242 2155 3297 Domino.
2188 3240 2318 3295 Sine
2338 3238 2747 3294 intermissione
2765 3245 2934 3293 orate.
2958 3239 3020 3292 In
3039 3238 3295 3293 omnibus
3348 3237 3561 3308 gratias

131 3332 383 3387 brorum.
420 3330 483 3384 In
509 3327 767 3384 tenebris
796 3326 1185 3399 ignorantiam
1210 3327 1507 3399 signiﬁcat
1528 3330 1585 3382 et
1632 3342 1797 3382 men-
1829 3313 1872 3380 C
1910 3332 2077 3401 agite.
2112 3331 2232 3383 "me
2261 3334 2341 3383 est
2372 3329 2521 3382 enim
2550 3327 2801 3382 voluntas
2826 3328 2932 3381 Dei
2951 3328 3009 3381 in
3051 3326 3261 3381 Christo
3316 3327 3442 3381 Jesu
3497 3327 3559 3381 in

129 3421 367 3477 decium
393 3436 409 3474 :
428 3418 487 3473 in
502 3417 597 3472 die
615 3415 1144 3482 autem,scientiam
1165 3421 1224 3471 et
1244 3414 1792 3471 veritatem.Idcirco

128 3508 505 3564 Christianos
536 3522 652 3560 non
682 3504 742 3559 in
776 3505 1033 3561 tenebris
1063 3504 1207 3559 dicit
1238 3522 1251 3570 ;
1293 3503 1541 3575 gentiles
1572 3508 1791 3579 autem,

130 3597 220 3653 vel
238 3595 579 3652 incredulos
599 3594 857 3660 Judzeos,
884 3592 1035 3648 ﬁlios
1064 3593 1463 3659 tenebrarum,
1497 3592 1637 3658 quia
1668 3590 1790 3646 cul-

128 3692 290 3742 tores
322 3689 465 3739 sunt
504 3681 816 3738 mendacii.
854 3681 1243 3747 Quamobrem
1305 3680 1505 3736 ﬁdeles
1554 3696 1792 3735 securos

126 3790 258 3831 esse
288 3773 501 3829 debere
529 3770 845 3842 signiﬁcat,
878 3770 1018 3842 quia
1049 3786 1162 3825 non
1190 3769 1465 3842 ignorant
1523 3770 1789 3825 futurum

129 3863 451 3917 adventum
476 3858 841 3926 Domini,sed
866 3862 1205 3929 exspectant
1225 3857 1459 3912 solliciti
1486 3863 1552 3912 ut
1572 3858 1788 3912 veniat.

129 3951 239 4019 Qui
275 3955 476 4005 autem
507 3948 782 4018 ignorant
810 3946 1145 4001 difﬁdentes
1171 3945 1241 4000 de
1268 3961 1356 4010 eo,
1392 3949 1627 4016 repente
1661 3945 1793 4001 illos

130 4037 599 4112 comprehendet
618 4035 997 4107 improvidos,
1020 4039 1078 4089 et
1107 4032 1435 4088 interﬁciet.

202 4129 390 4197 Igitur
406 4142 521 4182 non
540 4125 895 4191 dormianus,
917 4124 1061 4178 sicut
1078 4125 1128 4176 et
1151 4121 1457 4191 caeteri,sed
1475 4122 1791 4190 vigilemus,

130 4223 183 4273 et
210 4217 389 4272 sobrii
414 4218 630 4271 simus:
662 4215 731 4269 Hi
757 4214 928 4280 enim,
959 4213 1056 4283 qui
1092 4212 1396 4279 dormiunt,
1454 4219 1609 4267 nocte
1663 4210 1794 4266 dor-

127 4308 316 4362 miunt
337 4322 360 4366 .‘
378 4308 435 4361 et
451 4304 550 4376 qui
574 4303 946 4368 inebriantur,
974 4304 1132 4356 nocte
1143 4304 1274 4357 sunt
1287 4300 1448 4355 ebrii.
1482 4305 1592 4358 Nos
1612 4308 1795 4355 autem

128 4398 227 4468 qui
245 4395 365 4451 diei
381 4409 590 4460 sumus,
611 4391 786 4448 sobrii
823 4392 1017 4456 simus,
1050 4390 1235 4444 induti
1265 4390 1541 4445 thoracem
1559 4390 1716 4461 ﬁdei,
1747 4398 1797 4445 et

126 4483 444 4552 cher-italis,
471 4485 521 4536 et
549 4481 786 4551 galeam,
812 4496 963 4550 spem
989 4478 1193 4535 salutis
1216 4496 1237 4543 ;
1276 4480 1407 4548 quia
1452 4494 1561 4533 non
1612 4479 1796 4549 posuit

125 4589 227 4628 nos
252 4573 401 4628 Deus
429 4572 489 4626 in
519 4570 687 4634 iram,
738 4568 831 4623 sed
860 4570 921 4623 in
978 4569 1401 4639 acquisitionem
1455 4568 1652 4622 salutis
1698 4583 1798 4637 per

128 4663 436 4718 Dominum
462 4667 718 4715 nostrum
744 4659 929 4713 Iesum
951 4656 1250 4726 Christum,
1284 4657 1381 4728 qui
1424 4658 1673 4711 mortuus
1718 4659 1797 4711 est
1829 4678 1876 4741 Β

122 4768 223 4824 pro
252 4751 438 4806 nobis.
477 4748 561 4814 Ut,
594 4748 710 4802 sive
738 4746 1096 4812 dormiamus,
1126 4747 1242 4801 sive
1274 4746 1584 4812 vigilemus,
1627 4745 1800 4800 simul

130 4858 258 4896 cum
284 4855 347 4895 eo
378 4838 647 4894 vivamus.
682 4837 914 4907 Pr0pter
932 4834 1074 4906 quod
1095 4835 1467 4889 exhortamini
1487 4835 1801 4902 invicem,“

127 4926 938 4999 zdiﬁcatealterutrum,sicut
948 4932 998 4981 et
1006 4925 1214 4993 facitis.
1231 4927 1513 4994 Apertum
1533 4927 1622 4977 est
1642 4924 1796 4993 quod

130 5017 658 5075 dicit.Commonet
675 5013 765 5069 eni
778 5030 831 5068 m
854 5029 927 5069 ne
940 5011 1129 5067 securi
1145 5012 1215 5067 de
1233 5012 1471 5066 nomine
1484 5011 1800 5070 Salvatnris

132 5106 506 5180 negligenter
528 5118 777 5174 agamus
800 5120 813 5170 ;
844 5101 1093 5173 ideoque
1116 5101 1305 5156 tribus
1326 5118 1431 5157 nos
1468 5116 1801 5173 propugna-

134 5196 281 5252 culis
305 5191 535 5250 muniri
566 5191 800 5256 debere,
833 5190 888 5246 id
922 5196 1036 5256 est,
1070 5189 1224 5255 ﬁdei,
1257 5195 1314 5245 et
1344 5190 1488 5260 spei,
1521 5196 1577 5245 et
1614 5188 1802 5243 chari-

132 5285 290 5341 tatis.
324 5284 482 5340 Dum
516 5280 677 5338 enim
710 5280 856 5335 ﬁdes
888 5284 1107 5348 manet,
1142 5295 1306 5350 spem
1355 5279 1608 5346 excitat;
1668 5294 1804 5349 spes

131 5377 327 5428 autem
365 5368 709 5428 necessario
742 5368 991 5424 sollicita
1020 5371 1109 5423 est
1138 5367 1209 5422 de
1256 5366 1668 5438 promissione,
1699 5382 1804 5420 nec

131 5462 351 5517 dormit
376 5479 392 5529 ;
426 5457 695 5526 charitas
727 5460 921 5512 autem
949 5457 1222 5512 devotum
1245 5454 1413 5509 offert
1434 5452 1804 5509 Domino.Ni-

131 5550 209 5607 hil
237 5550 395 5607 enim
420 5549 746 5605 adversum
779 5545 1038 5601 admittit
1079 5542 1354 5598 Charitas.
1392 5541 1606 5596 Idcirco
1650 5541 1804 5597 enim

134 5645 402 5697 mortuus
421 5641 517 5695 est
540 5652 650 5708 pro
668 5634 838 5690 nobis
867 5635 1149 5690 Dominus
1174 5632 1369 5697 Jesus,
1393 5636 1450 5685 et
1470 5632 1807 5701 resurrexit,

1906 3418 2077 3472 vobis.
2107 3416 2392 3479 Quoniam
2426 3430 2660 3472 necesse
2678 3418 2767 3470 est
2785 3416 3072 3486 quosdam
3094 3430 3222 3469 esse
3270 3414 3328 3468 in
3390 3414 3558 3484 plebe

1902 3505 2310 3570 immodestos,
2334 3504 2623 3573 quosdam
2647 3507 2841 3557 autem
2865 3501 3290 3574 pusillanimes,
3314 3501 3425 3556 hoc
3443 3505 3553 3571 est,

1901 3593 2162 3657 timidos,
2193 3594 2477 3663 quosdam
2501 3609 2635 3647 vero
2659 3591 2770 3645 ﬁde
2792 3591 3059 3644 inﬁrmos
3090 3606 3102 3643 :
3138 3588 3265 3643 ideo
3295 3588 3424 3653 hos,
3452 3587 3554 3658 qui

1904 3681 2153 3737 modesti
2185 3686 2345 3751 sunt,
2370 3685 2426 3735 et
2455 3680 2882 3753 magnanimos,
2907 3683 2963 3733 et
2985 3679 3096 3732 ﬁde
3113 3676 3552 3744 fundati,horta-

1903 3775 2001 3824 tur
2021 3786 2153 3824 cum
2181 3785 2368 3841 prece,
2396 3772 2462 3822 ut
2480 3768 2573 3823 his
2591 3765 2920 3836 consulant,
2943 3770 3009 3820 ut
3031 3764 3254 3837 possint
3278 3765 3554 3834 proﬁcere

1904 3858 2251 3914 suﬁ'erentes
2280 3873 2399 3923 eos,
2425 3871 2496 3909 ne
2526 3855 2573 3909 si
2599 3853 2904 3909 retributio
2926 3853 2987 3907 ﬁt
3012 3852 3555 3923 malorum,pejores

1904 3962 1967 4001 se
1986 3946 2147 3999 ﬁant.
2172 3944 2392 3998 Idcirco
2416 3941 2563 3997 nihil
2584 3942 2743 3996 aliud
2767 3958 2943 4012 quam
2969 3941 3185 3996 bonum
3208 3939 3555 3995 sectandum

1906 4034 2178 4088 hortatur
2192 4049 2307 4086 non
2332 4029 2522 4086 solum
2539 4029 2598 4083 in
2616 4046 2794 4085 causa
2815 4028 3187 4094 fratrum,sed
3209 4027 3268 4082 in
3286 4026 3553 4082 omnium

1906 4123 2164 4178 Possunt
2193 4120 2351 4175 enim
2381 4118 2551 4173 bonis
2584 4117 2859 4189 operibus
2890 4114 3103 4171 attrahi
3158 4114 3423 4169 inﬁdeles
3482 4114 3554 4169 ad

1904 4209 2331 4276 credulitatem,
2362 4223 2430 4262 ex
2462 4222 2580 4276 qua
2609 4222 2840 4276 semper
2868 4204 3193 4276 gaudeatur
3213 4203 3272 4257 in
3286 4202 3554 4266 Domino,

1903 4300 2016 4355 hoc
2044 4304 2155 4368 est,
2187 4298 2248 4352 in
2278 4297 2519 4351 bonum.
2553 4293 2850 4350 Orandum
2874 4296 3070 4348 autem
3091 4294 3219 4347 sine
3256 4289 3557 4346 intermis-

1906 4389 2089 4444 sione.
2114 4384 2339 4441 Sedulae
2361 4383 2517 4437 enim
2544 4396 2740 4453 preces
2757 4384 3071 4451 provocant
3089 4380 3354 4433 animum
3390 4378 3554 4448 judi-

1905 4479 1989 4532 cis
2012 4476 2084 4531 ad
2107 4474 2363 4529 dandam
2390 4470 2870 4526 misericordiam.
2899 4468 2959 4522 In
2977 4467 3251 4522 omnibus
3272 4483 3403 4522 vero
3416 4466 3553 4521 acti-

1907 4568 2018 4621 bus
2048 4562 2218 4617 bonis
2243 4565 2352 4614 Deo
2375 4558 2595 4626 gratias
2615 4555 2997 4628 agendas,qui
3019 4555 3168 4610 hanc
3184 4554 3391 4610 tribuit
3418 4554 3556 4610 doc-

1911 4656 2125 4710 trinam
2152 4650 2212 4704 in
2243 4647 2473 4704 Christo
2501 4645 2643 4699 Jesu
2675 4644 2921 4698 Domino
2944 4648 3161 4699 nostro.

1983 4741 2255 4811 Spiritum
2274 4734 2445 4788 nolite
2462 4734 2838 4800 exstinguere.
2864 4732 3189 4803 PrOphetias
3216 4733 3389 4786 nolite
3407 4746 3560 4801 sper-

1907 4844 2059 4885 nere.
2097 4824 2293 4881 Omnia
2323 4831 2507 4877 autem
2534 4822 2800 4892 probate;
2831 4820 2971 4891 quod
3001 4820 3203 4875 bonum
3238 4827 3314 4875 est
3364 4822 3556 4874 tenete.

1912 4918 1986 4972 Ab
2017 4916 2172 4971 omni
2201 4913 2378 4984 specie
2404 4911 2552 4964 mala
2573 4911 2837 4965 abstinete
2860 4925 2968 4964 vos.
3003 4908 3121 4963 Hoc
3140 4908 3303 4974 dicit,
3337 4910 3402 4961 ut
3444 4922 3560 4961 non

1910 5005 2079 5061 facile
2109 5001 2285 5059 alicui
2345 5016 2446 5071 per
2502 4999 2783 5071 Spiritum
2842 4996 3101 5068 loquenti
3152 4995 3557 5051 interdicatur.

1910 5090 2315 5164 Exstinguitur
2334 5087 2510 5155 enim,
2535 5086 2930 5157 siincipientis
2953 5085 3111 5155 loqui
3135 5085 3321 5139 fervor
3341 5086 3565 5138 contra-

1911 5183 2164 5239 dictione
2184 5179 2431 5249 SOpitur,
2465 5193 2537 5231 nc
2560 5176 2703 5231 forte
2733 5192 2848 5229 non
2882 5173 3270 5245 intelligentes
3314 5170 3429 5225 dici
3485 5170 3560 5227 ab

1912 5289 1979 5328 eo
2036 5267 2325 5342 spiritalia
2382 5263 2660 5335 injuriam
2721 5263 2935 5318 faciant
2977 5261 3218 5333 Spiritui
3249 5267 3468 5324 sancto,
3504 5262 3564 5315 et

1914 5363 2155 5434 peccent
2176 5372 2276 5427 per
2295 5352 2687 5425 ignorantiam
2714 5369 2728 5418 ;
2753 5367 2940 5423 neque
2961 5350 3238 5421 aliquem,
3266 5348 3367 5420 qui
3392 5345 3563 5419 quasi

1913 5448 2245 5519 Scripturas
2269 5440 2498 5509 revelet,
2524 5457 2638 5495 non
2663 5440 2853 5495 audiri
2878 5439 3163 5511 patienter
3197 5439 3427 5503 debere,
3459 5436 3565 5505 sed

1916 5536 2114 5593 omnia
2143 5532 2297 5587 dicta
2323 5527 2664 5596 examinari,
2704 5532 2762 5583 et
2819 5527 2902 5583 sic
2951 5526 3226 5597 judicari,
3287 5541 3360 5579 ne
3417 5523 3566 5579 forte

1917 5625 2164 5699 gratiam
2197 5622 2391 5674 datam
2426 5617 2585 5671 fratri
2614 5617 2754 5671 dum
2782 5622 3090 5688 respuunt,
3119 5614 3340 5670 auctori
3389 5627 3566 5682 repu-

139 5737 205 5797 ut
232 5732 357 5790 sive
386 5702 739 5804 vigilemus,
760 5722 871 5781 hoc
883 5728 974 5781 est
1001 5718 1810 5793 vivamus,sivedormiamus,
1918 5719 2118 5790 gnent.
2141 5707 2352 5766 Omnia
2371 5721 2531 5778 ergo,
2557 5720 2687 5781 quae
2708 5705 3004 5775 dicuntur,
3028 5704 3328 5779 probanda
3344 5702 3565 5785 manet,
