3898 6400
366 456 486 517 655

1398 440 1736 503 ATTONIS
1780 434 2371 502 VERCELLENSIS
2413 433 2764 496 EPISCOPI

3659 422 3766 484 666

369 584 725 658 etquidquid
747 578 962 647 sobrie,
986 581 1041 632 et
1066 577 1211 631 bene
1241 574 1462 629 dictum
1512 572 1705 638 fuerit,
1758 570 2011 625 retinen-
2045 570 2096 634 Α
2130 570 2319 623 strum
2354 564 2644 637 dirigatin
2668 560 3043 635 perfectione,
3070 560 3135 613 ut
3162 555 3389 628 integer
3411 554 3490 611 sit
3535 553 3766 626 spiritus

368 677 533 732 dum.
566 674 932 740 Quaecunque
961 665 1115 720 enim
1148 663 1570 734 apostolorum,
1594 666 1650 714 et
1680 660 1867 729 ipsius
1906 665 2016 712 Uo-

370 763 516 818 mini
540 761 709 816 dictis
732 759 1079 827 congruunt,
1100 769 1166 807 eo
1189 753 1333 806 bene
1350 750 1506 804 dicta
1529 749 1800 805 habenda
1856 750 2014 811 sunt,

369 856 426 908 et
446 849 747 906 retinenda
771 865 785 914 ;
810 847 881 900 ab
903 844 992 898 his
1025 847 1375 911 autem,quae
1403 837 1644 892 inimica
1665 835 1796 891 ﬁdei
1817 835 2016 889 viden-

368 943 486 1003 tur,
511 935 947 993 abstinendum.
970 930 1167 985 Solent
1185 927 1343 982 enim
1366 925 1608 997 spiritus
1631 923 1837 979 mundi
1861 920 2020 977 falla-

368 1026 511 1082 citer
541 1024 709 1097 quasi
738 1039 839 1093 per
867 1019 1252 1074 imitationem
1285 1015 1479 1070 dicere
1520 1015 1695 1081 bona,
1754 1018 1810 1067 et
1864 1011 2021 1065 inter

367 1117 492 1172 haec
511 1113 896 1170 subinducere
920 1125 1112 1180 prava,
1137 1111 1203 1161 ut
1224 1121 1327 1178 per
1351 1104 1495 1169 haec,
1519 1119 1645 1175 quae
1679 1102 1834 1157 bona
1858 1103 2017 1165 sunt,

368 1206 602 1275 accepto
631 1202 894 1256 ferantur
923 1201 981 1252 et
1010 1195 1198 1251 mala:
1255 1198 1319 1248 ut
1349 1192 1487 1265 quia
1546 1191 1724 1246 unius
1778 1188 2021 1260 spiritus

367 1292 522 1347 dicta
542 1292 844 1359 putantur,
860 1302 974 1341 non
996 1285 1407 1342 discernantur
1423 1281 1495 1336 ab
1517 1278 1897 1344 invicem,sed
1920 1292 2023 1348 per

366 1379 446 1446 id,
465 1378 619 1449 quod
644 1376 872 1431 licitum
897 1379 1007 1443 est,
1032 1371 1475 1429 commendetur
1491 1367 1788 1436 illicitum,
1821 1370 2020 1421 aucto-

364 1467 535 1523 ritate
558 1464 835 1533 nominis,
870 1480 985 1518 non
1017 1461 1241 1516 ratione
1291 1458 1547 1516 virtutis.
1609 1455 1809 1511 Solent
1864 1454 2019 1509 enim

366 1555 476 1611 sub
492 1552 888 1626 apostolorum
909 1549 1228 1619 nomine,et
1241 1546 1430 1619 ipsius
1445 1545 1759 1613 Domini,et
1772 1542 2024 1599 nefanda

368 1645 594 1713 docere,
616 1646 672 1697 et
692 1642 951 1711 adversa.
975 1639 1226 1709 Ideoque
1247 1636 1446 1691 omnia
1478 1633 1782 1707 probanda
1802 1634 2021 1700 monet,

369 1732 507 1802 quia
525 1747 641 1786 non
664 1734 912 1801 possunt
935 1726 1169 1797 eloquia
1190 1724 1422 1780 Domini
1445 1739 1574 1779 esse
1594 1723 1843 1776 diversa.
1876 1720 2023 1773 Hinc

368 1823 459 1875 est
487 1819 643 1873 unde
668 1821 725 1872 et
752 1815 997 1872 Joannis
1028 1813 1275 1885 apostoli
1320 1810 1582 1882 Epistola
1608 1826 1622 1863 :
1679 1809 1877 1871 Nolite,
1932 1807 2022 1861 in-

370 1907 516 1978 quit,
548 1905 950 1976 omnispiritui
978 1902 1216 1965 credere,
1262 1900 1356 1956 sed
1380 1900 1607 1970 probate
1663 1898 1915 1968 spiritus,
1972 1896 2024 1950 si

368 2010 439 2049 ea:
466 1995 572 2050 Deo
598 1998 730 2049 sunt
746 1993 797 2064 (ι
816 1994 973 2047 Ιοαη.
1010 2007 1083 2055 1v,
1110 1990 1162 2060 1)
1187 2010 1201 2056 ς
1227 1988 1366 2060 quia
1387 1988 1436 2043 si
1461 1986 1647 2041 multa
1667 1985 1820 2040 bona
1840 1982 2016 2050 dicat;

368 2083 431 2137 in
452 2081 649 2153 aliquo
676 2084 892 2145 autem,
917 2078 1071 2150 quod
1107 2076 1242 2131 fidei
1285 2076 1592 2132 adversum
1626 2078 1735 2141 est,
1768 2076 2019 2144 promat,

370 2170 593 2226 sciatur
607 2186 720 2224 non
741 2184 870 2223 esse
890 2166 1146 2238 Spiritus
1167 2169 1427 2220 sanctus.
1460 2161 1617 2216 Nihil
1645 2162 1801 2217 enim
1863 2176 2018 2215 erro-

371 2258 452 2313 ris
473 2257 532 2311 in
554 2260 755 2311 sancto
778 2254 996 2326 Spiritu
1019 2252 1231 2324 poterit
1279 2250 1538 2322 reperiri.
1605 2250 1715 2304 Sed
1769 2251 1872 2303 aut
1921 2263 2024 2319 per

371 2344 712 2400 exercitium
732 2341 944 2411 eloquii
966 2341 1234 2412 quaedam
1256 2336 1565 2410 spiritalia,
1598 2335 1865 2407 quaedam
1888 2351 2021 2389 vero

372 2430 649 2498 carnalia,
678 2430 818 2501 quia
844 2429 1036 2485 omnis
1087 2444 1247 2483 error
1306 2426 1462 2482 carni
1524 2427 1861 2497 deputatur,
1921 2427 2024 2478 aut

371 2523 523 2575 certe
540 2521 869 2573 commento
893 2517 1149 2587 quodam
1171 2514 1398 2570 astutiae
1423 2514 1577 2568 bona
1614 2513 1802 2583 ﬁngit,
1836 2515 1902 2567 ut
1928 2511 2024 2566 his

368 2607 590 2662 inserat
620 2605 794 2676 mala,
831 2606 981 2661 sicut
1010 2620 1189 2674 supra
1216 2602 1530 2658 memoravi
1561 2617 1573 2656 :
1638 2601 2016 2672 quemadmo-

369 2696 511 2759 dum
531 2696 591 2751 in
622 2694 920 2759 Montano,
951 2697 1007 2747 et
1028 2690 1309 2761 Priscilla,
1341 2695 1398 2746 et
1429 2688 1749 2744 Maximilla
1770 2688 2021 2759 prophe-

366 2783 944 2854 tisCataphrygarum
958 2780 1200 2851 spiritus
1213 2779 1417 2834 mundi
1431 2776 1754 2833 imitatione
1767 2777 2022 2847 quadam

368 2871 507 2926 boni
538 2869 856 2937 simulavit,
893 2874 956 2924 ut
985 2885 1086 2940 per
1118 2867 1304 2922 multa
1333 2865 1696 2930 verisimilia,
1741 2881 1847 2920 nec
1905 2880 2023 2920 non

366 2963 424 3015 et
452 2975 610 3024 vera,
642 2956 990 3013 mentiretur
1019 2972 1082 3011 se
1111 2971 1240 3011 esse
1271 2954 1557 3026 Spiritum
1587 2957 1877 3009 sanctum.

438 3049 558 3118 Ipse
603 3054 787 3120 autem
833 3047 971 3101 Deus
1013 3046 1169 3115 pacis
1214 3043 1515 3112 sanctiﬁcat
1556 3058 1645 3097 vos
1688 3059 1791 3112 per
1834 3042 2024 3097 omnia

365 3138 654 3208 perfectos,
678 3142 736 3189 ut
767 3135 977 3202 integer
1004 3134 1236 3204 spiritus
1264 3135 1454 3201 vester,
1487 3135 1537 3186 et
1565 3133 1779 3198 anima,
1807 3138 1862 3185 et
1897 3146 2019 3185 cor-

369 3239 472 3295 pus
492 3225 612 3279 sine
632 3223 854 3292 querela
873 3224 930 3275 in
955 3221 1190 3276 adventu
1214 3222 1442 3276 Domini
1480 3221 1658 3275 nostri
1700 3221 1828 3275 Jesu
1859 3218 2021 3274 Chri-

2128 656 2301 711 datus
2334 655 2522 710 nobis.
2555 655 2721 708 Tunc
2750 651 2908 706 enim
2939 648 3166 718 integer
3195 649 3304 713 est,
3333 644 3383 700 si
3434 644 3597 700 bonis
3652 643 3765 698 vitae

2128 744 2491 811 studeamus,
2527 741 2790 797 animam
2822 739 3109 794 habentes
3139 734 3449 800 mundam,
3471 737 3530 788 et
3570 747 3766 803 corpus

2128 831 2255 886 sine
2276 829 2605 902 querela,ut
2626 833 2782 883 totus
2806 826 2979 882 homo
3000 824 3076 880 sit
3092 821 3607 895 perfectus.Potest
3623 819 3767 874 enim

2128 936 2342 991 corpus
2399 918 2690 974 mundum
2749 930 2897 982 esse,
2957 918 3016 968 et
3075 911 3277 968 anima
3332 908 3629 982 inquinari
3679 923 3772 979 per

2132 1008 2357 1067 malum
2443 1006 2803 1079 cogitatum;
2877 1003 3125 1073 ideoque
3183 1004 3372 1055 totum
3429 999 3490 1053 in
3552 995 3770 1054 homine

2132 1096 2421 1152 mundum
2453 1095 2597 1150 dicit
2626 1110 2756 1150 esse
2797 1092 3030 1148 debere.
3065 1090 3126 1145 Si
3184 1093 3379 1145 autem
3438 1085 3593 1142 mala
3642 1085 3771 1153 vita,

2129 1185 2217 1242 vel
2265 1184 2540 1257 cogitatio
2599 1182 2939 1251 intercedat,
3000 1195 3116 1235 non
3172 1177 3285 1233 erit
3335 1177 3563 1248 integer
3613 1173 3772 1246 spiri-

2130 1279 2248 1343 tus,
2273 1274 2413 1346 quia
2442 1272 2661 1329 deserit
2680 1270 2982 1326 hominem
3005 1265 3260 1340 peccatis
3290 1263 3772 1321 obnoxium.Dum

2130 1364 2291 1419 enim
2313 1361 2588 1418 dissentit
2608 1360 2826 1426 anima,
2845 1362 2903 1414 et
2933 1353 3441 1429 corpus,quamvis
3460 1352 3590 1410 sine
3604 1367 3781 1409 sensu

2132 1454 2227 1523 sit,
2255 1451 2430 1507 alieni
2466 1452 2537 1506 ab
2568 1448 2672 1504 illo
2703 1448 3061 1514 efﬁciuntur,
3092 1450 3149 1501 et
3176 1443 3335 1501 velut
3391 1443 3641 1516 perdens
3684 1455 3775 1497 eos

2132 1558 2248 1597 non
2265 1539 2375 1596 erit
2394 1539 2620 1610 integer
2649 1537 2912 1610 spiritus.
2934 1536 3020 1591 Ad
3052 1534 3165 1590 hoc
3194 1532 3349 1589 enim
3384 1532 3562 1588 datur
3598 1528 3776 1586 homi-

2133 1629 2213 1699 ni,
2249 1632 2315 1683 ut
2344 1631 2597 1694 maneat,
2630 1629 2687 1681 et
2717 1625 2796 1680 sit
2818 1624 2988 1695 quasi
3012 1626 3191 1694 caput
3212 1622 3362 1691 ejus.
3394 1620 3625 1693 Integer
3650 1630 3776 1690 ergo

2132 1734 2248 1772 non
2275 1716 2405 1786 erit,
2439 1715 2578 1787 quia
2604 1713 2792 1784 perdit
2820 1712 3109 1779 membra,
3142 1712 3290 1767 dum
3320 1708 3542 1765 recedit
3595 1707 3666 1762 ab
3718 1722 3778 1762 eo

2131 1804 2330 1874 homo,
2366 1819 2434 1859 ea
2463 1819 2663 1874 agens,
2696 1817 2823 1873 quae
2853 1799 2977 1856 odit
3004 1797 3258 1871 Spiritus
3289 1801 3553 1854 sanctus.

2202 1892 2411 1949 Fidelis
2437 1895 2518 1947 est
2561 1891 2722 1959 Deus,
2780 1890 2882 1960 qui
2926 1889 3140 1944 vocavit
3190 1902 3303 1957 vos,
3356 1887 3455 1957 qui
3500 1892 3558 1941 et
3608 1884 3778 1954 faciet.

2130 1985 2369 2046 Fratres,
2402 1983 2554 2036 orate
2583 1994 2681 2051 pro
2708 1975 3151 2034 nobis.Fidele'm
3172 1975 3359 2031 Deum
3380 1973 3524 2029 dicit
3554 1972 3618 2028 in
3660 1986 3778 2043 pro-

2134 2070 2331 2126 missis
2357 2069 2505 2136 suis,
2529 2072 2597 2124 ut
2619 2067 2809 2123 securi
2832 2066 2906 2121 de
2928 2064 3166 2139 praemio
3187 2067 3342 2119 recte
3362 2065 3694 2118 versentur.
3725 2059 3778 2114 Et

2132 2159 2272 2230 quia
2294 2157 2396 2229 qui
2419 2161 2595 2226 recte,
2614 2156 2786 2227 juxta
2810 2152 3212 2226 Evangelium,
3242 2150 3468 2217 vivunt,
3499 2147 3675 2205 facile
3696 2164 3777 2220 po-

2131 2250 2331 2303 terunt
2359 2245 2672 2316 impetrare
2698 2260 2827 2316 quin
2859 2240 3189 2314 postulant;
3223 2240 3440 2295 idcirco
3469 2252 3641 2294 orare
3692 2251 3778 2292 eos

2132 2352 2236 2406 pro
2265 2351 2326 2391 se
2355 2333 2642 2389 hortatur.
2674 2331 2863 2387 Facile
2893 2331 3050 2387 enim
3082 2329 3253 2386 multi
3281 2329 3605 2400 impetrant
3634 2323 3777 2398 quod

2132 2423 2486 2479 desiderant.

2208 2513 2455 2568 Salutate
2480 2514 2683 2583 fratres
2728 2527 2915 2567 omnes
2967 2511 3032 2564 in
3086 2508 3267 2564 osculo
3321 2509 3531 2561 sancto.
3585 2506 3783 2560 Sancta

2135 2600 2341 2657 oscula
2360 2604 2501 2657 sunt
2526 2600 2583 2655 in
2610 2599 2961 2655 salutatione
2979 2596 3306 2653 Christiana
3328 2613 3341 2664 ;
3367 2599 3580 2651 caetera
3596 2608 3783 2649 carna-

2132 2690 2215 2745 lia
2243 2694 2406 2754 sunt,
2429 2689 2570 2760 quia
2600 2688 2888 2760 quidquid
2910 2688 3039 2743 sine
3058 2685 3288 2742 Christo
3311 2685 3398 2751 ﬁt,
3420 2682 3660 2740 carnale
3682 2684 3781 2749 est,

2133 2795 2199 2833 ac
2232 2794 2335 2849 per
2363 2777 2473 2832 hoc
2505 2776 2774 2833 mortale.
2806 2776 2914 2840 Qui
2946 2775 3104 2832 enim
3129 2777 3427 2830 auctorem
3468 2772 3603 2829 vitae
3657 2788 3782 2829 con-

2130 2866 2364 2933 temnit,
2398 2866 2456 2920 in
2489 2869 2676 2921 morte
2703 2870 2813 2921 est.

2205 2953 2410 3025 Adjuro
2437 2969 2533 3008 vos
2555 2969 2656 3024 per
2685 2955 3002 3023 Dominum,
3034 2957 3095 3009 ut
3124 2954 3341 3022 legatur
3384 2954 3632 3026 Epistola
3679 2953 3785 3010 hac

2132 3043 2392 3099 omnibus
2418 3044 2708 3112 fratribus.
2744 3042 3028 3116 Astringit
3052 3058 3154 3099 eos
3176 3047 3241 3098 ut
3275 3042 3511 3099 soliiciti
3550 3042 3670 3099 sint
3719 3040 3778 3096 ad

2130 3131 2728 3204 legendamEpistolas
2741 3130 3355 3202 cunctisfratribus,ut
3366 3132 3784 3204 cognoscantet

2136 3219 2364 3285 laudes,
2390 3224 2449 3275 et
2467 3220 2898 3277 admonitiones
2919 3236 3080 3292 suas,
3098 3236 3201 3293 per
3220 3236 3368 3292 quas
3385 3220 3534 3276 fiant
3557 3217 3781 3293 perfecti

372 3293 447 3367 sti
472 3314 733 3365 servetur.
768 3311 919 3365 Deus
947 3309 1109 3381 pacis
1132 3309 1395 3363 Christus
1425 3313 1531 3363 est.
1565 3308 1660 3363 Ait
1688 3308 1843 3363 enim
1871 3325 1884 3363 :
1916 3309 1999 3362 Pa
2056 3293 2099 3358 C
2210 3309 2398 3365 Gratia
2427 3309 2650 3364 Domini
2676 3310 2855 3364 nostri
2907 3310 3034 3365 Iesu
3092 3307 3297 3363 Christi
3340 3309 3640 3364 vobiscum.
3697 3305 3780 3362 Sic

372 3414 490 3454 cem
544 3413 723 3452 meam
777 3398 844 3452 do
900 3397 1067 3467 vobis,
1124 3412 1313 3467 pacem
1374 3413 1552 3453 meam
1590 3398 1848 3467 relinquo
1877 3396 2026 3452 vobis

374 3488 552 3554 (Joan.
575 3504 689 3555 xxv,
720 3486 833 3558 27).
859 3485 1081 3557 Quippe
1103 3502 1235 3541 cum
1259 3485 1612 3557 omnia,quze
1634 3485 1812 3540 habet
1832 3490 2024 3554 Pater,

374 3574 503 3630 Filii
534 3576 673 3643 sint,
707 3575 1073 3630 sanctificare
1103 3589 1210 3629 nos
1239 3578 1402 3645 optat
1437 3573 1773 3645 Apostolus,
1798 3579 1863 3629 ut
1920 3591 2027 3631 nos

375 3663 630 3719 illustrat
658 3663 871 3734 pietate
893 3662 1205 3718 clementia
1224 3678 1353 3728 sua,
1379 3665 1437 3716 et
1461 3678 1634 3717 omne
1662 3665 1863 3717 votum
1923 3678 2027 3718 no-

2134 3396 2265 3452 illos
2282 3396 2342 3451 in
2362 3396 2535 3452 bonis
2554 3396 2831 3469 operibus
2851 3396 2977 3452 vult
2996 3396 3295 3469 proﬁcere,
3325 3400 3391 3451 ut
3437 3397 3632 3469 gratia
3679 3394 3779 3450 Do-

2137 3484 2285 3541 mini
2315 3485 2503 3541 nostri
2521 3485 2662 3541 Jesu
2694 3484 2907 3542 Christi
2936 3485 3249 3541 maneatin
3271 3484 3356 3541 eis
3384 3484 3445 3540 in
3479 3492 3775 3542 aeternum.

2559 3663 2725 3731 Finit,
2761 3668 2868 3719 Deo
2897 3664 3131 3734 gratias.
3164 3664 3357 3719 Amen.

785 3963 1396 4058 EPISTULA
1467 3964 1556 4057 II
1627 3966 1793 4059 AD
1863 3965 3144 4063 THESSALONICENSES
3194 3967 3405 4060 “289).

448 4300 735 4365 Quoniam
767 4299 826 4355 in
854 4299 1046 4371 prima
1068 4298 1325 4371 Epistola
1356 4301 1426 4356 ad
1476 4300 2032 4361 Thessalonicenses
2060 4307 2108 4372 D
2209 4306 2433 4360 Gratias
2463 4320 2629 4376 agere
2656 4304 2915 4361 debemus
2939 4306 3043 4362 Deo
3071 4321 3289 4379 semper
3322 4308 3393 4364 de
3443 4307 3619 4372 vobis,
3675 4306 3782 4376 ρπ-

380 4393 538 4458 data,
574 4390 726 4444 inter
754 4393 961 4444 caetera
991 4388 1167 4444 etiam
1192 4390 1261 4443 de
1293 4390 1545 4444 adventu
1586 4391 1817 4446 Domini
1876 4409 2033 4464 quae-

378 4481 514 4535 dam
545 4478 799 4548 scripsit,
829 4481 888 4532 et
917 4478 987 4532 de
1020 4478 1437 4533 resurrectione
1467 4484 1806 4535 sanctorum
1832 4498 2024 4538 :nunc

380 4566 556 4623 aliam
577 4565 778 4620 scribit
794 4566 864 4620 ad
884 4582 1002 4633 eos,
1035 4567 1093 4621 in
1125 4582 1242 4638 qua
1271 4567 1583 4639 significat,
1603 4567 2019 4639 licetobscure,

378 4670 569 4726 neque
598 4653 753 4709 enim
781 4659 977 4724 posset
1007 4659 1201 4725 aperte
1248 4655 1520 4723 scribere,
1582 4658 1653 4712 de
1709 4657 2024 4714 abolitione

377 4742 539 4815 regni
574 4741 914 4807 Romani,et
945 4743 1013 4797 de
1044 4742 1389 4799 Antichristi
1419 4745 1842 4816 apparentia,et
1857 4747 2021 4802 dam—

378 4833 635 4895 natione,
665 4831 814 4886 etde
845 4831 1234 4901 quorumdam
1258 4832 1501 4887 fratrum
1523 4833 1947 4904 inquietudine.

449 4920 607 4989 (CAP.
644 4919 711 4989 Ι.)
743 4920 970 4983 Paulus,
1002 4923 1053 4973 et
1084 4919 1359 4991 Silvanus,
1392 4924 1444 4975 et
1476 4922 1777 4977 Timotheus
1831 4925 2022 4980 Eccle-

376 5009 472 5063 size
506 5009 1063 5064 Thessalonicensium
1093 5010 1153 5062 in
1181 5010 1284 5063 Deo
1341 5016 1505 5064 Patre
1554 5014 1755 5077 nostro,
1816 5022 1870 5066 et
1919 5014 2021 5068 Do-

378 5113 527 5151 mino
547 5098 671 5151 Jesu
704 5096 938 5152 Christo.
974 5097 1159 5151 Gratia
1198 5098 1350 5152 vobis
1374 5107 1423 5153 et
1450 5115 1565 5168 pars
1607 5116 1640 5152 a
1699 5100 1803 5153 Deo
1856 5105 2025 5157 Patre

378 5186 576 5251 nostro,
609 5186 661 5237 et
688 5186 915 5239 Domino
957 5186 1084 5240 Jcsu
1115 5185 1346 5241 Christo.
1404 5185 1777 5242 Solemnibus
1830 5190 2023 5246 verbis

378 5270 584 5325 scribit
614 5273 684 5324 ad
714 5288 833 5326 eos.
858 5272 1036 5327 Solito
1059 5274 1213 5327 enim
1238 5290 1396 5329 more
1450 5290 1789 5330 sermonum
1849 5282 2025 5349 caput

379 5357 709 5412 continetur
738 5359 1042 5428 Epistolm:
1076 5366 1133 5415 et
1163 5362 1316 5417 idem
1343 5362 1455 5433 ipsi
1486 5367 1603 5418 tres
1660 5369 1817 5431 sunt,
1880 5383 2022 5438 quo-

379 5459 510 5499 rum
534 5444 767 5500 nomine
783 5446 1075 5515 scribitur,
1108 5448 1258 5505 sicut
1288 5455 1345 5506 et
1373 5452 1564 5523 prima
1592 5453 1870 5525 Epistola.

452 5601 634 5684 $1289)
656 5601 837 5687 ‘ng‘us
858 5612 1291 5687 argumentum,
1316 5615 1372 5664 et
1389 5612 1677 5687 expositio
1713 5630 1895 5687 aeque,
1954 5630 2022 5687 ac

379 5673 581 5751 primae
603 5673 672 5733 ad
702 5673 1249 5738 Thessalonicenses
1270 5673 1526 5741 eosdem.
1550 5682 1664 5741 divi
1700 5673 2021 5758 Ambrosii,

2143 4398 2273 4462 tres,
2302 4396 2444 4449 sicut
2464 4393 2695 4463 dignum
2713 4403 2815 4462 est,
2864 4404 3124 4467 quoniam
3178 4398 3613 4467 superexcrescit
3664 4391 3784 4463 ﬁdes

2131 4485 2388 4553 vestra,et
2400 4483 2812 4554 multiplicatur
2830 4483 3075 4539 charitas
3090 4485 3531 4556 uniuscujusque
3548 4482 3785 4539 omnium

2131 4578 2372 4626 vestrum
2397 4573 2456 4626 in
2487 4587 2580 4627 vos
2610 4572 2865 4627 invicem.
2890 4575 3005 4628 Deo
3022 4587 3084 4629 se
3103 4573 3395 4629 debitores
3451 4573 3525 4629 de
3580 4571 3781 4626 horum

2132 4660 2391 4730 profectu
2413 4660 2737 4732 gratiarum
2760 4660 2986 4717 actione
3023 4661 3393 4733 profitentur.
3425 4661 3499 4717 Et
3558 4663 3625 4716 ut
3680 4670 3784 4711 non

2133 4747 2544 4821 qualecunque
2573 4764 2704 4804 esse
2733 4749 2999 4805 debitum
3030 4750 3534 4815 ostenderet,sicut
3564 4748 3786 4818 dignum

2128 4844 2225 4905 est,
2258 4836 2372 4892 ait:
2404 4836 2477 4892 Ut
2525 4853 2625 4908 pro
2682 4841 2804 4894 tam
2836 4838 3066 4893 inﬁnito
3121 4838 3276 4894 dono
3331 4837 3476 4894 satis
3536 4832 3781 4910 grandes

2131 4925 2351 4997 gratias
2381 4924 2711 4981 referendas
2741 4931 2849 4982 Deo
2879 4930 3256 4983 testarentur.
3306 4926 3443 4982 Post
3495 4925 3783 4995 acceptam

2132 5013 2289 5068 enim
2321 5014 2572 5085 primam
2596 5013 2938 5085 Epistolam,
2963 5014 3233 5083 meliores
3263 5031 3413 5081 esse,
3455 5027 3636 5087 quam
3673 5009 3785 5065 fue-

2134 5106 2284 5169 rant,
2313 5102 2733 5174 perstiterunt;
2757 5102 2840 5158 ita
2870 5108 2935 5159 ut
2964 5104 3023 5158 in
3057 5120 3123 5158 eo
3155 5104 3375 5176 copiosi
3404 5108 3461 5160 et
3491 5099 3785 5158 abundan-

2133 5195 2218 5245 tes
2251 5191 2605 5259 viderentur,
2640 5192 2793 5262 quod
2823 5197 2958 5264 post
2988 5192 3218 5247 Domini
3270 5197 3327 5247 et
3385 5191 3484 5247 Dei
3543 5184 3787 5245 devotio-

2133 5296 2267 5335 nem
2298 5278 2587 5335 habemus
2617 5280 2983 5347 mandatum,
3032 5284 3096 5335 ut
3152 5280 3472 5353 diligamus
3532 5294 3639 5334 nos
3703 5273 3784 5327 in-

2131 5385 2341 5423 v1cem.

2202 5458 2283 5511 Ita
2302 5464 2363 5512 ut
2381 5473 2480 5513 nos
2500 5458 2610 5529 ipsi
2638 5459 2699 5512 in
2718 5473 2808 5514 vos
2826 5458 3130 5528 gloriemur
3150 5459 3212 5513 in
3231 5457 3489 5513 Ecclesiis
3540 5454 3645 5509 Dei
3693 5460 3787 5523 pro

2133 5629 2234 5696 seu
2258 5614 2464 5696 tmarii
2481 5616 2711 5696 diaco_n_i
2733 5624 2841 5696 est.
2865 5616 3127 5696 Titulnm
3146 5615 3473 5696 autem,qui
3497 5612 3783 5673 desidera-

2130 5690 2229 5743 tur
2257 5687 2316 5742 in
2337 5687 2557 5754 codice,
2584 5689 2925 5746 addendum
2948 5687 3376 5761 judicavimus.
