3898 6400
109 499 221 564 657
469 571 473 575 ,
542 506 969 573 EXPOSITIO
1015 511 1090 572 IN
1137 511 1573 577 EPISTOLAS
1620 517 1881 581 PAULI.
1926 554 2003 566 —
2046 523 2125 584 IN
2174 526 2423 590 EPIST.
2472 531 2523 592 Il
2566 535 2672 594 AD
2717 535 3085 600 THESSAL.
3412 544 3531 607 658

389 641 590 704 υωινα,
620 643 677 742 εξ
724 640 833 710 ﬁde
857 642 921 696 in
1278 649 1749 748 persecutionibus
1776 660 1833 725 Α
1861 653 1962 709 stri
1979 656 2108 711 Jesu
2137 657 2366 716 Christi.
2407 661 2633 719 Gaudio
2684 666 2847 722 addit
2878 672 2935 724 et
2987 687 3210 742 preces,
3270 678 3335 729 ut
3389 680 3530 748 quia

106 727 305 836 vetitis,
335 730 845 836 etpressluris,quas
870 734 1154 789 sustinetis
1183 736 1246 790 in
1272 738 1593 808 exemplum
1613 739 1759 805 iusti
1869 742 2062 799 devoti
2096 752 2255 816 sunt,
2282 750 2555 822 dignetur
2592 754 2745 810 Deus
2776 727 3054 827 adjuvare
3087 727 3210 831 eos,

98 814 290 888 judicii
314 817 433 882 Dei,
465 820 528 872 in
546 817 666 911 hoc,
698 822 763 911 ut
789 822 949 892 digni
976 822 1301 879 habeamini
1327 841 1498 896 regno
1528 828 1757 898 Dei,pro
1867 832 2022 888 ciant
2050 852 2199 905 opus
2242 814 2512 909 coeptum
2562 843 2631 897 ad
2678 814 3006 902 claritatem
3034 814 3303 906 Domini

105 913 265 977 quoet
285 907 567 976 patimini.
600 907 861 965 Gloriam
893 927 1023 967 esse
1054 928 1227 968 suam
1272 912 1333 969 in
1367 913 1579 971 horum
1613 932 1754 971 con-
1864 919 2004 975 Jesu
2034 923 2275 992 Christi,
2311 907 2375 981 ut
2406 934 2799 999 perseveranti
2852 936 3281 1009 discipulorum

105 995 436 1061 versatione,
468 1000 526 1051 et
574 997 983 1067 persecutione
1007 1000 1314 1057 toleranda
1342 1007 1659 1070 testantur,
1692 1005 1753 1061 in
1865 1010 2131 1067 monium
2164 1014 2242 1069 sit
2264 995 2531 1087 magistri
2562 1021 2634 1074 ad
2664 1020 2933 1092 gloriam.
2967 995 3301 1085 Auctoritas
3358 1032 3515 1087 enim

103 1086 341 1150 tantum,
370 1087 437 1138 ut
466 1086 624 1156 apud
654 1090 897 1142 caeteras
929 1087 1217 1145 Ecclesiae
1249 1092 1517 1163 exempla
1547 1109 1751 1150 eorum
1865 1096 2130 1170 magistri
2162 1102 2222 1157 in
2245 1086 2695 1177 discipulorum”
2711 1117 2801 1166 est
2820 1113 3198 1183 ﬁducia,cum
3232 1136 3293 1174 se
3325 1120 3383 1175 in
3417 1138 3518 1176 ac-

105 1171 479 1244 prol'erautur,
512 1178 578 1229 ut
608 1173 937 1231 imitatione
968 1177 1232 1248 ipsorum
1255 1185 1522 1236 crescant
1564 1182 1622 1236 in
1660 1183 1752 1239 de-
1863 1193 2033 1258 cepta
2060 1192 2249 1261 gratia
2277 1171 2499 1249 faciunt
2521 1196 2836 1268 digniores.

102 1260 317 1316 votione
345 1260 695 1333 passionum
730 1279 834 1335 pro
863 1265 1117 1333 Christo,
1157 1278 1213 1322 et
1244 1273 1582 1324 mereantur
1610 1286 1751 1325 con-
1934 1260 2092 1348 (CAP.
2129 1281 2149 1333 Ι
2158 1281 2500 1352 I.)Rogamus
2526 1260 2711 1343 autem
2739 1307 2849 1357 vos,
2882 1295 3111 1363 fratres,
3167 1313 3269 1368 per
3316 1299 3518 1355 adven-

104 1350 254 1421 sequi
283 1366 413 1423 quae
445 1352 743 1423 promissa
769 1361 910 1409 sunt
930 1355 1151 1411 sanctis
1181 1356 1241 1412 in
1260 1356 1353 1413 die
1376 1359 1525 1428 justi
1535 1359 1750 1429 judioii
1860 1370 1977 1421 tum
2006 1370 2231 1424 Domini
2258 1350 2443 1428 nostri
2465 1378 2593 1431 Jesu
2626 1350 2847 1443 Christi,
2878 1350 2928 1436 et
2954 1350 3191 1443 nostr:le

102 1438 386 1511 Dci,cujus
409 1455 613 1496 amore
635 1443 927 1498 mundum
949 1459 1223 1515 spernere
1242 1463 1359 1501 non
1379 1448 1641 1503 dubitare

102 1527 223 1547 ιη--
370 1546 395 1547 η
434 1546 457 1547 ,,
518 1546 523 1547 ,
950 1532 966 1547 ι
1150 1534 1281 1547 ...

2836 1438 2844 1443 υ
3000 1438 3005 1439 ν
3079 1438 3147 1443 νη
3215 1438 3483 1460 ’“’“σ”ἰτ”

1980 1459 2026 1511 is
2054 1460 2115 1513 in
2148 1461 2348 1530 ipsum,
2381 1479 2452 1518 ne
2478 1466 2654 1534 facile
2680 1474 3016 1527 moveamini
3061 1492 3097 1529 a
3123 1491 3288 1531 sensu
3314 1487 3513 1547 vestro,

101 1527 230 1598 Ipsae
249 1530 724 1638 enimLpressurse
740 1532 1009 1605 exempla
1027 1540 1169 1590 sunt
1201 1534 1534 1638 futurorum
1569 1539 1743 1638 [ηεξ-ἰ·
1858 1561 2034 1616 neque
2063 1551 2493 1620 conturbemini,
2523 1570 2701 1626 neque
2726 1574 2828 1628 per
2854 1561 3137 1633 spiritum,
3191 1581 3366 1637 neque
3412 1527 3517 1638 per:

99 1621 274 1672 torum
304 1616 362 1673 in
394 1616 491 1719 his
522 1618 627 1691 qui
690 1621 1003 1691 patiuntur
1057 1622 1473 1720 adngloriam;
1506 1624 1568 1680 in
1624 1625 1744 1682 illis
1854 1636 2096 1704 verbum,
2130 1654 2306 1709 neque
2330 1657 2430 1711 per
2458 1616 2783 1714 Episiolam,
2814 1616 3166 1720 tanquamia

97 1709 297 1775 autem,
329 1706 431 1779 qni
461 1714 883 1781 persequutur,
916 1712 989 1768 ad
1020 1712 1430 1783 perditionem.

1971 1765 1991 1790 »,
2022 1729 2184 1796 quasi
2233 1732 2398 1786 instet
2427 1732 2549 1787 dies
2580 1735 2820 1791 Domini.
2853 1740 2931 1793 Ne
2975 1742 3097 1810 quis
3154 1759 3246 1798 vos
3283 1744 3510 1801 seducet

157 1794 431 1867 Siquidem
460 1797 654 1870 (1290)
661 1798 883 1870 justum
908 1801 1064 1873 apud
1093 1802 1266 1857 Deum
1293 1805 1615 1860 retribuere
1639 1806 1696 1860 ei

1994 1817 2191 1884 modo;
2222 1820 2375 1888 quia,
2430 1822 2543 1875 nisi
2598 1827 2810 1880 venerit
2847 1826 3077 1897 defectio
3121 1833 3393 1901 primum,
3457 1840 3510 1889 et

94 1883 181 1953 qui
205 1898 293 1939 vos
318 1884 667 1956 deprimunt,
697 1902 1029 1953 pressuram
1055 1906 1080 1952 ;
1107 1892 1159 1944 et
1176 1890 1349 1955 vobis,
1395 1891 1495 1962 qui
1515 1906 1633 1962 pres

1967 1903 2122 1959 riotus
2141 1883 2315 1975 fuerit
2358 1883 2515 1964 homo
2536 1910 2640 1965 ille
2663 1883 2922 1983 peccati:
2951 1917 3102 1973 filius
3121 1883 3136 1900 ι

93 1974 526 2089 νατκξιξειίποξίδ,
560 1977 807 2089 requiem
834 1976 1120 2089 nobiscum
1255 1979 1582 2082 reuelatione
1625 1981 1735 2083 .Do-
1766 2024 1815 2089 B
1844 1994 1942 2063 qui
1968 1974 2297 2050 adversatur
2324 2000 2376 2052 et
2398 1974 2686 2055 extollitur
2711 1974 2891 2074 superi
2904 2020 3083 2074 omne,

93 2060 223 2165 mini
245 2065 399 2165 Iesu.
417 2062 485 2119 de
514 2064 652 2120 caelo
679 2080 806 2165 cum
851 2066 1075 2165 angelis
1101 2067 1334 2165 virtutis
1360 2069 1480 2139 ejus
1524 2070 1587 2124 in
1616 2070 1740 2139 igne
1766 2060 1815 2089 ”
1849 2060 2007 2148 Deus,
2039 2090 2136 2138 aut
2165 2086 2316 2155 quod
2370 2087 2589 2157 colitur,
2621 2092 2699 2144 ita
2721 2060 2791 2145 ui
2814 2092 2874 2146 in
2929 2060 3139 2165 templo]

94 2149 310 2218 [tam
362 2151 561 2208 dantis
603 2154 906 2209 vindictam
933 2156 995 2210 in
1023 2170 1131 2222 eos,
1180 2158 1280 2226 qui
1329 2172 1441 2213 non
1469 2167 1740 2215 noverunt
1847 2171 2130 2227 ostendens
2148 2189 2210 2227 se
2234 2175 2439 2244 ipsum,
2465 2179 2626 2247 quasi
2651 2179 2726 2232 sit
2768 2181 2905 2235 Deus
2962 2149 3240 2239 Obsecrat
3296 2203 3395 2242 eos
3427 2203 3500 2242 ne

95 2238 266 2311 θθυτη,
299 2241 438 2323 θείη
465 2257 562 2339 ξοδ
589 2244 687 2339 qui
712 2260 825 2299 ηοη
854 2244 1115 2300 Medium
1167 2247 1468 2339 Evangéliq
1518 2248 1741 2339 θωπίπὶ
1848 2256 2049 2314 leviter
2077 2265 2134 2316 et
2164 2238 2333 2317 facile
2361 2238 2433 2318 dc
2471 2238 2740 2321 .adventu
2773 2269 2942 2339 quasi
2998 2238 3498 2331 imminent—i—

94 2330 256 2383 ποπνὶ
280 2330 408 2386 Iesu
438 2330 654 2387 Christi
684 2347 698 2387 :
730 2335 830 2403 qui
863 2348 1059 2403 poenas
1114 2335 1327 2390 εοίυθηῑ
1354 2337 1411 2390 in
1445 2337 1738 2391 interitum
1849 2347 1993 2402 mini
2026 2349 2362 2421 opinionem
2395 2355 2724 2425 reciperent
2754 2330 2859 2411 :.et
2888 2358 3030 2414 talia
3059 2361 3159 2416 dat
3194 2364 3497 2431 mandata,

92 2424 334 2516 atomum
358 2436 392 2475 α
417 2420 569 2521 fafz'e
599 2421 829 2521 Domini
954 2422 1135 2521 ᾳζίξζίιξ
1162 2425 1388 2478 virtut”
1416 2425 1565 2521 θίξιςςο.
1604 2426 1740 2521 Ωξιο·
1848 2440 1913 2490 ut
1942 2420 2170 2494 etiamsi
2196 2455 2300 2509 per
2327 2420 2599 2509 spiritum
2616 2443 2831 2515 aliquis
2852 2446 3009 2501 velut
3030 2450 3315 2521 propheta
3328 2420 3504 2508 fuerit

94 2504 234 2561 niam
262 2508 604 2581 exemplum
624 2508 1000 2581 justijudicii
1022 2510 1125 2567 Dei
1144 2528 1425 2584 apparere
1453 2512 1596 2569 dicit
1616 2514 1737 2608 sive
1845 2522 2093 2592 locutus,
2129 2504 2285 2582 credi
2317 2504 2374 2582 ei
2400 2544 2517 2583 non
2550 2504 2756 2586 debeat
2785 2550 2798 2600 ;
2834 2504 3100 2605 neque‘si
3130 2504 3234 2608 per

91 2593 145 2650 in
171 2596 369 2668 bonos,
402 2598 561 2655 sivet
592 2598 651 2654 in
683 2598 890 2670 malos,
921 2599 1140 2657 idcirco
1201 2601 1560 2659 subsecutus
1617 2603 1733 2659 ait:
1846 2617 1997 2681 tum,
2025 2619 2128 2669 aut
2158 2630 2261 2686 per
2290 2616 2602 2687 epistolam
2636 2620 2874 2677 nomine
2906 2624 3050 2679 forte
3094 2593 3499 2697 apostolorum

92 2682 367 2755 Siquidem
389 2687 638 2758 justum
661 2689 814 2761 apud
848 2693 1055 2757 Deum,
1091 2694 1156 2745 ut
1187 2691 1392 2746 reddat
1417 2692 1631 2746 unicuil

1969 2682 2475 2773 ptam,assensum
2506 2682 3297 2770 tribuendum.Solentenim

92 2775 391 2832 secundum
415 2792 601 2849 opera
631 2794 757 2834 sua.
811 2778 962 2843 Quid
992 2782 1115 2835 tam
1155 2780 1413 2850 justum,
1444 2786 1512 2836 ut
1541 2781 1643 2852 qui
1673 2782 1735 2837 in
1842 2797 2263 2861 versatores,ut
2289 2792 2514 2861 fallant,
2549 2796 2663 2850 sub
2692 2797 2931 2854 nomine
2964 2799 3105 2855 clari
3129 2775 3500 2875 alicujusv‘i’ri

92 2863 283 2920 seaculo
308 2866 498 2922 bonos
523 2864 888 2936 deprimunt,
922 2871 980 2923 et
1003 2875 1261 2924 extorres
1292 2868 1516 2925 faciunt
1538 2886 1732 2941 perse-
1844 2878 2153 2952 epistolam
2214 2881 2455 2953 ﬁngere.
2519 2887 2582 2938 ut
2639 2886 2958 2942 auctoritas
3006 2863 3503 2963 nominisvpossit

94 2952 431 3025 sationibus,
464 2954 531 3010 in
564 2955 761 3011 futuro
829 2957 1030 3013 cadem
1084 2957 1407 3029 patiantur,
1466 2976 1593 3030 quas
1642 2961 1731 3015 fa-
1842 2970 2278 3037 commendare,
2312 2952 2468 3041 quod
2496 2988 2599 3042 per
2648 2973 2846 3044 ipsum
2907 2976 3082 3047 recipi
3132 2994 3248 3033 non
3288 2952 3493 3051 possit.

95 3039 273 3110 οδω)ῑῖ
301 3043 388 3099 illi
411 3050 641 3112 autem:
675 3049 743 3100 ut
770 3046 891 3101 Sint
938 3047 999 3101 in
1057 3046 1262 3118 PGQUiG
1316 3064 1451 3102 cum
1509 3048 1734 3103 emeris
1842 3058 1961 3113 Hoc
1990 3058 2142 3125 ideo,
2165 3075 2238 3114 ne
2258 3060 2390 3130 ipsa
2412 3061 2868 3132 perturbatione,
2903 3063 3044 3119 dum
3077 3065 3297 3121 incauti
3327 3068 3493 3124 inve-

67 3132 425 3207 rsanctis,qui
449 3135 1150 3208 demagnatribuletione
1168 3136 1468 3192 venientes
1487 3153 1732 3207 regnum
1841 3148 2130 3213 nirentnr,
2158 3148 2386 3218 possint
2426 3148 2628 3203 seduci
2668 3150 2738 3204 ad
2772 3150 3138 3208 adorandum
3188 3154 3491 3213 diabolum

93 3222 356 3294 accipient
385 3228 680 3281 aeternum
704 3224 764 3280 in
796 3226 1047 3282 adventu
1082 3226 1312 3280 Domini
1335 3227 1406 3282 de
1426 3226 1731 3295 cm10,cum
1846 3236 1947 3308 qui
1980 3235 2163 3291 idciro
2195 3236 2599 3307 haecjactabit,
2634 3243 2699 3293 ut
2738 3240 2850 3294 sub
2901 3240 3219 3299 Salvatoris
3257 3245 3497 3302 nomine

91 3312 305 3382 ceperit
343 3314 557 3370 venire
585 3329 723 3369 cum
783 3314 999 3370 caelesti
1049 3315 1301 3371 exercitu
1350 3320 1408 3370 et
1460 3314 1729 3371 ministro
1771 3394 1805 3404 κ
1843 3340 2135 3395 apparens
2162 3340 2228 3379 ac
2261 3323 2451 3381 {alens
2482 3332 2737 3393 sanctos,
2768 3327 2909 3384 velit
2937 3345 3000 3385 se
3029 3332 3281 3404 adorari,
3310 3338 3376 3388 ιιι
3394 3335 3494 3390 de-

90 3397 211 3471 igne
232 3404 300 3458 ad
332 3405 600 3461 dandam
628 3404 947 3459 vindictam
968 3405 1030 3459 in
1048 3403 1438 3478 paganos,qui
1458 3404 1733 3476 ignorant
1762 3394 1805 3461 (ἶ
1845 3394 2025 3484 cipiat
2055 3414 2358 3469 credentes
2388 3414 2447 3467 in
2479 3414 2797 3471 Christum.
2842 3417 2955 3472 Sed
3002 3423 3059 3473 et
3118 3394 3332 3491 locum,
3393 3428 3497 3478 aut

92 3486 256 3547 Deum
277 3492 514 3550 Patrem
545 3509 676 3549 esse
705 3492 919 3549 Christi
948 3497 1112 3562 Jesu,
1144 3498 1203 3549 et
1220 3494 1477 3564 Judaeos,
1510 3493 1610 3565 qui
1644 3494 1732 3549 di-
1844 3501 2212 3557 occasionem
2264 3502 2527 3573 fallendi,
2563 3520 2741 3575 quam
2776 3521 2839 3560 se
2870 3510 3041 3577 putat
3086 3486 3329 3564 habere;
3372 3527 3489 3566 non

89 3585 263 3637 centes
293 3599 354 3639 se
384 3588 580 3639 Deum
613 3581 783 3650 scire,
822 3598 934 3638 non
967 3583 1215 3638 credunt
1234 3581 1545 3653 Evangelio
1576 3582 1734 3638 Chri-
1842 3588 2056 3644 habeat
2078 3589 2635 3661 impudentissimus
2666 3593 2937 3663 Satanas,
2980 3601 3217 3667 tempus
3239 3601 3296 3651 et
3324 3596 3495 3669 signa

88 3668 173 3735 sti,
203 3672 348 3743 quod
381 3672 557 3728 dedit
593 3669 679 3727 illi
712 3670 880 3727 Pater
912 3672 1084 3738 Deus,
1117 3676 1183 3726 ut
1235 3672 1492 3727 traderet
1548 3672 1733 3728 servis
1841 3679 2131 3734 adventus
2165 3679 2394 3734 Domini
2416 3680 2745 3752 designavit
2772 3699 2785 3749 ;
2812 3682 2948 3753 quia
2970 3700 3085 3739 non
3108 3684 3272 3755 prius
3302 3686 3496 3742 veniet

89 3758 238 3815 suis?
263 3760 415 3825 Quos
446 3776 661 3818 omnes
694 3761 1005 3832 praesentia
1027 3760 1282 3827 Domini,
1307 3765 1366 3816 et
1395 3760 1581 3833 gloria
1601 3778 1729 3817 ma-
1844 3769 2127 3823 Dominus
2159 3784 2337 3840 quam
2372 3769 2535 3840 regni
2569 3770 2814 3825 Romani
2847 3772 3090 3828 defectio
3108 3774 3293 3839 ﬁat,et
3313 3791 3495 3847 appa-

83 3844 288 3915 jestatis
316 3850 447 3922 ejus
476 3849 643 3923 ignis
672 3854 895 3915 exuret,
915 3853 981 3904 ut
999 3848 1229 3905 debitas
1247 3850 1495 3905 reddant
1527 3867 1731 3922 poenas
1841 3861 1968 3912 reat
1987 3857 2515 3929 Antichristus,qui
2537 3858 2848 3915 interﬁeiet
2870 3866 3123 3927 sanctos,
3150 3844 3493 3919 redditallo-

88 3932 335 3996 interitus
367 3942 431 3996 in
452 3944 773 4004 aeternum,
808 3953 1045 4010 semper
1088 3937 1425 4005 sentientes,
1486 3956 1602 3995 non
1641 3944 1730 3996 ta-
1841 3946 2034 4002 manis
2067 3946 2358 4015 libertate,
2413 3948 2524 4001 sub
2579 3965 2684 4003 suo
2736 3953 2931 4005 tamen
2993 3952 3247 4007 nomine.
3282 3952 3485 4009 Sciens

93 4039 206 4080 men
228 4028 466 4100 penitus
528 4026 889 4096 deﬁcientes,
924 4032 989 4082 ut
1016 4026 1147 4098 ipsa
1175 4043 1348 4098 pcena
1402 4026 1533 4082 illos
1586 4044 1729 4099 quo-
1840 4034 1997 4090 enim
2019 4039 2328 4089 venturum
2368 4035 2676 4090 Dominum
2710 4037 2783 4090 ad
2835 4053 2895 4091 se
2954 4039 3488 4109 comprimendum,

91 4112 377 4174 dummodo
396 4119 650 4191 generet
672 4131 927 4188 semper,
951 4131 1068 4187 quo
1100 4120 1547 4171 consumantur.
1840 4138 2054 4177 nomen
2079 4124 2206 4193 ejus
2228 4123 2340 4177 sibi
2370 4140 2479 4177 usu
2491 4125 2773 4194 rpabit,ut
2789 4130 2847 4180 et
2867 4141 3107 4197 regnum
3130 4127 3258 4198 ejus
3287 4144 3492 4183 verum

149 4202 271 4260 Cum
284 4208 498 4263 venerit
515 4204 829 4275 elariﬁcari
840 4207 902 4260 in
923 4205 1131 4261 sanctis
1148 4208 1345 4273 suis,ct
1361 4206 1659 4275 miriﬁcari
1668 4207 1725 4261 in
1835 4211 2188 4277 videatur,et
2212 4211 2618 4267 trahatsecum
2643 4212 2745 4284 qui
2776 4213 2953 4269 simul
2976 4231 3109 4270 cum
3136 4232 3202 4271 eo
3225 4222 3489 4288 pereant,

88 4294 331 4361 mibus,
360 4298 462 4368 qui
490 4294 869 4363 crediderunt,
899 4296 1031 4366 quia
1061 4294 1227 4363 ﬁdem
1259 4294 1451 4349 habuit
1482 4297 1727 4349 tcstimo-
1837 4305 1903 4354 ut
1931 4299 1991 4354 in
2025 4302 2161 4355 sede
2186 4299 2504 4365 Domini,in
2532 4301 2668 4355 sede
2690 4303 2892 4357 sedeat
2921 4302 3133 4359 Christi
3167 4309 3265 4371 ;ut
3294 4305 3492 4376 ipsum

91 4383 239 4437 nium
257 4393 514 4441 nostrum
545 4399 710 4455 super
735 4399 832 4440 vos
854 4385 912 4437 in
939 4383 1032 4439 die
1060 4384 1164 4439 illa
1187 4383 1457 4438 adventus
1489 4385 1725 4439 Domini.
1837 4392 2018 4442 Deum
2054 4405 2116 4443 se
2147 4394 2391 4456 asserat,
2427 4406 2543 4443 non
2569 4389 2778 4444 Filium
2809 4391 2924 4445 Dei.
2960 4391 3197 4446 Undein
3229 4393 3493 4465 Evange-

90 4467 367 4543 Duplicem
394 4488 648 4530 sensum
671 4472 858 4545 (1291)
907 4471 1189 4528 continet.
1241 4472 1522 4528 Adveniet
1569 4474 1723 4528 enim
1836 4476 1915 4532 lio
1946 4476 2017 4531 ad
2037 4477 2270 4531 Judeeos
2295 4477 2580 4532 Dominus
2605 4478 2704 4531 ait:
2739 4481 2855 4549 ligo
2878 4481 3007 4534 veni
3046 4481 3106 4534 in
3136 4482 3358 4536 nomine
3374 4488 3489 4537 Pa-

88 4560 271 4628 punire
301 4563 519 4629 malos,
546 4566 605 4616 et
623 4561 952 4635 gloriﬁcare
971 4561 1176 4617 bonos.
1202 4560 1330 4633 Ipse
1352 4562 1508 4616 enim
1533 4561 1727 4619 clarus
1837 4565 1941 4618 tris
1967 4564 2099 4629 mei,
2132 4570 2183 4618 et
2211 4579 2321 4618 non
2352 4579 2438 4617 me
2465 4566 2741 4636 recepistis
2774 4584 2786 4621 :
2811 4571 2862 4621 et
2890 4567 3035 4622 alius
3066 4572 3277 4624 venerit
3306 4571 3367 4624 in
3387 4586 3492 4627 no-

90 4652 138 4701 et
160 4650 440 4708 mirabilis
468 4650 778 4707 videbitur
806 4650 864 4705 in
899 4665 1019 4721 eos,
1053 4649 1153 4720 qui
1184 4650 1435 4705 credunt
1461 4651 1727 4724 exemplo
1835 4655 1985 4708 mine
2006 4667 2124 4720 suo,
2145 4652 2303 4706 illum
2336 4654 2615 4723 recipietis
2647 4654 2824 4725 (Joan.
2857 4673 2911 4723 v,
2956 4658 3066 4725 45).
3100 4658 3492 4722 Quamobrem

90 4740 141 4790 et
161 4738 285 4795 ﬁdei
316 4739 749 4813 apostolorum,
782 4755 918 4796 cum
942 4738 1158 4795 fuerint
1177 4739 1727 4806 coronati,testimo-
1759 4758 1804 4824 Ι)
1835 4755 1904 4795 ex
1934 4737 2399 4804 circumcisione,
2449 4744 2549 4794 aut
2587 4741 3002 4798 circumcisum
3061 4744 3255 4799 venire
3301 4744 3490 4813 illum,

89 4825 229 4883 nium
253 4830 546 4887 reddente
575 4829 663 4886 eis
691 4827 1001 4900 Evangelio
1024 4829 1082 4882 in
1104 4829 1197 4885 die
1211 4828 1462 4884 Domini.
1482 4830 1728 4885 Severus
1840 4827 2199 4899 sperandum
2223 4832 2333 4895 est,
2358 4834 2423 4882 ut
2444 4828 2521 4883 sit
2562 4830 2782 4887 Judmis
2820 4832 3076 4887 credenti
3119 4832 3205 4887 illi
3254 4834 3488 4889 fiducia.

90 4921 261 4974 autem
291 4917 609 4992 apparebit
638 4919 698 4973 in
729 4917 1083 4986 incredulos,
1118 4934 1252 4972 cum
1282 4917 1511 4972 aeternis
1542 4919 1729 4990 poenis
1842 4919 2039 4987 Itaque
2071 4934 2202 4970 cum
2238 4917 2865 4975 'l‘hessalonicensibus
2901 4920 3105 4975 scribit
3152 4921 3488 4993 Apostolus,

90 5006 343 5078 ceperint
372 5006 686 5065 coarctari.
717 5007 943 5063 Corona
973 5007 1130 5063 enim
1148 5005 1573 5079 discipulorum
1606 5024 1728 5063 ma-
1839 5007 2008 5062 docet
2036 5023 2241 5061 omnes
2272 5007 2330 5061 in
2364 5025 2423 5062 re
2445 5007 2854 5078 hujuscemodi
2881 5015 3084 5064 cautos
3099 5026 3228 5065 esse
3258 5011 3488 5066 debere.

90 5091 236 5161 gistri
256 5101 349 5153 est
376 5096 589 5172 gloria,
617 5100 675 5151 et
721 5095 937 5151 veritas
965 5096 1097 5167 ejus
1152 5094 1592 5151 incredulorum
1641 5101 1730 5153 est
1909 5096 2027 5151 Non
2055 5098 2393 5152 meministis
2422 5097 2563 5168 quod
2590 5113 2678 5153 me
2730 5097 2909 5153 adhuc
2957 5097 3103 5170 apud
3156 5115 3245 5154 vos
3281 5100 3495 5168 agenda

88 5194 253 5252 pcena,
281 5185 426 5258 quia
454 5185 616 5257 quod
649 5183 1101 5256 praedicabatur,
1156 5201 1275 5240 non
1331 5184 1725 5240 crediderunt.
1837 5186 1957 5242 haec
1987 5183 2315 5241 dicebantur
2340 5187 2529 5241 vobis?
2557 5186 2619 5240 Et
2646 5202 2796 5241 nunc
2841 5186 2972 5257 quid
3025 5188 3287 5260 detineat,
3318 5191 3491 5256 scitis,

144 5271 197 5324 In
223 5290 324 5343 quo
352 5283 407 5331 et
449 5288 681 5330 oramus
722 5288 938 5345 semper
982 5288 1087 5344 pro
1119 5272 1288 5344 vobis,
1309 5282 1371 5329 ut
1391 5290 1483 5330 vos
1538 5274 1729 5345 dignos
1837 5275 1911 5330 ad
1936 5274 2056 5342 hoc,
2085 5278 2146 5329 ut
2175 5276 2447 5331 reveletur
2477 5276 2574 5330 ille
2597 5278 2655 5330 in
2687 5291 2784 5331 suo
2842 5285 3099 5348 tempore.
3141 5279 3256 5333 lloc
3288 5296 3492 5350 super-

87 5356 253 5417 habeat
280 5364 571 5420 vocatione
627 5378 732 5418 sua
787 5362 926 5417 Deus
982 5372 1186 5428 noster,
1217 5366 1270 5418 ct
1301 5364 1529 5434 impleat
1573 5366 1731 5419 omni
1838 5380 1967 5420 esse
1999 5364 2159 5431 dicit,
2223 5369 2288 5419 ut
2335 5364 2620 5419 reveletur
2669 5364 2787 5432 ille,
2840 5367 2940 5438 qui
2993 5371 3126 5422 ante
3174 5367 3489 5423 Dominum

83 5448 258 5515 placito
286 5452 575 5519 bonitatis,
605 5456 660 5507 et
687 5466 845 5522 opere
872 5450 1002 5522 ﬁdei
1042 5453 1101 5507 in
1131 5453 1373 5513 virtute;
1406 5454 1487 5506 ita
1529 5455 1589 5506 ut
1613 5451 1728 5507 cla-
1838 5458 2123 5509 venturus
2153 5457 2333 5520 est,ut
2355 5454 2481 5523 jam
2514 5459 2787 5526 speretur
2805 5460 2862 5510 et
2896 5458 3489 5523 Dominusventurus,

86 5536 307 5605 riﬁcetur
331 5557 542 5598 nomen
582 5541 807 5595 Domini
830 5542 1014 5596 nostri
1040 5541 1167 5597 Jesu
1199 5539 1406 5594 Christi
1450 5541 1510 5594 in
1557 5542 1726 5608 vobis,
1839 5543 1992 5615 quod
2027 5559 2225 5613 supra,
2260 5544 2427 5612 quasi
2460 5542 2569 5597 sub
2601 5543 2888 5599 velamine
2916 5546 3071 5601 fatus
3104 5550 3212 5616 est,
3246 5544 3449 5601 dicens
3476 5562 3488 5601 :

86 5627 233 5684 tivo:
260 5632 321 5686 in
355 5632 474 5704 ipso
508 5628 809 5686 secundum
836 5631 1078 5701 gratiam
1125 5630 1220 5686 Dei
1248 5637 1299 5686 et
1358 5630 1576 5687 Domini
1630 5648 1726 5686 no-
1838 5632 1961 5687 Nisi
1979 5632 2135 5701 prius
2166 5633 2375 5686 venerit
2409 5630 2847 5705 defcctio,quam
2882 5633 3044 5706 regni
3079 5633 3324 5689 Romani
3353 5634 3490 5688 abo-

146 5732 319 5814 (12_90)
343 5735 529 5814 vulg.
560 5735 760 5808 habet,
792 5738 845 5793 si
899 5740 1070 5794 tatem
1092 5754 1111 5793 .·
1148 5736 1303 5793 unde
1335 5737 1482 5793 forte
1502 5739 1552 5793 si
1607 5740 1729 5810 qui-
1855 5736 2380 5814 Δ’(ᾌΞξὶιλνεθνζξυῐι]
2412 5740 2656 5796 continet
2686 5739 3090 5814 supplevimus
3113 5758 3181 5797 ex
3211 5739 3491 5811 operibus

87 5802 194 5861 dem
218 5802 567 5881 legenduim
746 5802 756 5808 ⁷
1613 5802 1629 5810 ’
1840 5802 1957 5867 divi
1985 5802 2301 5869 Ambrosii.
