3898 6422
140 495 243 559 661

604 501 1024 565 EXPOSITIO
1071 503 1147 564 IN
1197 501 1625 565 EPISTOLAS
1671 502 1935 564 PAULI.
1968 536 2046 547 —
2076 504 2154 563 IN
2203 503 2452 566 EPIST.
2501 504 2550 565 Il
2597 506 2699 565 AD
2744 505 3120 567 'I‘HESSAL.

3456 510 3573 570 662

148 635 317 691 Deum
350 634 507 692 dicit
527 636 591 691 in
621 635 934 709 promissis
954 636 1104 707 ejus,
1138 635 1278 708 quia
1297 635 1662 708 providentia
1681 636 1811 706 ejus
1840 637 1895 703 Α
1927 635 2236 692 Salomon:
2272 637 2445 704 Raro,
2479 637 2695 710 inquit,
2726 638 2939 694 inferas
2971 639 3176 709 pedem
3209 640 3279 695 ad
3317 644 3574 698 amicum

149 728 292 781 esset
321 724 489 782 circa
515 742 640 782 eos.

212 814 560 886 Confidimus
590 823 770 870 autem
804 816 867 869 in
896 814 1128 870 Domino
1156 814 1230 871 de
1258 814 1575 885 vobis,qu
1602 830 1816 886 ea,quae

141 906 528 976 przdpimm,
550 909 603 960 et
626 905 839 975 facitis,
874 911 925 958 et
949 904 1192 974 facietis.
1226 908 1471 974 Propter
1499 905 1657 975 quod
1690 919 1815 958 me-

142 993 256 1049 reri
285 992 446 1065 illos,
479 999 547 1048 ut
604 993 709 1049 Dei
750 992 1095 1048 defensione
1138 995 1299 1048 tutos
1330 992 1593 1063 praestari
1630 992 1815 1047 confl-

139 1083 329 1149 deret,
355 1082 581 1138 idcirco
611 1098 699 1150 ea,
759 1098 887 1153 quae
935 1080 1054 1137 illis
1084 1081 1457 1153 praecipiebat
1486 1081 1545 1135 in
1578 1080 1817 1137 nomine

134 1171 378 1228 Domini
413 1171 540 1226 ﬁeri
573 1171 646 1226 ab
677 1169 818 1236 illis,
856 1173 915 1225 et
945 1170 1148 1225 futura
1176 1185 1304 1225 esse
1335 1186 1450 1225 non
1483 1169 1812 1225 dubitabat.

209 1262 485 1317 Dominus
514 1269 707 1314 autem
735 1259 946 1330 dirigat
974 1258 1140 1314 corda
1194 1264 1378 1314 vestra
1421 1260 1483 1314 in
1524 1258 1816 1314 dilectione

130 1351 246 1407 Dei
265 1358 322 1406 et
351 1350 760 1420 exspectatione
786 1346 1016 1403 Christi.
1050 1347 1169 1403 Hoc
1199 1346 1316 1401 illis
1347 1350 1582 1419 excptat
1611 1364 1644 1401 a
1673 1346 1813 1406 Deo.

130 1438 310 1510 quod
340 1454 459 1493 non
491 1436 745 1508 ambigit
774 1452 947 1508 posse
977 1435 1265 1507 praestari,
1297 1440 1362 1490 ut
1409 1435 1468 1490 in
1500 1435 1600 1491 Dei
1624 1434 1813 1490 chari-

126 1531 261 1583 tate
289 1542 396 1582 cor
424 1542 629 1581 eorum
660 1525 965 1597 proficeret
1001 1524 1073 1579 ad
1106 1524 1566 1594 exspectandum
1599 1524 1815 1579 adven-

124 1620 270 1670 tum
309 1614 567 1680 Domini,
611 1616 678 1668 ut
706 1612 1094 1668 condemnato
1121 1612 1306 1683 (1294)
1338 1611 1550 1668 saeculo
1580 1611 1815 1667 deside-

124 1710 315 1760 retur
343 1704 633 1759 adventus
663 1702 793 1771 eius
821 1701 922 1773 qui
946 1700 1228 1757 saeculum
1258 1700 1418 1757 vicit.

205 1794 626 1850 Denuntiamus
657 1799 840 1847 autem
878 1791 1055 1857 vobis,
1113 1793 1344 1861 fratres,
1376 1791 1439 1845 in
1467 1791 1690 1846 nomine
1717 1791 1818 1845 Do-

120 1885 295 1939 mini
324 1883 506 1939 nostri
530 1883 658 1938 Iesu
715 1879 921 1935 Christi
962 1895 1246 1935 secernere
1295 1895 1385 1935 vos
1414 1881 1483 1934 ab
1514 1880 1669 1935 omni
1694 1882 1815 1951 fra-

122 1982 224 2065 tre
257 1973 703 2043 intemperanter
719 1969 1060 2035 ambulante,
1092 1975 1140 2067 et
1166 1984 1297 2067 nor:
1310 1969 1814 2061 secundumlradi:
1847 2003 1895 2067 B

122 2055 378 2118 tionem,
411 2067 581 2123 quam
610 2058 939 2121 acceperunt
980 2066 1016 2105 a
1044 2049 1220 2104 nobis.
1256 2049 1543 2115 Quoniam
1564 2050 1623 2105 in
1656 2048 1817 2105 omni

125 2142 321 2215 plebe
352 2157 471 2196 non
519 2156 728 2195 omnes
759 2138 1100 2195 obedientes
1130 2141 1271 2193 sunt
1311 2138 1485 2193 verbo
1516 2137 1814 2206 doctrinae,

127 2248 263 2288 non
296 2229 470 2303 legis,
502 2229 606 2285 sed
629 2244 805 2284 suum
829 2227 1111 2299 placitum
1142 2232 1200 2282 et
1218 2225 1533 2282 consilium
1566 2241 1815 2297 sequen-

128 2330 248 2389 tes,
288 2323 533 2392 propter
588 2317 702 2372 hoc
752 2315 1171 2372 declinandum
1205 2315 1277 2370 ab
1310 2314 1405 2371 his
1435 2314 1719 2386 praecipit,
1755 2319 1818 2369 ut

125 2414 518 2482 cognoscant
549 2405 904 2477 semetipsos
935 2420 1150 2459 errare.

208 2499 335 2571 Ipsi
382 2498 538 2552 enim
593 2495 744 2549 scitis
789 2492 1247 2565 quemadmodum
1300 2492 1543 2548 debeatis
1600 2493 1819 2548 imitari

124 2604 239 2645 nos
258 2605 282 2650 ;
321 2588 458 2658 quia
484 2600 599 2640 non
619 2586 1053 2654 intemperanter
1068 2583 1311 2637 viximus
1332 2583 1482 2637 inter
1500 2597 1612 2647 vos,
1643 2597 1818 2652 neque

129 2679 328 2748 gratis
378 2690 583 2748 panem
631 2673 852 2730 edimus
881 2688 916 2726 a
947 2687 1241 2744 quoquam,
1272 2670 1367 2726 sed
1425 2672 1485 2725 in
1532 2670 1736 2736 labore,
1767 2673 1818 2725 et

132 2767 509 2838 fatigatione,
542 2769 716 2832 nocte,
748 2760 943 2832 dieque
964 2767 1249 2832 aperantes
1278 2759 1346 2814 ab
1378 2759 1499 2829 hoc,
1530 2774 1601 2813 ne
1628 2774 1819 2829 graves

136 2870 391 2911 essemus
421 2853 691 2923 cuiquam
719 2858 979 2917 vestrum,
1012 2864 1120 2904 non
1154 2850 1286 2921 quia
1324 2864 1436 2903 non
1466 2847 1819 2903 habuerimus

134 2946 489 3012 potestatem,
523 2940 627 2996 sed
656 2943 716 2994 ut
746 2939 1104 3008 nosmetipsos
1122 2939 1364 3008 formam
1383 2937 1643 2992 daremus
1670 2937 1820 2992 vobis

139 3034 215 3091 ad
247 3030 605 3089 imitandum
632 3045 755 3084 nos.
788 3027 913 3083 Non
945 3026 1078 3083 illos
1107 3025 1348 3099 ignaros
1377 3025 1520 3081 dicit
1549 3026 1740 3097 operis
1764 3030 1820 3080 et

141 3120 379 3178 laboris
410 3119 531 3187 sui,
558 3134 737 3190 quem
765 3115 968 3173 sedulo
991 3116 1145 3171 exitu
1176 3115 1545 3187 operabatur,
1580 3132 1651 3169 ne
1673 3131 1821 3186 pane

146 3211 452 3284 indigeret
480 3208 695 3276 alieno,
731 3210 797 3261 ut
818 3205 1150 3278 exemplum
1182 3205 1345 3259 daret
1365 3204 1451 3259 eis
1482 3205 1552 3259 ad
1585 3204 1818 3259 imitan-

145 3301 294 3356 dum
328 3298 521 3353 illum.
543 3295 745 3367 Neque
775 3294 931 3349 enim
954 3292 1409 3365 reprehensibile
1439 3297 1613 3361 esset,
1648 3293 1697 3347 si
1724 3309 1820 3364 pa-

1925 729 1984 780 tu
1997 742 2095 780 um
2123 742 2225 792 ;ne
2246 731 2546 782 saturatus
2567 727 2653 781 tui
2681 727 2868 781 oderit
2887 732 2942 782 te
2964 729 3144 797 (Prov.
3168 746 3300 795 xxv,
3324 730 3431 798 17).
3465 731 3572 796 Qui

1926 813 2082 870 enim
2106 815 2442 886 frequenter
2467 818 2535 870 ad
2567 816 2817 871 alienam
2850 833 3116 873 mensam
3148 820 3434 891 convenit,
3458 821 3573 876 otio

1926 903 2159 958 deditus
2191 903 2463 959 aduletur
2492 921 2731 961 necesse
2760 910 2850 960 est
2881 905 3142 976 pascenti
3172 923 3254 974 se,
3278 924 3410 962 cum
3443 909 3574 963 reli-

1925 991 2020 1064 gio
2051 1000 2253 1048 nostra
2282 994 2352 1049 ad
2387 994 2717 1049 libertatem
2747 993 3017 1049 homines
3042 996 3299 1050 advocet.
3325 996 3576 1068 Ideoque

1925 1081 1975 1137 si
2006 1082 2162 1153 quis,
2195 1081 2409 1154 inquit,
2444 1083 2801 1137 manducare
2822 1082 3066 1153 spernit,
3099 1086 3287 1137 cesset
3317 1101 3351 1138 a
3377 1083 3575 1140 labore

1926 1173 1992 1224 ut
2020 1170 2158 1241 quia
2188 1170 2389 1225 nullus
2439 1170 2564 1226 sine
2594 1171 2723 1227 cibo
2756 1174 2945 1243 potest
2972 1171 3183 1236 vivere,
3216 1172 3313 1226 det
3338 1188 3575 1244 operam

1926 1256 2253 1328 laborandi,
2289 1264 2352 1313 ut
2375 1260 2617 1314 arbitrio
2650 1276 2756 1315 suo
2784 1260 3006 1327 vivens,
3039 1259 3223 1315 Deum
3256 1261 3444 1330 possit
3471 1260 3569 1316 ha-

1925 1346 2060 1401 bere
2084 1346 2427 1417 propitium.

1996 1436 2326 1491 Audiuimus
2354 1437 2505 1491 enim
2559 1436 2815 1507 quosdam
2872 1436 3164 1491 ambulare
3192 1438 3340 1491 inter
3368 1452 3459 1491 vos
3486 1438 3574 1491 in-

1922 1528 2311 1596 temperanter,
2334 1525 2482 1579 nihil
2506 1528 2810 1596 operantes,
2841 1526 2939 1580 sed
2955 1526 3171 1580 curiose
3197 1529 3444 1595 agentes.
3468 1523 3576 1587 Qui

1925 1612 2094 1667 otiosi
2127 1629 2254 1667 esse
2275 1612 2633 1679 desiderant,
2664 1613 2721 1667 id
2768 1616 2970 1685 agunt,
3024 1620 3316 1683 quatenus
3347 1613 3575 1668 occasio

1926 1706 2223 1769 nascatur,
2248 1719 2364 1774 qua
2382 1702 2688 1757 introitum
2704 1718 2879 1756 suum
2898 1700 3346 1757 desiderabilem
3361 1701 3577 1756 faciant

1926 1790 2203 1845 domibus
2233 1790 2506 1858 divitum,
2540 1789 2935 1859 ambulantes,
2961 1795 3019 1844 et
3039 1790 3343 1861 Opiniones
3372 1790 3575 1843 verbo-

1926 1895 2057 1934 rum
2082 1878 2379 1933 subtiliter
2399 1878 2961 1950 colligunt,scientes
2981 1877 3119 1949 quid
3152 1878 3222 1932 de
3252 1894 3368 1947 quo
3396 1876 3579 1931 velint

1925 1966 2150 2031 audire,
2183 1971 2249 2021 ut
2304 1966 2553 2022 libenter
2597 1970 2655 2022 et
2701 1965 2968 2037 requisiti
3018 1970 3352 2037 pascantur.
3413 1965 3575 2028 Quod

1927 2055 2146 2111 factum
2177 2054 2346 2112 valde
2374 2056 2651 2111 adhorret
2680 2072 2715 2110 a
2745 2055 3058 2127 disciplina
3109 2055 3433 2110 Dominica.
3461 2053 3575 2108 Ho-

1926 2160 2059 2199 rum
2093 2145 2249 2199 enim
2279 2148 2482 2199 venter
2510 2144 2665 2199 Deus
2686 2147 2797 2211 est,
2824 2142 2924 2214 qui
2956 2143 3108 2198 fmda
3137 2158 3277 2197 cura
3306 2157 3573 2197 necessa-

1925 2232 2013 2287 ria
2046 2231 2368 2304 provident.

1998 2323 2105 2377 His
2134 2323 2317 2394 igitur
2344 2320 2660 2393 hujusmodi
2690 2320 3105 2389 denuntiamus,
3136 2327 3191 2374 et
3217 2319 3579 2375 exhortamur

1924 2412 1985 2465 in
2016 2411 2242 2466 Domino
2271 2412 2398 2466 Iesu
2460 2410 2693 2480 Christo,
2743 2412 2804 2463 ut
2862 2425 2989 2465 cum
3034 2410 3215 2478 quiete
3271 2415 3576 2478 aperantes,

1924 2516 2089 2555 suum
2113 2516 2318 2571 panem
2340 2498 2688 2553 manducent.
2719 2498 2791 2553 Ut
2818 2498 2904 2552 eis
2936 2496 3163 2552 facilius
3194 2496 3456 2562 suadeat,
3487 2495 3578 2549 in-

1925 2589 2206 2660 terposito
2220 2588 2459 2643 nomine
2473 2587 2851 2642 DominiJesu
2866 2585 3577 2652 Cbristi,exborlatureos,

1929 2682 1994 2733 ut
2023 2677 2347 2733 obaudiant
2376 2676 2517 2749 quid
2549 2677 2633 2735 eis
2664 2677 2741 2731 sit
2770 2675 2932 2730 utile.

2003 2768 2099 2821 Vos
2127 2774 2329 2831 autem,
2387 2769 2608 2835 fratres,
2658 2765 2838 2820 nolite
2891 2764 3116 2834 deﬁcere
3172 2762 3577 2834 benefaciendo.

1925 2854 2080 2925 Quod
2108 2856 2159 2909 si
2186 2855 2310 2925 quis
2337 2869 2446 2909 non
2477 2852 2701 2908 obaudit
2730 2852 2892 2908 verbo
2922 2855 3106 2907 nostro
3130 2867 3231 2923 per
3258 2852 3577 2922 Epistolam,

1928 2943 2073 2998 hunc
2099 2946 2302 3010 notate,
2336 2948 2388 2997 et
2410 2943 2585 2997 nolite
2614 2958 2737 2996 cum
2783 2958 2843 2996 eo
2897 2942 3127 3007 versari,
3182 2944 3245 2995 ut
3272 2941 3581 2995 reverentia

1927 3032 2318 3101 confundatur.
2353 3033 2470 3086 Non
2493 3032 2635 3085 velut
2664 3031 2955 3085 inimicum
2976 3030 3322 3097 existimetis,
3345 3028 3436 3083 sed
3463 3043 3580 3083 mo-

1926 3129 2047 3176 nete
2073 3122 2344 3188 consiliis,
2404 3128 2462 3175 ut
2509 3122 2758 3190 fratrem.
2822 3122 3064 3190 Propter
3119 3117 3273 3189 quod
3306 3116 3580 3188 superius

1930 3225 2417 3282 unumquemque
2448 3224 2622 3263 suum
2659 3224 2868 3278 panem
2904 3207 3261 3261 manducare
3283 3205 3577 3278 praecepit,

1932 3315 2004 3354 ne
2035 3300 2180 3354 forte
2211 3297 2451 3370 quidam
2482 3297 2719 3352 illorum
2770 3296 3134 3351 occasionem
3187 3295 3486 3366 parcitatis
3522 3298 3582 3348 et

144 3406 284 3446 nem
320 3387 396 3443 ab
424 3385 519 3441 bis
533 3384 821 3456 acciperet
843 3383 914 3438 ab
942 3382 1201 3453 corporis
1232 3398 1454 3452 curam,
1480 3381 1581 3452 qui
1602 3381 1817 3437 animis
1849 3367 1894 3435 Π
1933 3367 2389 3442 inbumanitatis
2412 3390 2735 3458 captarent,
2770 3385 2901 3440 ideo
2941 3384 3140 3441 statim
3172 3384 3457 3454 subjecit:
3487 3384 3581 3438 Vos

141 3478 389 3534 illorum
424 3491 622 3531 escam
649 3470 974 3544 spiritalem
997 3471 1310 3543 praebebat,
1341 3487 1469 3542 quas
1483 3470 1657 3525 etiam
1690 3486 1815 3525 cor—

139 3566 270 3640 pori
304 3562 818 3620 immortalitatem
851 3576 985 3616 cum
1028 3559 1214 3632 gloria
1238 3564 1599 3631 procuraret.
1651 3561 1818 3615 Tunc

137 3655 363 3711 etenim
398 3655 596 3709 exerta
636 3654 832 3723 potest
888 3665 1016 3705 esse
1047 3648 1311 3715 libertas,
1346 3648 1396 3703 si
1431 3647 1817 3719 semetipsum

138 3746 277 3817 quis
309 3741 537 3799 ventris
568 3756 749 3796 causa
780 3742 883 3795 aut
914 3738 1173 3810 pecunia:
1205 3736 1352 3792 nulli
1384 3736 1678 3807 subjiciat,
1710 3754 1818 3792 suo

140 3850 299 3906 pane
333 3833 693 3894 contentus;
723 3827 1002 3897 maxime,
1065 3827 1220 3895 quod
1255 3828 1325 3881 ad
1361 3825 1596 3881 laudem
1630 3825 1821 3898 magis

139 3921 402 3994 proficit,
437 3920 487 3975 si
509 3935 644 3974 cum
678 3917 870 3984 liceat,
890 3921 947 3971 et
979 3915 1059 3971 sit
1088 3914 1363 3970 sumendi
1386 3919 1666 3987 potestas,
1690 3931 1820 3970 con-

137 4012 346 4067 tineat.
384 4008 493 4065 Hic
537 4005 675 4062 talis
736 4005 1013 4077 prodesse
1072 4009 1267 4075 potest
1324 4003 1700 4059 audientibus
1731 4019 1814 4058 se.

137 4098 553 4156 Reverentiam
584 4094 744 4151 enim
804 4092 1111 4148 habebunt
1142 4091 1353 4164 rigoris
1402 4092 1603 4164 hujus,
1639 4097 1695 4147 et
1726 4108 1816 4157 ea,

138 4206 269 4261 quas
328 4187 403 4243 ab
464 4185 576 4241 hoc
634 4182 1019 4247 mandantur,
1077 4181 1450 4254 praetermitti
1489 4198 1606 4237 non
1659 4185 1816 4252 pote-

136 4282 302 4333 runt.

206 4368 352 4422 Nam
374 4380 506 4420 cum
556 4377 793 4418 essemus
845 4359 993 4432 apud
1050 4375 1161 4427 vos,
1221 4358 1325 4414 hoc
1359 4358 1820 4430 praecipiebamus

132 4456 308 4526 vobis,
332 4451 479 4527 quod
507 4453 557 4506 si
599 4452 725 4523 quis
755 4464 868 4504 non
912 4449 1030 4504 vult
1059 4449 1302 4520 Operari,
1358 4464 1459 4503 nec
1504 4446 1814 4502 manducet.

132 4546 263 4603 Non
298 4543 501 4600 solum
532 4539 729 4596 verbis
743 4538 1014 4608 docebat,
1031 4538 1132 4592 sed
1166 4536 1515 4592 hortabatur
1534 4541 1590 4591 et
1624 4536 1815 4590 factis.

141 4632 350 4690 ldonei
385 4629 546 4687 enim
568 4624 841 4700 magistri
872 4631 983 4693 est,
1016 4624 1065 4681 si
1098 4643 1185 4693 ea,
1220 4643 1346 4697 qua
1363 4625 1553 4680 verbis
1585 4625 1811 4687 doceat,

1928 3479 2134 3542 autem,
2164 3474 2378 3546 inquit,
2400 3477 2626 3544 fratres,
2658 3474 2833 3529 nolite
2862 3472 3162 3543 defatigari
3192 3472 3582 3542 benefacientes

1927 3565 2069 3635 (Gal.
2101 3582 2179 3635 v1,
2212 3566 2287 3634 9).
2323 3564 2521 3634 Neque
2552 3563 2709 3618 enim
2740 3562 2799 3615 in
2851 3560 3363 3632 reprehensionem
3402 3559 3579 3626 venit,

1933 3655 2033 3726 qui
2066 3654 2364 3708 humanus
2394 3652 2451 3706 in
2485 3651 2781 3723 largiendo
2812 3655 2902 3705 est
2931 3675 2944 3717 ;
2978 3649 3075 3703 sed
3135 3648 3251 3715 hic,
3302 3647 3401 3719 qui
3446 3662 3580 3701 eum

1930 3744 2121 3816 possit
2143 3742 2401 3797 laborem
2427 3742 2594 3807 ferre,
2618 3740 2734 3795 otio
2755 3739 2880 3796 vult
2898 3739 3075 3793 vitam
3102 3754 3292 3809 agere.
3327 3736 3507 3800 Quem
3531 3734 3582 3791 si

1930 3832 2201 3904 Epistolas
2233 3831 2552 3885 auctoritas
2584 3846 2697 3883 non
2732 3828 2990 3899 corrigit,
3044 3826 3368 3881 notandum
3401 3824 3580 3890 hunc,

1930 3939 2035 3977 nec
2065 3920 2530 3976 conversandum
2564 3934 2700 3972 cum
2723 3934 2789 3972 eo
2808 3916 3159 3988 praicipit,ut
3175 3916 3455 3969 confusus
3478 3914 3580 3985 qui

1928 4011 2000 4065 ab
2015 4027 2107 4064 om
2119 4009 2292 4063 nibus
2306 4005 2895 4074 evitatur,subjiceret
2908 4020 2969 4057 se
2984 4001 3551 4074 prmceptisApostoli
3564 4044 3576 4056 .

1925 4098 2087 4164 Quod
2123 4102 2319 4151 tamen
2353 4095 2479 4150 sine
2497 4093 2805 4149 iracundia
2824 4097 2881 4147 et
2901 4089 3256 4146 contumelia
3284 4089 3411 4145 vult
3431 4089 3577 4156 fieri,

1926 4191 1992 4242 ut
2022 4186 2310 4258 patienter
2340 4183 2666 4239 declinatur
2695 4182 2768 4236 ab
2799 4196 2898 4246 eo;
2935 4180 3018 4234 ita
3048 4184 3266 4249 tamen,
3296 4182 3357 4233 ut
3406 4177 3453 4232 si
3486 4194 3579 4233 res

1927 4275 2193 4333 attulerit
2222 4275 2381 4345 loqui
2414 4288 2547 4327 cum
2582 4289 2669 4340 eo,
2694 4271 3054 4326 monendum
3077 4267 3267 4333 illum,
3301 4271 3365 4322 ut
3396 4267 3579 4336 patia-

1927 4371 2025 4421 tur
2054 4381 2116 4420 se
2149 4343 2381 4435 corripi,
2416 4378 2522 4417 nec
2553 4360 2706 4416 ultra
2724 4363 3014 4432 praecepta
3033 4355 3296 4427 Apostoli
3318 4343 3594 4410 contem?

1928 4455 2155 4510 nenda:
2184 4450 2643 4508 familiaritatem
2677 4463 2911 4518 quoque
2943 4444 3147 4499 tandiu
3181 4460 3312 4498 cum
3348 4459 3414 4498 eo
3463 4459 3576 4498 non

1926 4544 2165 4605 habere,
2191 4540 2453 4612 quandiu
2478 4536 2800 4593 obaudiens
2832 4538 2950 4589 fiat.
2985 4534 3128 4587 Nam
3162 4533 3209 4587 si
3243 4532 3310 4587 ad
3348 4533 3578 4587 iracun-

1928 4633 2084 4688 diam
2114 4628 2489 4685 contumeliis
2538 4625 2865 4690 lacessitur,
2915 4623 3075 4694 pejor
3134 4622 3253 4675 ﬁet.
3302 4620 3583 4677 lncitatur

136 4722 434 4797 operibus
464 4717 716 4790 expleat.
776 4715 940 4771 Tunc
998 4714 1216 4771 etenim
1275 4714 1644 4770 addiscentes
1683 4729 1817 4768 vera

2003 4722 2081 4775 im
2132 4721 2202 4775 ad
2251 4718 2705 4781 contentionem,
2739 4720 2794 4769 et
2825 4713 3063 4784 incipiet
3094 4716 3354 4765 erratum
3402 4726 3578 4765 suum

136 4829 271 4869 esse
303 4810 512 4867 sciunt
542 4824 671 4880 quas
692 4805 964 4873 audiunt,
988 4803 1037 4859 si
1052 4803 1268 4875 negligi
1294 4802 1395 4859 illa
1426 4820 1539 4858 non
1564 4801 1815 4857 viderint
1844 4798 1877 4800 ᾖ
1922 4808 2068 4865 velle
2092 4810 2404 4863 defendere
2431 4806 2652 4878 ;possit
2674 4808 2871 4860 autem
2895 4802 3237 4857 erubescere
3267 4798 3580 4853 emendare

135 4924 172 4959 a
201 4903 470 4959 doctore.
504 4895 789 4962 Quamvis
819 4894 976 4951 enim
1028 4893 1341 4949 manifeste
1372 4909 1508 4947 vera
1536 4908 1668 4947 esse
1698 4908 1814 4947 non

1927 4915 2010 4964 se,
2038 4915 2109 4953 ne
2142 4898 2294 4968 quod
2332 4897 2495 4969 prius
2529 4896 2862 4961 excusabat,
2913 4894 3114 4963 postea
3172 4887 3339 4942 fateri
3382 4886 3577 4943 videa-

137 4992 502 5066 ignorentur
526 5003 652 5059 quis
686 4985 972 5040 docentur
993 4986 1219 5051 ;tamen
1235 4982 1284 5038 si
1300 4980 1516 5054 negligi
1538 4979 1819 5053 cceperint
1923 4993 2041 5044 tur,

136 5099 173 5138 a
202 5079 523 5153 magistro,
582 5071 825 5131 difﬁcile
854 5071 1172 5145 proficiunt
1202 5070 1598 5126 audientibus.
1631 5067 1816 5141 Magis

138 5170 304 5226 enim
335 5182 521 5240 opera
550 5162 828 5231 suadent,
860 5160 1659 5232 quamverba.Quamobrem
1692 5173 1816 5212 ma-

138 5259 235 5332 gis
266 5254 537 5331 prmmiis
568 5247 991 5309 remunerandi
1021 5253 1180 5315 sunt,
1227 5248 1351 5319 qui,
1386 5246 1819 5321 negligentibus

148 5344 484 5420 magistris,
519 5343 592 5399 de
624 5338 774 5397 solis
803 5338 998 5394 verbis
1028 5336 1361 5410 proﬁciunt,
1394 5342 1514 5392 tam
1544 5337 1602 5390 in
1625 5351 1818 5406 opere,

139 5452 325 5509 quam
354 5435 419 5491 in
451 5429 878 5490 sensu.Forma
906 5425 1064 5482 enim
1079 5430 1205 5482 erat
1224 5426 1318 5481 his
1351 5424 1452 5496 qui
1485 5423 1816 5490 mediocris,

148 5524 235 5583 vel
267 5523 469 5581 tenuis
500 5523 677 5579 erant
705 5515 1052 5573 substantiae
1085 5514 1144 5569 in
1203 5513 1391 5586 plebe,
1422 5517 1485 5568 ut
1531 5513 1824 5569 discerent

153 5621 452 5688 quatenus
484 5611 829 5667 libertatem
861 5621 1029 5662 suam
1052 5620 1169 5660 non
1200 5604 1556 5660 amitterent.
1590 5601 1753 5657 Unde
1766 5607 1823 5656 et

224 5794 413 5868 (1294)
444 5791 773 5861 Contempto
801 5782 1023 5842 habent
1049 5782 1324 5857 impressi
1354 5782 1484 5840 cod.

1996 5079 2114 5148 Ipse
2140 5083 2328 5131 autem
2376 5077 2515 5130 Deus
2539 5077 2692 5144 pacis
2727 5070 2819 5125 det
2862 5068 3011 5125 vobis
3058 5082 3249 5138 pacem
3277 5081 3493 5137 semper
3522 5066 3581 5120 in

1927 5167 2081 5221 omni
2098 5166 2233 5221 loco.
2257 5166 2521 5220 Dominus
2538 5179 2664 5216 cum
2683 5161 2938 5215 omnibus
2956 5157 3105 5212 vobis
3149 5171 3387 5226 semper.
3419 5153 3580 5217 Quod

1929 5271 2104 5309 suum
2136 5259 2246 5322 est,
2281 5254 2435 5308 bono
2466 5256 2596 5305 voto
2621 5248 2751 5303 illos
2772 5246 3148 5319 prosequitur
3179 5245 3347 5317 quasi
3366 5242 3585 5299 charis-

1930 5344 2114 5399 simus
2139 5342 2314 5407 ﬁlios,
2348 5345 2559 5411 optans
2590 5354 2823 5407 semper
2843 5352 2978 5390 cum
3013 5334 3099 5389 eis
3122 5350 3322 5406 pacem
3346 5332 3582 5396 habere,

1930 5450 2057 5504 qua:
2088 5431 2206 5485 dux
2235 5430 2308 5483 ad
2362 5428 2535 5482 vitam
2598 5431 2898 5491 aeternam,
2931 5440 3067 5478 cum
3129 5423 3221 5476 his
3279 5420 3435 5476 enim
3471 5420 3581 5474 Do-

1935 5521 2134 5576 minus
2167 5535 2230 5573 se
2261 5533 2389 5572 esse
2421 5514 2709 5587 promisit,
2744 5512 2843 5583 qui
2875 5512 3090 5566 fuerint
3121 5510 3368 5583 paciﬁci.

2000 5609 2125 5680 Ipsa
2152 5607 2420 5662 salutatio
2447 5621 2576 5660 mea
2602 5618 2775 5658 manu
2820 5601 3024 5662 Pauli;
3071 5599 3213 5670 quod
3241 5602 3321 5654 est
3360 5600 3581 5666 signum
