3898 6396
340 436 460 495 663

1364 415 1705 478 ATTONIS
1752 413 2339 477 VERCELLENSIS
2386 414 2741 477 EPISCOPI

3653 411 3766 472 664

342 566 406 621 in
435 564 585 620 omni
614 558 965 632 epistola;in
1008 553 1204 609 scribo.
1262 553 1503 620 Propter
1552 545 1995 618 interpolatores
2024 550 2080 615 Α
2182 547 2375 602 Gratia
2408 548 2629 603 Domini
2655 548 2836 603 nostri
2862 550 2997 603 Jesu
3046 543 3255 599 Christi
3312 560 3441 599 cum
3495 514 3765 598 omnibus.

347 657 406 711 et
433 651 859 708 adulteratores
889 645 1316 715 scripturarum
1340 652 1574 708 semper
1595 651 1657 691 se
1681 652 1862 690 manu
1895 648 2005 689 sua
2114 635 2245 690 Haec
2277 635 2555 691 salutatio
2585 651 2763 690 manu
2793 632 3054 706 Apostoli
3116 632 3450 704 conscripta
3506 636 3617 700 est,
3660 648 3770 703 qua

348 742 412 799 in
442 739 602 797 omni
631 735 883 810 epistola
932 749 1042 789 sua
1096 727 1509 787 salutationem
1560 722 2007 780 subdescribere
2116 723 2367 794 gratiam
2399 723 2631 779 Domini
2655 722 2839 778 nostri
2871 721 3009 777 Jesu
3041 719 3257 778 Christi
3287 724 3452 793 optat
3479 736 3611 776 esse
3640 737 3768 776 cum

351 835 622 895 testatur,
656 830 722 882 ut
748 825 861 881 sub
892 820 1132 878 nomine
1156 818 1283 888 ejus
1305 812 1573 886 Epistula
1603 817 1838 883 accepto
1870 810 2005 866 ferri

352 936 471 976 non
494 915 702 990 possit,
734 928 859 984 quas
891 925 1009 965 non
1040 905 1213 962 fuerit
1241 918 1423 959 manu
1472 902 1603 973 ejus
1653 900 2007 973 subscripta.

2117 810 2223 868 eis.
2257 812 2453 868 Amen.

2264 902 2417 957 Finis
2449 900 2710 972 Epistolas
2727 897 2982 956 secundae
3011 897 3083 953 ad
3116 897 3634 955 Thessalonicenses.

373 1086 3028 1123 ______________________—

1029 1206 1649 1304 EPISTOLA
1718 1205 1758 1299 Ι
1830 1207 1997 1300 AD

2207 1203 2826 1299 MOTHEUM
2894 1202 3106 1294 (129⁵.

907 1539 1166 1595 ARGUM
1176 1537 1445 1593 ENTUM.

2128 1542 2335 1594 rentur
2365 1537 2439 1593 ad
2471 1536 2595 1592 haec
2616 1535 2877 1603 colenda,
2903 1551 3029 1608 quas
3051 1533 3365 1589 carnaliter
3382 1533 3517 1587 data
3536 1531 3772 1585 fuerant

423 1632 766 1689 Timotheus
791 1629 953 1684 ﬁlius
974 1627 1089 1682 fuit
1109 1625 1378 1682 mulieris
1399 1627 1610 1681 ludam
1633 1627 2019 1699 ﬁdelis,patre
2128 1628 2277 1694 Quid
2309 1628 2464 1682 enim
2497 1642 2646 1697 opus
2693 1630 2805 1692 est,
2852 1623 3329 1696 generationum,
3380 1638 3528 1693 quas
3563 1623 3795 1675 constat

355 1723 573 1788 Graeco,
597 1720 765 1790 cujus
790 1732 971 1773 causa
988 1714 1271 1787 parvulus
1305 1714 1646 1770 circumcidi
1667 1733 1782 1771 non
1806 1717 2016 1788 potuit.

355 1811 465 1878 Qui
488 1810 680 1865 studio
703 1807 910 1863 matris
930 1821 1051 1860 suae
1074 1821 1274 1859 sacras
1296 1803 1527 1859 litteras
1555 1804 2018 1876 didicit,quihus

354 1914 591 1970 operam
621 1897 767 1952 dans
785 1896 999 1950 bonam
1021 1892 1132 1948 sibi
1154 1891 1335 1947 vitam
1356 1891 1649 1962 instituit.
1678 1892 1848 1948 Hunc
1869 1895 2021 1964 Apo-

354 1986 544 2043 stolus
564 2001 696 2040 cum
717 1982 1001 2039 voluisset
1024 1996 1345 2047 assumere,
1371 1979 1567 2035 sciens
1596 1981 1875 2036 idoneum
1900 1981 2024 2036 fore

2129 1731 2259 1772 esse
2284 1713 2545 1769 inﬁnitas
2566 1730 2671 1785 per
2700 1714 3025 1781 traducem,
3060 1712 3247 1767 facere
3297 1709 3659 1766 mentionem
3697 1723 3712 1773 ;
3742 1722 3771 1761 e

2132 1803 2361 1876 quid,et
2379 1807 2671 1874 quatenus
2694 1802 2913 1856 factum
2936 1805 3026 1856 est
3048 1800 3157 1855 sub
3182 1814 3537 1870 unoquoque
3558 1811 3788 1861 eorum,

2132 1898 2189 1947 et
2220 1907 2334 1947 non
2368 1890 2564 1963 potius
2594 1889 2941 1962 compendio
2963 1905 3066 1960 per
3115 1889 3291 1943 ﬁdem
3346 1887 3599 1942 salutem
3635 1899 3792 1956 qua:-

2134 1995 2261 2035 rere
2288 1979 2317 2052 fl
2345 1979 2487 2035 Inde
2515 1978 2671 2033 enim
2703 1976 3058 2048 quastiones
3110 1975 3403 2044 oriuntur,
3447 1989 3583 2028 cum
3623 1971 3791 2044 quid,

354 2075 818 2145 dispensatorem
830 2069 1174 2143 evangelica;
1189 2069 1667 2134 veritatis,causa
1687 2069 2024 2125 Judaeorum
2058 2072 2107 2137 Β
2135 2072 2192 2123 et
2213 2067 2471 2139 quando,
2496 2071 2552 2121 et
2573 2065 2888 2138 quomodo,
2914 2071 2971 2120 et
2991 2080 3172 2135 quare
3193 2064 3414 2118 factum
3437 2065 3546 2126 est,
3569 2065 3789 2116 tracta-

354 2160 696 2233 compulsus
723 2165 814 2216 est
835 2159 1254 2216 circumcidere
1276 2173 1413 2213 eum
1433 2158 1822 2224 ,instantihus
1845 2158 2024 2226 eis,ut
2129 2160 2265 2211 tur:
2299 2172 2426 2229 qua:
2459 2170 2554 2210 res
2581 2152 2828 2226 impedit
2848 2152 3120 2208 salutem.

358 2249 460 2322 qui
492 2253 675 2304 matre
689 2248 721 2303 J
729 2249 893 2303 udaaa
915 2252 1090 2302 natus
1111 2251 1286 2313 esset,
1310 2244 1773 2301 incircumcisus
1794 2248 2019 2302 assumi

360 2354 475 2394 non
505 2338 743 2393 deberet
772 2337 843 2392 ad
878 2334 1284 2406 magisterium
1337 2340 1577 2405 propter
1608 2334 2019 2390 testimonium

361 2426 613 2500 generis.
636 2426 803 2480 Hunc
827 2427 1100 2495 ergojam
1130 2428 1394 2478 creatum
1412 2422 1756 2493 episcopum
1782 2423 2024 2479 instruit

362 2533 467 2589 per
487 2514 809 2586 Epistulam
824 2513 1118 2583 quomodo
1140 2512 1377 2565 deberet
1392 2511 1714 2566 Ecclesiam
1730 2511 2019 2567 ordinare.

432 2604 593 2674 (CAP.
628 2603 697 2672 Ι.)
734 2602 944 2658 Paulus
987 2600 1281 2672 Apostolus
1318 2598 1529 2653 Christi
1572 2601 1699 2655 Jesu
1725 2600 2021 2656 secundum

360 2693 656 2763 imperium
679 2692 785 2745 Dei
805 2690 1115 2745 Salvatoris
1167 2688 1347 2741 nostri
1394 2689 1524 2742 Jesu
1549 2687 1752 2744 Christi
1780 2691 1896 2759 spei
1922 2705 2021 2744 no-

357 2788 507 2843 strae,
541 2780 807 2835 Timotheo
827 2791 1097 2848 germano
1117 2776 1240 2845 ﬁlio
1269 2777 1332 2829 in
1379 2775 1508 2844 ﬁde,
1559 2778 1763 2846 gratia,
1795 2778 2020 2831 miseri-

357 2868 570 2933 cordia,
599 2883 714 2939 paa:
743 2883 779 2920 a
808 2866 914 2921 Deo
944 2866 1113 2918 Patre
1140 2871 1191 2918 et
1226 2862 1448 2918 Christo
1490 2866 1617 2919 Jesu
1660 2866 1890 2921 Domino
1917 2881 2022 2922 no-

357 2965 488 3013 stro.
516 2954 726 3021 Patris,
748 2957 809 3009 et
838 2951 967 3007 Filii
999 2950 1247 3021 imperio
1303 2951 1652 3022 Apostolum
1710 2969 1773 3007 se
1800 2954 2020 3008 factum

362 3043 643 3110 ostendit,
675 3046 740 3098 ut
774 3042 833 3095 in
864 3040 981 3095 Deo
1016 3040 1182 3095 Patre
1213 3038 1484 3111 salutem,
1518 3044 1575 3095 et
1604 3040 1834 3097 Christo
1878 3041 2021 3097 Filio

362 3135 492 3205 ejus
522 3147 686 3203 spem
720 3128 1081 3202 praedicaret,
1116 3132 1179 3182 ut
1202 3129 1341 3199 quia.
1369 3143 1542 3183 nemo
1570 3134 1746 3202 negat
1769 3130 2020 3186 salutem

2205 2247 2358 2301 Finis
2387 2252 2575 2300 autem
2603 2244 2867 2315 pracepti
2893 2249 2970 2297 est
2997 2242 3240 2296 charitas
3295 2240 3367 2295 de
3419 2238 3582 2294 corde
3626 2255 3791 2311 puro,

2133 2339 2185 2390 et
2208 2335 2548 2390 conscientia
2580 2333 2740 2402 bona,
2773 2335 2822 2385 et
2851 2330 2956 2401 ﬁde
3005 2346 3115 2384 non
3168 2329 3469 2383 simulata:
3513 2345 3549 2382 α
3594 2328 3797 2401 quibus

2134 2422 2362 2494 quidam
2381 2429 2633 2476 errantes
2664 2420 2908 2474 conversi
2930 2426 3059 2473 sunt
3086 2418 3147 2471 in
3170 2417 3571 2487 vaniloquium,
3606 2418 3798 2473 volen-

2132 2516 2211 2566 tes
2239 2526 2352 2565 esse
2383 2510 2518 2580 legis
2546 2508 2808 2572 doctores,
2858 2522 2969 2561 non
3017 2506 3403 2576 intelligenles,
3452 2520 3631 2576 neque
3682 2520 3798 2575 quae

2136 2599 2354 2664 dicunt,
2371 2614 2541 2668 neque
2565 2596 2631 2651 de
2657 2596 2853 2667 quibus
2878 2595 3183 2666 affirmant.
3211 2592 3497 2657 Quoniam
3519 2590 3794 2649 omnium

2134 2688 2323 2757 major
2353 2690 2441 2742 est
2470 2686 2746 2747 Charitas,
2780 2684 2931 2739 hanc
2965 2684 3141 2738 finem
3173 2698 3302 2737 esse
3363 2680 3529 2747 dixit,
3582 2681 3642 2735 id
3686 2686 3797 2743 est,

2133 2774 2535 2846 perfectionis,
2567 2773 3135 2829 consummationem
3170 2770 3436 2827 omnium
3469 2775 3793 2843 praecepto-

2136 2880 2291 2929 rum,
2324 2863 2373 2919 si
2403 2869 2600 2918 tamen
2628 2879 2696 2917 ex
2724 2862 2895 2917 corde
2927 2878 3075 2933 puro
3107 2860 3186 2916 sit
3215 2864 3272 2914 et
3295 2860 3451 2915 bona
3490 2860 3797 2916 conscien-

2134 2951 2235 3010 tia.
2275 2952 2423 3007 Vera
2448 2952 2603 3006 enim
2633 2950 2887 3006 charitas
2938 2966 3053 3005 non
3107 2952 3298 3021 potest
3355 2947 3571 3003 malam
3607 2948 3791 3003 vitam

2134 3040 2372 3107 habere,
2403 3056 2508 3094 nec
2538 3038 2879 3094 simulatam
2912 3038 3110 3107 fidem,
3138 3038 3197 3091 in
3231 3038 3450 3109 quibus
3475 3036 3680 3091 omnis
3713 3036 3800 3091 lex

2133 3129 2435 3200 impletur,
2467 3133 2523 3183 et
2553 3127 2866 3199 prophetas.
2901 3126 3148 3192 Quidam
3208 3131 3404 3181 autem
3455 3124 3797 3181 Judaeorum

365 3237 495 3279 esse
527 3219 586 3274 in
622 3223 754 3285 Deo,
791 3232 896 3271 nec
933 3216 1255 3287 quisquam
1288 3216 1588 3271 dubitaret
1608 3234 1774 3289 spem
1808 3234 1937 3274 esse
1967 3219 2026 3273 in
2060 3227 2101 3290 ρ
2142 3218 2486 3289 mysterium
2520 3216 2666 3290 legis
2698 3218 3055 3289 ignorantes,
3091 3220 3147 3271 et
3178 3214 3631 3287 prophetarum,
3665 3213 3800 3286 quia

370 3307 602 3365 Christo
622 3306 783 3375 Jesu,
808 3320 983 3376 quem
1008 3321 1043 3359 a
1073 3305 1324 3360 mortuis
1346 3305 2026 3379 excitatum,exemplum

374 3396 556 3465 hujus
588 3395 712 3464 spei
742 3393 976 3449 dedisse
1009 3399 1405 3464 cognosceret.
1453 3394 1569 3448 Hoc
1619 3396 1792 3450 modo
1824 3396 2030 3451 scribit

376 3483 706 3549 Timotheo,
734 3486 798 3536 ut
817 3497 1064 3537 securus
1081 3487 1236 3536 esset
1258 3482 1330 3537 de
1347 3499 1457 3537 sua
1476 3484 1866 3554 ordinatione,
1892 3485 2029 3555 quia

378 3571 626 3642 imperio
655 3571 867 3640 Patris,
920 3574 979 3625 et
1007 3568 1135 3624 Filii
1194 3570 1415 3625 electus
1452 3576 1542 3626 est
1569 3571 1641 3626 ad
1675 3572 2026 3628 docendum.

374 3661 555 3724 Quem
580 3675 780 3714 verum
805 3658 1013 3712 Filium
1036 3659 1315 3728 appellat,
1339 3660 1440 3713 sed
1465 3659 1525 3713 in
1550 3660 1684 3726 fide,
1708 3661 1863 3715 sicut
1886 3662 2031 3716 dicit

373 3748 446 3804 ad
477 3746 849 3802 Corinthios:
889 3751 953 3800 In
984 3746 1198 3801 Christo
1254 3749 1410 3801 enim
1465 3750 1610 3818 Jesu,
1669 3748 1882 3819 inquit,
1936 3768 2032 3821 per

371 3836 733 3902 Evangelium
758 3850 857 3902 ego
888 3850 976 3889 vos
1007 3835 1173 3904 genui
1202 3836 1249 3904 (I
1280 3835 1400 3889 Cor.
1464 3854 1539 3899 ιν,
1575 3836 1683 3907 15).
1738 3837 1865 3893 Haec
1897 3856 2031 3894 vera

374 3929 432 3980 et
459 3924 631 3979 ﬁrma
649 3922 949 3994 generatio
980 3931 1090 3986 est,
1125 3940 1254 3994 quaa
1287 3924 1475 3978 nescit
1505 3941 1799 3995 occasum,
1848 3927 2033 3983 nescit

375 4013 631 4077 morbos,
659 4017 716 4067 et
737 4012 1156 4082 pestilentiam,
1190 4017 1246 4066 et
1276 4029 1404 4083 qua:
1436 4014 1667 4084 ignorat
1725 4015 1940 4069 famem
1973 4021 2031 4069 et

376 4101 557 4157 sitim.
582 4100 735 4156 Dicit
763 4105 958 4155 autem
992 4100 1049 4154 in
1084 4116 1263 4171 regno
1286 4101 1384 4156 Dei
1411 4101 1636 4157 nullius
1670 4119 1858 4171 egere,
1893 4104 2033 4175 quia

375 4190 575 4244 futura
604 4192 693 4243 est
724 4188 898 4243 domo
931 4189 1023 4243 Dei
1048 4188 1463 4244 immortalitas
1496 4190 1750 4262 gloriosa
1770 4191 1830 4245 in
1855 4208 2030 4259 regno

378 4276 476 4331 Dei
506 4281 563 4331 et
592 4276 826 4343 Christi,
861 4292 1112 4346 quorum
1144 4276 1418 4347 gratiam,
1442 4283 1500 4333 et
1541 4279 2029 4346 misericordiam,

374 4370 433 4421 et
461 4380 665 4437 pacem
693 4368 930 4435 exoptat
960 4380 1093 4420 cum
1127 4366 1238 4421 isto
1275 4382 1528 4421 manere.

448 4454 602 4509 Sicut
630 4454 827 4525 rogavi
852 4456 907 4507 te
932 4454 1323 4509 subremanere
1354 4455 1574 4525 Ephesi,
1632 4472 1758 4510 cum
1804 4458 1945 4511 irem
1972 4459 2034 4512 in

378 4541 776 4607 Macedoniam,
805 4549 864 4596 ut
890 4541 1183 4597 denunties
1240 4544 1569 4612 quibusdam
1628 4561 1699 4599 ne
1740 4547 1909 4600 aliter
1934 4547 2031 4600 do-

373 4634 550 4695 ceant,
583 4645 717 4683 neve
737 4630 1025 4684 intendant
1052 4631 1279 4699 fabulis,
1306 4640 1358 4686 et
1381 4634 1719 4701 genealogiis
1770 4634 2032 4704 inﬁnitis,

376 4733 499 4789 qua’
527 4718 847 4788 quaestiones
873 4722 1162 4787 prastant,
1193 4721 1376 4789 magis
1407 4737 1569 4791 quam
1614 4721 2035 4791 ludiﬁcationem

379 4808 495 4872 Dei,
522 4821 647 4877 quae
673 4810 755 4861 est
776 4808 836 4860 in
858 4806 981 4874 ﬁde.
1003 4805 1187 4861 Filius
1208 4824 1241 4861 a
1265 4807 1431 4863 Patre
1454 4808 1647 4878 rogari
1670 4826 1786 4863 non
1810 4809 2030 4875 debuit,

376 4895 478 4951 sed
507 4900 742 4966 propter
770 4894 1079 4949 charitatis
1110 4895 1404 4961 allectum,
1439 4902 1495 4950 et
1546 4902 1611 4951 ut
1667 4897 1749 4950 illi
1785 4899 2034 4952 formam

377 4983 727 5038 humilitatis
750 4984 1103 5050 ostenderet,
1128 4984 1396 5039 obsecrat
1417 4985 1727 5056 episcopus
1748 4987 2038 5056 coepisco-

378 5087 520 5142 pum
551 5088 748 5138 suum,
782 5087 855 5127 ne
887 5076 1182 5142 pateretur
1235 5072 1469 5127 Judaaos
1528 5072 1698 5128 aliter
1726 5074 2032 5145 populum,

379 5175 555 5228 quam
576 5160 649 5214 ab
673 5160 950 5230 Apostolo
971 5161 1333 5227 tradebatur,
1366 5162 1595 5229 docere,
1640 5178 1747 5217 nec
1780 5163 2035 5219 oblecta-

378 5253 581 5300 rentur
602 5247 838 5314 fabulis,
869 5264 1019 5319 quas
1042 5265 1281 5304 narrare
1302 5250 1564 5305 consueti
1587 5254 1728 5305 sunt
1747 5251 1935 5306 Judaei
1964 5254 2034 5306 de

379 5334 752 5403 generatione
773 5351 1013 5391 suarum
1038 5336 1333 5407 originum
1359 5339 1429 5393 de
1451 5338 1830 5408 Abraham,et
1851 5341 1869 5393 Ι
1878 5356 2031 5406 saac,

380 5425 439 5474 et
459 5422 683 5474 caeteris
718 5423 1092 5489 patriarchis,
1126 5430 1184 5480 et
1211 5426 1284 5480 de
1314 5427 1781 5497 circumcisione,
1831 5432 1888 5483 et
1918 5428 2031 5495 his,

381 5522 508 5574 qua:
542 5517 740 5574 postea
770 5510 986 5566 tradita
1014 5517 1155 5566 sunt
1185 5530 1219 5568 a
1274 5515 1490 5585 Moyse,
1541 5533 1613 5571 ne
1647 5516 2033 5571 circumveni-

2138 3321 2328 3377 usque
2362 3306 2432 3361 ad
2457 3305 2754 3361 Christum
2786 3306 3072 3360 servanda
3103 3307 3243 3359 sunt
3293 3303 3528 3370 tradita,
3571 3318 3797 3359 errave-

2140 3394 2617 3466 runt,prasdicato
2648 3393 2900 3460 Christo,
2927 3398 2983 3448 et
3010 3391 3196 3465 legem
3231 3392 3519 3447 factorum
3568 3392 3630 3446 in
3665 3408 3798 3447 neo-

2137 3484 2371 3551 meniis,
2404 3486 2461 3537 et
2489 3481 2957 3549 circumcisione,
2990 3486 3047 3537 et
3077 3482 3228 3536 escis
3247 3481 3657 3537 discernendis
3680 3497 3795 3537 ser-

2136 3572 2258 3627 vari
2291 3572 2521 3627 debere.
2549 3572 2765 3627 ldcirco
2797 3571 2855 3625 in
2886 3568 3294 3642 vaniloquium
3327 3569 3470 3625 dicit
3526 3586 3627 3626 eos
3675 3585 3801 3625 esse

2138 3676 2469 3727 conversos,
2504 3660 2643 3731 quia
2670 3660 2945 3715 volebant
2975 3659 3181 3715 docere
3238 3675 3367 3730 quaa
3425 3658 3799 3731 ignorabant.

2209 3750 2422 3803 Scimus
2450 3752 2632 3803 autem
2661 3749 2790 3819 quia
2848 3748 2989 3804 bona
3026 3750 3103 3803 est
3124 3748 3232 3815 lex,
3256 3748 3307 3802 si
3334 3749 3537 3819 quisea
3556 3748 3805 3817 legitime

2137 3841 2372 3892 utatur:
2402 3841 2610 3892 certum
2656 3838 2860 3892 habens
2906 3838 3023 3904 hoc,
3070 3838 3213 3908 quod
3250 3837 3401 3908 justo
3461 3838 3549 3892 lex
3578 3852 3693 3890 non
3726 3844 3807 3890 est

2132 3928 2356 3997 posita,-
2412 3927 2639 3995 iniustis
2695 3942 2819 3980 vero
2877 3934 2929 3981 et
2988 3926 3473 3998 inobsequentibus
3525 3927 3729 3996 impiis
3753 3930 3806 3981 et

2134 4014 2529 4086 peccatoribus,
2557 4016 2795 4069 scelestis
2826 4018 2875 4070 et
2928 4017 3206 4086 pro/anis,
3252 4014 3556 4085 parricidis
3604 4018 3657 4069 et
3685 4031 3804 4068 ma-

2141 4103 2360 4159 lricidis
2414 4108 2469 4159 et
2539 4104 2989 4173 fornicatoribus,
3039 4104 3347 4169 homicidis,
3426 4103 3807 4159 masculorum

2140 4193 2598 4258 concubitoribus,
2645 4194 2966 4264 plagiariis,
3015 4193 3389 4259 mendacibus,
3432 4194 3708 4264 perjuris,
3759 4195 3808 4246 et

2140 4283 2198 4336 si
2226 4281 2358 4351 quid
2384 4281 2541 4335 aliud
2570 4298 2720 4336 same
2744 4282 3002 4336 doctrinm
3052 4281 3399 4346 adservatur,
3451 4296 3577 4352 quae
3607 4286 3695 4336 est
3725 4297 3807 4337 se-

2141 4369 2382 4424 cundum
2405 4370 2775 4442 Evangelium
2802 4370 3007 4440 gloria?
3039 4371 3186 4425 beati
3214 4371 3331 4437 Dei,
3352 4369 3492 4441 quod
3531 4370 3811 4426 creditum

2144 4466 2220 4512 est
2248 4457 2407 4511 mihi.
2443 4458 2659 4512 Bonam
2693 4473 2823 4512 esse
2852 4457 3064 4529 legem,
3098 4474 3224 4528 quis
3257 4473 3361 4529 per
3391 4457 3631 4530 Moysen
3670 4459 3811 4514 data

2144 4550 2252 4615 est,
2280 4535 2400 4600 'non
2433 4550 2646 4617 negat;
2679 4546 2761 4600 ita
2791 4551 3010 4612 tamen,
3044 4550 3108 4600 ut
3138 4563 3349 4601 sensus
3381 4547 3512 4617 ejus
3561 4546 3808 4613 sciatur,

2146 4639 2200 4687 et
2234 4633 2530 4703 quomodo
2562 4634 2701 4688 data
2730 4639 2840 4697 est,
2866 4633 3204 4703 recipiatur.
3238 4633 3340 4689 Hic
3374 4634 3531 4689 enim
3585 4636 3703 4691 scit
3733 4634 3813 4691 le-

2104 4760 2109 4771 .
2144 4738 2300 4792 gem,
2333 4726 2388 4776 et
2419 4738 2538 4792 qua
2567 4737 2745 4776 causa
2774 4722 2909 4775 data
2939 4721 3036 4786 sit,
3071 4722 3171 4793 qui
3202 4722 3538 4795 pradicatio
3572 4723 3811 4779 Christo

2146 4810 2363 4865 deserit
2385 4810 2543 4864 illam
2568 4826 2637 4864 ex
2658 4816 2839 4881 parte,
2864 4826 2979 4880 qua
2998 4810 3090 4865 lex
3114 4811 3398 4867 factorum
3432 4812 3775 4883 appellatur
3798 4831 3811 4881 ;

2145 4897 2300 4953 circa
2331 4897 2702 4953 dilectionem
2727 4902 2923 4953 autem
2962 4899 3055 4953 Dei
3089 4904 3290 4954 utatur
3314 4917 3401 4969 ea,
3434 4914 3741 4967 asserens,
3761 4907 3816 4957 et

2145 4986 2451 5041 afﬁrmans
2484 5003 2613 5054 quae
2647 5003 2678 5041 a
2711 4987 3007 5043 Salvatore
3066 4988 3226 5043 dicta
3277 4992 3435 5057 sunt,
3496 5005 3530 5043 a
3581 4988 3719 5063 lege
3761 4995 3818 5045 et

2145 5076 2467 5148 prOphetis.
2505 5076 2608 5130 Hic
2632 5076 2788 5130 enim
2819 5074 3081 5149 legitimo
3114 5078 3299 5131 utitur
3321 5076 3465 5149 lege,
3493 5077 3595 5148 qui
3617 5083 3817 5149 potest

2145 5165 2478 5219 discernere
2516 5180 2606 5231 ea,
2637 5179 2766 5234 quae
2798 5165 2869 5219 ad
2907 5171 3145 5237 tempus
3196 5166 3334 5221 data
3390 5171 3551 5230 sunt,
3609 5166 3688 5222 ab
3724 5167 3815 5223 his

2145 5268 2273 5324 quae
2300 5257 2581 5323 perpetua
2601 5256 2742 5307 sunt
2767 5269 2780 5318 ;
2811 5257 2868 5307 et
2898 5269 3026 5324 quae
3059 5255 3129 5308 ad
3152 5254 3364 5310 Christi
3398 5255 3706 5326 pertinent
3730 5274 3816 5312 sa-

2144 5345 2536 5404 cramentum,
2573 5340 2789 5395 servari
2815 5341 2940 5409 jam
2974 5341 3033 5395 in
3068 5341 3331 5397 futurum
3368 5359 3481 5397 non
3513 5349 3811 5415 oportere,

2143 5430 2315 5500 quasi
2363 5434 2647 5484 venturus
2695 5431 2969 5484 credatur
3019 5431 3121 5502 qui
3163 5433 3290 5501 jam
3344 5430 3519 5485 ‘venit.
3576 5430 3635 5486 Si
3672 5450 3810 5505 ergo

2144 5518 2342 5573 omnia
2370 5517 2515 5573 locis
2545 5517 2671 5573 suis
2720 5517 3105 5588 accipiantur,
3167 5521 3321 5574 bona
3372 5524 3548 5587 sunt;
3603 5521 3661 5576 si
3695 5538 3811 5594 quo

454 5646 640 5716 (1295)
660 5647 846 5715 Hujus
878 5649 1162 5721 Epistolas,
1189 5658 1329 5710 utet
1358 5657 1606 5713 duarum
1658 5657 2026 5730 superiorum
2065 5664 2479 5731 argumentum
2512 5663 2569 5715 et
2601 5658 2885 5732 expositio
2922 5658 3121 5716 Hilarii
3156 5660 3384 5717 diaconi
3414 5665 3526 5717 est.
