3898 6420
197 440 322 507 666

613 444 1025 511 EXPOSITIO
1069 450 1147 512 IN
1192 450 1621 514 EPISTOLAS
1664 451 1926 514 PAULI.
1958 481 2039 499 -—
2079 453 2158 515 IN
2204 448 2453 516 EPIST.
2501 454 2526 517 Ι
2568 422 2671 515 AD
2714 443 3216 514 TIMOTHEUM.

3498 439 3619 505 666

199 575 425 645 minus,
460 576 619 649 mala
647 583 824 635 erunt
848 583 1133 639 asserenti
1175 600 1461 654 perverse.
1495 585 1738 642 Peccare
1770 590 1860 642 est
1887 588 1942 654 Α
1973 589 2140 645 muni
2172 589 2356 660 (1297)
2386 588 2708 660 gratiarum
2742 584 2969 642 actione
2998 577 3491 652 suscipiat,Deum
3522 593 3624 633 au-

203 665 367 722 enim
396 683 768 741 unaquaeque
799 670 1040 727 minime
1072 672 1212 729 locis
1238 675 1363 731 suis
1393 677 1862 748 exponerePraa-

202 758 369 811 terea
398 756 541 828 quia
560 759 747 829 justis
776 758 903 833 lege
934 778 1051 817 non
1082 779 1228 834 opus
1259 770 1367 828 est,
1400 765 1455 821 id
1484 770 1590 835 est,
1624 766 1717 821 his
1739 766 1861 836 qui,

205 850 449 918 accepta
478 847 826 904 remissione
857 855 1248 923 peccatorum,
1268 854 1568 920 justificati
1601 858 1760 923 sunt,
1794 870 1866 909 ne

195 932 331 1004 jam
361 934 561 991 vivant
589 938 701 993 sub
730 937 877 1011 lege,
911 956 945 995 a
990 957 1107 1012 qua
1153 941 1379 1000 liberati
1412 949 1551 999 sunt
1580 945 1731 1000 dono
1760 943 1863 999 Dei

202 1038 316 1094 per
346 1023 522 1080 fidem
552 1024 789 1094 Christi,
824 1033 891 1084 ut
909 1029 979 1086 de
1001 1035 1206 1088 catero
1228 1037 1454 1102 servata
1473 1033 1598 1106 lege
1621 1037 1861 1099 naturae,

203 1127 337 1183 qua:
368 1113 656 1171 Creatoris
687 1116 1079 1189 cognitionem
1115 1121 1350 1192 recepit,
1404 1127 1461 1177 et
1491 1139 1605 1177 non
1637 1121 1863 1194 peccari

199 1199 512 1273 hortatur;
537 1204 750 1275 judicii
798 1207 953 1263 diem
1000 1214 1322 1281 expectent,
1360 1211 1419 1266 in
1451 1228 1567 1282 quo
1590 1212 1739 1282 justi
1771 1228 1863 1268 re-

202 1292 564 1348 munerandi
605 1299 747 1351 sunt
805 1298 1204 1356 custodientes
1260 1300 1449 1372 legem
1510 1300 1862 1367 naturalem,

205 1393 392 1452 quam
422 1380 470 1437 si
502 1381 834 1441 humanum
863 1403 1049 1458 genus
1079 1389 1285 1445 ducem
1325 1389 1649 1458 habuisset,
1682 1390 1774 1446 lex
1802 1389 1862 1445 in

205 1468 422 1527 litteris
452 1488 556 1544 per
583 1474 821 1547 Moysen
853 1476 989 1532 data
1018 1494 1133 1533 non
1167 1478 1391 1535 fuisset.
1424 1481 1531 1535 Sed
1566 1480 1705 1552 quia
1733 1497 1865 1536 con-

205 1560 458 1631 temptui
490 1561 669 1618 ducta
700 1568 808 1633 est,
841 1565 1012 1637 quasi
1045 1565 1266 1624 nullius
1297 1573 1453 1625 esset
1472 1569 1860 1635 auctoritatis,

203 1648 511 1721 Scriptura
523 1652 756 1711 firmata
766 1656 1206 1723 est,utsciretur
1218 1659 1373 1730 quod
1392 1660 1675 1714 servanda
1687 1662 1860 1725 esset,

203 1742 264 1792 et
295 1744 535 1812 propter
592 1747 827 1816 tempus
874 1761 1151 1817 praesens,
1202 1750 1258 1803 et
1290 1747 1428 1819 quia
1473 1746 1862 1819 requisiturus

201 1826 377 1884 estin
396 1830 662 1887 futurum
684 1832 784 1904 qui
806 1832 968 1891 illam
993 1835 1266 1903 ﬁrmavit,
1291 1854 1324 1890 a
1340 1837 1555 1907 quibus
1579 1838 1861 1909 neglecta,

203 1923 266 1975 et
296 1935 333 2025 εξ
361 1919 582 2025 quibus
609 1927 837 2023 servata
863 1929 968 2003 est.
1022 1925 1229 1995 itaque
1260 1942 1373 1981 non
1405 1925 1595 1982 solum
1629 1930 1864 1997 propter
1891 1959 1940 2025 B

208 2006 401 2063 malos
433 2014 598 2066 actus
628 2015 691 2067 et
717 2011 858 2069 vitia
915 2014 1174 2086 corporis
1224 2016 1409 2087 legem
1467 2015 1665 2071 datam
1697 2016 1861 2083 dicit,

202 2097 309 2154 sed
341 2103 578 2171 propter
605 2102 933 2172 perfidiam,
968 2120 1085 2175 qua
1123 2105 1478 2176 spernebant
1509 2109 1857 2173 Creatorem,

203 2190 269 2241 ut
300 2185 449 2243 bene
478 2187 668 2246 vivere
696 2192 1069 2249 addiscerent
1095 2197 1153 2248 et
1194 2193 1414 2265 gratias
1443 2198 1683 2268 agerent
1712 2195 1859 2255 Con-

198 2274 403 2331 dltori.

271 2366 337 2422 Et
365 2370 584 2438 gratias
609 2386 712 2439 ago
738 2372 914 2444 ei,qui
930 2390 1018 2430 me
1044 2380 1369 2447 confortavzt
1395 2380 1459 2434 in
1484 2377 1700 2434 Christo
1727 2380 1856 2435 Jesu

194 2454 430 2512 Domino
456 2462 668 2528 nostro,
700 2461 840 2533 quod
877 2462 1099 2532 ﬁdelem
1128 2483 1215 2522 me
1260 2468 1622 2534 existimavit,
1652 2485 1860 2539 ponens

194 2543 263 2598 in
282 2545 692 2616 ministerium,
724 2552 821 2621 qui
838 2553 999 2622 prius
1021 2570 1173 2611 eram
1194 2554 1565 2627 blasphemus,
1595 2561 1647 2612 et
1674 2574 1857 2629 perse-

192 2636 374 2698 cutor,
406 2643 458 2690 et
479 2639 909 2697 contumeliosus
928 2662 948 2709 ,-
968 2643 1060 2698 sed
1079 2646 1522 2701 misericordiam
1542 2656 1861 2703 consecutus

188 2739 339 2792 sum,
372 2725 511 2795 quia
540 2727 805 2796 ignorans
833 2732 943 2802 feci
973 2733 1211 2789 nondum
1232 2736 1471 2790 credens.
1505 2737 1857 2808 Superabun-

185 2811 347 2867 davit
376 2821 564 2870 autem
590 2819 784 2887 gratia
841 2823 1065 2877 Domini
1119 2826 1298 2879 nostri
1325 2842 1449 2880 cum
1499 2827 1604 2896 ﬁde
1631 2831 1687 2881 et
1714 2827 1859 2882 dile-

186 2902 396 2971 ctione,
428 2920 550 2976 qua;
584 2912 663 2963 est
692 2910 751 2964 in
786 2911 1009 2968 Christo
1032 2914 1181 2969 Jesu.
1204 2914 1447 2986 Propter
1478 2917 1628 2988 quod
1663 2916 1859 2988 omnis

187 2989 540 3051 incredulus
573 2995 978 3057 inﬁrmitatem
1007 3002 1190 3058 animi
1232 3005 1472 3075 patitur,
1507 3006 1857 3061 constrictus

191 3082 425 3139 carnali
456 3085 681 3144 ratione
714 3104 785 3145 ne
816 3091 1016 3147 credat
1054 3092 1302 3165 spiritali
1328 3111 1341 3162 ;
1384 3095 1600 3151 idcirco
1631 3096 1857 3153 Christo

189 3188 258 3227 se
286 3172 515 3244 gratias
547 3175 696 3233 dicit
724 3194 926 3250 agere,
970 3182 1110 3252 quia
1153 3184 1497 3256 apparentia
1526 3179 1857 3259 majestatis

189 3276 317 3318 sum
348 3262 794 3323 inbecillitatem
827 3270 1043 3327 mentis
1071 3273 1200 3342 ejus
1222 3274 1513 3330 roboravit
1541 3295 1554 3343 ;
1578 3277 1717 3349 quia
1744 3278 1853 3333 im-

1974 685 2191 735 ctorem
2222 679 2402 749 hujus
2433 680 2764 751 praeferens,
2797 681 2855 732 et
2880 673 3219 730 collaudans
3248 670 3307 724 in
3340 666 3572 723 Christo
3594 665 3622 723 ?

1973 769 2081 835 Qui
2113 772 2177 824 ut
2203 768 2501 824 hominem
2534 766 2786 840 peccatis
2842 764 3123 833 ablueret,
3183 762 3254 817 de
3283 757 3616 816 coelestibus

1974 859 2043 914 ad
2076 862 2307 915 terrena
2336 859 2719 926 descendens,
2752 871 2985 914 carnem
3009 850 3228 925 peccati
3259 847 3621 920 accepit,ter-

1973 948 2131 1004 renis
2160 965 2223 1004 se
2254 948 2659 1019 admiscuit,ut
2683 962 2818 1002 eum
2840 944 3129 1002 caelestem
3160 940 3436 1009 efficeret,
3473 933 3620 993 mori

1972 1054 2035 1093 se
2065 1054 2276 1111 passus
2304 1041 2414 1109 est,
2446 1042 2512 1093 ut
2532 1037 2701 1094 illum
2725 1039 2911 1092 morte
2930 1037 3165 1089 erutum
3188 1028 3461 1102 paradiso
3489 1026 3620 1084 red-

1973 1128 2137 1183 deret
2163 1126 2579 1183 immortalem.
2617 1126 2759 1191 Quis
2783 1125 2905 1181 haec
2936 1120 3220 1180 beneﬁcia
3246 1136 3363 1175 non
3394 1117 3454 1174 in
3486 1117 3619 1173 infi-

1973 1216 2165 1271 nitum
2196 1216 2455 1282 extollat,
2486 1232 2614 1288 quas
2664 1221 2813 1271 Deus
2843 1210 3113 1285 praestitit
3139 1206 3389 1273 homini,
3420 1207 3619 1263 Domi-

1974 1322 2086 1361 nus
2117 1322 2305 1373 servo,
2337 1306 2614 1362 Conditor
2638 1308 2955 1365 creatura;
2986 1306 3051 1357 ut
3080 1298 3214 1373 plus
3244 1298 3435 1354 adhuc
3464 1300 3621 1354 esset

1972 1394 2031 1449 in
2063 1394 2361 1451 beneficiis
2392 1395 2711 1463 humamis,
2744 1408 2922 1464 quam
2952 1407 3087 1447 cum
3119 1388 3253 1445 fecit
3313 1403 3441 1459 quae
3497 1402 3616 1441 non

1972 1487 2157 1551 erant,
2192 1487 2573 1556 posteaquam
2604 1482 2786 1538 fecit?
2813 1480 3041 1537 Etenim
3070 1477 3385 1534 derelictus
3407 1476 3478 1532 ab
3501 1474 3616 1545 his,

1971 1576 2028 1628 et
2057 1577 2451 1645 contemptus,
2479 1578 2536 1628 et
2596 1569 2946 1628 contumelia
2992 1566 3307 1640 appetitus,
3349 1563 3516 1620 addit
3544 1563 3617 1618 ad

1971 1662 2253 1719 beneficia
2283 1680 2397 1718 non
2429 1662 2771 1735 requisitus,
2826 1664 2893 1716 ut
2920 1657 3148 1731 gracior
3191 1658 3365 1725 esset,
3399 1657 3458 1709 et
3486 1650 3620 1724 plus

1972 1752 2367 1823 praeferendus
2397 1753 2537 1808 dum
2570 1754 2801 1824 reparat
2821 1765 2999 1822 quam
3020 1763 3153 1803 cum
3184 1744 3412 1810 fecit,ut
3429 1744 3620 1797 osten-

1972 1840 2134 1897 deret
2163 1858 2348 1897 unum
2382 1858 2444 1898 se
2473 1859 2620 1907 esse,
2672 1839 2773 1912 qui
2802 1839 2926 1894 haec
2973 1835 3175 1892 omnia
3201 1832 3408 1906 possit.
3437 1830 3624 1901 Igitur

1971 1930 2056 1987 sic
2086 1931 2356 1987 Christus
2387 1930 2725 2003 praesidium
2757 1928 2896 1986 tulit
2923 1923 3171 1995 homini,
3207 1927 3274 1979 ut
3303 1920 3618 1998 puritatem

1971 2037 2141 2076 suam
2175 2038 2289 2076 non
2317 2020 2577 2093 violaret,
2609 2038 2715 2078 nec
2744 2019 3080 2076 admitteret
3110 2017 3479 2090 potestatem.
3515 2011 3622 2069 Ho-

1970 2110 2191 2167 minem
2223 2110 2380 2167 enim
2403 2110 2561 2167 nasci
2587 2128 2648 2167 se
2670 2109 2984 2181 voluit,pro
3004 2110 3160 2163 certo
3180 2105 3407 2161 habens
3426 2102 3620 2160 carnis

1970 2205 2241 2258 contactu
2272 2219 2335 2258 se
2383 2200 2627 2257 minime
2666 2198 2892 2255 violari.
2938 2192 3372 2253 Conversationi
3403 2193 3619 2248 huma-

1971 2310 2056 2348 nae
2089 2309 2151 2348 se
2200 2291 2460 2359 miscuit,
2518 2290 2712 2346 sciens
2768 2286 3022 2360 peccatis
3059 2301 3122 2341 se
3173 2282 3469 2355 corrumpi
3502 2298 3619 2337 non

1970 2397 2163 2454 posse.
2196 2379 2390 2437 Occidi
2421 2397 2483 2436 se
2536 2394 2748 2451 passus
2777 2381 2886 2445 est,
2936 2391 3050 2430 non
3105 2372 3339 2429 nescius
3370 2374 3616 2427 mortem

1970 2470 2083 2525 sibi
2116 2468 2403 2525 dominari
2429 2485 2544 2523 non
2569 2465 2867 2538 posse,sed
2895 2480 3023 2519 eam
3047 2479 3155 2518 sua
3175 2460 3505 2533 opprimere
3525 2475 3625 2530 po-

1967 2562 2195 2614 testate.
2230 2558 2362 2614 Haac
2388 2573 2523 2630 ergo
2550 2555 2753 2629 gessit,
2779 2559 2842 2609 ut
2870 2552 3070 2609 omnia
3091 2568 3151 2607 se
3174 2566 3346 2622 posse
3366 2549 3617 2604 doceret.

1968 2648 2283 2704 Humilitas
2342 2647 2498 2703 enim
2545 2646 2659 2701 ista
2707 2661 2822 2700 non
2874 2643 2945 2698 ad
3006 2638 3460 2695 diminutionem
3489 2637 3619 2707 ejus

1969 2739 2221 2812 proﬁcit,
2255 2739 2356 2794 sed
2385 2738 2455 2793 ad
2488 2736 2755 2809 gloriam,
2789 2738 2845 2789 et
2874 2748 2991 2787 non
3020 2730 3212 2786 solum
3244 2728 3394 2799 ejus,
3411 2741 3615 2781 verum

1968 2830 2145 2886 etiam
2177 2829 2237 2883 in
2262 2828 2460 2901 ipsum
2491 2825 2874 2883 credentium.
2909 2820 3176 2894 Dignitas
3198 2820 3289 2873 est
3316 2815 3471 2873 enim
3505 2831 3622 2870 ser-

1966 2934 2104 2973 vum
2137 2934 2266 2973 esse
2298 2915 2572 2988 potentis.
2605 2918 2748 2969 Cum
2780 2915 2916 2968 ante
2935 2908 3274 2981 Apostolum
3307 2903 3478 2961 multi
3509 2902 3619 2958 uti-

1969 3024 2084 3080 que
2113 3006 2505 3063 credidissent
2553 3004 2891 3059 Judasorum
2925 3016 2994 3055 ex
3030 2998 3142 3063 bis,
3170 2994 3268 3067 qui
3300 2992 3616 3049 Dominum

1968 3098 2164 3172 ipsum
2198 3090 2886 3165 occiderunt,Apostolus
2916 3088 3208 3153 tamen,ut
3237 3099 3299 3138 se
3326 3080 3616 3146 bumiliet,

1967 3189 2159 3246 adhuc
2190 3187 2393 3243 dolens
2423 3185 2494 3239 de
2526 3199 2634 3238 sua
2662 3173 3359 3246 incredulitate,primum
3394 3186 3457 3226 se
3486 3184 3617 3225 om-

1971 3280 2135 3336 nium
2170 3275 2537 3351 peccantium
2569 3266 3047 3334 vocat.Quoniam
3079 3262 3234 3320 enim
3258 3278 3374 3333 praa
3395 3257 3618 3315 caeteris

187 3351 486 3423 possibile
517 3356 764 3426 putabat
784 3372 915 3415 esse
935 3361 1092 3431 quod
1120 3363 1194 3418 de
1215 3363 1445 3420 Domini
1479 3343 1857 3437 potestate,et
1888 3343 1931 3411 (ἶ
1971 3343 2337 3426 sacramento
2369 3382 2431 3422 se
2461 3362 2677 3419 imbuit
2700 3353 3288 3429 Salvatoris,propius
3318 3350 3392 3406 ad
3414 3364 3617 3421 cogro-

185 3440 434 3513 gemina
462 3442 852 3515 nativitate,et
877 3452 1321 3524 resurrectione,
1356 3459 1407 3508 et
1440 3471 1543 3526 spe
1574 3456 1858 3527 pradica-

186 3529 390 3587 batur.
415 3530 818 3591 Confirmatus
840 3543 1040 3594 autem
1063 3539 1200 3596 talis
1216 3542 1379 3599 visus
1401 3546 1617 3617 est,qui
1640 3546 1858 3618 dignus

183 3623 357 3677 esset
380 3636 449 3676 ac
481 3627 684 3693 posset
711 3623 1084 3697 dispensator
1112 3645 1241 3687 esse
1274 3634 1625 3690 sacramenti
1660 3635 1855 3692 Domi-

185 3707 332 3772 nici,
368 3712 436 3797 ut
465 3725 533 3766 ea
587 3727 726 3768 vera
778 3730 883 3785 per
936 3716 1124 3789 legem
1185 3720 1467 3793 ﬁrmaret,
1518 3740 1646 3795 qua:
1693 3726 1856 3797 prius

184 3811 393 3853 arnore
425 3796 574 3871 legis
602 3798 971 3860 incredibilia
983 3805 1312 3877 judicabat,
1333 3815 1391 3866 et
1419 3810 1476 3866 in
1507 3796 1856 3884 persecutio-

186 3885 374 3941 nibus
400 3888 706 3958 gauderet,
739 3907 886 3962 quas
918 3894 1083 3965 prius
1104 3898 1273 3967 quasi
1288 3899 1450 3969 juste
1480 3904 1856 3962 credentibus

187 3974 712 4043 inferebat,dolens
733 3981 874 4051 quia
889 3982 1127 4051 fecerat,
1152 3985 1319 4043 lzetus
1341 3989 1478 4060 quia
1500 3994 1852 4062 patiebatur.

185 4066 441 4120 Tantam
473 4065 631 4123 enim
666 4084 832 4140 spem
864 4071 1150 4128 didicerat
1180 4075 1238 4130 in
1262 4092 1349 4142 eo,
1384 4095 1560 4150 quem
1594 4090 1729 4138 ante
1758 4101 1854 4139 ne-

185 4152 395 4243 gabat,
426 4157 493 4209 ut
524 4154 658 4226 plus
703 4159 988 4229 gauderet
1043 4162 1105 4217 in
1137 4165 1430 4237 patiendo,
1481 4186 1655 4241 quam
1690 4171 1855 4243 prius

183 4240 586 4301 exsultaverat
616 4244 674 4300 in
707 4251 1135 4321 persequendo.
1154 4252 1280 4308 Non
1308 4255 1465 4311 enim
1489 4240 1714 4315 malitia
1744 4260 1855 4317 hoc

182 4331 558 4423 agebattsed
582 4349 809 4423 errore,
863 4339 959 4393 cui
1020 4339 1187 4397 facile
1233 4348 1447 4414 potest,
1478 4361 1612 4402 cum
1645 4349 1852 4423 recipi-

180 4418 300 4474 scit
329 4420 543 4512 (12.96),
573 4422 820 4496 ignosci.
854 4427 963 4492 Qui
994 4433 1193 4485 autem
1246 4432 1359 4487 scit
1400 4450 1536 4490 vera
1565 4454 1694 4495 esse
1724 4418 1852 4512 quea

179 4512 384 4580 negat,
417 4509 515 4567 hic
546 4527 662 4568 non
693 4529 887 4571 errore
936 4516 1046 4572 hoc
1086 4519 1225 4591 agit,
1286 4523 1387 4578 sed
1421 4509 1848 4587 malevolentia.

180 4597 387 4690 Hujus
413 4598 743 4658 insanabile
762 4603 979 4661 vulnus
1000 4613 1107 4662 est.
1134 4609 1359 4666 Invidia
1379 4613 1535 4669 enim
1558 4616 1853 4690 compelli-

176 4690 285 4742 tur
310 4686 529 4744 falsum
561 4690 857 4762 appellare
887 4696 1043 4766 quod
1074 4696 1186 4752 scit
1210 4715 1432 4755 verum.

1968 3461 2184 3516 scenda
2250 3453 2746 3531 magniﬁcentiam
2821 3451 2950 3523 ejus
3019 3443 3323 3515 accedens,
3383 3439 3621 3531 aecusat

1968 3566 2031 3607 se
2063 3528 2380 3625 magis,qui
2400 3550 2629 3605 tantum
2663 3542 2799 3605 boni
2830 3540 2997 3605 tarde
3026 3533 3281 3621 agnovit,
3305 3548 3413 3593 nec
3440 3528 3619 3593 ultro,

1969 3642 2069 3697 sed
2092 3640 2496 3699 misericordia
2515 3640 2643 3713 ejus
2663 3634 3083 3713 praeventus,ut
3106 3634 3233 3711 ipse
3252 3634 3420 3693 testis
3439 3637 3614 3705 esset,

1968 3731 2291 3788 divinitatis
2322 3732 2471 3802 ejus,
2505 3740 2679 3803 quem
2712 3730 2877 3803 prius
2898 3733 2964 3784 ut
2992 3727 3290 3785 hominem
3320 3726 3616 3783 mortuum

1966 3822 2316 3878 aestimabat.
2347 3822 2477 3877 Haec
2517 3820 2812 3877 accusatio
2870 3816 2999 3890 ejus
3031 3822 3138 3882 est,
3173 3815 3303 3872 laus
3332 3831 3464 3871 vero
3495 3814 3618 3870 Sal-

1965 3912 2183 3967 vatoris
2214 3911 2314 3981 qui
2366 3911 2435 3966 ad
2487 3910 2816 3981 exemplum
2867 3912 3205 3964 ceterorum
3255 3905 3617 3961 credentium

1966 4004 2415 4074 persequentem
2438 4016 2501 4055 se
2524 3998 2748 4054 vocavit
2777 3998 2846 4053 ad
2873 3997 3142 4070 gratiam,
3168 3998 3234 4049 ut
3262 4011 3367 4065 per
3394 3993 3619 4064 patien-

1966 4090 2109 4145 tiam
2142 4106 2334 4160 suam,
2369 4088 2913 4160 magnanimitatem
2937 4086 2996 4139 in
3020 4100 3087 4140 eo
3108 4084 3441 4138 ostenderet
3460 4086 3620 4137 caete.

1964 4179 2068 4247 ris,
2102 4179 2201 4251 qui
2233 4178 2469 4234 inimico
2505 4181 2621 4232 tam
2646 4174 2960 4232 benevolus
2984 4172 3227 4241 exstitit,
3250 4171 3443 4245 qualis
3465 4175 3620 4228 esset

1965 4270 2200 4325 futurus
2232 4268 2300 4324 ad
2334 4282 2396 4324 se
2431 4264 2899 4323 decurrentibus.

2036 4360 2169 4429 Regi
2198 4366 2384 4413 autem
2423 4357 2756 4412 saeculorum
2810 4353 3136 4422 immortali,
3187 4349 3479 4421 invisibili,
3511 4350 3620 4406 soli

1962 4449 2069 4503 Deo
2099 4446 2271 4503 honor
2316 4450 2367 4502 et
2418 4446 2599 4514 gloria
2652 4445 2714 4499 in
2742 4443 2945 4498 saecula
2998 4441 3349 4498 saeculorum.
3385 4438 3514 4493 Hec
3542 4438 3613 4493 ad

1960 4535 2063 4592 Dei
2095 4534 2282 4592 Patris
2310 4550 2622 4606 personam
2653 4532 2962 4603 pertinent,
3012 4546 3186 4601 quem
3218 4526 3615 4583 immortalem

1961 4624 2091 4681 ideo
2123 4622 2337 4691 solum,
2371 4626 2427 4678 et
2457 4620 2812 4677 invisibilem
2838 4618 3260 4692 appellat,quia
3288 4617 3482 4673 omnis
3508 4616 3617 4672 im-

1881 4720 1930 4784 D
1963 4712 2291 4771 mortalitas
2321 4712 2394 4767 ab
2424 4711 2552 4781 ipso
2583 4713 2691 4777 est,
2726 4714 2793 4764 ut
2822 4708 2934 4781 ipsi
2966 4707 3073 4764 soli
3103 4707 3292 4777 magis
3322 4710 3618 4778 competat

256 4781 560 4872 “mani”
587 4794 789 4851 “rma,
828 4786 882 4838 et
933 4787 1092 4840 omni
1134 4790 1451 4860 ασεθρίίοηθ
1493 4793 1697 4862 dignus
1725 4800 1855 4868 quia
1881 4781 1919 4784 _
1966 4804 2027 4860 in
2057 4802 2320 4871 veritate,
2354 4800 2491 4872 quia
2522 4799 2771 4871 quisque
2815 4796 3170 4854 immortalis
3201 4801 3308 4867 est,
3342 4811 3458 4850 non
3489 4812 3523 4850 a
3554 4811 3615 4849 se

176 4864 436 4922 Christus
484 4868 645 4924 Iesus
691 4873 840 4927 venit
894 4874 960 4928 in
1018 4873 1166 4931 hunc
1220 4879 1489 4935 mundum
1545 4864 1851 4953 peccatores

170 4953 367 5011 salvos
391 4957 604 5025 facere,
635 4973 871 5030 quorum
897 4964 1115 5033 primus
1140 4981 1238 5035 ego
1266 4982 1407 5023 sum.
1451 4970 1551 5026 Sed
1580 4974 1704 5028 ideo
1732 4978 1845 5031 mi-

171 5044 545 5101 sericordiam
601 5054 919 5106 consecutus
972 5069 1118 5125 sum,
1176 5058 1239 5108 ut
1289 5058 1351 5111 in
1405 5074 1493 5115 me
1550 5064 1845 5120 ostenderet

172 5133 428 5191 Christus
456 5135 613 5191 Iesus
670 5152 888 5195 omnem
939 5146 1473 5218 magnanimitatem,
1523 5154 1577 5205 et
1616 5156 1841 5222 patien-

168 5224 336 5289 tiam,
363 5222 439 5279 ad
465 5226 782 5297 amplum
829 5244 1027 5286 eorum
1054 5232 1152 5302 qui
1174 5234 1473 5312 credituri
1498 5245 1628 5294 sunt
1660 5242 1751 5295 illi
1778 5244 1840 5298 in

166 5312 344 5368 vitam
370 5314 663 5370 aeternam.
694 5314 841 5380 Quid
873 5322 995 5375 tam
1049 5326 1310 5394 gratum,
1360 5329 1597 5397 tamque
1618 5329 1837 5398 jucun-

167 5398 335 5471 dum,
368 5417 551 5474 quam
586 5405 996 5476 peccatoribus
1016 5403 1445 5484 indulgentiam
1474 5417 1789 5488 praedicare

165 5488 309 5553 Quis
339 5490 503 5547 enim
534 5491 661 5548 sine
688 5499 922 5569 peccato
944 5502 1054 5570 est,
1077 5502 1144 5555 ut
1163 5499 1273 5556 hoc
1295 5518 1513 5560 munus
1538 5521 1652 5560 non
1675 5523 1832 5562 com-

237 5684 429 5776 (_12?6)
448 5685 845 5776 Emendatum
867 5691 1084 5776 legitur
1107 5695 1166 5751 in
1190 5697 1611 5776 Amqbrosiastri
1633 5701 1835 5776 Operi:

159 5754 294 5813 δαὶ
326 5754 626 5832 Ῑίιήλατεο
658 5759 776 5818 ita:
803 5754 1011 5837 potavit,
1037 5783 1164 5824 cum
1192 5754 1609 5843 resipuitVIH'“
1644 5754 1774 5776 '1'"
1792 5754 1815 5778 “-

1963 4892 2117 4948 hanc
2147 4891 2344 4958 habet,
2377 4890 2477 4945 sed
2511 4890 2584 4945 ab
2613 4888 2733 4944 illo.
2758 4888 2945 4945 Simili
2977 4886 3149 4942 modo
3180 4889 3237 4940 et
3266 4885 3326 4939 in
3356 4884 3615 4955 Evange-

1964 4981 2038 5037 lio
2070 4980 2289 5053 legitur
2318 4979 2545 5035 dicente
2594 4977 2875 5033 Domino:
2913 4977 3056 5045 Quia
3088 4989 3247 5031 nemo
3296 4980 3392 5041 est,
3424 4972 3619 5044 inquit

1962 5069 2152 5137 bonus,
2197 5071 2313 5126 nisi
2352 5085 2497 5124 unus
2552 5069 2695 5123 Deus
2754 5066 2941 5137 (Marc.
3002 5082 3055 5119 χ.
3116 5065 3225 5131 18).
3278 5063 3349 5118 Et
3400 5062 3615 5117 iterum

1959 5159 2083 5232 ipse
2114 5159 2297 5215 dicit:
2354 5163 2539 5215 Bonus
2594 5159 2753 5214 homo
2803 5155 2872 5211 de
2901 5156 3036 5211 bona
3093 5154 3351 5210 thesauro
3403 5154 3617 5224 profert

1961 5248 2101 5305 bona
2126 5250 2347 5321 (Matth.
2379 5265 2482 5315 xu,
2511 5248 2623 5315 35).
2654 5246 2836 5302 Nemo
2867 5243 3209 5310 tamen,uisi
3252 5259 3408 5298 unus
3441 5245 3615 5311 Deus,

1958 5338 2153 5395 bonus
2184 5343 2291 5405 est,
2326 5337 2465 5409 quia
2495 5337 2624 5408 Ipse
2656 5337 2786 5391 fons
2832 5334 3114 5390 bonitatis
3145 5338 3328 5403 est,ex
3355 5347 3471 5404 quo
3502 5346 3616 5386 cte-

1956 5427 2064 5481 teri
2096 5431 2395 5499 putantur,
2425 5430 2490 5481 ut
2520 5425 2656 5480 boni
2680 5424 2816 5479 sint.
2842 5422 2971 5495 Ipse
2991 5428 3081 5478 est
3109 5426 3165 5478 et
3185 5421 3499 5477 invisibilis
3520 5437 3613 5476 so-

1955 5513 2052 5574 lus
2073 5516 2250 5586 Deus,
2266 5515 2406 5589 quia
2422 5512 2567 5571 nulli
2595 5528 2890 5587 sunquam
2914 5512 3078 5569 visus
3097 5515 3204 5569 est.
3227 5510 3435 5569 Omnia
3456 5508 3613 5566 enim

2028 5713 2212 5786 (1297)
2244 5713 2310 5788 In
2338 5710 2646 5788 impressis
2687 5712 2804 5770 divi
2857 5709 3128 5768 Ambrosi
3187 5705 3474 5781 Operibus
3501 5717 3617 5759 non

1942 5790 2081 5844 eum
2113 5787 2270 5841 omni
2275 5827 2287 5840 .
