3898 6452
337 439 455 506 667

1356 451 1696 516 ATTONIS
1741 454 2329 518 VERCELLENSIS
2375 456 2728 520 EPISGOPI

3631 451 3772 515 668

337 577 459 648 agit
487 592 591 650 per
618 577 851 648 Filium,
905 598 1077 654 quem
1126 584 1340 641 idcirco
1388 587 1582 642 visum
1615 588 1887 656 dicimus,
1921 592 1988 643 ut
2016 591 2068 656 Α
2101 589 2250 644 stica
2282 594 2370 645 est
2399 591 2616 646 tradita
2646 608 2680 646 a
2709 590 2990 662 magistro
3037 588 3322 662 gentium,
3355 603 3474 660 qua
3508 582 3773 643 utuntur

338 665 474 722 licet
505 668 673 723 aliter
693 687 870 741 quam
897 678 1005 737 est,
1030 677 1373 746 apparuisse
1394 678 1577 746 (1293)
1600 682 1795 732 tamen
1821 677 1986 732 illum

337 755 761 826 signiﬁcemus.
795 762 1312 818 Honoriﬁcentiam
1345 771 1565 836 ergo,et
1595 766 1843 836 gloriam
1876 771 1986 821 Deo

338 844 495 898 Patri
525 845 582 899 in
611 847 853 903 veritate
904 853 1261 920 pronuntiat,
1313 855 1484 924 cujus
1517 854 1726 925 pietate
1757 871 1822 909 ac
1857 871 1986 926 pro-

337 932 594 990 videntia
625 936 894 993 Christus
921 939 1186 995 liberavit
1217 948 1547 1013 peccatores
1575 961 1641 997 ex
1674 949 1877 998 morte.

408 1023 514 1077 Hoc
541 1031 877 1096 praeceptum
923 1031 1234 1085 commendo
1283 1032 1402 1096 tibi,
1453 1033 1540 1102 ﬁli
1569 1033 1866 1096 Tomothee,
1897 1049 1985 1087 se-

335 1111 575 1166 cundum
603 1115 972 1184 prmcedenles
992 1134 1158 1188 super
1186 1122 1239 1173 te
1257 1122 1665 1191 pr-Ophetias,ut
1690 1122 1899 1176 milites
1928 1123 1987 1174 in

337 1201 454 1255 illis
485 1203 680 1258 bonam
721 1206 1006 1271 militiam,
1068 1209 1269 1263 habens
1327 1211 1511 1280 ﬁdem,
1545 1214 1597 1264 et
1629 1211 1824 1266 bonam
1857 1225 1986 1264 con-

334 1291 640 1362 scientiam,
677 1309 841 1363 qua-m
860 1296 1082 1364 quidam
1112 1299 1452 1368 repellentes,
1477 1301 1620 1353 circa
1653 1300 1816 1369 ﬁdem
1845 1316 1988 1353 nau-

338 1386 714 1448 tragaverunt,
749 1401 819 1437 ea:
847 1388 1041 1454 quibus
1070 1396 1152 1441 est
1179 1389 1526 1458 Hymenzeus,
1569 1393 1619 1442 et
1651 1389 1987 1454 Alexander,

337 1482 467 1535 quos
497 1470 705 1524 tradidi
743 1472 984 1536 Satanm,
1044 1481 1105 1529 ut
1154 1477 1364 1531 discant
1420 1495 1530 1532 non.
1589 1477 1984 1545 blasphemare.

339 1559 657 1628 Postquam
695 1561 795 1616 Dei
828 1563 1039 1632 Patris,
1074 1569 1130 1618 et
1177 1565 1388 1620 Christi
1425 1565 1552 1620 Filii
1583 1567 1733 1636 ejus,
1771 1583 1900 1636 quae
1931 1570 1990 1620 et

338 1653 554 1717 quanta
588 1649 869 1705 beneﬁcia
925 1653 1041 1706 sint
1095 1653 1247 1709 circa
1306 1660 1638 1725 peccatores
1698 1654 1984 1723 homines,

338 1739 717 1804 memoravit;
751 1740 850 1809 qui
881 1757 1015 1796 cum
1067 1748 1264 1798 essent
1321 1744 1623 1814 puniendi,
1652 1760 1765 1798 non
1797 1742 1987 1798 solum

337 1823 559 1896 ignovit
587 1827 694 1894 eis,
727 1829 826 1884 sed
859 1835 915 1884 et
935 1831 1365 1901 justiﬁcavit,et
1397 1832 1456 1886 in
1490 1833 1639 1887 ﬁlios
1670 1832 1783 1886 sibi
1814 1833 1988 1903 adop-

2103 681 2436 735 saccrdotes
2460 681 2666 752 nostri,
2692 685 2755 736 ut
2776 697 2876 751 pro
2899 678 3174 734 omnibus
3195 677 3773 748 supplicent,depre-

2099 775 2299 822 cantes
2333 785 2435 840 pro
2469 769 2703 841 regibus
2733 769 2912 838 hujus
2955 767 3173 831 saeculi,
3220 771 3284 820 ut
3313 766 3611 836 subjectae
3640 765 3767 820 ha-

2099 856 2275 912 beant
2306 864 2526 929 gentes,
2557 863 2623 912 ut
2680 858 2736 912 in
2778 875 2919 929 pace
2976 856 3171 928 positi,
3226 856 3287 910 in
3345 854 3767 926 tranquilitate

2098 946 2332 1011 mentis,
2365 950 2421 1002 et
2453 947 2647 1018 quiete
2677 947 2924 1002 Domino
2956 950 3154 1001 nostro
3182 944 3398 1001 servire
3427 943 3767 1017 possimus.

2099 1034 2340 1090 Orantes
2363 1036 2537 1090 etiam
2572 1053 2674 1106 pro
2696 1035 2810 1106 his,
2840 1036 3055 1107 quibus
3078 1034 3350 1090 sublimis
3383 1038 3642 1106 potestas
3668 1035 3773 1087 est

2098 1125 2338 1192 credita,
2371 1129 2437 1178 ut
2469 1124 2526 1179 in
2566 1125 2822 1194 justitia,
2876 1130 2934 1179 et
2963 1125 3206 1179 veritate
3238 1124 3568 1196 gubernent
3598 1137 3769 1178 rem-

2099 1211 2834 1284 publicam,suppeditante
2858 1230 3056 1268 rerum
3079 1213 3537 1278 abundantia,ut
3556 1215 3772 1267 amota

2100 1301 2540 1371 perturbatione
2595 1302 2918 1370 seditionis,
2979 1303 3254 1358 succedat
3297 1301 3518 1356 laetitia.
3575 1299 3768 1354 Panis

2097 1388 2251 1443 enim
2285 1391 2596 1446 conﬁrmat
2645 1407 2762 1455 cor,
2824 1395 2880 1444 et
2935 1390 3135 1445 vinum
3195 1389 3450 1445 laetiﬁcat
3488 1393 3763 1444 mentem

2098 1478 2267 1548 (Psal.
2302 1495 2418 1544 cm,
2454 1480 2560 1548 14).
2596 1478 2962 1534 Postulantes
2987 1495 3120 1534 vero
3147 1494 3248 1549 pro
3279 1478 3395 1544 his,
3428 1478 3528 1548 qui
3561 1478 3622 1531 in
3653 1493 3764 1531 ne-

2099 1567 2372 1622 cessitate
2403 1568 2562 1622 varia
2591 1573 2752 1633 sunt,
2786 1573 2851 1622 ut
2881 1567 3051 1636 eruti,
3085 1572 3142 1623 et
3171 1567 3399 1622 liberati
3432 1571 3612 1621 Deum
3637 1564 3767 1619 col-

2096 1655 2338 1710 laudent
2365 1656 2785 1712 incolumitatis
2808 1663 3127 1712 auctorem.
3153 1657 3486 1711 Referentes
3515 1670 3766 1726 quoque

2099 1745 2422 1816 gratiarum
2456 1747 2712 1801 actiones
2745 1763 2847 1818 pro
2880 1746 2973 1801 his
3005 1763 3131 1817 quae
3163 1745 3332 1802 nobis
3363 1743 3624 1816 quotidie
3657 1742 3766 1797 Dei

2099 1834 2463 1904 providentia
2493 1839 2848 1904 praestantur
2879 1835 2949 1889 ad
2968 1835 3240 1903 vitam,ut
3269 1833 3328 1888 in
3358 1833 3450 1888 his
3472 1831 3766 1888 omnibus

337 1915 500 2023 tavLit,
533 1932 648 1986 quo
680 1916 884 2017 ordine
925 1919 1208 1989 populum
1258 1921 1569 1992 disciplina
1597 1921 1989 1976 ecclesiastica
2022 1960 2067 2023 B
2102 1927 2264 1978 Pater
2295 1922 2660 1979 collaudetur
2683 1928 2852 1990 Deus,
2875 1941 2943 1978 ex
2964 1941 3078 1995 quo
3100 1927 3239 1978 sunt
3259 1922 3543 1989 omnia,et
3564 1919 3766 1976 Filius

339 2002 628 2059 imbueret
653 2023 670 2059 :
702 2005 760 2060 in
793 2007 1074 2076 subjectis
1095 2010 1852 2076 ostendit,commonens,ut
1873 2027 1989 2065 me-

339 2108 468 2146 mor
495 2092 798 2149 electionis
829 2112 947 2150 suae
979 2101 1220 2152 sanctus
1245 2098 1591 2154 Timotheus
1624 2099 1703 2168 id,
1729 2099 1798 2153 ad
1832 2100 1985 2169 quod

336 2181 664 2237 destinatus
695 2189 804 2250 est,
854 2184 1113 2255 impleat.
1175 2188 1626 2242 Praedestinatus
1670 2193 1760 2243 est
1807 2189 1985 2253 enim,

337 2271 573 2341 quando
605 2273 677 2326 ad
710 2276 817 2327 hoc
859 2275 930 2329 ab
963 2275 1240 2346 Apostolo
1290 2281 1632 2348 assumptus
1665 2281 1772 2341 est,
1805 2281 1868 2331 ut
1893 2293 1984 2331 or-

338 2359 661 2427 dinaretur,
696 2362 912 2433 dignus
945 2364 1247 2433 judicatus
1296 2366 1530 2420 futurus
1561 2367 1890 2437 episcopus,
1927 2370 1988 2420 ut

337 2447 610 2518 impleret
640 2449 910 2505 militiam
941 2453 1334 2523 evangelicum
1359 2453 1414 2508 in
1439 2455 1552 2509 ﬁde
1582 2460 1638 2509 et
1668 2472 1814 2525 pura
1843 2471 1986 2510 con-

337 2536 600 2592 scientia.
627 2538 732 2602 Qui
759 2539 914 2594 enim
938 2541 1184 2596 ﬁdeliter
1204 2543 1510 2608 docet,non
1544 2547 1737 2616 potest
1769 2543 1983 2599 malam

338 2625 553 2681 habere
602 2629 1042 2684 conscientiam.
1106 2632 1268 2686 Tunc
1323 2633 1478 2687 enim
1539 2634 1713 2687 ﬁdem
1753 2632 1986 2688 exhibet

337 2715 755 2787 praedicationi,
791 2717 840 2772 si
872 2735 934 2772 se
964 2719 1255 2775 abstineat
1287 2739 1320 2775 a
1349 2721 1653 2777 contrariis
1684 2723 1981 2792 omnibus,

335 2804 476 2874 quia
506 2807 771 2876 exemplo
803 2806 1088 2862 bonorum
1123 2826 1366 2881 operum
1401 2810 1614 2866 multos
1645 2810 1880 2866 lacessit
1908 2811 1980 2865 ad

334 2892 754 2963 credelitatem,
802 2895 1045 2951 fidentes
1099 2898 1170 2953 de
1202 2915 1304 2970 spe
1353 2899 1799 2970 praedicationis.
1834 2899 1980 2954 Nam

335 2980 435 3053 qui
468 2981 643 3036 ﬁdem
675 2984 915 3054 spernit,
952 2987 1150 3056 procul
1176 2987 1352 3042 dubio
1380 2988 1543 3043 malae
1567 2993 1654 3043 est
1686 2988 1982 3043 conscien-

331 3069 444 3124 tiae.
475 3071 589 3125 Aut
635 3073 790 3127 enim
845 3073 1146 3146 hypocrita
1205 3076 1562 3147 praedicator,
1610 3083 1712 3132 aut
1742 3081 1980 3148 apertus

333 3156 733 3228 blasphemus,
760 3161 912 3216 sicut
941 3167 1108 3218 erant
1137 3167 1502 3236 Hymenaeus,
1549 3170 1607 3220 et
1637 3164 1976 3233 Alexander,

331 3247 430 3318 qui
463 3247 789 3304 deferentes
844 3251 1015 3306 ﬁdem
1075 3253 1340 3325 naufragi
1401 3254 1532 3309 facti
1579 3259 1740 3321 sunt,
1774 3254 1827 3308 id
1866 3257 1973 3323 est,

2099 2011 2247 2082 ejus,
2279 2027 2380 2082 per
2409 2029 2579 2082 quem
2631 2017 2770 2067 sunt
2826 2012 3043 2066 omnia.
3085 2010 3152 2065 Ut
3211 2009 3417 2080 sopitis
3447 2008 3761 2077 omnibus,

2099 2117 2227 2171 quas
2258 2099 2396 2155 huic
2425 2099 2668 2172 imperio
2699 2098 3255 2166 infesta,etinimica
3284 2097 3508 2163 sunt,in
3538 2097 3762 2152 affectu

2099 2189 2352 2260 pietatis,
2387 2193 2443 2244 et
2473 2188 2762 2244 castitatis
2790 2191 2900 2244 Deo
2933 2188 3145 2243 servire
3170 2186 3485 2259 possimus.
3521 2183 3765 2241 Pertur-

2099 2277 2256 2332 batio
2289 2278 2468 2343 enim,
2501 2283 2556 2332 et
2581 2277 2883 2349 captivitas
2933 2293 3037 2332 nec
3075 2277 3352 2347 pietatem
3399 2279 3615 2344 servat,
3653 2290 3763 2330 nec

2095 2367 2449 2422 castitatem.
2478 2366 2636 2421 Unde
2657 2365 2814 2421 enim
2834 2365 2985 2436 pius,
3012 2364 3112 2435 qui
3132 2365 3329 2419 nudus
3349 2362 3485 2419 est?
3506 2363 3574 2417 Et
3595 2363 3764 2418 unde

2095 2456 2356 2525 castitas,
2391 2455 2489 2510 ubi
2522 2454 2827 2526 potestatis
2857 2471 2974 2509 sua:
3025 2471 3139 2508 non
3171 2452 3306 2508 est?
3340 2452 3411 2507 Ut
3439 2468 3577 2524 ergo
3632 2452 3762 2507 haec

2096 2543 2310 2598 servari
2346 2543 2594 2614 possint,
2624 2542 2792 2613 quies
2823 2541 3154 2597 necessaria
3173 2555 3278 2608 esi,
3306 2547 3369 2595 ut
3398 2540 3615 2612 placita
3643 2544 3762 2594 Deo

2094 2633 2415 2687 reddantur
2445 2631 2746 2702 obsequia,
2771 2632 2869 2702 qui
2894 2647 3100 2686 omnes
3121 2629 3390 2685 homines
3412 2628 3607 2684 salvos
3631 2627 3762 2683 vult

2095 2720 2240 2785 ﬁeri,
2269 2726 2325 2776 et
2372 2737 2720 2792 cognoscere
2776 2719 3100 2778 veritatem.
3157 2721 3305 2785 Hae,
3368 2717 3578 2790 inquit,
3638 2719 3759 2772 vita

2092 2814 2324 2874 eterna,
2358 2815 2421 2864 ut
2466 2813 2789 2880 cognoscant
2843 2813 2893 2864 te
2921 2810 3105 2864 solum
3161 2812 3215 2863 et
3242 2823 3434 2862 verum
3474 2807 3672 2874 Deum,
3709 2809 3761 2860 et

2091 2914 2252 2970 quem
2281 2899 2502 2961 misisti,
2561 2900 2746 2954 Jesum
2799 2899 3083 2954 Christum
3138 2899 3314 2968 (Joan.
3372 2913 3507 2960 xvu,
3558 2897 3639 2964 3).
3696 2893 3760 2950 Si

2092 2988 2244 3043 Deus
2280 2988 2502 3058 utique,
2531 2988 2632 3059 qui
2663 2987 3034 3058 omnipotens
3075 2985 3290 3041 dicitur
3318 3001 3524 3041 omnes
3549 2984 3756 3039 homi-

2091 3093 2194 3132 nes
2227 3075 2418 3132 salvos
2447 3076 2571 3131 vult
2601 3077 2745 3143 ﬁeri,
2780 3093 2884 3130 cur
2915 3093 3026 3130 non
3075 3074 3356 3146 impletur
3384 3075 3513 3144 ejus
3545 3072 3760 3128 volun-

2086 3169 2177 3221 tas
2196 3165 2223 3220 ?
2246 3165 2357 3221 Sed
2387 3165 2446 3220 in
2471 3165 2630 3220 omni
2655 3164 2945 3221 locutione
2966 3181 3176 3221 sensus
3204 3168 3262 3219 et
3289 3162 3546 3219 conditio
3578 3161 3754 3218 latet.

2091 3254 2252 3310 Unde
2281 3254 2423 3309 dicit
2454 3255 2658 3309 Petrus
2683 3253 2988 3325 apostolus
3020 3253 3090 3324 (11
3109 3259 3280 3309 Petr..
3317 3269 3354 3322 1,
3386 3253 3516 3319 20):
3551 3250 3752 3306 Omnis

331 3336 475 3390 nudi
507 3337 768 3404 veritate,
803 3344 903 3394 aut
936 3341 1139 3412 privati
1172 3342 1307 3398 vita.
1343 3343 1489 3406 Quid
1521 3348 1611 3398 est
1639 3342 1795 3398 enim
1828 3343 1979 3396 veri-
2012 3326 2054 3392 Ο
2090 3339 3576 3414 scripturaindigetinterpretatione(1300).Vultenim
3598 3345 3753 3395 Deus

330 3427 441 3490 tas,
473 3426 584 3480 nisi
619 3427 735 3482 vita
759 3427 786 3482 ‘1’
825 3434 978 3495 Quos
1030 3431 1340 3486 tradidisse
1369 3449 1431 3486 se
1464 3432 1607 3486 dicit
1639 3433 1881 3500 Satanae,
1918 3434 1982 3485 ut

329 3515 794 3571 emundarentur
839 3519 1018 3589 (1209)
1049 3536 1227 3575 causa
1285 3519 1662 3593 blasphemia}.
1724 3519 1982 3574 Traditio

331 3610 526 3662 autem
558 3608 679 3663 hanc
712 3612 820 3672 est,
856 3609 994 3679 quia
1015 3614 1343 3664 commotus
1368 3609 1683 3680 Apostolus
1717 3608 1984 3678 blasphe-

329 3695 463 3751 miis
493 3712 697 3751 eorum
727 3697 1075 3752 sententiam
1102 3696 1418 3767 protulitin
1443 3713 1564 3750 eos.
1583 3696 1857 3750 Diabolus
1881 3713 1982 3750 au-

328 3788 468 3849 tem,
501 3784 604 3854 qui
636 3785 707 3839 ad
739 3784 846 3838 hoc
880 3791 1116 3854 paratus
1162 3799 1270 3849 e5t,
1323 3789 1385 3838 ut
1414 3801 1650 3839 aversus
1681 3801 1714 3838 a
1743 3785 1857 3840 Deo
1890 3801 1982 3839 ac-

330 3873 507 3944 cipiat
541 3873 596 3926 in
627 3877 997 3944 potestatem,
1027 3873 1226 3928 audita
1254 3873 1565 3938 sententia,
1594 3873 1833 3944 corripit
1863 3889 1981 3940 eos,

332 3967 395 4016 ut
424 3961 812 4033 intelligerent
842 3961 950 4016 hac
983 3979 1158 4017 causa
1190 3980 1250 4017 se
1282 3962 1468 4033 pmnis
1509 3963 1817 4034 adstringi,
1847 3962 1986 4033 quia

333 4050 900 4122 blasphemaverant.
935 4050 1079 4105 Hinc
1114 4056 1221 4119 est,
1258 4051 1412 4122 quod
1462 4050 1518 4104 in
1554 4051 1863 4123 Evangelio
1893 4051 1984 4105 di-

333 4145 491 4194 ctum
525 4143 615 4194 est
645 4139 798 4194 inter
820 4144 1027 4194 cetera
1052 4157 1064 4194 :
1095 4142 1219 4194 Jam
1237 4140 1355 4194 noli
1377 4155 1618 4210 peccare,
1643 4155 1712 4193 ne
1733 4139 1864 4209 quid
1885 4139 1987 4193 tibi

256 4242 263 4250 '
331 4229 571 4284 deteri-us
620 4230 900 4297 contingat
946 4229 1121 4298 (Joan.
1169 4245 1223 4297 v,
1284 4229 1392 4298 14).
1453 4228 1777 4282 Ostendens
1809 4244 1987 4282 causa

332 4316 553 4390 peccati
583 4317 899 4388 aliquando
955 4316 1329 4372 inﬁrmitates
1383 4317 1586 4371 inferri
1618 4316 1984 4388 corporibus,

331 4407 401 4461 Et
429 4405 568 4477 quia
592 4406 860 4461 ministro
883 4404 1116 4461 diabolo
1140 4405 1309 4474 ﬁunt,
1342 4404 1659 4460 declaravit
1679 4405 1983 4473 Dominus,

331 4495 531 4550 dicens
560 4495 711 4550 inter
742 4494 930 4550 multa
954 4513 966 4549 :
993 4497 1119 4551 Haec
1139 4503 1318 4550 autem
1347 4511 1472 4548 cum
1492 4497 1564 4548 sit
1583 4495 1702 4564 filia
1722 4494 1983 4561 Abrahae,

329 4599 498 4654 quam
527 4585 862 4653 alligaverat
913 4588 1154 4639 Satanas
1202 4583 1382 4639 decem
1434 4588 1483 4638 et
1512 4593 1627 4638 octo
1655 4586 1844 4652 annis,
1875 4599 1986 4638 non

2091 3449 2296 3488 omnes
2309 3431 2502 3488 salvos
2525 3432 2667 3499 ﬁeri,
2691 3434 2792 3486 sed
2810 3431 2858 3486 si
2877 3431 3158 3486 accedant
3178 3429 3248 3484 ad
3267 3428 3559 3485 eum.Non
3581 3428 3750 3483 enim

2091 3523 2177 3577 sic
2211 3522 2352 3588 vult,
2381 3526 2444 3575 ut
2474 3520 2735 3576 nolentes
2757 3519 3185 3589 salventur,sed
3209 3517 3331 3573 vult
3357 3517 3490 3572 illos
3512 3516 3754 3582 salvari,

2092 3611 2142 3666 si
2171 3617 2228 3665 et
2253 3611 2362 3681 ipsi
2399 3609 2599 3665 velint.
2647 3610 2794 3664 Nam
2851 3609 3051 3680 utique
3098 3608 3200 3678 qui
3251 3607 3439 3678 legem
3471 3606 3756 3661 omnibus

2093 3699 2255 3754 dedit
2287 3698 2520 3753 nullum
2549 3697 2773 3768 excepit
2802 3715 2836 3751 a
2867 3697 3075 3753 salute.
3109 3695 3387 3767 Nunquid
3420 3712 3536 3750 non
3569 3695 3756 3750 medi-

2093 3804 2198 3843 cus
2231 3787 2448 3842 idcirco
2481 3785 2752 3858 proponit
2783 3786 2842 3841 in
2876 3785 3203 3858 publico,ut
3235 3801 3438 3840 omnes
3467 3800 3531 3839 se
3561 3789 3757 3839 osten-

2095 3876 2196 3930 dat
2211 3875 2359 3930 velle
2380 3873 2625 3942 salvare,
2649 3875 2699 3931 si
2722 3880 2914 3930 tamen
2939 3876 3009 3930 ab
3028 3875 3198 3947 aegris
3221 3873 3558 3944 requiratur
3577 3872 3606 3926 ?
3627 3872 3753 3927 Non

2093 3970 2184 4021 est
2210 3964 2366 4019 enim
2402 3981 2536 4019 vera
2565 3964 2748 4030 salus,
2783 3964 2833 4019 si
2863 3962 3082 4018 nolenti
3123 3962 3436 4032 tribuatur,
3470 3977 3578 4017 nec
3608 3977 3750 4033 gau-

2095 4053 2229 4108 dere
2259 4057 2451 4125 potest
2471 4052 2527 4106 in
2552 4057 2824 4123 percepta
2855 4051 3064 4118 salute,
3093 4049 3193 4122 qui
3215 4050 3454 4114 invitus,
3479 4049 3530 4104 si
3552 4053 3750 4104 tamen

2095 4147 2287 4213 potest
2315 4141 2464 4207 ﬁeri,
2494 4141 2704 4212 accipit
2732 4140 3106 4210 medicinam,
3127 4144 3190 4194 ut
3219 4155 3334 4195 non
3385 4137 3580 4193 dicam
3613 4136 3751 4210 quia

2095 4229 2396 4285 medicinae
2428 4229 2696 4284 effectum
2730 4229 2943 4284 habere
2975 4245 3090 4284 non
3123 4226 3453 4299 potest,nisi
3488 4227 3564 4281 ad
3589 4226 3749 4280 illam

2094 4335 2246 4391 aeger
2278 4319 2545 4374 animum
2595 4317 3072 4373 commodaverit.
3105 4317 3252 4383 Quia
3293 4315 3416 4370 haec
3463 4314 3754 4369 medicina

2097 4425 2210 4463 non
2248 4413 2336 4462 est
2367 4407 2706 4478 corporalis,
2732 4407 2834 4462 sed
2865 4405 3305 4478 spiritalis,qua3
3338 4419 3527 4474 neque
3557 4401 3752 4458 dubiis

2097 4495 2352 4568 proﬁcit,
2384 4512 2572 4566 neque
2603 4495 2839 4550 invidis.
2874 4494 3045 4549 Fides
3076 4493 3234 4549 enim
3267 4497 3512 4563 est,quaa
3541 4491 3642 4546 dat
3663 4506 3751 4545 sa-

2097 4584 2298 4653 lutem,
2333 4601 2511 4655 quam
2545 4583 2657 4639 nisi
2712 4599 2878 4638 mens
2909 4587 3032 4638 tota
3081 4580 3404 4650 susceperit
3433 4579 3749 4643 voluntate,

331 4676 570 4743 oportuit
599 4675 736 4728 solui
762 4691 800 4728 a
829 4675 1048 4729 vinculo
1075 4674 1164 4727 die
1192 4674 1418 4728 Sabbati
1444 4674 1472 4728 2
1507 4674 1654 4744 (Luc.
1688 4689 1810 4740 xm,
1837 4674 1944 4742 16).
2018 4692 2064 4756 D
2099 4690 2215 4728 non
2249 4671 2436 4728 solum
2472 4672 2618 4725 nihil
2652 4671 2929 4743 proderit,
2980 4671 3081 4726 sed
3113 4675 3170 4725 et
3199 4669 3406 4726 oberit.
3449 4667 3608 4723 Fidei
3638 4673 3750 4756 etcf

403 4765 535 4817 CAP.
575 4763 666 4834 ll.)
715 4763 1020 4818 Exhortare
1077 4778 1204 4830 ergo
1257 4763 1506 4833 primum
1561 4763 1812 4817 omnium
1857 4761 1988 4832 ﬁeri

326 4852 758 4922 deprecationes,
836 4853 1128 4917 orationes,
1178 4851 1619 4922 prostulationes,
1677 4851 1990 4922 gratiarum

330 4942 576 4996 actiones
603 4957 700 5012 pro
731 4942 1066 5006 hominibus,
1114 4956 1212 5011 pro
1244 4941 1482 5008 regibus,
1516 4944 1567 4994 et
1603 4955 1704 5009 pro
1735 4941 1988 4995 omnibus

329 5032 429 5102 qui
457 5031 516 5084 in
545 5031 864 5086 sublimiori
920 5031 1034 5086 loco
1083 5031 1248 5101 positi
1301 5035 1454 5096 sunt,
1503 5032 1564 5082 ut
1615 5029 1900 5098 placitam,
1933 5037 1988 5083 et

331 5121 573 5188 quietam
601 5123 773 5175 vitam
803 5120 1062 5190 degamus
1093 5121 1153 5173 in
1181 5120 1334 5174 omni
1369 5121 1593 5188 pietate,
1627 5124 1677 5171 et
1707 5117 1981 5171 castitate.

333 5207 439 5262 Hoc
466 5210 614 5263 enim
647 5210 848 5264 bonum
894 5219 991 5278 est,
1047 5222 1098 5263 et
1157 5216 1432 5278 accept-um
1485 5222 1671 5261 coram
1700 5205 1986 5260 Saluatore

329 5305 512 5352 nostro
543 5299 669 5365 Deo,
730 5300 824 5370 qui
853 5314 1036 5353 omnes
1093 5297 1339 5351 homines
1385 5298 1500 5350 vult
1552 5294 1731 5349 salvos
1756 5295 1900 5363 ﬁeri,
1931 5297 1984 5347 et

328 5385 391 5438 in
422 5389 766 5456 agnitionem
796 5389 1053 5442 veritatis
1087 5388 1293 5441 venire.
1324 5387 1449 5439 llzec
1481 5381 1681 5454 regula
1711 5381 1981 5437 ecclesia-

405 5531 550 5600 (298)
584 5532 666 5586 Ita
697 5529 871 5583 etiam
919 5528 976 5582 in
1014 5528 1300 5600 impresso
1361 5543 1394 5580 a
1423 5525 1704 5600 Maurinis
1735 5524 1980 5600 Ambro-

334 5597 568 5669 siastro,
598 5601 696 5656 ubi
729 5601 1084 5654 adnotarunt
1136 5598 1757 5669 editoresapparaisset
1786 5597 1982 5650 minus

333 5680 489 5736 recte
521 5667 576 5727 in
610 5672 909 5742 aliquibus
941 5669 1360 5739 manuscriptis
1393 5667 1527 5739 legi.
1561 5669 1623 5723 In
1656 5672 1854 5726 nostro
1886 5683 1981 5722 co-

333 5747 461 5802 dice
492 5748 643 5801 recte
672 5742 886 5813 legitur
916 5743 1263 5813 apparuisse.

2099 4762 2221 4817 nim
2258 4760 2444 4833 gratia
2471 4761 2623 4816 hanc
2672 4760 2850 4815 habet
2877 4764 3252 4832 potestatem,
3278 4762 3345 4813 ut
3384 4757 3611 4812 devotis
3643 4753 3746 4811 sibi

2098 4850 2358 4905 divinam
2390 4849 2664 4904 infundat
2684 4849 2993 4914 medelam,
3018 4847 3306 4903 indevotis
3331 4862 3466 4903 vero
3493 4846 3748 4900 conferat

2098 4939 2392 5006 morbum,
2426 4954 2528 5009 per
2558 4954 2732 5009 quem
2765 4941 2921 4993 totus
2952 4937 3128 4993 homo
3158 4937 3423 4991 intereat.

2172 5029 2317 5084 Unus
2348 5043 2501 5081 enim
2530 5027 2691 5095 Deus,
2722 5042 2863 5081 unus
2913 5025 3187 5082 mediator
3216 5025 3317 5078 Dei
3353 5032 3407 5078 et
3438 5022 3744 5084 hominum,

2096 5115 2251 5171 homo
2285 5114 2534 5170 Christus
2561 5116 2732 5170 Iesus.
2766 5114 2888 5179 Dei,
2921 5119 2978 5168 et
3001 5112 3214 5169 Christi
3245 5128 3424 5167 unam
3459 5109 3749 5183 signiﬁcat

2095 5221 2223 5259 esse
2237 5203 2598 5258 voluntatem
2614 5204 2673 5257 in
2691 5202 2990 5258 salvandis
3004 5201 3349 5256 hominibus
3365 5216 3378 5254 :
3397 5200 3556 5256 unde
3568 5200 3745 5255 Deum

2094 5297 2344 5362 Patrem,
2379 5292 2520 5362 quia
2551 5293 2624 5346 ab
2652 5291 2781 5363 ipso
2830 5299 2917 5348 est
2949 5290 3144 5346 omnis
3188 5288 3530 5360 auctoritas,
3565 5299 3742 5343 unum

2093 5397 2222 5437 esse
2254 5382 2492 5449 fatetur,
2515 5387 2573 5436 et
2605 5397 2788 5436 unum
2811 5381 3195 5436 mediatorem
3221 5378 3340 5446 Dei,
3363 5383 3420 5434 et
3441 5377 3742 5435 hominum

2163 5524 2352 5597 (1299)
2380 5525 2448 5597 _l_n
2472 5523 2861 5597 Ambrosiast.
2894 5522 3338 5597 emendarentur.
3695 5588 3704 5597 .

2163 5592 2346 5665 (1300)
2379 5595 2550 5666 Vulg.
2585 5596 2772 5667 Omnis
2818 5596 3137 5667 prophetica
3179 5592 3484 5663 Scriptura?
3508 5592 3736 5663 propria

2090 5665 2544 5735 interpretatione
2570 5682 2683 5723 non
2709 5665 2797 5738 ﬁt.
