3898 6414
91 402 198 462 673

501 398 919 462 EXPOSITIO
963 398 1042 460 ΙΝ
1088 398 1516 462 EPISTOLAS
1560 399 1816 462 PAULI.
1849 432 1927 446 -—-
1967 399 2047 462 IN
2091 401 2342 463 EPIST.
2390 405 2409 463 l
2456 405 2558 464 AD
2604 405 3105 472 TIMOTHEUM.

3395 417 3512 476 6'74

91 535 198 590 tuit
217 532 618 600 sacerdotum,
641 535 707 587 ut
731 530 958 587 vicibus
979 531 1357 588 deservirent.
1385 531 1548 587 Unde
1571 532 1748 587 Abias
1775 533 1831 599 Α
1860 533 2205 589 remissione
2235 539 2630 609 peccatorum,
2661 554 2837 611 quam
2872 540 2965 596 hic
2995 541 3054 597 in
3091 546 3362 614 praesenti
3396 547 3516 604 lar-

94 627 348 679 octavam
379 621 636 677 classem
666 619 902 687 habuit;
937 621 1108 691 cujus
1129 620 1254 675 vice
1277 620 1586 676 Zacharias
1618 621 1748 675 fun-

93 712 333 785 gebatur
352 709 701 777 sacerdotio,
727 709 880 764 sicut
909 708 1244 764 continetur
1271 709 1330 764 in
1353 709 1745 780 Paralipome-

95 819 205 858 non
238 801 307 868 ΙΙ,
328 817 434 855 xm
459 815 473 856 :
499 799 582 854 ita
614 802 679 854 ut
709 805 994 871 tempore,
1018 815 1133 870 quo
1158 813 1272 853 non
1304 798 1436 854 illos
1453 798 1749 869 continge-

95 891 191 946 bat
218 887 510 946 deservire
543 887 733 956 altari,
758 888 1067 943 domorum
1101 903 1347 942 suarum
1377 890 1618 959 agerent
1646 903 1746 942 cu-

96 995 235 1036 ram.
267 982 344 1032 At
368 977 468 1033 ubi
501 979 700 1032 autem
745 979 981 1047 tempus
1031 975 1379 1031 imminebat
1409 975 1748 1044 ministerii,

97 1066 383 1142 puriﬁcati
413 1065 734 1137 aliquantis
751 1064 960 1120 diebus
983 1065 1342 1121 accedebant
1363 1065 1435 1120 ad
1457 1065 1747 1137 templum

98 1158 298 1214 offerre
357 1155 494 1210 Deo.
525 1153 693 1210 Nunc
749 1157 950 1209 autem
1009 1158 1231 1224 septem
1290 1154 1566 1209 diaconos
1617 1169 1747 1208 esse

98 1249 338 1318 oportet,
380 1242 715 1315 aliquantos
757 1243 1150 1314 presbyteros,
1187 1245 1250 1297 ut
1305 1242 1429 1297 bini
1478 1242 1598 1297 sint
1644 1257 1747 1313 per

100 1334 401 1400 Ecclesiae,
418 1336 486 1388 ut
504 1348 661 1388 unus
691 1330 750 1386 in
772 1331 1006 1386 civitate
1031 1330 1386 1402 Episcopus;
1412 1347 1478 1385 ac
1510 1346 1612 1402 per
1640 1330 1750 1385 hoc

99 1439 297 1480 omnes
324 1439 358 1477 a
389 1425 680 1477 conventu
732 1419 962 1476 feminae
1010 1419 1308 1475 abstinere
1352 1419 1581 1486 debere,
1616 1419 1755 1490 quia

100 1526 335 1568 necesse
361 1513 452 1567 est
472 1525 572 1565 eos
595 1508 853 1581 quotidie
875 1514 1086 1580 praesto
1107 1524 1236 1564 esse
1267 1508 1326 1562 in
1347 1507 1624 1576 Ecclesia,
1649 1523 1753 1563 nec

102 1601 315 1657 habere
339 1597 706 1664 dilationem,
735 1603 799 1652 ut
823 1602 957 1669 post
978 1601 1326 1653 conventum
1355 1596 1614 1668 legitime
1646 1613 1754 1669 pu-

103 1690 422 1756 riﬁcentur,
474 1687 630 1743 sicut
685 1689 928 1741 veteres.
960 1685 1133 1740 Omni
1179 1685 1334 1740 enim
1386 1685 1756 1740 hebdomade

100 1778 463 1835 oﬂ'erendum
511 1779 622 1840 est,
649 1774 880 1830 etiamsi
934 1790 1050 1829 non
1099 1774 1362 1844 quotidie
1406 1773 1753 1845 peregrinis,

98 1867 304 1924 incolis
328 1869 528 1922 tamen
549 1863 639 1920 vel
667 1864 760 1920 bis
788 1864 850 1919 in
883 1863 1280 1929 hebdomade;
1312 1867 1370 1919 et
1393 1879 1507 1919 non
1539 1864 1758 1919 desunt

99 1957 197 2029 qui
226 1970 407 2028 prope
427 1953 695 2026 quotidie
717 1951 1088 2024 baptizentur
1106 1952 1264 2024 aagri.
1288 1956 1436 2007 Nam
1457 1952 1754 2008 veteribus

98 2047 226 2102 ideo
257 2058 606 2100 concessum
636 2045 746 2106 est,
771 2041 906 2113 quia
943 2041 1130 2096 multo
1153 2045 1415 2113 tempore
1443 2041 1504 2095 in
1535 2040 1754 2112 templo

99 2151 213 2190 non
241 2130 615 2197 videbantur,
645 2131 748 2186 sed
791 2133 958 2185 erant
995 2133 1060 2183 ut
1090 2129 1318 2200 privati.
1349 2129 1409 2184 Si
1444 2129 1598 2184 enim
1631 2129 1754 2201 ple-

101 2224 193 2279 bis
221 2219 569 2277 hominibus
589 2218 870 2275 orationis
892 2234 1072 2274 causa
1094 2218 1164 2272 ad
1197 2223 1432 2289 tempus
1462 2218 1756 2274 abstinere

100 2328 163 2368 se
191 2308 479 2383 praecipit,
505 2313 573 2363 ut
600 2312 805 2364 vacent
827 2307 1078 2363 orationi
1102 2323 1116 2361 :
1144 2311 1364 2378 quanto
1395 2308 1586 2379 magis
1617 2307 1756 2362 levi-

96 2402 194 2468 tis,
225 2403 330 2455 aut
359 2397 769 2454 sacerdotibus
797 2401 1024 2468 oportet
1063 2396 1267 2452 orare?
1295 2396 1632 2451 Mundiores
1663 2413 1754 2452 er-

96 2505 168 2562 go
198 2503 328 2545 esse
353 2487 572 2543 debent
599 2485 847 2552 caateris,
879 2486 1022 2558 quia
1051 2489 1277 2540 actores
1307 2487 1406 2540 Dei
1439 2490 1595 2540 sunt.

163 2597 284 2651 Haec
309 2595 418 2649 tibi
438 2595 641 2660 scribo,
671 2609 903 2664 sperans
944 2609 1030 2648 me
1079 2594 1187 2648 cito
1235 2595 1425 2648 venire
1472 2593 1542 2647 ad
1594 2601 1661 2648 te.
1697 2593 1759 2648 Si

98 2689 283 2740 autem
312 2682 622 2741 tardavero.
653 2687 718 2737 ut
757 2684 900 2737 scias
945 2681 1402 2753 quemadmodum
1430 2685 1676 2754 Oporteat
1709 2691 1758 2738 te

100 2776 158 2829 in
185 2774 343 2829 domo
385 2773 487 2826 Dei
531 2773 866 2837 conversari,
898 2785 1026 2842 qua:
1068 2776 1150 2826 est
1180 2771 1418 2826 Ecclesia
1467 2772 1564 2826 Dei
1617 2772 1754 2836 vivi,

105 2864 383 2930 columna,
432 2871 483 2916 et
527 2861 946 2930 ﬁrmamentum
1002 2860 1276 2915 veritatis.
1326 2859 1623 2923 Quantum
1685 2860 1756 2915 ad

105 2950 413 3008 scientiam
443 2949 573 3020 ejus
624 2947 974 3020 pertinebat,
1005 2947 1116 3003 hoc
1163 2952 1283 3003 erat
1315 2948 1372 3002 in
1406 2964 1470 3003 eo
1498 2948 1652 3019 quod
1686 2949 1760 3003 ci-

102 3044 219 3100 tius
249 3038 423 3097 lllum
469 3037 708 3094 visurus
736 3041 910 3094 esset.
944 3037 1055 3093 Sed
1103 3036 1240 3109 quia
1272 3036 1420 3093 solet
1454 3035 1611 3092 aliud
1643 3035 1757 3092 Deo

98 3134 350 3207 placere,
375 3129 547 3199 cujus
578 3126 942 3200 providentia
975 3126 1089 3198 ipsi
1129 3125 1233 3181 soli
1267 3126 1500 3198 cognita
1529 3130 1638 3194 est,
1669 3126 1758 3180 id-

102 3224 255 3279 circo
289 3236 365 3275 ne
397 3219 566 3284 forte,
598 3215 815 3288 inquit,
847 3216 1097 3281 tardem,
1131 3215 1320 3270 scribo
1351 3214 1478 3285 tibi,
1511 3219 1576 3269 ut
1605 3215 1758 3270 scias

101 3309 400 3386 quomodo
421 3305 742 3362 Ecclesiam
775 3303 1029 3375 ordines,
1050 3321 1178 3376 quas
1207 3305 1528 3360 estdomus
1552 3304 1669 3372 Dei,
1695 3308 1760 3359 ut

103 3418 238 3459 cum
270 3401 436 3456 totus
466 3395 726 3451 mundus
774 3393 878 3450 Dei
909 3393 987 3449 sit
1017 3392 1294 3460 Ecclesia,
1317 3397 1514 3448 tamen
1547 3393 1760 3448 domus

101 3492 229 3562 ejus
261 3485 693 3555 di’catur,cujus
712 3483 888 3538 hodie
912 3487 1105 3538 rector
1128 3485 1217 3537 est
1237 3481 1526 3537 Damasus
1552 3482 1756 3553 (1304).

100 3579 362 3636 Mundus
394 3575 554 3631 enim
587 3572 642 3628 in
676 3569 1150 3644 praevaricatione
1179 3575 1269 3626 est
1299 3570 1527 3626 diverso
1558 3571 1761 3626 turba-

96 3672 195 3724 tus
226 3682 446 3723 errore.
481 3664 616 3719 Ideo
663 3661 782 3718 illic
834 3675 1070 3717 necesse
1101 3664 1192 3715 est
1222 3659 1453 3715 dicatur
1499 3676 1629 3716 esse
1659 3661 1760 3715 do-

98 3773 234 3813 mus
256 3755 381 3824 Dei,
397 3757 454 3810 et
472 3751 707 3818 veritas,
727 3750 827 3806 ubi
855 3750 1182 3806 secundum
1204 3747 1566 3805 voluntatem
1592 3765 1761 3804 suam

99 3847 372 3913 timetur,
405 3843 516 3898 hoc
547 3839 961 3912 proﬁtentibus
994 3839 1065 3894 de
1113 3854 1178 3894 eo
1224 3837 1427 3904 servis,
1451 3839 1606 3910 quod
1637 3837 1764 3910 ipse

101 3937 388 4008 dignatus
409 3935 500 3987 est
518 3930 781 3987 edocere.
805 3928 888 3985 Ne
911 3929 1055 3984 forte
1084 3927 1262 3983 verba
1289 3927 1417 3998 ejus
1438 3943 1565 3983 esse
1587 3943 1762 4000 nega-

101 4027 330 4079 rentur.
363 4018 685 4075 virtutibus
716 4018 838 4074 haac
889 4016 1162 4090 signavit,
1195 4033 1323 4089 quae
1363 4032 1398 4071 a
1441 4015 1602 4071 nullo
1651 4015 1766 4071 alio

102 4111 230 4168 ﬁeri
278 4113 552 4184 possunt,
590 4111 658 4163 ut
699 4107 794 4162 his
843 4105 1162 4162 inﬁdelitas
1212 4108 1489 4161 accusata
1531 4105 1766 4160 inexcu-

101 4198 314 4258 sabilis
344 4201 565 4271 pereat.
601 4196 1072 4252 Firmamentum
1105 4194 1262 4251 enim
1291 4194 1551 4251 veritatis
1588 4193 1768 4266 hujus

100 4290 281 4361 signa
311 4291 452 4343 sunt
482 4291 540 4342 et
569 4284 856 4358 prodigia.

175 4379 244 4432 Et
274 4375 499 4449 quidem
529 4375 778 4430 omnium
821 4374 1164 4444 confessione
1203 4389 1467 4442 magnum
1497 4376 1576 4429 est
1606 4373 1772 4444 hujus

95 4468 337 4541 pietatis
365 4464 712 4536 mysterium.
742 4461 982 4518 Nullum
1007 4461 1270 4517 ﬁdelium
1294 4461 1575 4518 admirari
1600 4465 1775 4533 negat

100 4557 552 4613 sacramentum
576 4551 840 4608 veritatis
863 4551 920 4606 in
946 4551 1205 4607 Ecclesia
1230 4549 1574 4622 przedicatze,
1595 4567 1770 4622 quam

1859 620 2035 692 gitur.

1930 711 2079 777 Quod
2109 710 2446 767 declaratum
2475 720 2555 768 est
2603 717 2663 771 in
2712 733 2898 784 carne,
2923 721 3297 792 justiﬁcatum
3346 729 3426 780 est
3455 726 3514 780 in

1854 800 2082 869 spiritu,
2110 802 2290 856 visum
2319 810 2395 857 est
2439 805 2674 874 angelis,
2701 807 3070 876 prmdieatum
3119 815 3196 865 est
3241 815 3516 880 gentibus.

1855 887 2121 942 creditum
2153 897 2232 944 est
2260 892 2320 944 in
2349 891 2446 945 hoc
2485 893 2708 957 mundo,
2740 906 3081 968 assumptum
3110 909 3192 954 est
3222 903 3283 955 in
3312 903 3515 970 gloria.

1858 976 2304 1033 Sacramentnm
2353 982 2614 1051 mysterii
2664 982 2786 1052 Dei,
2819 988 2970 1055 quod
3025 993 3113 1043 est
3159 990 3426 1047 Christus
3456 993 3513 1048 in

1859 1081 2055 1132 carne,
2089 1066 2231 1121 dicit
2272 1069 2711 1126 manifestatum
2745 1074 2900 1144 quod
2940 1074 3160 1132 latebat
3188 1079 3245 1132 in
3280 1081 3513 1150 spiritu.

1863 1154 2050 1210 Natus
2079 1156 2235 1210 enim
2287 1156 2461 1213 homo
2514 1159 2694 1214 Filius
2728 1162 2846 1228 Dei,
2883 1163 2980 1234 qui
3030 1165 3088 1219 in
3142 1173 3363 1224 secreto
3393 1175 3518 1225 erat

1863 1243 2019 1314 apud
2071 1248 2272 1311 Deum,
2318 1262 2511 1318 opere,
2545 1253 2601 1301 et
2651 1249 3062 1319 praedicatione
3110 1255 3425 1313 declaravit
3454 1275 3516 1315 se

1863 1336 2161 1387 creaturis.
2196 1335 2264 1388 Et
2311 1334 2419 1389 hoc
2459 1337 2962 1406 estjustificatum
2997 1357 3124 1398 esse
3167 1343 3229 1398 in
3281 1346 3513 1418 spiritu,

1861 1421 2140 1490 operibus
2162 1426 2217 1477 et
2236 1421 2450 1479 virtute
2477 1423 2760 1481 claruisse
2783 1444 2938 1498 eum,
2965 1431 3066 1501 qui
3091 1438 3214 1487 erat
3237 1433 3296 1488 in
3319 1451 3514 1503 carne,

1863 1509 1996 1579 quis
2026 1514 2209 1578 esset;
2242 1511 2454 1567 deinde
2486 1515 2830 1585 apparuisse
2872 1519 3119 1590 angelis,
3158 1539 3271 1577 non
3297 1525 3423 1594 jam
3455 1524 3515 1579 in

1863 1599 2062 1652 formae
2094 1597 2447 1666 humilitate,
2481 1603 2581 1657 sed
2634 1603 2692 1657 in
2738 1611 3042 1676 potestate.
3076 1609 3305 1666 Tandiu
3359 1611 3517 1668 enim

1863 1691 2101 1756 aspectu
2135 1687 2377 1744 humilis
2409 1689 2568 1746 visus
2599 1697 2687 1746 est
2721 1710 2824 1765 per
2853 1712 3112 1763 carnem,
3139 1701 3397 1770 quandiu
3424 1702 3519 1756 de-

1861 1775 2016 1830 victa
2046 1781 2233 1832 morte
2277 1785 2609 1850 resurgeret
2641 1798 2673 1835 a
2704 1784 2955 1839 mortuis
2987 1790 3044 1840 et
3072 1787 3364 1843 videretur
3394 1805 3517 1844 ma-

1855 1864 2042 1935 jestas
2073 1865 2224 1936 ejus,
2249 1867 2349 1936 qui
2383 1873 2555 1924 natus
2590 1873 2653 1923 ut
2683 1870 2884 1942 horno,
2909 1889 3023 1928 non
3055 1879 3197 1944 erat,
3229 1880 3390 1932 totus
3420 1879 3522 1933 ho-

1865 1969 1998 2007 mo:
2033 1958 2096 2008 ut
2126 1961 2508 2026 agnoscentes
2541 1958 2730 2030 angeli
2769 1962 3140 2034 mysterium,
3166 1968 3319 2036 quod
3357 1969 3520 2038 prius

1864 2040 2432 2109 latuit,declaratum
2457 2045 2514 2099 in
2539 2062 2731 2113 carne,
2749 2064 2900 2120 genu
2927 2049 3011 2104 illi
3036 2051 3329 2107 flectentes
3350 2056 3519 2126 quasi

1865 2130 1982 2185 Deo
2009 2131 2229 2202 gratias
2272 2139 2469 2203 agant,
2492 2134 2632 2204 quia
2681 2136 3014 2192 didicerunt
3045 2141 3366 2207 veritatem,
3392 2159 3519 2214 quas

1865 2219 2140 2290 gentibus
2172 2220 2484 2291 praedicata
2514 2228 2622 2290 est,
2649 2228 2713 2278 ut
2751 2225 2823 2279 ab
2855 2241 3051 2282 errore
3094 2228 3516 2300 liberarentur;

1864 2307 1923 2361 in
1955 2324 2070 2380 quo
2117 2311 2375 2364 mundus
2434 2312 2681 2381 proiicit,
2731 2319 2795 2367 ut
2853 2331 2966 2369 non
3017 2318 3350 2374 damnetur.
3388 2321 3520 2376 Ideo

1865 2397 2022 2452 enim
2066 2398 2351 2453 creditum
2401 2405 2492 2454 est
2541 2402 2760 2457 mundo
2813 2404 2908 2457 Dei
2963 2413 3421 2476 sacramentum,
3454 2413 3521 2465 ut

1865 2485 2110 2558 perfidia
2134 2487 2262 2557 ejus
2292 2487 2522 2542 veniam
2555 2489 2769 2545 erroris
2803 2494 3014 2547 mereri
3047 2511 3162 2548 non
3198 2497 3411 2567 possit;
3447 2499 3521 2552 si-

1866 2580 1964 2630 cut
1995 2574 2137 2630 dicit
2166 2575 2452 2631 Dominus
2486 2578 2558 2632 de
2585 2577 2804 2634 Judzeis
2838 2598 2851 2635 :
2886 2580 2947 2636 Si
2991 2599 3100 2636 non
3151 2587 3437 2657 venissem,
3471 2597 3524 2644 et

1866 2665 2076 2719 locutus
2107 2667 2186 2719 eis
2214 2667 2463 2735 fuissem,
2485 2677 2763 2736 peccatum
2795 2686 2905 2724 non
2935 2671 3220 2727 haberent.
3244 2675 3398 2730 Nunc
3417 2693 3521 2731 au-

1867 2762 1977 2807 tem
2001 2756 2408 2810 excusationem
2427 2771 2538 2810 non
2563 2755 2764 2812 habent
2786 2757 2850 2813 de
2867 2767 3092 2830 peccato
3110 2777 3206 2817 suo
3228 2764 3402 2833 (Joan.
3427 2783 3520 2832 xv,

1865 2842 1956 2911 22)
1980 2859 1992 2896 :
2019 2842 2158 2913 quia
2180 2843 2333 2913 quod
2356 2843 2514 2898 velut
2537 2844 2835 2901 inﬁrmum
2860 2851 2916 2903 et
2941 2848 3198 2906 deforme
3220 2857 3520 2925 contemp-

1867 2936 2089 3000 serunt,
2117 2936 2489 3002 assumptum
2531 2937 2620 2988 est
2652 2934 2710 2989 in
2743 2933 2944 3006 gloria.
2972 2936 3107 2992 Post
3137 2956 3369 2995 crucem
3403 2958 3523 2998 ma-

1868 3019 2080 3074 nifesta
2109 3034 2356 3090 persona
2404 3026 2461 3075 et
2489 3022 2704 3077 virtute
2735 3039 2862 3090 sua,
2896 3023 3161 3081 Salvator
3208 3028 3401 3099 palam
3436 3031 3519 3086 fa-

1869 3107 2232 3162 mulantibus
2264 3109 2522 3164 nubibus
2553 3111 2818 3167 ascendit
2846 3113 3136 3184 gloriosus
3167 3115 3224 3170 in
3262 3118 3456 3174 coelos.

1938 3214 2092 3284 (CAP.
2128 3214 2242 3286 IV.)
2274 3214 2517 3285 Spiritus
2561 3225 2745 3272 autem
2785 3221 3078 3291 manifeste
3108 3223 3266 3290 dicit,
3298 3226 3429 3295 quia
3460 3227 3518 3281 in

1867 3304 2177 3358 novissimis
2209 3305 2537 3375 temporibus
2579 3307 2832 3362 recedent
2874 3309 3098 3380 quidam
3131 3329 3165 3366 a
3193 3312 3318 3382 ﬁde,
3346 3318 3522 3378 atten-

1867 3391 2048 3446 dentes
2103 3393 2333 3463 spiritus
2387 3395 2631 3465 fallaces,
2682 3396 2958 3452 doctrinas
3008 3401 3411 3457 dazmoniorum
3457 3406 3518 3458 in

1869 3481 2224 3536 simulatione
2278 3482 2728 3553 falsiloquorum,
2770 3489 3153 3543 cauteritatam
3201 3488 3518 3548 habentium

1868 3571 2260 3626 conscientiam
2289 3586 2469 3639 suam,
2500 3571 2908 3641 prohibentium
2941 3576 3165 3645 nubere,
3189 3578 3458 3637 abstinere
3485 3599 3522 3637 a

1870 3659 2026 3727 cibis,
2049 3675 2179 3731 quos
2212 3661 2351 3714 Deus
2380 3661 2587 3716 creavit
2615 3662 2686 3716 ad
2721 3665 3136 3736 percipiendum
3165 3684 3289 3723 cum
3312 3672 3522 3740 gratia-

1872 3766 1999 3804 rum
2027 3751 2240 3804 actione
2285 3748 2556 3822 ﬁdelibus,
2587 3753 2640 3806 et
2671 3751 2756 3806 his
2784 3756 2881 3825 qui
2907 3761 3273 3825 cognoverunt
3317 3761 3522 3815 verita-

1874 3844 2016 3900 tem;
2047 3840 2178 3909 quia
2207 3841 2383 3895 omnis
2409 3850 2663 3896 creatura
2694 3843 2799 3897 Dei
2827 3843 2988 3912 bona,
3022 3854 3072 3900 et
3102 3847 3248 3902 nihil
3275 3847 3526 3919 rejicien-

1875 3925 2026 3997 dum,
2057 3927 2203 3998 quod
2230 3943 2355 3982 cum
2382 3931 2693 3997 gratiarum
2722 3933 2933 3988 actione
2959 3936 3278 4006 percipitur.
3312 3935 3531 3993 Sancti-

1876 4016 2076 4086 ﬁcatur
2103 4017 2248 4069 enim
2276 4032 2378 4087 per
2405 4018 2631 4073 verbum
2660 4020 2758 4074 Dei
2803 4023 2852 4075 et
2896 4023 3221 4078 orationem.
3255 4024 3388 4088 Quae
3421 4027 3534 4082 sibi

1875 4103 2126 4176 Spiritus
2152 4108 2391 4160 sanctus
2413 4105 2611 4161 futura
2635 4107 2971 4166 revelaverit
2991 4111 3063 4166 ad
3086 4112 3533 4171 instructionem

1877 4192 2271 4250 Ecclesiarum
2303 4198 2361 4248 et
2389 4194 2701 4263 cautelam,
2736 4214 2851 4253 non
2887 4203 3056 4270 tacet,
3080 4205 3146 4256 ut
3176 4203 3533 4274 praemonitis

1879 4283 2149 4339 Ecclesiae
2204 4281 2464 4338 sollicitae
2497 4283 2633 4356 sint,
2668 4303 2740 4341 ne
2790 4286 2861 4341 ab
2912 4287 3255 4361 hujusmodi
3304 4279 3536 4362 possint

1881 4372 2286 4428 circumveniri
2320 4371 2677 4429 hominibus.
2713 4375 2858 4438 Quid
2910 4378 3066 4432 enim
3114 4383 3235 4434 tam
3285 4378 3531 4450 clarum,

1881 4466 2121 4532 tamque
2153 4465 2419 4532 apertum
2453 4462 2524 4516 ad
2556 4462 2882 4531 evitandos,
2906 4471 3006 4520 aut
3038 4467 3225 4539 magis
3257 4471 3532 4526 condem-

1885 4551 2111 4606 nandos
2132 4549 2407 4604 doctrinae
2436 4549 2614 4621 hujus
2637 4552 2925 4622 pertiferze
2944 4555 3117 4621 viros,
3145 4557 3335 4628 potuit
3356 4558 3542 4614 mani-

100 4645 390 4719 pietatem
413 4639 690 4714 appellat.
711 4639 1193 4712 Magnanimitate
1214 4638 1371 4694 enim
1391 4644 1448 4694 et
1467 4639 1778 4695 clementia
1803 4642 1850 4707 D
1882 4641 2030 4695 festa
2058 4654 2196 4694 voce
2228 4638 2479 4710 praefari,
2503 4638 2614 4694 nisi
2664 4644 2729 4694 ut
2767 4644 3254 4700 asseverationem
3310 4661 3536 4718 eorum,

101 4751 216 4790 sua
247 4729 746 4804 cognoscentibus
777 4745 840 4785 se
869 4729 1066 4785 divina
1094 4727 1300 4785 tribuit
1331 4729 1505 4798 dona,
1531 4733 1772 4802 excepta

174 4950 374 5020 (1304)
398 4950 565 5003 Anno
595 4947 812 5004 Christi
843 4949 949 5003 366
979 4951 1210 5020 creatus
1242 4946 1355 5020 fuit
1383 4945 1773 5020 papagDama-

98 5018 231 5078 sus.
267 5020 430 5076 Obiit
477 5036 632 5074 anno
678 5020 804 5074 384.
844 5021 1015 5075 Divus
1068 5018 1415 5074 Ambrosius
1463 5018 1774 5090 episcopus

100 5098 347 5149 creatus
381 5091 493 5146 fuit
533 5107 686 5145 anno
717 5091 843 5152 374,
867 5096 1136 5146 mortuus
1166 5107 1298 5145 vero
1341 5107 1495 5145 anno
1526 5092 1651 5146 397.
1685 5091 1777 5145 Hi-

98 5165 301 5220 larius
331 5163 622 5218 diaconus
645 5178 798 5218 anno
830 5164 954 5218 362.
981 5162 1230 5217 Luciferi
1255 5164 1379 5231 jam
1405 5161 1598 5216 socius
1627 5161 1778 5232 lega-

97 5237 294 5292 tionis
354 5235 427 5289 ad
477 5234 888 5305 Constantium
946 5235 1359 5305 imperatorem
1423 5233 1778 5288 Luciferiano

96 5305 421 5363 schismati
445 5306 513 5360 ad
524 5304 696 5361 haesit
712 5322 898 5376 usque
917 5306 989 5360 ad
1007 5304 1530 5376 rebaptizationem
1552 5321 1750 5359 eorum
1763 5347 1776 5372 ,

97 5379 207 5450 qui
239 5377 584 5450 aprrianis
630 5375 913 5450 baptizati
944 5381 1129 5432 erant.
1148 5375 1333 5450 Quod
1355 5375 1614 5450 schisma
1644 5392 1778 5450 cum

95 5445 238 5532 ipso
276 5447 494 5504 Hilario
526 5448 643 5503 cito
675 5445 848 5574 pieriit
877 5453 1114 5503 auctore
1147 5446 1374 5500 Fleurio
1401 5445 1543 5525 .hist.
1571 5447 1779 5530 eccles.

95 5522 210 5577 lib.
241 5537 337 5577 xv.
363 5536 531 5575 num.
564 5519 657 5573 29.
738 5535 787 5574 Ic
817 5524 1015 5575 autem
1045 5523 1330 5577 tanquam
1361 5532 1560 5572 Vivens
1591 5523 1778 5577 ponti-

123 5532 210 5576 ID.
241 5537 337 5587 XV,
363 5536 531 5575 num.
564 5532 657 5573 Ζυ-
683 5532 787 5574 HIC
817 5532 1015 5575 autem
1045 5532 1330 5587 tanquam
1361 5532 1560 5572 VIVBDS
1591 5532 1778 5587 ponu-

100 5534 210 5577 ιιι).
241 5537 337 5587 xv,
363 5536 531 5575 num.
564 5534 657 5573 κν.
683 5534 787 5574 nnc
817 5534 1015 5575 autem
1045 5534 1330 5598 tanquam
1361 5534 1560 5600 vivens
1591 5534 1778 5599 ponu-

100 5594 201 5650 fex
225 5593 534 5664 passeritur
560 5589 896 5664 Damasus.
921 5591 1220 5663 Frequens
1250 5591 1448 5664 citatio
1473 5589 1614 5664 Δ(ὴγι
1646 5591 1784 5645 Gre-

104 5662 287 5738 gorii,
311 5658 369 5721 et
400 5662 640 5738 inﬁnita
653 5663 775 5738 alia
795 5658 1166 5738 argumenta,
1190 5676 1318 5738 quis
1342 5658 1521 5738 nimis
1542 5659 1784 5738 longum

109 5730 297 5806 Esset,
328 5740 388 5794 et
417 5736 529 5795 abs
560 5749 623 5792 re
653 5732 749 5792 hic
777 5730 1010 5804 referre,
1031 5738 1090 5792 et
1110 5730 1242 5812 quis
1270 5730 1462 5789 fusius
1492 5731 1554 5789 in
1584 5730 1788 5805 priste-

1882 4727 2142 4784 lallacem
2163 4743 2228 4782 ac
2247 4725 2586 4782 simulatam
2603 4728 2928 4786 doctrinam
2948 4732 3375 4791 daemoniorum
3393 4753 3541 4791 nun-

1883 4944 2062 5013 tione,
2098 4946 2346 5018 probant
2375 4950 2612 5002 czeteras
2656 4944 2955 5018 epistolas,
2989 4946 3151 5002 hisce
3180 4947 3252 5002 ad
3282 4947 3542 5003 Thessa-

1883 5019 2211 5074 lonicenses
2243 5019 2875 5090 duabustduabusque
2921 5019 2990 5072 ad
3037 5018 3409 5073 Timotheum
3443 5035 3539 5074 ex-

1887 5091 2090 5162 ceptis,
2125 5090 2295 5161 longe
2345 5095 2479 5162 post
2508 5088 2794 5162 Hilarium
2825 5095 2879 5143 et
2909 5090 3108 5162 divum
3158 5091 3540 5147 Ambrosium

1886 5161 2179 5233 expositas
2228 5161 2402 5216 esse:
2457 5161 2518 5233 in
2569 5161 2774 5233 primis
2826 5161 3048 5216 scilicet
3097 5163 3168 5216 ad
3225 5162 3541 5233 Romanos,

1889 5232 1970 5289 ad
1993 5233 2343 5297 Corinthios,
2379 5233 2449 5285 ad
2493 5232 2749 5298 Galatas,
2784 5237 2916 5298 etc.,
2953 5249 3140 5303 usque
3172 5233 3241 5288 ad
3275 5234 3438 5289 illam
3472 5235 3545 5290 ad

1888 5305 2295 5376 Philippenses
2328 5304 2497 5376 longe
2543 5310 2634 5376 est
2683 5303 2966 5374 expositio
2988 5375 2993 5376 γ
3019 5304 3137 5361 base
3169 5306 3240 5360 ab
3277 5305 3378 5360 illa
3407 5308 3544 5361 Am-

1893 5375 2270 5449 brosiastri;
2329 5375 2470 5445 quid
2531 5375 2798 5449 dicamus
2856 5377 2927 5430 de
2985 5375 3079 5449 his
3135 5377 3415 5449 Epistolis
3474 5377 3546 5433 ad

1892 5445 2445 5503 Thessalonicenses
2477 5450 2534 5499 et
2563 5446 2962 5513 Timotheum,
2995 5448 3161 5504 valde
3186 5445 3410 5505 'incerti
3446 5465 3545 5504 eu-

1895 5535 2048 5583 mus,
2084 5517 2302 5572 mentio
2334 5516 2428 5571 hic
2461 5517 2532 5570 de
2561 5517 2816 5573 Damaso
2851 5534 3109 5574 coaevum
3143 5520 3382 5576 redolet.
3407 5523 3550 5576 Pos-

1894 5594 2206 5665 esttamen
2239 5588 2372 5665 hinc
2403 5603 2547 5665 esse
2579 5605 2648 5644 ex
2694 5589 2768 5665 iis
2816 5589 3551 5665 interpgolationibugs_,gqusa

1895 5661 2220 5737 sepissime
2251 5658 2376 5737 fieri
2409 5658 2676 5717 solebant
2705 5662 2778 5718 ab
2820 5658 3273 5737 expositoribus.
3304 5658 3456 5720 Vide
3481 5663 3553 5724 de

1896 5731 2006 5792 hac
2036 5750 2097 5791 re
2126 5731 2548 5806 pretationem.
