3898 6400
264 440 271 449 ι
378 400 499 460 675

1401 393 1743 453 ATTONIS
1788 392 2375 453 VERCELLENSIS
2423 391 2770 452 EPISCOPI

3669 392 3774 455 676

384 532 646 602 cuparot,
670 531 735 582 ut
762 542 895 581 cum
918 525 1098 597 hujus
1129 525 1577 580 asseverationis
1603 540 1901 578 sermones
1932 540 2030 577 au-
2060 526 2112 590 Α
2145 522 2202 576 in
2234 523 2663 593 disputationes
2695 522 3057 592 hujusmodi.
3093 521 3295 578 Pietati
3325 526 3520 578 autem
3551 537 3773 594 operam

382 619 648 682 diuntur,
699 634 733 671 a
782 614 1013 670 diabolo
1059 616 1384 685 composita
1439 630 1567 668 esse
1616 612 1881 668 doctrina
1910 611 2034 665 hac

383 707 654 771 sciretur,
678 720 856 776 quam
887 703 1228 775 praedixerat
1246 702 1497 772 Spiritus
1528 706 1787 766 sanctus,
1813 717 1940 771 qua
1962 701 2033 753 de

381 793 782 850 incarnatione
828 791 1144 845 Salvatoris
1194 789 1404 843 asserit
1432 788 1597 858 falsa,
1626 806 1752 859 qua
1786 805 1940 843 nunc
1971 788 2031 842 in

384 882 768 945 Marcionitis,
791 878 1058 950 quamvis
1090 894 1235 948 pene
1279 878 1612 947 defecerint,
1637 877 1723 931 vel
1764 876 2031 932 Patritia-

383 972 477 1027 nis
499 970 703 1041 (1305),
736 971 836 1021 aut
858 966 1108 1021 maxime
1130 966 1187 1019 in
1214 966 1549 1020 Manichais
1580 964 1931 1020 denotatur?
1964 965 2032 1019 Hi

382 1059 539 1116 enim
570 1062 627 1113 et
654 1055 950 1112 Christum
982 1057 1185 1107 natum
1217 1058 1455 1125 negant,
1488 1058 1545 1108 et
1575 1054 1809 1125 nuptias
1842 1052 2033 1124 prohi-

382 1147 541 1213 bent,
564 1148 621 1199 et
650 1142 1062 1198 abstinendum
1094 1158 1129 1195 a
1156 1140 1303 1197 cibis
1324 1142 1585 1196 tradunt.
1611 1144 1871 1205 Quorum
1895 1158 2029 1195 cau-

380 1234 651 1291 teriatam
700 1229 844 1286 dicit
890 1228 1332 1296 conscientiam,
1364 1229 1473 1284 hoc
1521 1235 1609 1285 est
1657 1230 2033 1285 simulatione

381 1325 735 1393 corruptam,
760 1318 900 1389 quia
930 1317 1083 1374 sicut
1105 1318 1429 1372 cauterium
1456 1318 1677 1373 corium
1711 1318 2034 1389 corrumpit

381 1416 438 1466 et
466 1414 664 1465 notam
709 1407 941 1479 inﬂigit,
973 1406 1054 1461 ita
1083 1411 1140 1461 et
1169 1406 1400 1461 fallacia
1429 1408 1869 1473 conscientiam,
1904 1423 2033 1478 qua

384 1497 516 1554 dolo
534 1495 953 1552 malevolentia
981 1493 1139 1549 aliud
1163 1495 1293 1564 scit,
1317 1500 1373 1549 et
1398 1493 1556 1550 aliud
1581 1496 1906 1566 profitetur,
1931 1496 2029 1550 de-

383 1593 549 1644 notat
580 1586 652 1641 ad
684 1584 1091 1657 perditionem.
1115 1582 1245 1637 Jam
1276 1583 1432 1637 enim
1463 1582 1764 1638 immutari
1793 1584 1899 1638 hos
1931 1600 2031 1639 ne-

382 1680 500 1749 gat,
514 1680 580 1731 ut
596 1670 1060 1742 salventur,quia
1076 1671 1229 1728 sicut
1245 1671 1571 1727 cauterium
1594 1672 1896 1727 immutari
1916 1689 2031 1726 non

382 1768 597 1836 potest,
622 1762 704 1817 ita
728 1776 834 1816 nec
858 1775 1060 1816 eorum
1082 1759 1317 1815 animus
1337 1760 1668 1825 emendari;
1703 1760 1851 1814 nihil
1873 1760 2029 1815 enim

382 1853 553 1925 pejus
601 1848 996 1906 simulatione.
1028 1847 1198 1902 Tales
1244 1848 1401 1902 enim
1450 1847 1507 1901 hi
1558 1852 1719 1913 sunt,
1744 1848 1947 1919 quales
1977 1853 2034 1902 et

380 1939 570 1996 Judai
614 1937 719 2005 illi,
753 1936 854 2007 qui
901 1934 1295 2007 intelligentes
1324 1935 1623 1990 Christum
1673 1938 1770 1991 Dei
1822 1938 2032 1992 virtute

380 2026 631 2101 operari,
651 2028 707 2081 in
725 2024 1046 2081 Beelzebub
1070 2024 1192 2078 hac
1209 2026 1280 2079 ab
1301 2040 1366 2079 eo
1390 2025 1513 2079 fieri
1536 2025 2026 2095 dicebant(Matth.

379 2134 473 2184 xx,
495 2116 594 2182 24;
618 2115 780 2170 Mare.
806 2130 890 2180 In,
914 2114 1012 2179 22;
1037 2116 1163 2167 Luc.
1188 2129 1265 2178 x1,
1296 2113 1402 2181 15).
1428 2112 1499 2167 Ut
1524 2114 1679 2168 enim
1705 2114 2032 2169 Fabricato-

378 2222 502 2262 rem
535 2201 792 2260 hominis
824 2201 975 2256 male
1016 2205 1283 2267 tractent,
1318 2217 1451 2255 cum
1486 2206 1654 2255 natos
1688 2219 1748 2255 se
1780 2220 1893 2257 non
1926 2205 2027 2257 do-

377 2295 555 2361 leant,
589 2291 822 2363 nuptias
854 2294 1051 2345 tamen
1085 2289 1416 2359 prohibent,
1442 2297 1498 2344 et
1530 2291 1757 2344 Christo
1790 2307 2027 2346 carnem

378 2381 756 2448 subtrahunt,
790 2386 847 2435 et
875 2384 941 2433 ut
971 2378 1045 2433 ad
1088 2379 1214 2448 ejus
1261 2376 1543 2448 injuriam
1594 2379 1921 2450 proficiant,
1955 2381 2027 2435 ab

377 2471 494 2535 his,
513 2486 640 2542 qua
673 2468 881 2523 usibus
911 2464 1129 2521 nostris
1172 2465 1451 2532 instituit,
1475 2466 1892 2522 abstinendum
1926 2469 2027 2523 do-

378 2564 534 2623 cent,
567 2563 633 2614 ut
679 2573 781 2629 per
836 2556 894 2609 id
953 2554 1108 2626 quod
1140 2554 1570 2625 despiciuntur,
1604 2555 1759 2610 mala
1817 2573 1943 2611 esse
1972 2561 2030 2610 et

380 2647 534 2704 malo
587 2650 824 2702 auctore
878 2643 1114 2697 inventa
1168 2641 1493 2696 videantur.
1529 2642 1674 2697 Hinc
1727 2650 1816 2697 est
1874 2645 2029 2699 unde

377 2734 695 2808 Apostolus
726 2731 924 2787 omnia
954 2746 988 2784 a
1019 2734 1130 2784 Deo
1154 2729 1306 2783 bona
1338 2729 1490 2783 facta
1519 2746 1648 2784 esse
1678 2731 1950 2796 ostendit,
1977 2732 2027 2785 si

378 2831 576 2880 tamen
600 2838 734 2877 cum
757 2818 1081 2891 gratiarum
1105 2820 1331 2871 actione
1357 2822 1688 2872 sumantur.
1722 2820 2031 2875 Immunda

377 2912 535 2969 enim
566 2914 739 2966 erunt
769 2908 820 2962 ei
869 2907 969 2977 qui
1021 2922 1135 2961 non
1167 2905 1369 2960 laudat
1420 2906 1479 2959 in
1530 2905 1622 2960 his
1675 2908 2025 2963 Creatorem.

376 3002 503 3058 Non
538 2999 695 3055 enim
726 3000 974 3069 possunt
1020 2994 1167 3049 bene
1196 2993 1283 3047 illi
1324 2995 1622 3065 proficere,
1655 2995 1754 3065 qui
1804 2996 1887 3050 sic
1931 2996 2029 3051 illa

377 3088 582 3153 sumit,
616 3091 682 3142 ut
718 3084 868 3141 male
896 3086 1103 3139 tractet
1133 3084 1443 3137 Auctorem
1474 3099 1697 3137 eorum.

452 3181 582 3232 Hac
607 3178 779 3246 igitur
806 3187 1114 3243 praponens
1132 3170 1423 3241 fratribus,
1451 3170 1619 3226 bonus
1638 3174 1746 3225 eris
1777 3173 2030 3229 minister

2143 612 2395 666 dandam
2423 610 2920 682 commonet,quia
2939 612 3220 681 grandem
3246 612 3421 666 habet
3445 612 3772 683 profectum.

2143 700 2249 764 Qui
2281 701 2437 755 enim
2480 700 2895 755 misericordiae
2941 700 3180 755 student
3224 700 3573 766 senioribus,
3605 701 3774 756 vicem

2143 789 2452 843 reddentes
2477 789 2841 860 parentibus,
2860 793 2916 842 et
2936 788 2994 842 in
3018 789 3290 859 prasenti
3311 789 3429 844 vita
3450 788 3668 844 auxilia
3687 790 3776 846 Dei

2144 894 2261 931 non
2295 878 2541 931 deerunt
2569 876 2707 941 illis,
2735 882 2793 931 et
2840 876 2900 930 in
2929 877 3123 931 futuro
3154 876 3658 932 immortalitatem
3689 878 3777 933 ha-

2142 964 2363 1019 bebunt
2391 982 2524 1019 cum
2559 965 2760 1035 gloria.
2787 964 3141 1020 Exercitium
3166 970 3363 1019 autem
3396 965 3691 1037 corporale
3718 968 3779 1021 ad

2143 1052 2439 1107 modicum
2474 1053 2614 1107 utile
2645 1052 2808 1107 dicit.
2839 1052 3116 1122 Jejunare
3145 1053 3324 1119 enim,
3354 1058 3412 1108 et
3439 1054 3728 1110 abstinere
3754 1072 3782 1110 a

2142 1140 2310 1206 cibis,
2343 1146 2617 1196 manente
2665 1140 3010 1195 auctoritate
3033 1142 3339 1208 Creatoris,
3376 1158 3490 1197 non
3542 1142 3780 1198 multum

2142 1230 2402 1299 prodest,
2427 1230 2541 1284 nisi
2574 1234 2639 1284 ut
2659 1231 2832 1284 detur
2861 1229 2999 1284 huic
3028 1229 3235 1300 pietas,
3259 1231 3428 1301 cujus
3449 1246 3629 1302 opera
3647 1230 3784 1285 mul-

2143 1320 2334 1372 torum
2367 1318 2639 1388 precibus
2670 1318 2986 1387 adjuvetur
3016 1318 3085 1372 ad
3115 1318 3429 1373 Dominum
3463 1335 3782 1391 promeren-

2141 1406 2303 1461 dum.
2351 1406 2609 1477 Denique
2667 1406 2821 1475 illos,
2855 1406 2953 1477 qui
3013 1406 3291 1461 fratribus
3339 1406 3486 1478 largi
3545 1411 3703 1478 sunt,
3728 1413 3783 1463 et

2138 1494 2317 1549 variis
2349 1494 2539 1549 titulis
2569 1495 2976 1565 obsequentes,
3010 1495 3071 1549 in
3102 1495 3279 1549 vitam
3312 1500 3589 1551 aternam
3624 1497 3784 1568 proti-

2141 1597 2272 1637 cere
2300 1582 2681 1653 Evangelicus
2712 1599 2904 1637 sermo
2935 1587 3219 1651 testatur;
3254 1583 3668 1640 dissentientes
3697 1601 3783 1640 au-

2140 1674 2261 1724 tem
2293 1670 2364 1724 ab
2399 1670 2507 1725 hoc
2537 1687 2730 1741 opere,
2752 1671 2812 1724 in
2834 1676 3117 1726 aternum
3143 1672 3362 1742 ignem.
3386 1672 3660 1743 Corporis
3689 1689 3782 1727 au-

2143 1764 2259 1813 tem
2291 1759 2631 1813 exercitium
2664 1759 2809 1813 nihil
2838 1759 2996 1813 aliud
3022 1776 3200 1830 quam
3223 1762 3416 1815 carnis
3438 1762 3604 1817 frena
3633 1764 3781 1816 sunt.

2142 1847 2201 1902 Si
2233 1850 2366 1918 quis
2397 1864 2553 1918 ergo,
2578 1847 2718 1917 quia
2767 1848 3168 1903 misericordia
3198 1864 3415 1919 magna
3446 1865 3539 1905 res
3570 1853 3681 1918 est,
3702 1848 3783 1903 lu-

2139 1935 2367 1991 bricum
2393 1940 2588 1990 tamen
2610 1936 2807 1990 carnis
2829 1935 3106 2006 patiatur,
3125 1935 3469 2006 hujusmodi
3491 1936 3639 2008 quid
3661 1938 3784 1992 fiet?

2139 2023 2276 2078 Sine
2310 2023 2487 2078 dubio
2511 2023 2827 2094 vapulabit,
2853 2024 2991 2095 quia
3022 2023 3166 2078 illud
3190 2028 3417 2094 oportet
3436 2024 3585 2095 fieri,
3610 2030 3670 2080 et
3688 2025 3780 2081 hoc

2142 2112 2383 2166 minime
2408 2110 2793 2182 pratermitti.
2821 2112 2881 2167 Si
2913 2119 3105 2167 autem
3150 2110 3343 2166 solum
3390 2111 3660 2184 corporis
3689 2112 3780 2167 ha-

2145 2200 2270 2253 l~uit
2298 2200 2661 2262 exercitium,
2691 2216 2977 2270 perennes
3008 2216 3210 2270 poenas
3243 2200 3517 2271 patietur,
3552 2201 3708 2256 sicut
3732 2201 3779 2254 in

2139 2287 2449 2359 Lx'angelio
2476 2288 2760 2343 Dominus
2783 2288 3137 2359 repromisit.
3153 2287 3357 2342 Omnis
3379 2288 3536 2342 enim
3562 2304 3781 2344 summa

2138 2374 2463 2446 disciplina
2497 2382 2710 2431 nostrae
2763 2377 2822 2430 in
2867 2376 3269 2432 misericordia
3313 2382 3371 2431 et
3419 2377 3636 2447 pietate
3681 2383 3777 2433 est.

2139 2463 2310 2517 Aliud
2345 2469 2538 2519 tamen
2572 2464 2914 2519 exercitium
2954 2465 3214 2536 corporis
3258 2464 3477 2520 habent
3505 2466 3775 2531 carnales,

2139 2558 2195 2607 et
2216 2552 2373 2607 aliud
2404 2552 2718 2624 spiritales.
2743 2552 3017 2609 Carnales
3043 2553 3198 2609 enim
3222 2553 3428 2624 sagina
3446 2558 3505 2609 et
3528 2554 3778 2625 pestibus

2139 2641 2409 2695 nutriunt
2450 2658 2693 2711 corpora
2724 2658 2853 2705 sua,
2887 2647 2951 2695 ut
2981 2640 3153 2696 celeri
3187 2646 3347 2696 motu
3381 2642 3689 2713 proﬁciant
3712 2643 3774 2697 ad

2139 2729 2559 2800 perditionem;
2583 2729 2874 2800 spiritales
2896 2734 3091 2784 autem
3109 2730 3337 2800 jejunis
3357 2734 3413 2784 et
3433 2729 3776 2785 abstinentia

2137 2822 2467 2888 temperant
2496 2833 2739 2889 corpora
2786 2835 2913 2887 sua,
2947 2825 3010 2872 ut
3041 2819 3205 2889 pigra
3254 2821 3404 2873 facta
3451 2819 3610 2875 circa
3635 2819 3771 2874 desi-

2137 2906 2319 2972 deria,
2354 2906 2580 2976 possint
2609 2906 2786 2977 digna
2816 2921 2943 2961 esse
2973 2906 3170 2961 futura
3206 2906 3654 2963 resurrectione.
3688 2905 3774 2960 Hic

2135 2994 2293 3049 enim
2326 3000 2563 3065 propter
2600 3011 2763 3065 spem
2816 2995 3072 3049 futuram
3119 2994 3367 3067 castigat
3413 3011 3658 3068 corpus;
3689 2993 3774 3049 ille

2136 3099 2268 3138 vero
2327 3086 2562 3153 propter
2621 3082 2801 3137 futuri
2860 3084 3326 3154 desperationem
3381 3084 3562 3153 fovet,
3582 3098 3769 3139 curam

2138 3173 2265 3239 ejus
2298 3188 2477 3243 agens
2509 3170 2577 3225 ad
2622 3176 2880 3242 tempus,
2913 3177 2976 3226 ut
3017 3177 3318 3227 moveatur
3346 3172 3522 3229 citius
3552 3174 3623 3229 ad
3659 3188 3776 3244 pec-

381 3265 588 3321 Christi
613 3269 764 3332 Jesu,
796 3262 1073 3317 enutritus
1101 3259 1283 3314 verbis
1310 3259 1459 3328 ﬁdei,
1483 3268 1537 3313 et
1556 3262 1712 3316 bona
1740 3260 2026 3328 doctrina,
2063 3249 2103 3314 C
2144 3261 2418 3315 candum.

377 3372 543 3426 quam
570 3356 848 3409 assecutus
876 3366 951 3405 es.
977 3348 1126 3413 Quid
1168 3353 1289 3403 tam
1338 3365 1561 3413 verum,
1589 3348 1725 3419 quid
1761 3354 1880 3404 tam
1912 3350 2028 3404 cla-

379 3460 532 3509 rum,
562 3459 628 3497 ac
660 3439 991 3513 providum,
1017 3436 1131 3492 nisi
1162 3441 1227 3490 ut
1254 3435 1567 3507 disciplina
1589 3437 1918 3492 Christiana
1946 3438 2031 3492 in-

378 3535 652 3602 corrupta
682 3530 1049 3595 tradatur,ut
1072 3527 1297 3579 fructus
1319 3526 1448 3593 ejus
1479 3525 1535 3578 in
1564 3543 1697 3579 area
1733 3527 2029 3581 Dominica

378 3620 585 3676 fertilis
617 3635 682 3673 ac
716 3614 923 3671 firmus
971 3614 1373 3669 collaudetur?
1422 3617 1540 3666 Hoc
1578 3620 1687 3682 est,
1716 3619 1782 3667 ut
1832 3615 1888 3668 in
1936 3616 2030 3669 die

371 3708 584 3780 judicii
617 3723 732 3762 non
763 3705 1067 3775 reprobus,
1092 3707 1149 3756 et
1180 3701 1299 3771 igni
1330 3703 1539 3755 combu
1553 3702 1765 3756 rendus
1794 3720 2031 3757 censea-

378 3802 496 3853 tur.
529 3795 648 3851 Hoc
695 3793 831 3848 boni
871 3790 1129 3845 doctoris
1176 3793 1266 3843 est
1310 3793 1484 3859 atque
1534 3788 1725 3843 idonei
1776 3791 2030 3845 ministri

380 3883 613 3939 Domini
655 3883 798 3937 Jesu
829 3879 1065 3947 Christi,
1089 3877 1306 3948 quippe
1336 3893 1469 3931 cum
1502 3877 1823 3932 euutritum
1876 3878 2032 3933 hunc

380 3974 537 4029 dicat
564 3970 755 4028 verbis
801 3967 956 4032 ﬁdei,
990 3972 1047 4021 et
1077 3966 1241 4021 bona
1290 3966 1587 4029 doctrina,
1624 3983 1799 4036 quam
1835 3969 1907 4021 ab
1939 3968 2030 4022 in-

379 4062 565 4118 fantia
594 4065 933 4116 assecutum
963 4055 1121 4109 hunc
1162 4054 1391 4108 asserit.
1426 4053 1533 4118 Qui
1584 4054 1740 4108 enim
1789 4055 2031 4124 integris

380 4150 658 4207 omnibus
689 4147 1063 4202 Hebraeorum
1110 4142 1276 4196 libris
1307 4142 1573 4196 imbutus
1620 4148 1764 4212 erat,
1797 4150 2033 4215 accepta

380 4240 497 4296 ﬁde
525 4237 845 4310 perfectum
880 4232 1013 4289 fecit
1036 4232 1353 4286 doctorem.

451 4328 727 4398 Pro/anas
756 4328 963 4387 autem,
994 4330 1046 4376 et
1072 4320 1250 4375 aniles
1289 4319 1513 4389 fabulas
1542 4321 1741 4388 abnue,
1774 4335 2031 4376 exercens

377 4419 734 4485 temetipsum
760 4413 831 4468 ad
857 4414 1142 4483 pietatem.
1178 4407 1487 4478 Corporalis
1524 4409 1674 4461 enim
1710 4412 2031 4465 exercitatio

379 4506 451 4561 ad
478 4505 754 4560 modicum
779 4502 932 4556 utilis
976 4507 1052 4554 est
1068 4515 1088 4559 ;
1117 4499 1299 4569 piatas
1346 4504 1531 4550 autem
1559 4496 1629 4550 ad
1657 4500 1843 4551 omnia
1874 4500 2031 4553 utilis

2207 3350 2407 3403 Fidelis
2447 3364 2625 3402 sermo
2672 3352 2723 3403 et
2766 3349 2917 3403 omni
2944 3351 3251 3420 acceptione
3299 3349 3519 3420 dignus.
3590 3350 3664 3406 Ad
3695 3350 3780 3404 hoc

2137 3440 2287 3492 enim
2320 3438 2657 3503 laboramus,
2682 3442 2731 3491 et
2758 3440 3165 3507 persecutiones
3193 3441 3477 3510 patimur,
3511 3441 3648 3511 quia
3672 3455 3778 3510 spe-

2139 3543 2324 3580 ramus
2356 3527 2416 3579 in
2445 3526 2616 3579 Deum
2646 3528 2853 3587 vivum,
2881 3528 2979 3595 qui
3009 3534 3089 3581 est
3115 3527 3389 3582 salutaris
3418 3531 3671 3584 omnium
3698 3526 3780 3581 ho-

2138 3617 2375 3682 minum,
2409 3616 2653 3667 maxime
2683 3615 2951 3683 ﬁdelium.
2991 3615 3232 3685 Dignum
3265 3620 3356 3671 est
3390 3616 3586 3687 plane,
3616 3622 3671 3672 et
3697 3630 3778 3670 ac-

2140 3708 2303 3773 cepto
2338 3703 2642 3755 ferendum
2677 3719 2779 3771 pro
2812 3719 3079 3773 spe,qua
3104 3708 3187 3758 est
3216 3704 3271 3757 in
3299 3709 3432 3767 Deo,
3457 3705 3579 3775 pati
3602 3718 3779 3777 perse-

2138 3792 2425 3853 cutiones,
2448 3789 2588 3859 quia
2618 3789 2677 3843 in
2712 3790 2982 3860 prasenti
3015 3791 3133 3845 vita
3173 3809 3308 3863 spes
3339 3794 3563 3849 caduca
3590 3798 3696 3861 est,
3726 3792 3778 3845 in

2140 3878 2530 3950 promissione
2580 3883 2776 3932 autem
2809 3878 2932 3944 Dei,
2966 3880 3136 3933 tirma
3181 3886 3357 3952 atque
3389 3882 3641 3938 stabilis.
3662 3881 3778 3953 Ipse

2139 3972 2228 4023 est
2257 3967 2412 4021 enim
2444 3964 2606 4022 salus
2639 3966 2927 4030 omnium,
2947 3968 3085 4038 quia
3104 3984 3173 4023 ex
3203 3968 3349 4039 ipso,
3372 3975 3431 4024 et
3465 3987 3566 4041 per
3596 3971 3774 4042 ipsum

2136 4057 2358 4121 vivunt,
2380 4060 2667 4126 quantum
2700 4055 2770 4109 ad
2797 4061 3137 4126 prasentem
3159 4057 3335 4113 vitam
3365 4060 3638 4130 pertinet,
3659 4072 3775 4114 om-

2140 4163 2273 4206 nes;
2307 4149 2597 4215 quantum
2628 4160 2760 4199 vero
2783 4144 2854 4198 ad
2887 4146 3237 4216 promissam
3269 4146 3545 4215 salutem,
3566 4146 3773 4202 ﬁdeles.

2138 4232 2632 4305 Cognoscentibus
2692 4232 2849 4287 enim
2909 4250 2993 4301 se,
3036 4238 3169 4305 post
3219 4235 3370 4291 hanc
3427 4236 3627 4305 vitam,
3660 4248 3773 4307 qua

2141 4326 2326 4377 morte
2350 4321 2570 4387 ﬁnitur,
2586 4320 2761 4375 aliam
2785 4322 3057 4377 daturam
3084 4324 3370 4394 promisit,
3395 4341 3526 4397 qua
3557 4325 3775 4380 immor-

2140 4411 2361 4466 talitate
2392 4409 2625 4480 vigebit.
2660 4410 2792 4463 Ideo
2824 4426 2961 4481 ergo
2993 4411 3095 4478 ait,
3128 4415 3374 4467 maxime
3400 4415 3663 4484 ﬁdelium.

2213 4501 2459 4569 l’raacipe
2489 4498 2626 4565 haec,
2655 4507 2705 4552 et
2751 4498 2896 4554 doce.
2930 4501 3096 4555 Nemo
3115 4500 3463 4569 juventulem
3480 4506 3630 4558 tuam
3657 4516 3773 4556 con-

378 4599 480 4659 est,
513 4591 935 4664 promissionem
979 4587 1184 4641 habens
1211 4589 1339 4639 vita:
1367 4586 1659 4655 praesentis
1706 4589 1756 4639 et
1802 4587 2029 4655 futura.
2063 4610 2109 4674 Ι)
2142 4590 2365 4654 temnat,
2395 4585 2487 4641 sed
2514 4589 2695 4656 forma
2723 4592 2835 4641 esto
2874 4587 3141 4657 ﬁdelium,
3177 4591 3237 4644 in
3266 4591 3446 4655 verbo,
3479 4592 3539 4646 in
3567 4605 3772 4647 conver-

381 4681 628 4737 Profana
652 4678 845 4747 verba,
871 4677 1114 4731 adversa
1144 4672 1584 4744 intelliguntur;
1619 4674 1804 4729 aniles
1835 4681 2031 4730 autem

379 4770 615 4835 fabula,
645 4768 1031 4823 deliramenta
1070 4768 1209 4817 sunt
1238 4764 1527 4832 quadam.
1570 4761 1700 4816 Hac
1750 4780 2031 4833 quorum-

380 4860 517 4915 dam
540 4848 1037 4931 perstrepentium
1052 4851 1290 4907 vocibus
1307 4850 1498 4905 solent
1518 4850 1576 4904 in
1600 4852 2029 4909 contentionem

382 4948 616 5015 deduci,
631 4951 698 5001 ut
713 4944 886 5016 quasi
909 4946 1193 4997 tractatus
1213 4940 1500 4994 habeatur
1520 4939 1601 4993 rei
1624 4939 1842 5005 inanis,
1860 4943 2031 5009 cujus

382 5038 625 5092 eﬁ‘ectus
655 5035 857 5090 nullus
888 5036 997 5101 est,
1025 5029 1139 5085 nisi
1169 5028 1461 5083 vanitatis.
1486 5028 1569 5081 Ab
1602 5026 1693 5081 his
1720 5045 1876 5099 ergo,
1903 5046 2030 5101 qua

384 5124 674 5180 contraria
690 5127 850 5190 sunt,
894 5119 1312 5176 declinandum
1336 5120 1564 5169 monet:
1582 5113 1762 5168 simili
1783 5118 1954 5173 modo
1975 5122 2033 5173 et

384 5213 457 5268 ab
487 5211 626 5277 illis,
649 5227 777 5281 qua
819 5209 999 5265 anilia
1040 5212 1198 5273 sunt,
1223 5205 1480 5261 vanitate
1508 5204 1764 5274 quadam
1796 5220 2030 5276 compo-

386 5300 519 5355 sita.
545 5298 696 5353 Sunt
723 5298 881 5354 enim
912 5297 1117 5368 aliqui,
1138 5297 1237 5368 qui
1267 5292 1457 5350 calore
1486 5291 1671 5348 animi
1701 5292 1943 5349 mittunt
1970 5311 2033 5350 se

459 5438 642 5508 (1305)
689 5439 755 5491 Hi
809 5442 973 5495 ultra.
1009 5440 1289 5494 saculum
1340 5437 1613 5509 quintum
1668 5454 1785 5509 non,
1834 5455 2032 5509 perve-

390 5525 546 5573 nere,
591 5513 739 5562 teste
797 5510 1119 5581 Phylastrio
1178 5518 1233 5564 et
1289 5510 1638 5581 Augustino,
1691 5508 1791 5581 qui
1836 5508 2031 5579 hujus

389 5585 559 5632 secta
608 5580 992 5648 superstitum
1044 5581 1397 5636 mentionem
1446 5580 1686 5633 faciunt.
1717 5580 1848 5634 Hac
1895 5598 2030 5635 cum

389 5648 520 5713 aliis
548 5649 1003 5723 quamplurimis
1032 5652 1281 5723 probant
1321 5652 1430 5707 has
1462 5654 1713 5722 quatuor
1742 5650 2032 5724 Epistola-

2141 4679 2376 4743 satione,
2405 4677 2461 4729 in
2495 4676 2744 4743 caritate,
2777 4677 2836 4729 in
2866 4676 2988 4744 ﬁde,
3022 4678 3078 4730 in
3109 4681 3373 4734 castitate.
3410 4679 3769 4741 Timothaus,

2142 4770 2428 4836 quantum
2460 4764 2531 4818 ad
2563 4768 2793 4818 atatem
2845 4764 3110 4835 pertinet,
3135 4767 3372 4835 juvenis
3416 4773 3568 4835 erat;
3602 4782 3768 4839 quan-

2140 4858 2267 4908 tum
2300 4853 2373 4907 ad
2405 4868 2597 4906 mores
2628 4857 2685 4906 et
2714 4854 3235 4922 conversationem,
3266 4856 3461 4911 senior
3488 4862 3545 4911 et
3571 4854 3767 4928 gravis.

2140 4944 2319 5007 Quem
2354 4942 2480 4995 ideo
2510 4939 2593 4994 sic
2624 4945 2842 5005 monet,
2867 4946 2931 4995 ut
2974 4942 3272 5013 profectus
3302 4946 3430 5015 ejus
3462 4962 3563 5015 per
3589 4941 3769 4999 omnia

2139 5029 2471 5101 exemplum
2524 5033 2679 5083 esset
2725 5028 3013 5085 bonorum
3061 5048 3325 5102 operum,
3378 5039 3442 5088 ut
3488 5034 3547 5088 in
3595 5030 3768 5088 adole-

2142 5134 2338 5174 scente
2369 5116 2656 5172 mirabilis
2691 5117 2983 5173 videretur
3030 5125 3088 5175 et
3134 5121 3328 5191 gravis
3358 5120 3682 5193 disciplina,
3712 5121 3769 5172 ut

2140 5213 2305 5262 actus
2328 5208 2457 5276 ejus
2477 5211 2821 5260 excusarent
2841 5212 3087 5275 atatem,
3111 5213 3170 5262 et
3189 5226 3305 5263 non
3331 5209 3502 5280 quasi
3524 5206 3766 5281 juvenis,

2141 5297 2240 5352 sed
2273 5295 2441 5367 quasi
2465 5294 2660 5350 senior
2681 5294 3013 5363 haberetur,
3028 5301 3085 5351 et
3108 5298 3517 5354 erubescerent
3538 5297 3769 5367 majores

2142 5455 2269 5493 rum
2322 5440 2391 5491 ad
2444 5436 3016 5505 'l‘hessalonirenses,
3063 5445 3117 5493 et
3166 5441 3234 5494 ad
3287 5439 3655 5495 Timotheum
3686 5453 3768 5491 ex-

2145 5511 2459 5583 positiones
2488 5508 2573 5583 vel
2607 5510 2679 5561 ab
2712 5508 3145 5583 Ambrosiastro
3188 5513 3549 5583 desumptas,
3579 5507 3767 5583 ve_l__it_l-

2141 5576 2628 5657 terpolationibus
2651 5580 2891 5636 refertas
2915 5597 2984 5636 ex
3012 5582 3143 5639 aliis
3166 5576 3617 5657 antiquioribus.
3638 5576 3768 5636 Vide

2144 5651 2565 5725 prafationem.
