  <div class='ocr_page' id='page_1' title='image "/cluster/home/n/w/nwhite01/storage/ocr_20150623/134-135/uc1.31175013627537/346.png"; bbox 0 0 3898 6398; ppageno 0'>
   <div class='ocr_carea' id='block_1_1' title="bbox 82 387 196 444">
    <p class='ocr_par' dir='ltr' id='par_1_1' title="bbox 82 387 196 444">
     <span class='ocr_line' id='line_1_1' title="bbox 82 387 196 444; baseline 0 0"><span class='ocrx_word' id='word_1_1' title='bbox 82 387 196 444; x_wconf 85' lang='grc'><strong>677</strong></span> 
     </span>
    </p>
   </div>
   <div class='ocr_carea' id='block_1_2' title="bbox 487 381 3103 446">
    <p class='ocr_par' dir='ltr' id='par_1_2' title="bbox 487 381 3103 446">
     <span class='ocr_line' id='line_1_2' title="bbox 487 381 3103 446; baseline -0.001 -2"><span class='ocrx_word' id='word_1_2' title='bbox 487 384 908 446; x_wconf 87' lang='lat' dir='ltr'><strong>EXPOSITIO</strong></span> <span class='ocrx_word' id='word_1_3' title='bbox 954 384 1030 444; x_wconf 89' lang='lat' dir='ltr'><strong>IN</strong></span> <span class='ocrx_word' id='word_1_4' title='bbox 1075 383 1509 445; x_wconf 82' lang='lat' dir='ltr'><strong>EPIS&#39;I‘OLAS</strong></span> <span class='ocrx_word' id='word_1_5' title='bbox 1559 381 1812 444; x_wconf 80' lang='lat' dir='ltr'><strong>PAULI.</strong></span> <span class='ocrx_word' id='word_1_6' title='bbox 1847 412 1927 426; x_wconf 89' lang='lat'><strong>——-</strong></span> <span class='ocrx_word' id='word_1_7' title='bbox 1966 383 2040 441; x_wconf 87' lang='lat' dir='ltr'><strong>lN</strong></span> <span class='ocrx_word' id='word_1_8' title='bbox 2090 383 2339 443; x_wconf 83' lang='lat' dir='ltr'><strong>EPIST.</strong></span> <span class='ocrx_word' id='word_1_9' title='bbox 2388 384 2409 442; x_wconf 85' lang='grc' dir='ltr'>Ι</span> <span class='ocrx_word' id='word_1_10' title='bbox 2457 385 2558 443; x_wconf 89' lang='lat' dir='ltr'><strong>AD</strong></span> <span class='ocrx_word' id='word_1_11' title='bbox 2604 383 3103 446; x_wconf 82' lang='lat' dir='ltr'><strong>TIMOTHEUM.</strong></span> 
     </span>
    </p>
   </div>
   <div class='ocr_carea' id='block_1_3' title="bbox 3389 386 3506 443">
    <p class='ocr_par' dir='ltr' id='par_1_3' title="bbox 3389 386 3506 443">
     <span class='ocr_line' id='line_1_3' title="bbox 3389 386 3506 443; baseline 0.009 -2"><span class='ocrx_word' id='word_1_12' title='bbox 3389 386 3506 443; x_wconf 83' lang='lat'><strong>678</strong></span> 
     </span>
    </p>
   </div>
   <div class='ocr_carea' id='block_1_4' title="bbox 85 513 3509 587">
    <p class='ocr_par' dir='ltr' id='par_1_4' title="bbox 85 513 3509 587">
     <span class='ocr_line' id='line_1_4' title="bbox 85 513 3509 587; baseline -0.001 -13"><span class='ocrx_word' id='word_1_13' title='bbox 85 524 249 587; x_wconf 84' lang='lat' dir='ltr'><strong>natu,</strong></span> <span class='ocrx_word' id='word_1_14' title='bbox 283 515 400 572; x_wconf 91' lang='lat' dir='ltr'><strong>nisi</strong></span> <span class='ocrx_word' id='word_1_15' title='bbox 432 531 496 571; x_wconf 86' lang='lat' dir='ltr'><strong>se</strong></span> <span class='ocrx_word' id='word_1_16' title='bbox 539 514 967 581; x_wconf 85' lang='lat' dir='ltr'><strong>exhibuissent,</strong></span> <span class='ocrx_word' id='word_1_17' title='bbox 1013 515 1186 586; x_wconf 82' lang='lat' dir='ltr'>juxta</span> <span class='ocrx_word' id='word_1_18' title='bbox 1237 515 1486 569; x_wconf 81' lang='lat' dir='ltr'><strong>formam</strong></span> <span class='ocrx_word' id='word_1_19' title='bbox 1539 514 1737 584; x_wconf 84' lang='lat' dir='ltr'><strong>hujus,</strong></span> <span class='ocrx_word' id='word_1_20' title='bbox 1770 515 1824 580; x_wconf 84' lang='grc' dir='ltr'><strong>Α</strong></span> <span class='ocrx_word' id='word_1_21' title='bbox 1856 513 1964 568; x_wconf 89' lang='lat' dir='ltr'><strong>nisi</strong></span> <span class='ocrx_word' id='word_1_22' title='bbox 2002 514 2149 568; x_wconf 81' lang='lat' dir='ltr'><strong>forte</strong></span> <span class='ocrx_word' id='word_1_23' title='bbox 2188 514 2498 570; x_wconf 86' lang='lat' dir='ltr'><strong>doctorum</strong></span> <span class='ocrx_word' id='word_1_24' title='bbox 2545 513 2791 582; x_wconf 85' lang='lat' dir='ltr'><strong>desidia,</strong></span> <span class='ocrx_word' id='word_1_25' title='bbox 2837 519 2940 569; x_wconf 88' lang='lat' dir='ltr'><strong>aut</strong></span> <span class='ocrx_word' id='word_1_26' title='bbox 2990 514 3179 586; x_wconf 84' lang='lat' dir='ltr'><strong>magis</strong></span> <span class='ocrx_word' id='word_1_27' title='bbox 3209 515 3509 586; x_wconf 82' lang='lat' dir='ltr'><strong>superbia,</strong></span> 
     </span>
    </p>
   </div>
   <div class='ocr_carea' id='block_1_5' title="bbox 84 604 1749 674">
    <p class='ocr_par' dir='ltr' id='par_1_5' title="bbox 84 604 1749 674">
     <span class='ocr_line' id='line_1_5' title="bbox 84 604 1749 674; baseline -0.004 -12"><span class='ocrx_word' id='word_1_28' title='bbox 84 604 534 662; x_wconf 82' lang='lat' dir='ltr'><strong>conversatione</strong></span> <span class='ocrx_word' id='word_1_29' title='bbox 577 608 634 658; x_wconf 92' lang='lat' dir='ltr'><strong>et</strong></span> <span class='ocrx_word' id='word_1_30' title='bbox 665 604 931 659; x_wconf 88' lang='lat' dir='ltr'><strong>moribus</strong></span> <span class='ocrx_word' id='word_1_31' title='bbox 969 620 1205 674; x_wconf 81' lang='lat' dir='ltr'><strong>graves;</strong></span> <span class='ocrx_word' id='word_1_32' title='bbox 1231 605 1526 674; x_wconf 86' lang='lat' dir='ltr'><strong>junvenes</strong></span> <span class='ocrx_word' id='word_1_33' title='bbox 1554 607 1749 657; x_wconf 91' lang='lat' dir='ltr'><strong>autem</strong></span> 
     </span>
    </p>
   </div>
   <div class='ocr_carea' id='block_1_6' title="bbox 85 690 1756 763">
    <p class='ocr_par' dir='ltr' id='par_1_6' title="bbox 85 690 1756 763">
     <span class='ocr_line' id='line_1_6' title="bbox 85 690 1756 763; baseline -0.004 -13"><span class='ocrx_word' id='word_1_34' title='bbox 85 711 346 751; x_wconf 69' lang='lat' dir='ltr'><strong>coaevum</strong></span> <span class='ocrx_word' id='word_1_35' title='bbox 379 709 557 748; x_wconf 87' lang='lat' dir='ltr'><strong>suum</strong></span> <span class='ocrx_word' id='word_1_36' title='bbox 592 692 875 747; x_wconf 89' lang='lat' dir='ltr'><strong>haberent</strong></span> <span class='ocrx_word' id='word_1_37' title='bbox 905 691 1281 763; x_wconf 88' lang='lat' dir='ltr'><strong>magistrum.</strong></span> <span class='ocrx_word' id='word_1_38' title='bbox 1309 690 1590 746; x_wconf 91' lang='lat' dir='ltr'><strong>Mirabilis</strong></span> <span class='ocrx_word' id='word_1_39' title='bbox 1621 692 1756 744; x_wconf 84' lang='lat' dir='ltr'><strong>ado-</strong></span> 
     </span>
    </p>
   </div>
   <div class='ocr_carea' id='block_1_7' title="bbox 85 779 1754 851">
    <p class='ocr_par' dir='ltr' id='par_1_7' title="bbox 85 779 1754 851">
     <span class='ocr_line' id='line_1_7' title="bbox 85 779 1754 851; baseline -0.004 -11"><span class='ocrx_word' id='word_1_40' title='bbox 85 785 318 840; x_wconf 89' lang='lat' dir='ltr'><strong>lescens</strong></span> <span class='ocrx_word' id='word_1_41' title='bbox 351 780 766 837; x_wconf 87' lang='lat' dir='ltr'><strong>sanctissimus</strong></span> <span class='ocrx_word' id='word_1_42' title='bbox 796 781 1164 848; x_wconf 86' lang='lat' dir='ltr'><strong>Timotheus,</strong></span> <span class='ocrx_word' id='word_1_43' title='bbox 1192 781 1362 851; x_wconf 85' lang='lat' dir='ltr'><strong>cujus</strong></span> <span class='ocrx_word' id='word_1_44' title='bbox 1384 779 1648 851; x_wconf 80' lang='lat' dir='ltr'><strong>exemplo</strong></span> <span class='ocrx_word' id='word_1_45' title='bbox 1669 779 1754 834; x_wconf 91' lang='lat' dir='ltr'><strong>in-</strong></span> 
     </span>
    </p>
   </div>
   <div class='ocr_carea' id='block_1_8' title="bbox 90 869 1753 944">
    <p class='ocr_par' dir='ltr' id='par_1_8' title="bbox 90 869 1753 944">
     <span class='ocr_line' id='line_1_8' title="bbox 90 869 1753 944; baseline -0.004 -16"><span class='ocrx_word' id='word_1_46' title='bbox 90 871 472 944; x_wconf 88' lang='lat' dir='ltr'><strong>disciplinata</strong></span> <span class='ocrx_word' id='word_1_47' title='bbox 525 870 846 926; x_wconf 90' lang='lat' dir='ltr'><strong>coercenda</strong></span> <span class='ocrx_word' id='word_1_48' title='bbox 890 871 1173 941; x_wconf 82' lang='lat' dir='ltr'><strong>juventus</strong></span> <span class='ocrx_word' id='word_1_49' title='bbox 1223 873 1334 935; x_wconf 90' lang='lat' dir='ltr'><strong>est,</strong></span> <span class='ocrx_word' id='word_1_50' title='bbox 1367 873 1423 924; x_wconf 87' lang='lat' dir='ltr'><strong>et</strong></span> <span class='ocrx_word' id='word_1_51' title='bbox 1453 869 1753 924; x_wconf 88' lang='lat' dir='ltr'><strong>seniorum</strong></span> 
     </span>
    </p>
   </div>
   <div class='ocr_carea' id='block_1_9' title="bbox 89 959 816 1031">
    <p class='ocr_par' dir='ltr' id='par_1_9' title="bbox 89 959 816 1031">
     <span class='ocr_line' id='line_1_9' title="bbox 89 959 816 1031; baseline -0.008 -13"><span class='ocrx_word' id='word_1_52' title='bbox 89 961 468 1018; x_wconf 79' lang='lat' dir='ltr'><strong>irreverentia</strong></span> <span class='ocrx_word' id='word_1_53' title='bbox 498 959 816 1031; x_wconf 88' lang='lat' dir='ltr'><strong>punienda.</strong></span> 
     </span>
    </p>
   </div>
   <div class='ocr_carea' id='block_1_10' title="bbox 157 1047 1752 1115">
    <p class='ocr_par' dir='ltr' id='par_1_10' title="bbox 157 1047 1752 1115">
     <span class='ocr_line' id='line_1_10' title="bbox 157 1047 1752 1115; baseline -0.003 -9"><span class='ocrx_word' id='word_1_54' title='bbox 157 1056 306 1107; x_wconf 91' lang='lat' dir='ltr'><strong>Dum</strong></span> <span class='ocrx_word' id='word_1_55' title='bbox 344 1065 516 1115; x_wconf 88' lang='lat' dir='ltr'><strong>vemo,</strong></span> <span class='ocrx_word' id='word_1_56' title='bbox 551 1047 776 1102; x_wconf 81' lang='lat' dir='ltr'><strong>attende</strong></span> <span class='ocrx_word' id='word_1_57' title='bbox 823 1048 1128 1112; x_wconf 81' lang='lat' dir='ltr'><strong>lectionem,</strong></span> <span class='ocrx_word' id='word_1_58' title='bbox 1184 1047 1652 1114; x_wconf 73' lang='lat' dir='ltr'><strong>exhortationem,</strong></span> <span class='ocrx_word' id='word_1_59' title='bbox 1686 1064 1752 1101; x_wconf 90' lang='lat' dir='ltr'><strong>ac</strong></span> 
     </span>
    </p>
   </div>
   <div class='ocr_carea' id='block_1_11' title="bbox 87 1137 1755 1208">
    <p class='ocr_par' dir='ltr' id='par_1_11' title="bbox 87 1137 1755 1208">
     <span class='ocr_line' id='line_1_11' title="bbox 87 1137 1755 1208; baseline -0.003 -14"><span class='ocrx_word' id='word_1_60' title='bbox 87 1140 421 1196; x_wconf 82' lang='lat' dir='ltr'><strong>doctrinam.</strong></span> <span class='ocrx_word' id='word_1_61' title='bbox 475 1139 603 1193; x_wconf 86' lang='lat' dir='ltr'><strong>Noli</strong></span> <span class='ocrx_word' id='word_1_62' title='bbox 653 1137 940 1208; x_wconf 78' lang='lat' dir='ltr'><strong>negligere</strong></span> <span class='ocrx_word' id='word_1_63' title='bbox 984 1138 1248 1207; x_wconf 81' lang='lat' dir='ltr'><strong>gratiam,</strong></span> <span class='ocrx_word' id='word_1_64' title='bbox 1298 1151 1427 1208; x_wconf 74' lang='lat' dir='ltr'><strong>quae</strong></span> <span class='ocrx_word' id='word_1_65' title='bbox 1457 1144 1534 1191; x_wconf 87' lang='lat' dir='ltr'><strong>est</strong></span> <span class='ocrx_word' id='word_1_66' title='bbox 1579 1139 1639 1190; x_wconf 86' lang='lat' dir='ltr'><strong>in</strong></span> <span class='ocrx_word' id='word_1_67' title='bbox 1684 1144 1755 1200; x_wconf 88' lang='lat' dir='ltr'><strong>te,</strong></span> 
     </span>
    </p>
   </div>
   <div class='ocr_carea' id='block_1_12' title="bbox 91 1224 1758 1302">
    <p class='ocr_par' dir='ltr' id='par_1_12' title="bbox 91 1224 1758 1302">
     <span class='ocr_line' id='line_1_12' title="bbox 91 1224 1758 1302; baseline -0.005 -16"><span class='ocrx_word' id='word_1_68' title='bbox 91 1245 214 1302; x_wconf 70' lang='lat' dir='ltr'><strong>quae</strong></span> <span class='ocrx_word' id='word_1_69' title='bbox 252 1228 386 1283; x_wconf 84' lang='lat' dir='ltr'><strong>data</strong></span> <span class='ocrx_word' id='word_1_70' title='bbox 433 1230 513 1282; x_wconf 84' lang='lat' dir='ltr'><strong>est</strong></span> <span class='ocrx_word' id='word_1_71' title='bbox 542 1227 650 1281; x_wconf 90' lang='lat' dir='ltr'><strong>tibi</strong></span> <span class='ocrx_word' id='word_1_72' title='bbox 690 1242 789 1297; x_wconf 87' lang='lat' dir='ltr'><strong>per</strong></span> <span class='ocrx_word' id='word_1_73' title='bbox 829 1224 1184 1297; x_wconf 82' lang='lat' dir='ltr'><strong>prophetiam</strong></span> <span class='ocrx_word' id='word_1_74' title='bbox 1231 1241 1356 1279; x_wconf 87' lang='lat' dir='ltr'><strong>cum</strong></span> <span class='ocrx_word' id='word_1_75' title='bbox 1404 1225 1758 1296; x_wconf 83' lang='lat' dir='ltr'><strong>impositione</strong></span> 
     </span>
    </p>
   </div>
   <div class='ocr_carea' id='block_1_13' title="bbox 93 1312 1756 1388">
    <p class='ocr_par' dir='ltr' id='par_1_13' title="bbox 93 1312 1756 1388">
     <span class='ocr_line' id='line_1_13' title="bbox 93 1312 1756 1388; baseline -0.005 -14"><span class='ocrx_word' id='word_1_76' title='bbox 93 1334 364 1374; x_wconf 86' lang='lat' dir='ltr'><strong>manuum</strong></span> <span class='ocrx_word' id='word_1_77' title='bbox 391 1316 746 1388; x_wconf 80' lang='lat' dir='ltr'><strong>presbyterii.</strong></span> <span class='ocrx_word' id='word_1_78' title='bbox 780 1313 1077 1369; x_wconf 85' lang='lat' dir='ltr'><strong>lntentum</strong></span> <span class='ocrx_word' id='word_1_79' title='bbox 1099 1313 1256 1369; x_wconf 89' lang='lat' dir='ltr'><strong>hunc</strong></span> <span class='ocrx_word' id='word_1_80' title='bbox 1280 1312 1407 1368; x_wconf 85' lang='lat' dir='ltr'><strong>vult</strong></span> <span class='ocrx_word' id='word_1_81' title='bbox 1426 1329 1553 1368; x_wconf 90' lang='lat' dir='ltr'><strong>esse</strong></span> <span class='ocrx_word' id='word_1_82' title='bbox 1578 1318 1636 1368; x_wconf 88' lang='lat' dir='ltr'><strong>et</strong></span> <span class='ocrx_word' id='word_1_83' title='bbox 1658 1313 1756 1366; x_wconf 87' lang='lat' dir='ltr'><strong>de-</strong></span> 
     </span>
    </p>
   </div>
   <div class='ocr_carea' id='block_1_14' title="bbox 93 1401 1761 1472">
    <p class='ocr_par' dir='ltr' id='par_1_14' title="bbox 93 1401 1761 1472">
     <span class='ocr_line' id='line_1_14' title="bbox 93 1401 1761 1472; baseline -0.004 -11"><span class='ocrx_word' id='word_1_84' title='bbox 93 1408 284 1461; x_wconf 90' lang='lat' dir='ltr'><strong>ditum</strong></span> <span class='ocrx_word' id='word_1_85' title='bbox 299 1403 574 1460; x_wconf 81' lang='lat' dir='ltr'><strong>exercitio</strong></span> <span class='ocrx_word' id='word_1_86' title='bbox 591 1403 878 1470; x_wconf 83' lang='lat' dir='ltr'><strong>lectionis,</strong></span> <span class='ocrx_word' id='word_1_87' title='bbox 903 1408 970 1457; x_wconf 86' lang='lat' dir='ltr'><strong>ut</strong></span> <span class='ocrx_word' id='word_1_88' title='bbox 993 1403 1152 1457; x_wconf 91' lang='lat' dir='ltr'><strong>omni</strong></span> <span class='ocrx_word' id='word_1_89' title='bbox 1173 1418 1315 1457; x_wconf 88' lang='lat' dir='ltr'><strong>cura</strong></span> <span class='ocrx_word' id='word_1_90' title='bbox 1338 1401 1761 1472; x_wconf 76' lang='lat' dir='ltr'><strong>diligentiaque</strong></span> 
     </span>
    </p>
   </div>
   <div class='ocr_carea' id='block_1_15' title="bbox 94 1491 1760 1563">
    <p class='ocr_par' dir='ltr' id='par_1_15' title="bbox 94 1491 1760 1563">
     <span class='ocr_line' id='line_1_15' title="bbox 94 1491 1760 1563; baseline -0.004 -13"><span class='ocrx_word' id='word_1_91' title='bbox 94 1496 203 1550; x_wconf 90' lang='lat' dir='ltr'><strong>hoc</strong></span> <span class='ocrx_word' id='word_1_92' title='bbox 232 1493 518 1563; x_wconf 79' lang='lat' dir='ltr'><strong>enitatur,</strong></span> <span class='ocrx_word' id='word_1_93' title='bbox 566 1497 632 1546; x_wconf 90' lang='lat' dir='ltr'><strong>ut</strong></span> <span class='ocrx_word' id='word_1_94' title='bbox 659 1491 1000 1547; x_wconf 86' lang='lat' dir='ltr'><strong>exhortetur</strong></span> <span class='ocrx_word' id='word_1_95' title='bbox 1046 1497 1104 1546; x_wconf 90' lang='lat' dir='ltr'><strong>et</strong></span> <span class='ocrx_word' id='word_1_96' title='bbox 1152 1491 1376 1546; x_wconf 86' lang='lat' dir='ltr'><strong>doceat.</strong></span> <span class='ocrx_word' id='word_1_97' title='bbox 1425 1491 1760 1545; x_wconf 85' lang='lat' dir='ltr'><strong>Exhortatio</strong></span> 
     </span>
    </p>
   </div>
   <div class='ocr_carea' id='block_1_16' title="bbox 96 1579 1758 1651">
    <p class='ocr_par' dir='ltr' id='par_1_16' title="bbox 96 1579 1758 1651">
     <span class='ocr_line' id='line_1_16' title="bbox 96 1579 1758 1651; baseline -0.003 -14"><span class='ocrx_word' id='word_1_98' title='bbox 96 1587 205 1650; x_wconf 89' lang='lat' dir='ltr'><strong>est,</strong></span> <span class='ocrx_word' id='word_1_99' title='bbox 239 1598 379 1636; x_wconf 90' lang='lat' dir='ltr'><strong>cum</strong></span> <span class='ocrx_word' id='word_1_100' title='bbox 411 1579 544 1635; x_wconf 91' lang='lat' dir='ltr'><strong>miti</strong></span> <span class='ocrx_word' id='word_1_101' title='bbox 576 1580 749 1634; x_wconf 89' lang='lat' dir='ltr'><strong>verbo</strong></span> <span class='ocrx_word' id='word_1_102' title='bbox 778 1579 1009 1651; x_wconf 89' lang='lat' dir='ltr'><strong>aliquos</strong></span> <span class='ocrx_word' id='word_1_103' title='bbox 1034 1595 1420 1650; x_wconf 87' lang='lat' dir='ltr'><strong>provocamus</strong></span> <span class='ocrx_word' id='word_1_104' title='bbox 1443 1579 1513 1633; x_wconf 91' lang='lat' dir='ltr'><strong>ad</strong></span> <span class='ocrx_word' id='word_1_105' title='bbox 1539 1579 1758 1633; x_wconf 89' lang='lat' dir='ltr'><strong>bonum</strong></span> 
     </span>
    </p>
   </div>
   <div class='ocr_carea' id='block_1_17' title="bbox 97 1667 1760 1742">
    <p class='ocr_par' dir='ltr' id='par_1_17' title="bbox 97 1667 1760 1742">
     <span class='ocr_line' id='line_1_17' title="bbox 97 1667 1760 1742; baseline -0.002 -16"><span class='ocrx_word' id='word_1_106' title='bbox 97 1670 498 1742; x_wconf 86' lang='lat' dir='ltr'><strong>opus.Docere</strong></span> <span class='ocrx_word' id='word_1_107' title='bbox 523 1685 679 1735; x_wconf 90' lang='lat' dir='ltr'><strong>vero,</strong></span> <span class='ocrx_word' id='word_1_108' title='bbox 705 1669 941 1740; x_wconf 81' lang='lat' dir='ltr'><strong>quando</strong></span> <span class='ocrx_word' id='word_1_109' title='bbox 964 1685 1033 1724; x_wconf 91' lang='lat' dir='ltr'><strong>ea</strong></span> <span class='ocrx_word' id='word_1_110' title='bbox 1054 1684 1181 1739; x_wconf 72' lang='lat' dir='ltr'><strong>quae</strong></span> <span class='ocrx_word' id='word_1_111' title='bbox 1203 1667 1387 1723; x_wconf 87' lang='lat' dir='ltr'><strong>latent</strong></span> <span class='ocrx_word' id='word_1_112' title='bbox 1415 1667 1760 1723; x_wconf 85' lang='lat' dir='ltr'><strong>intimamus</strong></span> 
     </span>
    </p>
   </div>
   <div class='ocr_carea' id='block_1_18' title="bbox 99 1755 1761 1828">
    <p class='ocr_par' dir='ltr' id='par_1_18' title="bbox 99 1755 1761 1828">
     <span class='ocr_line' id='line_1_18' title="bbox 99 1755 1761 1828; baseline -0.002 -14"><span class='ocrx_word' id='word_1_113' title='bbox 99 1758 402 1815; x_wconf 87' lang='lat' dir='ltr'><strong>mentibus</strong></span> <span class='ocrx_word' id='word_1_114' title='bbox 434 1757 825 1813; x_wconf 90' lang='lat' dir='ltr'><strong>audientium.</strong></span> <span class='ocrx_word' id='word_1_115' title='bbox 856 1757 916 1812; x_wconf 91' lang='lat' dir='ltr'><strong>Si</strong></span> <span class='ocrx_word' id='word_1_116' title='bbox 950 1757 1108 1812; x_wconf 90' lang='lat' dir='ltr'><strong>enim</strong></span> <span class='ocrx_word' id='word_1_117' title='bbox 1141 1761 1329 1812; x_wconf 90' lang='lat' dir='ltr'><strong>rector</strong></span> <span class='ocrx_word' id='word_1_118' title='bbox 1349 1755 1546 1828; x_wconf 88' lang='lat' dir='ltr'><strong>populi</strong></span> <span class='ocrx_word' id='word_1_119' title='bbox 1573 1757 1644 1811; x_wconf 90' lang='lat' dir='ltr'><strong>ab</strong></span> <span class='ocrx_word' id='word_1_120' title='bbox 1668 1755 1761 1811; x_wconf 87' lang='lat' dir='ltr'><strong>his</strong></span> 
     </span>
    </p>
   </div>
   <div class='ocr_carea' id='block_1_19' title="bbox 98 1845 1759 1918">
    <p class='ocr_par' dir='ltr' id='par_1_19' title="bbox 98 1845 1759 1918">
     <span class='ocr_line' id='line_1_19' title="bbox 98 1845 1759 1918; baseline -0.003 -15"><span class='ocrx_word' id='word_1_121' title='bbox 98 1845 716 1918; x_wconf 86' lang='lat' dir='ltr'><strong>dissimulat,negligit</strong></span> <span class='ocrx_word' id='word_1_122' title='bbox 733 1846 986 1917; x_wconf 83' lang='lat' dir='ltr'><strong>gratiam</strong></span> <span class='ocrx_word' id='word_1_123' title='bbox 1005 1846 1202 1901; x_wconf 87' lang='lat' dir='ltr'><strong>datam</strong></span> <span class='ocrx_word' id='word_1_124' title='bbox 1233 1845 1461 1900; x_wconf 87' lang='lat' dir='ltr'><strong>sibi.Ad</strong></span> <span class='ocrx_word' id='word_1_125' title='bbox 1479 1845 1585 1900; x_wconf 89' lang='lat' dir='ltr'><strong>hoc</strong></span> <span class='ocrx_word' id='word_1_126' title='bbox 1602 1845 1759 1900; x_wconf 90' lang='lat' dir='ltr'><strong>enim</strong></span> 
     </span>
    </p>
   </div>
   <div class='ocr_carea' id='block_1_20' title="bbox 98 1933 1764 2007">
    <p class='ocr_par' dir='ltr' id='par_1_20' title="bbox 98 1933 1764 2007">
     <span class='ocr_line' id='line_1_20' title="bbox 98 1933 1764 2007; baseline -0.002 -15"><span class='ocrx_word' id='word_1_127' title='bbox 98 1941 338 1992; x_wconf 86' lang='lat' dir='ltr'><strong>creatur</strong></span> <span class='ocrx_word' id='word_1_128' title='bbox 367 1936 487 1991; x_wconf 84' lang='lat' dir='ltr'><strong>dux</strong></span> <span class='ocrx_word' id='word_1_129' title='bbox 519 1933 734 2007; x_wconf 92' lang='lat' dir='ltr'><strong>populo</strong></span> <span class='ocrx_word' id='word_1_130' title='bbox 767 1939 831 1989; x_wconf 90' lang='lat' dir='ltr'><strong>ut</strong></span> <span class='ocrx_word' id='word_1_131' title='bbox 861 1934 1038 2006; x_wconf 83' lang='lat' dir='ltr'><strong>hujus</strong></span> <span class='ocrx_word' id='word_1_132' title='bbox 1067 1935 1277 1990; x_wconf 87' lang='lat' dir='ltr'><strong>salutis</strong></span> <span class='ocrx_word' id='word_1_133' title='bbox 1307 1933 1764 1990; x_wconf 87' lang='lat' dir='ltr'><strong>sollicitudinem</strong></span> 
     </span>
    </p>
   </div>
   <div class='ocr_carea' id='block_1_21' title="bbox 97 2023 1764 2098">
    <p class='ocr_par' dir='ltr' id='par_1_21' title="bbox 97 2023 1764 2098">
     <span class='ocr_line' id='line_1_21' title="bbox 97 2023 1764 2098; baseline -0.002 -17"><span class='ocrx_word' id='word_1_134' title='bbox 97 2030 286 2098; x_wconf 88' lang='lat' dir='ltr'><strong>gerat,</strong></span> <span class='ocrx_word' id='word_1_135' title='bbox 320 2024 665 2091; x_wconf 87' lang='lat' dir='ltr'><strong>admodum,</strong></span> <span class='ocrx_word' id='word_1_136' title='bbox 699 2024 982 2094; x_wconf 83' lang='lat' dir='ltr'><strong>docendo,</strong></span> <span class='ocrx_word' id='word_1_137' title='bbox 1039 2028 1102 2077; x_wconf 93' lang='lat' dir='ltr'><strong>ut</strong></span> <span class='ocrx_word' id='word_1_138' title='bbox 1135 2024 1393 2078; x_wconf 85' lang='lat' dir='ltr'><strong>fructum</strong></span> <span class='ocrx_word' id='word_1_139' title='bbox 1426 2023 1639 2078; x_wconf 90' lang='lat' dir='ltr'><strong>habeat</strong></span> <span class='ocrx_word' id='word_1_140' title='bbox 1669 2040 1764 2077; x_wconf 85' lang='lat' dir='ltr'><strong>or-</strong></span> 
     </span>
    </p>
   </div>
   <div class='ocr_carea' id='block_1_22' title="bbox 100 2111 1768 2185">
    <p class='ocr_par' dir='ltr' id='par_1_22' title="bbox 100 2111 1768 2185">
     <span class='ocr_line' id='line_1_22' title="bbox 100 2111 1768 2185; baseline -0.003 -16"><span class='ocrx_word' id='word_1_141' title='bbox 100 2114 324 2169; x_wconf 87' lang='lat' dir='ltr'><strong>dinatio</strong></span> <span class='ocrx_word' id='word_1_142' title='bbox 344 2129 550 2185; x_wconf 89' lang='lat' dir='ltr'><strong>;quem</strong></span> <span class='ocrx_word' id='word_1_143' title='bbox 576 2112 649 2167; x_wconf 88' lang='lat' dir='ltr'><strong>ad</strong></span> <span class='ocrx_word' id='word_1_144' title='bbox 671 2112 781 2166; x_wconf 89' lang='lat' dir='ltr'><strong>hoc</strong></span> <span class='ocrx_word' id='word_1_145' title='bbox 799 2111 1001 2183; x_wconf 84' lang='lat' dir='ltr'><strong>utique</strong></span> <span class='ocrx_word' id='word_1_146' title='bbox 1023 2112 1176 2167; x_wconf 87' lang='lat' dir='ltr'><strong>Deus</strong></span> <span class='ocrx_word' id='word_1_147' title='bbox 1198 2113 1528 2178; x_wconf 87' lang='lat' dir='ltr'><strong>constituit,</strong></span> <span class='ocrx_word' id='word_1_148' title='bbox 1552 2117 1616 2165; x_wconf 91' lang='lat' dir='ltr'><strong>ut</strong></span> <span class='ocrx_word' id='word_1_149' title='bbox 1639 2127 1768 2182; x_wconf 91' lang='lat' dir='ltr'><strong>pro-</strong></span> 
     </span>
    </p>
   </div>
   <div class='ocr_carea' id='block_1_23' title="bbox 104 2200 1768 2274">
    <p class='ocr_par' dir='ltr' id='par_1_23' title="bbox 104 2200 1768 2274">
     <span class='ocr_line' id='line_1_23' title="bbox 104 2200 1768 2274; baseline -0.004 -15"><span class='ocrx_word' id='word_1_150' title='bbox 104 2204 263 2259; x_wconf 88' lang='lat' dir='ltr'><strong>ﬁciat</strong></span> <span class='ocrx_word' id='word_1_151' title='bbox 293 2202 476 2258; x_wconf 89' lang='lat' dir='ltr'><strong>saluti</strong></span> <span class='ocrx_word' id='word_1_152' title='bbox 509 2201 699 2274; x_wconf 82' lang='lat' dir='ltr'><strong>plebis</strong></span> <span class='ocrx_word' id='word_1_153' title='bbox 721 2218 858 2256; x_wconf 65' lang='lat' dir='ltr'><strong>suae.</strong></span> <span class='ocrx_word' id='word_1_154' title='bbox 879 2201 988 2266; x_wconf 86' lang='lat' dir='ltr'><strong>Qui</strong></span> <span class='ocrx_word' id='word_1_155' title='bbox 1019 2217 1156 2273; x_wconf 89' lang='lat' dir='ltr'><strong>ergo</strong></span> <span class='ocrx_word' id='word_1_156' title='bbox 1187 2201 1245 2256; x_wconf 93' lang='lat' dir='ltr'><strong>in</strong></span> <span class='ocrx_word' id='word_1_157' title='bbox 1279 2201 1385 2255; x_wconf 88' lang='lat' dir='ltr'><strong>hac</strong></span> <span class='ocrx_word' id='word_1_158' title='bbox 1419 2200 1768 2256; x_wconf 84' lang='lat' dir='ltr'><strong>auctoritate</strong></span> 
     </span>
    </p>
   </div>
   <div class='ocr_carea' id='block_1_24' title="bbox 103 2289 1766 2366">
    <p class='ocr_par' dir='ltr' id='par_1_24' title="bbox 103 2289 1766 2366">
     <span class='ocr_line' id='line_1_24' title="bbox 103 2289 1766 2366; baseline -0.005 -17"><span class='ocrx_word' id='word_1_159' title='bbox 103 2290 672 2366; x_wconf 88' lang='lat' dir='ltr'><strong>positusindiligens</strong></span> <span class='ocrx_word' id='word_1_160' title='bbox 701 2290 899 2357; x_wconf 85' lang='lat' dir='ltr'><strong>fuerit,</strong></span> <span class='ocrx_word' id='word_1_161' title='bbox 920 2289 1021 2345; x_wconf 90' lang='lat' dir='ltr'><strong>Dei</strong></span> <span class='ocrx_word' id='word_1_162' title='bbox 1047 2289 1766 2362; x_wconf 86' lang='lat' dir='ltr'><strong>contemptorhabebitur,</strong></span> 
     </span>
    </p>
   </div>
   <div class='ocr_carea' id='block_1_25' title="bbox 107 2380 1769 2452">
    <p class='ocr_par' dir='ltr' id='par_1_25' title="bbox 107 2380 1769 2452">
     <span class='ocr_line' id='line_1_25' title="bbox 107 2380 1769 2452; baseline -0.003 -14"><span class='ocrx_word' id='word_1_163' title='bbox 107 2382 401 2438; x_wconf 88' lang='lat' dir='ltr'><strong>minimus</strong></span> <span class='ocrx_word' id='word_1_164' title='bbox 433 2381 489 2435; x_wconf 93' lang='lat' dir='ltr'><strong>in</strong></span> <span class='ocrx_word' id='word_1_165' title='bbox 523 2395 704 2452; x_wconf 89' lang='lat' dir='ltr'><strong>regno</strong></span> <span class='ocrx_word' id='word_1_166' title='bbox 733 2380 833 2435; x_wconf 92' lang='lat' dir='ltr'><strong>Dei</strong></span> <span class='ocrx_word' id='word_1_167' title='bbox 856 2380 1340 2452; x_wconf 83' lang='lat' dir='ltr'><strong>vocatus(Matth.</strong></span> <span class='ocrx_word' id='word_1_168' title='bbox 1365 2397 1420 2446; x_wconf 90' lang='lat' dir='ltr'><strong>v,</strong></span> <span class='ocrx_word' id='word_1_169' title='bbox 1447 2380 1769 2451; x_wconf 83' lang='lat' dir='ltr'><strong>19.)Neque</strong></span> 
     </span>
    </p>
   </div>
   <div class='ocr_carea' id='block_1_26' title="bbox 107 2468 1765 2543">
    <p class='ocr_par' dir='ltr' id='par_1_26' title="bbox 107 2468 1765 2543">
     <span class='ocr_line' id='line_1_26' title="bbox 107 2468 1765 2543; baseline -0.003 -16"><span class='ocrx_word' id='word_1_170' title='bbox 107 2472 266 2527; x_wconf 89' lang='lat' dir='ltr'><strong>enim</strong></span> <span class='ocrx_word' id='word_1_171' title='bbox 300 2470 517 2543; x_wconf 90' lang='lat' dir='ltr'><strong>poterit</strong></span> <span class='ocrx_word' id='word_1_172' title='bbox 545 2470 754 2536; x_wconf 85' lang='lat' dir='ltr'><strong>facere,</strong></span> <span class='ocrx_word' id='word_1_173' title='bbox 788 2469 889 2541; x_wconf 92' lang='lat' dir='ltr'><strong>qui</strong></span> <span class='ocrx_word' id='word_1_174' title='bbox 923 2485 1027 2524; x_wconf 91' lang='lat' dir='ltr'><strong>nec</strong></span> <span class='ocrx_word' id='word_1_175' title='bbox 1051 2471 1258 2525; x_wconf 90' lang='lat' dir='ltr'><strong>docere</strong></span> <span class='ocrx_word' id='word_1_176' title='bbox 1294 2469 1592 2541; x_wconf 83' lang='lat' dir='ltr'><strong>dignatur.</strong></span> <span class='ocrx_word' id='word_1_177' title='bbox 1626 2468 1765 2523; x_wconf 90' lang='lat' dir='ltr'><strong>Gra-</strong></span> 
     </span>
    </p>
   </div>
   <div class='ocr_carea' id='block_1_27' title="bbox 104 2557 1769 2631">
    <p class='ocr_par' dir='ltr' id='par_1_27' title="bbox 104 2557 1769 2631">
     <span class='ocr_line' id='line_1_27' title="bbox 104 2557 1769 2631; baseline -0.003 -15"><span class='ocrx_word' id='word_1_178' title='bbox 104 2562 250 2616; x_wconf 89' lang='lat' dir='ltr'><strong>tiam</strong></span> <span class='ocrx_word' id='word_1_179' title='bbox 287 2565 486 2616; x_wconf 88' lang='lat' dir='ltr'><strong>tamen</strong></span> <span class='ocrx_word' id='word_1_180' title='bbox 518 2557 938 2625; x_wconf 89' lang='lat' dir='ltr'><strong>dari,ordinari</strong></span> <span class='ocrx_word' id='word_1_181' title='bbox 962 2558 1254 2631; x_wconf 85' lang='lat' dir='ltr'><strong>signiﬁcat</strong></span> <span class='ocrx_word' id='word_1_182' title='bbox 1274 2575 1377 2630; x_wconf 91' lang='lat' dir='ltr'><strong>per</strong></span> <span class='ocrx_word' id='word_1_183' title='bbox 1401 2558 1769 2630; x_wconf 89' lang='lat' dir='ltr'><strong>prophetiam</strong></span> 
     </span>
    </p>
   </div>
   <div class='ocr_carea' id='block_1_28' title="bbox 106 2647 1769 2720">
    <p class='ocr_par' dir='ltr' id='par_1_28' title="bbox 106 2647 1769 2720">
     <span class='ocr_line' id='line_1_28' title="bbox 106 2647 1769 2720; baseline -0.002 -16"><span class='ocrx_word' id='word_1_184' title='bbox 106 2656 162 2704; x_wconf 91' lang='lat' dir='ltr'><strong>et</strong></span> <span class='ocrx_word' id='word_1_185' title='bbox 193 2665 486 2705; x_wconf 86' lang='lat' dir='ltr'><strong>manuum</strong></span> <span class='ocrx_word' id='word_1_186' title='bbox 519 2647 979 2720; x_wconf 86' lang='lat' dir='ltr'><strong>impositionem.</strong></span> <span class='ocrx_word' id='word_1_187' title='bbox 1032 2647 1341 2720; x_wconf 88' lang='lat' dir='ltr'><strong>Prophetia</strong></span> <span class='ocrx_word' id='word_1_188' title='bbox 1371 2653 1478 2718; x_wconf 88' lang='lat' dir='ltr'><strong>est,</strong></span> <span class='ocrx_word' id='word_1_189' title='bbox 1522 2664 1638 2719; x_wconf 88' lang='lat' dir='ltr'><strong>qua</strong></span> <span class='ocrx_word' id='word_1_190' title='bbox 1667 2647 1769 2702; x_wconf 87' lang='lat' dir='ltr'><strong>eli-</strong></span> 
     </span>
    </p>
   </div>
   <div class='ocr_carea' id='block_1_29' title="bbox 106 2735 1772 2810">
    <p class='ocr_par' dir='ltr' id='par_1_29' title="bbox 106 2735 1772 2810">
     <span class='ocr_line' id='line_1_29' title="bbox 106 2735 1772 2810; baseline -0.002 -17"><span class='ocrx_word' id='word_1_191' title='bbox 106 2739 269 2809; x_wconf 87' lang='lat' dir='ltr'><strong>gitur</strong></span> <span class='ocrx_word' id='word_1_192' title='bbox 301 2736 473 2810; x_wconf 90' lang='lat' dir='ltr'><strong>quasi</strong></span> <span class='ocrx_word' id='word_1_193' title='bbox 506 2737 706 2792; x_wconf 90' lang='lat' dir='ltr'><strong>doctor</strong></span> <span class='ocrx_word' id='word_1_194' title='bbox 737 2736 972 2792; x_wconf 85' lang='lat' dir='ltr'><strong>futurus</strong></span> <span class='ocrx_word' id='word_1_195' title='bbox 993 2735 1262 2802; x_wconf 90' lang='lat' dir='ltr'><strong>idoneus,</strong></span> <span class='ocrx_word' id='word_1_196' title='bbox 1298 2753 1510 2791; x_wconf 89' lang='lat' dir='ltr'><strong>manus</strong></span> <span class='ocrx_word' id='word_1_197' title='bbox 1533 2736 1772 2808; x_wconf 89' lang='lat' dir='ltr'><strong>imposi-</strong></span> 
     </span>
    </p>
   </div>
   <div class='ocr_carea' id='block_1_30' title="bbox 105 2824 1772 2896">
    <p class='ocr_par' dir='ltr' id='par_1_30' title="bbox 105 2824 1772 2896">
     <span class='ocr_line' id='line_1_30' title="bbox 105 2824 1772 2896; baseline -0.002 -14"><span class='ocrx_word' id='word_1_198' title='bbox 105 2829 300 2882; x_wconf 88' lang='lat' dir='ltr'><strong>tiones</strong></span> <span class='ocrx_word' id='word_1_199' title='bbox 332 2842 488 2892; x_wconf 90' lang='lat' dir='ltr'><strong>vero,</strong></span> <span class='ocrx_word' id='word_1_200' title='bbox 519 2825 697 2880; x_wconf 90' lang='lat' dir='ltr'><strong>verba</strong></span> <span class='ocrx_word' id='word_1_201' title='bbox 727 2830 871 2879; x_wconf 89' lang='lat' dir='ltr'><strong>sunt</strong></span> <span class='ocrx_word' id='word_1_202' title='bbox 921 2824 1190 2896; x_wconf 84' lang='lat' dir='ltr'><strong>mystica,</strong></span> <span class='ocrx_word' id='word_1_203' title='bbox 1222 2824 1438 2894; x_wconf 90' lang='lat' dir='ltr'><strong>quibus</strong></span> <span class='ocrx_word' id='word_1_204' title='bbox 1467 2826 1772 2879; x_wconf 85' lang='lat' dir='ltr'><strong>conﬁrma-</strong></span> 
     </span>
    </p>
   </div>
   <div class='ocr_carea' id='block_1_31' title="bbox 104 2912 1769 2985">
    <p class='ocr_par' dir='ltr' id='par_1_31' title="bbox 104 2912 1769 2985">
     <span class='ocr_line' id='line_1_31' title="bbox 104 2912 1769 2985; baseline -0.002 -15"><span class='ocrx_word' id='word_1_205' title='bbox 104 2921 203 2970; x_wconf 90' lang='lat' dir='ltr'><strong>tur</strong></span> <span class='ocrx_word' id='word_1_206' title='bbox 234 2915 310 2970; x_wconf 88' lang='lat' dir='ltr'><strong>ad</strong></span> <span class='ocrx_word' id='word_1_207' title='bbox 342 2914 453 2969; x_wconf 92' lang='lat' dir='ltr'><strong>hoc</strong></span> <span class='ocrx_word' id='word_1_208' title='bbox 501 2930 650 2985; x_wconf 91' lang='lat' dir='ltr'><strong>opus</strong></span> <span class='ocrx_word' id='word_1_209' title='bbox 707 2912 947 2983; x_wconf 90' lang='lat' dir='ltr'><strong>electus,</strong></span> <span class='ocrx_word' id='word_1_210' title='bbox 998 2914 1292 2984; x_wconf 89' lang='lat' dir='ltr'><strong>accipiens</strong></span> <span class='ocrx_word' id='word_1_211' title='bbox 1339 2913 1769 2980; x_wconf 86' lang='lat' dir='ltr'><strong>auctoritatem,</strong></span> 
     </span>
    </p>
   </div>
   <div class='ocr_carea' id='block_1_32' title="bbox 105 3002 1770 3070">
    <p class='ocr_par' dir='ltr' id='par_1_32' title="bbox 105 3002 1770 3070">
     <span class='ocr_line' id='line_1_32' title="bbox 105 3002 1770 3070; baseline -0.003 -9"><span class='ocrx_word' id='word_1_212' title='bbox 105 3010 259 3061; x_wconf 86' lang='lat' dir='ltr'><strong>teste</strong></span> <span class='ocrx_word' id='word_1_213' title='bbox 291 3002 657 3060; x_wconf 89' lang='lat' dir='ltr'><strong>conscientia</strong></span> <span class='ocrx_word' id='word_1_214' title='bbox 688 3019 816 3070; x_wconf 89' lang='lat' dir='ltr'><strong>sua,</strong></span> <span class='ocrx_word' id='word_1_215' title='bbox 849 3006 916 3056; x_wconf 89' lang='lat' dir='ltr'><strong>ut</strong></span> <span class='ocrx_word' id='word_1_216' title='bbox 945 3003 1159 3057; x_wconf 87' lang='lat' dir='ltr'><strong>audeat</strong></span> <span class='ocrx_word' id='word_1_217' title='bbox 1182 3002 1306 3057; x_wconf 86' lang='lat' dir='ltr'><strong>vice</strong></span> <span class='ocrx_word' id='word_1_218' title='bbox 1337 3002 1568 3057; x_wconf 89' lang='lat' dir='ltr'><strong>Domini</strong></span> <span class='ocrx_word' id='word_1_219' title='bbox 1593 3003 1770 3057; x_wconf 88' lang='lat' dir='ltr'><strong>sacri-</strong></span> 
     </span>
    </p>
   </div>
   <div class='ocr_carea' id='block_1_33' title="bbox 107 3091 723 3149">
    <p class='ocr_par' dir='ltr' id='par_1_33' title="bbox 107 3091 723 3149">
     <span class='ocr_line' id='line_1_33' title="bbox 107 3091 723 3149; baseline -0.006 -1"><span class='ocrx_word' id='word_1_220' title='bbox 107 3095 313 3149; x_wconf 83' lang='lat' dir='ltr'><strong>ﬁcium</strong></span> <span class='ocrx_word' id='word_1_221' title='bbox 347 3092 465 3148; x_wconf 90' lang='lat' dir='ltr'><strong>Deo</strong></span> <span class='ocrx_word' id='word_1_222' title='bbox 497 3091 723 3146; x_wconf 76' lang='lat' dir='ltr'><strong>offerre.</strong></span> 
     </span>
    </p>
   </div>
   <div class='ocr_carea' id='block_1_34' title="bbox 178 3179 1774 3252">
    <p class='ocr_par' dir='ltr' id='par_1_34' title="bbox 178 3179 1774 3252">
     <span class='ocr_line' id='line_1_34' title="bbox 178 3179 1774 3252; baseline -0.003 -13"><span class='ocrx_word' id='word_1_223' title='bbox 178 3185 316 3239; x_wconf 78' lang='lat' dir='ltr'><strong>Haec</strong></span> <span class='ocrx_word' id='word_1_224' title='bbox 342 3180 625 3247; x_wconf 85' lang='lat' dir='ltr'><strong>meditare,</strong></span> <span class='ocrx_word' id='word_1_225' title='bbox 666 3181 725 3235; x_wconf 83' lang='lat' dir='ltr'><strong>in</strong></span> <span class='ocrx_word' id='word_1_226' title='bbox 753 3179 835 3234; x_wconf 86' lang='lat' dir='ltr'><strong>his</strong></span> <span class='ocrx_word' id='word_1_227' title='bbox 874 3184 1004 3247; x_wconf 88' lang='lat' dir='ltr'><strong>esto,</strong></span> <span class='ocrx_word' id='word_1_228' title='bbox 1037 3184 1096 3235; x_wconf 85' lang='lat' dir='ltr'><strong>ut</strong></span> <span class='ocrx_word' id='word_1_229' title='bbox 1135 3183 1407 3252; x_wconf 82' lang='lat' dir='ltr'><strong>profectus</strong></span> <span class='ocrx_word' id='word_1_230' title='bbox 1439 3184 1565 3234; x_wconf 85' lang='lat' dir='ltr'><strong>tuus</strong></span> <span class='ocrx_word' id='word_1_231' title='bbox 1594 3180 1774 3235; x_wconf 87' lang='lat' dir='ltr'><strong>mani-</strong></span> 
     </span>
    </p>
   </div>
   <div class='ocr_carea' id='block_1_35' title="bbox 1861 602 3512 676">
    <p class='ocr_par' dir='ltr' id='par_1_35' title="bbox 1861 602 3512 676">
     <span class='ocr_line' id='line_1_35' title="bbox 1861 602 3512 676; baseline 0.002 -20"><span class='ocrx_word' id='word_1_232' title='bbox 1861 603 2001 656; x_wconf 91' lang='lat' dir='ltr'><strong>dum</strong></span> <span class='ocrx_word' id='word_1_233' title='bbox 2037 602 2144 657; x_wconf 86' lang='lat' dir='ltr'><strong>soli</strong></span> <span class='ocrx_word' id='word_1_234' title='bbox 2169 602 2373 658; x_wconf 91' lang='lat' dir='ltr'><strong>volunt</strong></span> <span class='ocrx_word' id='word_1_235' title='bbox 2403 603 2625 674; x_wconf 88' lang='lat' dir='ltr'><strong>aliquid</strong></span> <span class='ocrx_word' id='word_1_236' title='bbox 2656 603 2862 658; x_wconf 59' lang='lat' dir='ltr'><strong>videri:</strong></span> <span class='ocrx_word' id='word_1_237' title='bbox 2891 604 3165 660; x_wconf 84' lang='lat' dir='ltr'><strong>Juniores</strong></span> <span class='ocrx_word' id='word_1_238' title='bbox 3196 609 3365 676; x_wconf 90' lang='lat' dir='ltr'><strong>quasi</strong></span> <span class='ocrx_word' id='word_1_239' title='bbox 3399 607 3512 660; x_wconf 88' lang='lat' dir='ltr'><strong>fra-</strong></span> 
     </span>
    </p>
   </div>
   <div class='ocr_carea' id='block_1_36' title="bbox 1860 692 3517 763">
    <p class='ocr_par' dir='ltr' id='par_1_36' title="bbox 1860 692 3517 763">
     <span class='ocr_line' id='line_1_36' title="bbox 1860 692 3517 763; baseline 0.003 -18"><span class='ocrx_word' id='word_1_240' title='bbox 1860 696 1979 746; x_wconf 86' lang='lat' dir='ltr'><strong>tres</strong></span> <span class='ocrx_word' id='word_1_241' title='bbox 2011 697 2207 747; x_wconf 87' lang='lat' dir='ltr'><strong>censet</strong></span> <span class='ocrx_word' id='word_1_242' title='bbox 2236 693 2638 748; x_wconf 88' lang='lat' dir='ltr'><strong>admonendos</strong></span> <span class='ocrx_word' id='word_1_243' title='bbox 2661 709 2796 746; x_wconf 93' lang='lat' dir='ltr'><strong>cum</strong></span> <span class='ocrx_word' id='word_1_244' title='bbox 2829 692 3035 747; x_wconf 81' lang='lat' dir='ltr'><strong>aﬂ‘ectu</strong></span> <span class='ocrx_word' id='word_1_245' title='bbox 3070 695 3424 763; x_wconf 87' lang='lat' dir='ltr'><strong>dilectionis,</strong></span> <span class='ocrx_word' id='word_1_246' title='bbox 3451 702 3517 752; x_wconf 89' lang='lat' dir='ltr'><strong>ut</strong></span> 
     </span>
    </p>
   </div>
   <div class='ocr_carea' id='block_1_37' title="bbox 1861 780 3514 847">
    <p class='ocr_par' dir='ltr' id='par_1_37' title="bbox 1861 780 3514 847">
     <span class='ocr_line' id='line_1_37' title="bbox 1861 780 3514 847; baseline 0.004 -13"><span class='ocrx_word' id='word_1_247' title='bbox 1861 780 2124 835; x_wconf 91' lang='lat' dir='ltr'><strong>videntes</strong></span> <span class='ocrx_word' id='word_1_248' title='bbox 2138 781 2356 836; x_wconf 90' lang='lat' dir='ltr'><strong>amoris</strong></span> <span class='ocrx_word' id='word_1_249' title='bbox 2378 798 2554 836; x_wconf 84' lang='lat' dir='ltr'><strong>causa</strong></span> <span class='ocrx_word' id='word_1_250' title='bbox 2575 797 2636 835; x_wconf 91' lang='lat' dir='ltr'><strong>se</strong></span> <span class='ocrx_word' id='word_1_251' title='bbox 2653 783 3279 847; x_wconf 85' lang='lat' dir='ltr'><strong>commoneri,facilius</strong></span> <span class='ocrx_word' id='word_1_252' title='bbox 3311 803 3373 842; x_wconf 83' lang='lat' dir='ltr'><strong>se</strong></span> <span class='ocrx_word' id='word_1_253' title='bbox 3390 803 3514 842; x_wconf 87' lang='lat' dir='ltr'><strong>cor-</strong></span> 
     </span>
    </p>
   </div>
   <div class='ocr_carea' id='block_1_38' title="bbox 1864 870 3520 946">
    <p class='ocr_par' dir='ltr' id='par_1_38' title="bbox 1864 870 3520 946">
     <span class='ocr_line' id='line_1_38' title="bbox 1864 870 3520 946; baseline 0.004 -23"><span class='ocrx_word' id='word_1_254' title='bbox 1864 871 2095 941; x_wconf 88' lang='lat' dir='ltr'><strong>rigant;</strong></span> <span class='ocrx_word' id='word_1_255' title='bbox 2132 871 2348 942; x_wconf 87' lang='lat' dir='ltr'><strong>quippe</strong></span> <span class='ocrx_word' id='word_1_256' title='bbox 2373 887 2506 924; x_wconf 92' lang='lat' dir='ltr'><strong>cum</strong></span> <span class='ocrx_word' id='word_1_257' title='bbox 2539 870 2772 924; x_wconf 85' lang='lat' dir='ltr'><strong>videant</strong></span> <span class='ocrx_word' id='word_1_258' title='bbox 2816 888 2928 926; x_wconf 91' lang='lat' dir='ltr'><strong>non</strong></span> <span class='ocrx_word' id='word_1_259' title='bbox 2974 872 3310 944; x_wconf 84' lang='lat' dir='ltr'><strong>discrepare</strong></span> <span class='ocrx_word' id='word_1_260' title='bbox 3340 891 3520 946; x_wconf 88' lang='lat' dir='ltr'><strong>opera</strong></span> 
     </span>
    </p>
   </div>
   <div class='ocr_carea' id='block_1_39' title="bbox 1865 959 3517 1030">
    <p class='ocr_par' dir='ltr' id='par_1_39' title="bbox 1865 959 3517 1030">
     <span class='ocr_line' id='line_1_39' title="bbox 1865 959 3517 1030; baseline 0.004 -18"><span class='ocrx_word' id='word_1_261' title='bbox 1865 959 1994 1029; x_wconf 86' lang='lat' dir='ltr'><strong>ejus</strong></span> <span class='ocrx_word' id='word_1_262' title='bbox 2027 976 2059 1013; x_wconf 86' lang='lat' dir='ltr'><strong>a</strong></span> <span class='ocrx_word' id='word_1_263' title='bbox 2089 959 2519 1030; x_wconf 80' lang='lat' dir='ltr'><strong>praedicatione.</strong></span> <span class='ocrx_word' id='word_1_264' title='bbox 2553 965 2720 1013; x_wconf 82' lang='lat' dir='ltr'><strong>Anus</strong></span> <span class='ocrx_word' id='word_1_265' title='bbox 2751 976 2884 1014; x_wconf 84' lang='lat' dir='ltr'><strong>vero</strong></span> <span class='ocrx_word' id='word_1_266' title='bbox 2909 961 3075 1030; x_wconf 87' lang='lat' dir='ltr'><strong>quasi</strong></span> <span class='ocrx_word' id='word_1_267' title='bbox 3113 968 3350 1030; x_wconf 90' lang='lat' dir='ltr'><strong>matres,</strong></span> <span class='ocrx_word' id='word_1_268' title='bbox 3384 980 3517 1018; x_wconf 92' lang='lat' dir='ltr'><strong>cum</strong></span> 
     </span>
    </p>
   </div>
   <div class='ocr_carea' id='block_1_40' title="bbox 1867 1047 3517 1122">
    <p class='ocr_par' dir='ltr' id='par_1_40' title="bbox 1867 1047 3517 1122">
     <span class='ocr_line' id='line_1_40' title="bbox 1867 1047 3517 1122; baseline 0.004 -22"><span class='ocrx_word' id='word_1_269' title='bbox 1867 1047 1995 1100; x_wconf 90' lang='lat' dir='ltr'><strong>miti</strong></span> <span class='ocrx_word' id='word_1_270' title='bbox 2019 1063 2290 1102; x_wconf 88' lang='lat' dir='ltr'><strong>sermone</strong></span> <span class='ocrx_word' id='word_1_271' title='bbox 2312 1047 2504 1101; x_wconf 89' lang='lat' dir='ltr'><strong>doceri</strong></span> <span class='ocrx_word' id='word_1_272' title='bbox 2529 1064 2589 1101; x_wconf 90' lang='lat' dir='ltr'><strong>se</strong></span> <span class='ocrx_word' id='word_1_273' title='bbox 2610 1047 2951 1112; x_wconf 89' lang='lat' dir='ltr'><strong>vident,non</strong></span> <span class='ocrx_word' id='word_1_274' title='bbox 2975 1066 3179 1119; x_wconf 85' lang='lat' dir='ltr'><strong>aspere</strong></span> <span class='ocrx_word' id='word_1_275' title='bbox 3203 1051 3517 1122; x_wconf 85' lang='lat' dir='ltr'><strong>accipiant,</strong></span> 
     </span>
    </p>
   </div>
   <div class='ocr_carea' id='block_1_41' title="bbox 1867 1135 3522 1208">
    <p class='ocr_par' dir='ltr' id='par_1_41' title="bbox 1867 1135 3522 1208">
     <span class='ocr_line' id='line_1_41' title="bbox 1867 1135 3522 1208; baseline 0.004 -18"><span class='ocrx_word' id='word_1_276' title='bbox 1867 1136 2008 1207; x_wconf 88' lang='lat' dir='ltr'><strong>quia</strong></span> <span class='ocrx_word' id='word_1_277' title='bbox 2046 1135 2362 1191; x_wconf 85' lang='lat' dir='ltr'><strong>honoriﬁce</strong></span> <span class='ocrx_word' id='word_1_278' title='bbox 2404 1136 2739 1206; x_wconf 85' lang='lat' dir='ltr'><strong>proﬁciunt.</strong></span> <span class='ocrx_word' id='word_1_279' title='bbox 2775 1140 3063 1208; x_wconf 80' lang='lat' dir='ltr'><strong>Asperum</strong></span> <span class='ocrx_word' id='word_1_280' title='bbox 3100 1143 3190 1194; x_wconf 90' lang='lat' dir='ltr'><strong>est</strong></span> <span class='ocrx_word' id='word_1_281' title='bbox 3236 1141 3391 1195; x_wconf 90' lang='lat' dir='ltr'><strong>enim</strong></span> <span class='ocrx_word' id='word_1_282' title='bbox 3426 1158 3522 1197; x_wconf 85' lang='lat' dir='ltr'><strong>se-</strong></span> 
     </span>
    </p>
   </div>
   <div class='ocr_carea' id='block_1_42' title="bbox 1868 1225 3522 1302">
    <p class='ocr_par' dir='ltr' id='par_1_42' title="bbox 1868 1225 3522 1302">
     <span class='ocr_line' id='line_1_42' title="bbox 1868 1225 3522 1302; baseline 0.004 -23"><span class='ocrx_word' id='word_1_283' title='bbox 1868 1225 2067 1289; x_wconf 88' lang='lat' dir='ltr'><strong>nibus,</strong></span> <span class='ocrx_word' id='word_1_284' title='bbox 2100 1242 2231 1279; x_wconf 90' lang='lat' dir='ltr'><strong>cum</strong></span> <span class='ocrx_word' id='word_1_285' title='bbox 2256 1225 2701 1295; x_wconf 90' lang='lat' dir='ltr'><strong>corripiuntura</strong></span> <span class='ocrx_word' id='word_1_286' title='bbox 2726 1226 3085 1296; x_wconf 90' lang='lat' dir='ltr'><strong>junioribus,</strong></span> <span class='ocrx_word' id='word_1_287' title='bbox 3114 1229 3267 1299; x_wconf 90' lang='lat' dir='ltr'><strong>quod</strong></span> <span class='ocrx_word' id='word_1_288' title='bbox 3302 1233 3522 1302; x_wconf 87' lang='lat' dir='ltr'><strong>tempe-</strong></span> 
     </span>
    </p>
   </div>
   <div class='ocr_carea' id='block_1_43' title="bbox 1869 1313 3521 1386">
    <p class='ocr_par' dir='ltr' id='par_1_43' title="bbox 1869 1313 3521 1386">
     <span class='ocr_line' id='line_1_43' title="bbox 1869 1313 3521 1386; baseline 0.003 -19"><span class='ocrx_word' id='word_1_289' title='bbox 1869 1318 2132 1368; x_wconf 84' lang='lat' dir='ltr'><strong>ramento</strong></span> <span class='ocrx_word' id='word_1_290' title='bbox 2166 1313 2421 1383; x_wconf 90' lang='lat' dir='ltr'><strong>quodam</strong></span> <span class='ocrx_word' id='word_1_291' title='bbox 2453 1313 2617 1367; x_wconf 91' lang='lat' dir='ltr'><strong>leniri</strong></span> <span class='ocrx_word' id='word_1_292' title='bbox 2651 1314 2791 1379; x_wconf 87' lang='lat' dir='ltr'><strong>vult,</strong></span> <span class='ocrx_word' id='word_1_293' title='bbox 2827 1320 2891 1368; x_wconf 92' lang='lat' dir='ltr'><strong>ut</strong></span> <span class='ocrx_word' id='word_1_294' title='bbox 2925 1317 3218 1386; x_wconf 77' lang='lat' dir='ltr'><strong>profectus</strong></span> <span class='ocrx_word' id='word_1_295' title='bbox 3249 1319 3324 1373; x_wconf 88' lang='lat' dir='ltr'><strong>sit</strong></span> <span class='ocrx_word' id='word_1_296' title='bbox 3345 1325 3402 1374; x_wconf 88' lang='lat' dir='ltr'><strong>et</strong></span> <span class='ocrx_word' id='word_1_297' title='bbox 3431 1320 3521 1374; x_wconf 90' lang='lat' dir='ltr'><strong>di-</strong></span> 
     </span>
    </p>
   </div>
   <div class='ocr_carea' id='block_1_44' title="bbox 1868 1403 3522 1472">
    <p class='ocr_par' dir='ltr' id='par_1_44' title="bbox 1868 1403 3522 1472">
     <span class='ocr_line' id='line_1_44' title="bbox 1868 1403 3522 1472; baseline 0.005 -16"><span class='ocrx_word' id='word_1_298' title='bbox 1868 1403 2044 1472; x_wconf 88' lang='lat' dir='ltr'><strong>centi,</strong></span> <span class='ocrx_word' id='word_1_299' title='bbox 2077 1408 2134 1458; x_wconf 90' lang='lat' dir='ltr'><strong>et</strong></span> <span class='ocrx_word' id='word_1_300' title='bbox 2153 1403 2435 1458; x_wconf 87' lang='lat' dir='ltr'><strong>audienti.</strong></span> <span class='ocrx_word' id='word_1_301' title='bbox 2460 1403 2960 1471; x_wconf 85' lang='lat' dir='ltr'><strong>Adolescentulas,</strong></span> <span class='ocrx_word' id='word_1_302' title='bbox 2988 1411 3052 1459; x_wconf 89' lang='lat' dir='ltr'><strong>ut</strong></span> <span class='ocrx_word' id='word_1_303' title='bbox 3071 1423 3300 1463; x_wconf 87' lang='lat' dir='ltr'><strong>sorores</strong></span> <span class='ocrx_word' id='word_1_304' title='bbox 3323 1411 3390 1463; x_wconf 90' lang='lat' dir='ltr'><strong>ad</strong></span> <span class='ocrx_word' id='word_1_305' title='bbox 3405 1423 3522 1463; x_wconf 91' lang='lat' dir='ltr'><strong>mo-</strong></span> 
     </span>
    </p>
   </div>
   <div class='ocr_carea' id='block_1_45' title="bbox 1871 1493 3519 1563">
    <p class='ocr_par' dir='ltr' id='par_1_45' title="bbox 1871 1493 3519 1563">
     <span class='ocr_line' id='line_1_45' title="bbox 1871 1493 3519 1563; baseline 0.003 -16"><span class='ocrx_word' id='word_1_306' title='bbox 1871 1497 1970 1547; x_wconf 89' lang='lat' dir='ltr'><strong>net</strong></span> <span class='ocrx_word' id='word_1_307' title='bbox 1999 1493 2346 1561; x_wconf 88' lang='lat' dir='ltr'><strong>edocendas,</strong></span> <span class='ocrx_word' id='word_1_308' title='bbox 2377 1497 2440 1545; x_wconf 92' lang='lat' dir='ltr'><strong>ut</strong></span> <span class='ocrx_word' id='word_1_309' title='bbox 2470 1497 2741 1563; x_wconf 87' lang='lat' dir='ltr'><strong>prompte</strong></span> <span class='ocrx_word' id='word_1_310' title='bbox 2765 1494 2992 1563; x_wconf 90' lang='lat' dir='ltr'><strong>possint</strong></span> <span class='ocrx_word' id='word_1_311' title='bbox 3014 1496 3176 1550; x_wconf 70' lang='lat' dir='ltr'><strong>bonae</strong></span> <span class='ocrx_word' id='word_1_312' title='bbox 3209 1513 3519 1553; x_wconf 89' lang='lat' dir='ltr'><strong>conversa-</strong></span> 
     </span>
    </p>
   </div>
   <div class='ocr_carea' id='block_1_46' title="bbox 1869 1580 3519 1652">
    <p class='ocr_par' dir='ltr' id='par_1_46' title="bbox 1869 1580 3519 1652">
     <span class='ocr_line' id='line_1_46' title="bbox 1869 1580 3519 1652; baseline 0.004 -17"><span class='ocrx_word' id='word_1_313' title='bbox 1869 1581 2048 1636; x_wconf 88' lang='lat' dir='ltr'><strong>tionis</strong></span> <span class='ocrx_word' id='word_1_314' title='bbox 2066 1582 2364 1652; x_wconf 87' lang='lat' dir='ltr'><strong>suscipere</strong></span> <span class='ocrx_word' id='word_1_315' title='bbox 2385 1580 2782 1652; x_wconf 88' lang='lat' dir='ltr'><strong>disciplinam.</strong></span> <span class='ocrx_word' id='word_1_316' title='bbox 2807 1583 3048 1645; x_wconf 78' lang='lat' dir='ltr'><strong>Quando</strong></span> <span class='ocrx_word' id='word_1_317' title='bbox 3065 1585 3221 1640; x_wconf 89' lang='lat' dir='ltr'><strong>enim</strong></span> <span class='ocrx_word' id='word_1_318' title='bbox 3246 1602 3360 1640; x_wconf 90' lang='lat' dir='ltr'><strong>non</strong></span> <span class='ocrx_word' id='word_1_319' title='bbox 3384 1603 3519 1641; x_wconf 87' lang='lat' dir='ltr'><strong>cum</strong></span> 
     </span>
    </p>
   </div>
   <div class='ocr_carea' id='block_1_47' title="bbox 1871 1669 3520 1746">
    <p class='ocr_par' dir='ltr' id='par_1_47' title="bbox 1871 1669 3520 1746">
     <span class='ocr_line' id='line_1_47' title="bbox 1871 1669 3520 1746; baseline 0.003 -22"><span class='ocrx_word' id='word_1_320' title='bbox 1871 1670 2118 1740; x_wconf 90' lang='lat' dir='ltr'><strong>imperio</strong></span> <span class='ocrx_word' id='word_1_321' title='bbox 2150 1671 2436 1725; x_wconf 89' lang='lat' dir='ltr'><strong>insinuari</strong></span> <span class='ocrx_word' id='word_1_322' title='bbox 2471 1669 2586 1724; x_wconf 89' lang='lat' dir='ltr'><strong>sibi</strong></span> <span class='ocrx_word' id='word_1_323' title='bbox 2615 1670 2791 1738; x_wconf 90' lang='lat' dir='ltr'><strong>videt,</strong></span> <span class='ocrx_word' id='word_1_324' title='bbox 2825 1687 2953 1741; x_wconf 72' lang='lat' dir='ltr'><strong>qua:</strong></span> <span class='ocrx_word' id='word_1_325' title='bbox 2985 1673 3059 1728; x_wconf 89' lang='lat' dir='ltr'><strong>ad</strong></span> <span class='ocrx_word' id='word_1_326' title='bbox 3093 1674 3304 1728; x_wconf 90' lang='lat' dir='ltr'><strong>bonam</strong></span> <span class='ocrx_word' id='word_1_327' title='bbox 3339 1676 3520 1746; x_wconf 85' lang='lat' dir='ltr'><strong>perti-</strong></span> 
     </span>
    </p>
   </div>
   <div class='ocr_carea' id='block_1_48' title="bbox 1873 1758 3522 1831">
    <p class='ocr_par' dir='ltr' id='par_1_48' title="bbox 1873 1758 3522 1831">
     <span class='ocr_line' id='line_1_48' title="bbox 1873 1758 3522 1831; baseline 0.002 -17"><span class='ocrx_word' id='word_1_328' title='bbox 1873 1765 2013 1814; x_wconf 90' lang='lat' dir='ltr'><strong>nent</strong></span> <span class='ocrx_word' id='word_1_329' title='bbox 2040 1759 2242 1822; x_wconf 77' lang='lat' dir='ltr'><strong>vitam,</strong></span> <span class='ocrx_word' id='word_1_330' title='bbox 2271 1759 2580 1829; x_wconf 84' lang='lat' dir='ltr'><strong>consentit,</strong></span> <span class='ocrx_word' id='word_1_331' title='bbox 2615 1758 2898 1813; x_wconf 90' lang='lat' dir='ltr'><strong>humilem</strong></span> <span class='ocrx_word' id='word_1_332' title='bbox 2931 1777 2993 1814; x_wconf 88' lang='lat' dir='ltr'><strong>se</strong></span> <span class='ocrx_word' id='word_1_333' title='bbox 3019 1763 3284 1831; x_wconf 78' lang='lat' dir='ltr'><strong>praebens</strong></span> <span class='ocrx_word' id='word_1_334' title='bbox 3315 1764 3522 1818; x_wconf 88' lang='lat' dir='ltr'><strong>admo-</strong></span> 
     </span>
    </p>
   </div>
   <div class='ocr_carea' id='block_1_49' title="bbox 1872 1846 3522 1920">
    <p class='ocr_par' dir='ltr' id='par_1_49' title="bbox 1872 1846 3522 1920">
     <span class='ocr_line' id='line_1_49' title="bbox 1872 1846 3522 1920; baseline 0.002 -17"><span class='ocrx_word' id='word_1_335' title='bbox 1872 1848 2054 1904; x_wconf 85' lang='lat' dir='ltr'><strong>nenti.</strong></span> <span class='ocrx_word' id='word_1_336' title='bbox 2089 1846 2398 1901; x_wconf 89' lang='lat' dir='ltr'><strong>Blanditiis</strong></span> <span class='ocrx_word' id='word_1_337' title='bbox 2419 1847 2574 1901; x_wconf 89' lang='lat' dir='ltr'><strong>enim</strong></span> <span class='ocrx_word' id='word_1_338' title='bbox 2597 1847 2787 1903; x_wconf 89' lang='lat' dir='ltr'><strong>solent</strong></span> <span class='ocrx_word' id='word_1_339' title='bbox 2817 1848 3088 1913; x_wconf 87' lang='lat' dir='ltr'><strong>obtineri,</strong></span> <span class='ocrx_word' id='word_1_340' title='bbox 3115 1866 3241 1920; x_wconf 68' lang='lat' dir='ltr'><strong>quae</strong></span> <span class='ocrx_word' id='word_1_341' title='bbox 3271 1852 3522 1906; x_wconf 84' lang='lat' dir='ltr'><strong>auctori-</strong></span> 
     </span>
    </p>
   </div>
   <div class='ocr_carea' id='block_1_50' title="bbox 1874 1935 3525 2008">
    <p class='ocr_par' dir='ltr' id='par_1_50' title="bbox 1874 1935 3525 2008">
     <span class='ocr_line' id='line_1_50' title="bbox 1874 1935 3525 2008; baseline 0.002 -18"><span class='ocrx_word' id='word_1_342' title='bbox 1874 1942 1993 1992; x_wconf 89' lang='lat' dir='ltr'><strong>tate</strong></span> <span class='ocrx_word' id='word_1_343' title='bbox 2025 1952 2138 1990; x_wconf 91' lang='lat' dir='ltr'><strong>non</strong></span> <span class='ocrx_word' id='word_1_344' title='bbox 2172 1941 2443 2006; x_wconf 87' lang='lat' dir='ltr'><strong>possunt.</strong></span> <span class='ocrx_word' id='word_1_345' title='bbox 2476 1936 2621 1988; x_wconf 89' lang='lat' dir='ltr'><strong>Nam</strong></span> <span class='ocrx_word' id='word_1_346' title='bbox 2675 1935 2957 1991; x_wconf 90' lang='lat' dir='ltr'><strong>animalia</strong></span> <span class='ocrx_word' id='word_1_347' title='bbox 2988 1939 3223 2008; x_wconf 89' lang='lat' dir='ltr'><strong>quando</strong></span> <span class='ocrx_word' id='word_1_348' title='bbox 3256 1941 3525 1995; x_wconf 89' lang='lat' dir='ltr'><strong>membra</strong></span> 
     </span>
    </p>
   </div>
   <div class='ocr_carea' id='block_1_51' title="bbox 1876 2023 3128 2089">
    <p class='ocr_par' dir='ltr' id='par_1_51' title="bbox 1876 2023 3128 2089">
     <span class='ocr_line' id='line_1_51' title="bbox 1876 2023 3128 2089; baseline 0.002 -11"><span class='ocrx_word' id='word_1_349' title='bbox 1876 2042 1984 2079; x_wconf 90' lang='lat' dir='ltr'><strong>sua</strong></span> <span class='ocrx_word' id='word_1_350' title='bbox 2012 2023 2293 2089; x_wconf 89' lang='lat' dir='ltr'><strong>zelantur,</strong></span> <span class='ocrx_word' id='word_1_351' title='bbox 2338 2023 2637 2078; x_wconf 90' lang='lat' dir='ltr'><strong>blanditiis</strong></span> <span class='ocrx_word' id='word_1_352' title='bbox 2667 2029 2862 2078; x_wconf 90' lang='lat' dir='ltr'><strong>tamen</strong></span> <span class='ocrx_word' id='word_1_353' title='bbox 2895 2026 3128 2080; x_wconf 90' lang='lat' dir='ltr'><strong>cedunt.</strong></span> 
     </span>
    </p>
   </div>
   <div class='ocr_carea' id='block_1_52' title="bbox 1953 2112 3519 2181">
    <p class='ocr_par' dir='ltr' id='par_1_52' title="bbox 1953 2112 3519 2181">
     <span class='ocr_line' id='line_1_52' title="bbox 1953 2112 3519 2181; baseline 0.004 -14"><span class='ocrx_word' id='word_1_354' title='bbox 1953 2113 2162 2168; x_wconf 78' lang='lat' dir='ltr'><strong>Viduas</strong></span> <span class='ocrx_word' id='word_1_355' title='bbox 2193 2112 2419 2176; x_wconf 84' lang='lat' dir='ltr'><strong>honora,</strong></span> <span class='ocrx_word' id='word_1_356' title='bbox 2452 2127 2578 2181; x_wconf 69' lang='lat' dir='ltr'><strong>qua:</strong></span> <span class='ocrx_word' id='word_1_357' title='bbox 2609 2114 2723 2166; x_wconf 68' lang='lat' dir='ltr'><strong>nire</strong></span> <span class='ocrx_word' id='word_1_358' title='bbox 2756 2112 2930 2167; x_wconf 70' lang='lat' dir='ltr'><strong>vidua:</strong></span> <span class='ocrx_word' id='word_1_359' title='bbox 2957 2119 3105 2167; x_wconf 85' lang='lat' dir='ltr'><strong>sunt.</strong></span> <span class='ocrx_word' id='word_1_360' title='bbox 3159 2116 3275 2170; x_wconf 87' lang='lat' dir='ltr'><strong>Has</strong></span> <span class='ocrx_word' id='word_1_361' title='bbox 3315 2117 3519 2173; x_wconf 88' lang='lat' dir='ltr'><strong>viduas</strong></span> 
     </span>
    </p>
   </div>
   <div class='ocr_carea' id='block_1_53' title="bbox 1876 2201 3525 2272">
    <p class='ocr_par' dir='ltr' id='par_1_53' title="bbox 1876 2201 3525 2272">
     <span class='ocr_line' id='line_1_53' title="bbox 1876 2201 3525 2272; baseline 0.002 -16"><span class='ocrx_word' id='word_1_362' title='bbox 1876 2202 2018 2256; x_wconf 89' lang='lat' dir='ltr'><strong>dicit</strong></span> <span class='ocrx_word' id='word_1_363' title='bbox 2047 2201 2440 2267; x_wconf 79' lang='lat' dir='ltr'><strong>honorandae,</strong></span> <span class='ocrx_word' id='word_1_364' title='bbox 2469 2217 2594 2270; x_wconf 67' lang='lat' dir='ltr'><strong>quas</strong></span> <span class='ocrx_word' id='word_1_365' title='bbox 2627 2202 2763 2255; x_wconf 86' lang='lat' dir='ltr'><strong>data</strong></span> <span class='ocrx_word' id='word_1_366' title='bbox 2788 2217 2957 2272; x_wconf 83' lang='lat' dir='ltr'><strong>opera</strong></span> <span class='ocrx_word' id='word_1_367' title='bbox 2975 2203 3157 2257; x_wconf 77' lang='lat' dir='ltr'><strong>viduae</strong></span> <span class='ocrx_word' id='word_1_368' title='bbox 3183 2210 3341 2259; x_wconf 91' lang='lat' dir='ltr'><strong>sunt.</strong></span> <span class='ocrx_word' id='word_1_369' title='bbox 3367 2207 3525 2271; x_wconf 65' lang='lat' dir='ltr'><strong>Quae,</strong></span> 
     </span>
    </p>
   </div>
   <div class='ocr_carea' id='block_1_54' title="bbox 1877 2290 3525 2366">
    <p class='ocr_par' dir='ltr' id='par_1_54' title="bbox 1877 2290 3525 2366">
     <span class='ocr_line' id='line_1_54' title="bbox 1877 2290 3525 2366; baseline 0.003 -22"><span class='ocrx_word' id='word_1_370' title='bbox 1877 2307 2010 2344; x_wconf 90' lang='lat' dir='ltr'><strong>cum</strong></span> <span class='ocrx_word' id='word_1_371' title='bbox 2044 2293 2283 2360; x_wconf 90' lang='lat' dir='ltr'><strong>possent</strong></span> <span class='ocrx_word' id='word_1_372' title='bbox 2315 2290 2552 2357; x_wconf 88' lang='lat' dir='ltr'><strong>nubere,</strong></span> <span class='ocrx_word' id='word_1_373' title='bbox 2615 2295 2675 2344; x_wconf 91' lang='lat' dir='ltr'><strong>ut</strong></span> <span class='ocrx_word' id='word_1_374' title='bbox 2706 2291 2976 2345; x_wconf 86' lang='lat' dir='ltr'><strong>meliores</strong></span> <span class='ocrx_word' id='word_1_375' title='bbox 3007 2298 3206 2347; x_wconf 88' lang='lat' dir='ltr'><strong>essent</strong></span> <span class='ocrx_word' id='word_1_376' title='bbox 3236 2299 3294 2348; x_wconf 91' lang='lat' dir='ltr'><strong>et</strong></span> <span class='ocrx_word' id='word_1_377' title='bbox 3334 2296 3525 2366; x_wconf 71' lang='lat' dir='ltr'><strong>digna:</strong></span> 
     </span>
    </p>
   </div>
   <div class='ocr_carea' id='block_1_55' title="bbox 1878 2378 3528 2450">
    <p class='ocr_par' dir='ltr' id='par_1_55' title="bbox 1878 2378 3528 2450">
     <span class='ocr_line' id='line_1_55' title="bbox 1878 2378 3528 2450; baseline 0.004 -18"><span class='ocrx_word' id='word_1_378' title='bbox 1878 2385 2010 2445; x_wconf 86' lang='lat' dir='ltr'><strong>Deo,</strong></span> <span class='ocrx_word' id='word_1_379' title='bbox 2041 2379 2331 2432; x_wconf 87' lang='lat' dir='ltr'><strong>secundas</strong></span> <span class='ocrx_word' id='word_1_380' title='bbox 2363 2378 2605 2448; x_wconf 88' lang='lat' dir='ltr'><strong>nuptias</strong></span> <span class='ocrx_word' id='word_1_381' title='bbox 2648 2387 3019 2450; x_wconf 82' lang='lat' dir='ltr'><strong>respuerant,</strong></span> <span class='ocrx_word' id='word_1_382' title='bbox 3053 2383 3304 2438; x_wconf 89' lang='lat' dir='ltr'><strong>scientes</strong></span> <span class='ocrx_word' id='word_1_383' title='bbox 3347 2384 3528 2438; x_wconf 85' lang='lat' dir='ltr'><strong>semel</strong></span> 
     </span>
    </p>
   </div>
   <div class='ocr_carea' id='block_1_56' title="bbox 1873 2466 3520 2544">
    <p class='ocr_par' dir='ltr' id='par_1_56' title="bbox 1873 2466 3520 2544">
     <span class='ocr_line' id='line_1_56' title="bbox 1873 2466 3520 2544; baseline 0.002 -21"><span class='ocrx_word' id='word_1_384' title='bbox 1873 2467 2136 2523; x_wconf 90' lang='lat' dir='ltr'><strong>benedici</strong></span> <span class='ocrx_word' id='word_1_385' title='bbox 2158 2467 2524 2538; x_wconf 86' lang='lat' dir='ltr'><strong>conjugium,</strong></span> <span class='ocrx_word' id='word_1_386' title='bbox 2555 2466 2778 2521; x_wconf 64' lang='lat' dir='ltr'><strong>aemulae</strong></span> <span class='ocrx_word' id='word_1_387' title='bbox 2802 2469 3156 2524; x_wconf 72' lang='lat' dir='ltr'><strong>sanctisimze</strong></span> <span class='ocrx_word' id='word_1_388' title='bbox 3175 2473 3419 2544; x_wconf 61' lang='lat' dir='ltr'><strong>Annae,q</strong></span> <span class='ocrx_word' id='word_1_389' title='bbox 3435 2490 3520 2527; x_wconf 70' lang='lat' dir='ltr'><strong>uae</strong></span> 
     </span>
    </p>
   </div>
   <div class='ocr_carea' id='block_1_57' title="bbox 1871 2555 3527 2628">
    <p class='ocr_par' dir='ltr' id='par_1_57' title="bbox 1871 2555 3527 2628">
     <span class='ocr_line' id='line_1_57' title="bbox 1871 2555 3527 2628; baseline 0.003 -17"><span class='ocrx_word' id='word_1_390' title='bbox 1871 2557 2117 2628; x_wconf 81' lang='lat' dir='ltr'><strong>jejuniis</strong></span> <span class='ocrx_word' id='word_1_391' title='bbox 2146 2562 2202 2611; x_wconf 90' lang='lat' dir='ltr'><strong>et</strong></span> <span class='ocrx_word' id='word_1_392' title='bbox 2232 2555 2734 2610; x_wconf 84' lang='lat' dir='ltr'><strong>obsecrationibus</strong></span> <span class='ocrx_word' id='word_1_393' title='bbox 2762 2558 2872 2611; x_wconf 92' lang='lat' dir='ltr'><strong>Deo</strong></span> <span class='ocrx_word' id='word_1_394' title='bbox 2895 2559 3184 2614; x_wconf 87' lang='lat' dir='ltr'><strong>serviebat</strong></span> <span class='ocrx_word' id='word_1_395' title='bbox 3204 2568 3375 2615; x_wconf 91' lang='lat' dir='ltr'><strong>noctu</strong></span> <span class='ocrx_word' id='word_1_396' title='bbox 3401 2563 3527 2616; x_wconf 88' lang='lat' dir='ltr'><strong>die-</strong></span> 
     </span>
    </p>
   </div>
   <div class='ocr_carea' id='block_1_58' title="bbox 1879 2645 3526 2722">
    <p class='ocr_par' dir='ltr' id='par_1_58' title="bbox 1879 2645 3526 2722">
     <span class='ocr_line' id='line_1_58' title="bbox 1879 2645 3526 2722; baseline 0.002 -22"><span class='ocrx_word' id='word_1_397' title='bbox 1879 2662 2014 2717; x_wconf 91' lang='lat' dir='ltr'><strong>que,</strong></span> <span class='ocrx_word' id='word_1_398' title='bbox 2049 2646 2223 2699; x_wconf 91' lang='lat' dir='ltr'><strong>unius</strong></span> <span class='ocrx_word' id='word_1_399' title='bbox 2252 2645 2358 2699; x_wconf 90' lang='lat' dir='ltr'><strong>viri</strong></span> <span class='ocrx_word' id='word_1_400' title='bbox 2381 2649 2618 2714; x_wconf 83' lang='lat' dir='ltr'><strong>experta</strong></span> <span class='ocrx_word' id='word_1_401' title='bbox 2637 2646 3183 2715; x_wconf 86' lang='lat' dir='ltr'><strong>concubitum(Luc.</strong></span> <span class='ocrx_word' id='word_1_402' title='bbox 3212 2667 3273 2716; x_wconf 84' lang='lat' dir='ltr'><strong>II,</strong></span> <span class='ocrx_word' id='word_1_403' title='bbox 3291 2651 3383 2718; x_wconf 85' lang='lat'><strong>36,</strong></span> <span class='ocrx_word' id='word_1_404' title='bbox 3404 2651 3526 2722; x_wconf 91' lang='lat'><strong>37):</strong></span> 
     </span>
    </p>
   </div>
   <div class='ocr_carea' id='block_1_59' title="bbox 1951 2734 3529 2807">
    <p class='ocr_par' dir='ltr' id='par_1_59' title="bbox 1951 2734 3529 2807">
     <span class='ocr_line' id='line_1_59' title="bbox 1951 2734 3529 2807; baseline 0.003 -17"><span class='ocrx_word' id='word_1_405' title='bbox 1951 2736 2010 2790; x_wconf 86' lang='lat' dir='ltr'><strong>Si</strong></span> <span class='ocrx_word' id='word_1_406' title='bbox 2037 2752 2148 2807; x_wconf 88' lang='lat' dir='ltr'><strong>qua</strong></span> <span class='ocrx_word' id='word_1_407' title='bbox 2177 2737 2354 2788; x_wconf 85' lang='lat' dir='ltr'><strong>autem</strong></span> <span class='ocrx_word' id='word_1_408' title='bbox 2384 2734 2544 2788; x_wconf 81' lang='lat' dir='ltr'><strong>viduo</strong></span> <span class='ocrx_word' id='word_1_409' title='bbox 2572 2734 2739 2802; x_wconf 83' lang='lat' dir='ltr'><strong>ﬁlios,</strong></span> <span class='ocrx_word' id='word_1_410' title='bbox 2767 2735 2850 2788; x_wconf 82' lang='lat' dir='ltr'><strong>vel</strong></span> <span class='ocrx_word' id='word_1_411' title='bbox 2882 2740 3100 2806; x_wconf 74' lang='lat' dir='ltr'><strong>nepotes</strong></span> <span class='ocrx_word' id='word_1_412' title='bbox 3133 2739 3321 2799; x_wconf 83' lang='lat' dir='ltr'><strong>habet,</strong></span> <span class='ocrx_word' id='word_1_413' title='bbox 3352 2739 3529 2795; x_wconf 85' lang='lat' dir='ltr'><strong>discat</strong></span> 
     </span>
    </p>
   </div>
   <div class='ocr_carea' id='block_1_60' title="bbox 1874 2823 3532 2897">
    <p class='ocr_par' dir='ltr' id='par_1_60' title="bbox 1874 2823 3532 2897">
     <span class='ocr_line' id='line_1_60' title="bbox 1874 2823 3532 2897; baseline 0.003 -18"><span class='ocrx_word' id='word_1_414' title='bbox 1874 2827 2122 2897; x_wconf 85' lang='lat' dir='ltr'><strong>primum</strong></span> <span class='ocrx_word' id='word_1_415' title='bbox 2152 2823 2371 2878; x_wconf 81' lang='lat' dir='ltr'><strong>domum</strong></span> <span class='ocrx_word' id='word_1_416' title='bbox 2399 2839 2557 2877; x_wconf 84' lang='lat' dir='ltr'><strong>suam</strong></span> <span class='ocrx_word' id='word_1_417' title='bbox 2581 2824 2672 2893; x_wconf 86' lang='lat' dir='ltr'><strong>pie</strong></span> <span class='ocrx_word' id='word_1_418' title='bbox 2700 2826 2956 2891; x_wconf 82' lang='lat' dir='ltr'><strong>tractare,</strong></span> <span class='ocrx_word' id='word_1_419' title='bbox 3003 2841 3053 2879; x_wconf 75' lang='lat' dir='ltr'><strong>ei</strong></span> <span class='ocrx_word' id='word_1_420' title='bbox 3083 2832 3333 2882; x_wconf 87' lang='lat' dir='ltr'><strong>mutuam</strong></span> <span class='ocrx_word' id='word_1_421' title='bbox 3363 2833 3532 2884; x_wconf 88' lang='lat' dir='ltr'><strong>vicem</strong></span> 
     </span>
    </p>
   </div>
   <div class='ocr_carea' id='block_1_61' title="bbox 1877 2911 3530 2986">
    <p class='ocr_par' dir='ltr' id='par_1_61' title="bbox 1877 2911 3530 2986">
     <span class='ocr_line' id='line_1_61' title="bbox 1877 2911 3530 2986; baseline 0.002 -17"><span class='ocrx_word' id='word_1_422' title='bbox 1877 2916 2188 2986; x_wconf 82' lang='lat' dir='ltr'><strong>gratiarum</strong></span> <span class='ocrx_word' id='word_1_423' title='bbox 2214 2911 2435 2966; x_wconf 83' lang='lat' dir='ltr'><strong>reddere</strong></span> <span class='ocrx_word' id='word_1_424' title='bbox 2462 2911 2804 2982; x_wconf 83' lang='lat' dir='ltr'><strong>parentibus.</strong></span> <span class='ocrx_word' id='word_1_425' title='bbox 2829 2917 2946 2967; x_wconf 85' lang='lat' dir='ltr'><strong>Hoc</strong></span> <span class='ocrx_word' id='word_1_426' title='bbox 2974 2917 3122 2969; x_wconf 85' lang='lat' dir='ltr'><strong>enim</strong></span> <span class='ocrx_word' id='word_1_427' title='bbox 3150 2927 3426 2986; x_wconf 87' lang='lat' dir='ltr'><strong>acceptum</strong></span> <span class='ocrx_word' id='word_1_428' title='bbox 3447 2925 3530 2973; x_wconf 84' lang='lat' dir='ltr'><strong>est</strong></span> 
     </span>
    </p>
   </div>
   <div class='ocr_carea' id='block_1_62' title="bbox 1878 2999 3527 3070">
    <p class='ocr_par' dir='ltr' id='par_1_62' title="bbox 1878 2999 3527 3070">
     <span class='ocr_line' id='line_1_62' title="bbox 1878 2999 3527 3070; baseline 0.002 -12"><span class='ocrx_word' id='word_1_429' title='bbox 1878 3019 2080 3058; x_wconf 89' lang='lat' dir='ltr'><strong>coram.</strong></span> <span class='ocrx_word' id='word_1_430' title='bbox 2115 3003 2239 3056; x_wconf 85' lang='lat' dir='ltr'><strong>Deo.</strong></span> <span class='ocrx_word' id='word_1_431' title='bbox 2295 2999 2546 3054; x_wconf 85' lang='lat' dir='ltr'><strong>Viduam</strong></span> <span class='ocrx_word' id='word_1_432' title='bbox 2579 3000 2743 3070; x_wconf 92' lang='lat' dir='ltr'><strong>prius</strong></span> <span class='ocrx_word' id='word_1_433' title='bbox 2774 3001 2832 3054; x_wconf 93' lang='lat' dir='ltr'><strong>in</strong></span> <span class='ocrx_word' id='word_1_434' title='bbox 2882 3001 2989 3056; x_wconf 90' lang='lat' dir='ltr'><strong>hac</strong></span> <span class='ocrx_word' id='word_1_435' title='bbox 3036 3005 3153 3057; x_wconf 89' lang='lat' dir='ltr'><strong>vita</strong></span> <span class='ocrx_word' id='word_1_436' title='bbox 3182 3010 3238 3058; x_wconf 92' lang='lat' dir='ltr'><strong>et</strong></span> <span class='ocrx_word' id='word_1_437' title='bbox 3289 3022 3527 3062; x_wconf 88' lang='lat' dir='ltr'><strong>conver-</strong></span> 
     </span>
    </p>
   </div>
   <div class='ocr_carea' id='block_1_63' title="bbox 1880 3089 3532 3166">
    <p class='ocr_par' dir='ltr' id='par_1_63' title="bbox 1880 3089 3532 3166">
     <span class='ocr_line' id='line_1_63' title="bbox 1880 3089 3532 3166; baseline 0.003 -20"><span class='ocrx_word' id='word_1_438' title='bbox 1880 3093 2105 3147; x_wconf 87' lang='lat' dir='ltr'><strong>satione</strong></span> <span class='ocrx_word' id='word_1_439' title='bbox 2136 3090 2276 3143; x_wconf 88' lang='lat' dir='ltr'><strong>dicit</strong></span> <span class='ocrx_word' id='word_1_440' title='bbox 2308 3089 2692 3159; x_wconf 83' lang='lat' dir='ltr'><strong>probandam,</strong></span> <span class='ocrx_word' id='word_1_441' title='bbox 2728 3095 2794 3143; x_wconf 93' lang='lat' dir='ltr'><strong>ut</strong></span> <span class='ocrx_word' id='word_1_442' title='bbox 2820 3093 2960 3144; x_wconf 88' lang='lat' dir='ltr'><strong>tunc</strong></span> <span class='ocrx_word' id='word_1_443' title='bbox 2980 3091 3218 3146; x_wconf 90' lang='lat' dir='ltr'><strong>demum</strong></span> <span class='ocrx_word' id='word_1_444' title='bbox 3248 3093 3424 3166; x_wconf 88' lang='lat' dir='ltr'><strong>digna</strong></span> <span class='ocrx_word' id='word_1_445' title='bbox 3455 3097 3532 3152; x_wconf 89' lang='lat' dir='ltr'><strong>sit</strong></span> 
     </span>
    </p>
   </div>
   <div class='ocr_carea' id='block_1_64' title="bbox 1878 3177 3527 3255">
    <p class='ocr_par' dir='ltr' id='par_1_64' title="bbox 1878 3177 3527 3255">
     <span class='ocr_line' id='line_1_64' title="bbox 1878 3177 3527 3255; baseline 0.003 -20"><span class='ocrx_word' id='word_1_446' title='bbox 1878 3181 2057 3236; x_wconf 90' lang='lat' dir='ltr'><strong>vidua</strong></span> <span class='ocrx_word' id='word_1_447' title='bbox 2089 3177 2353 3233; x_wconf 78' lang='lat' dir='ltr'><strong>Ecclesiae</strong></span> <span class='ocrx_word' id='word_1_448' title='bbox 2378 3177 2726 3248; x_wconf 89' lang='lat' dir='ltr'><strong>nuncupari,</strong></span> <span class='ocrx_word' id='word_1_449' title='bbox 2751 3194 2878 3248; x_wconf 84' lang='lat' dir='ltr'><strong>quae</strong></span> <span class='ocrx_word' id='word_1_450' title='bbox 2903 3196 3017 3234; x_wconf 90' lang='lat' dir='ltr'><strong>non</strong></span> <span class='ocrx_word' id='word_1_451' title='bbox 3047 3187 3305 3252; x_wconf 72' lang='lat' dir='ltr'><strong>quaestus</strong></span> <span class='ocrx_word' id='word_1_452' title='bbox 3327 3201 3527 3255; x_wconf 87' lang='lat' dir='ltr'><strong>causa,</strong></span> 
     </span>
    </p>
   </div>
   <div class='ocr_carea' id='block_1_65' title="bbox 104 3255 3529 3343">
    <p class='ocr_par' dir='ltr' id='par_1_65' title="bbox 104 3255 3529 3343">
     <span class='ocr_line' id='line_1_65' title="bbox 104 3255 3529 3343; baseline 0 -16"><span class='ocrx_word' id='word_1_453' title='bbox 104 3277 285 3343; x_wconf 75' lang='lat' dir='ltr'><strong>[estus</strong></span> <span class='ocrx_word' id='word_1_454' title='bbox 313 3273 384 3326; x_wconf 80' lang='lat' dir='ltr'><strong>sit</strong></span> <span class='ocrx_word' id='word_1_455' title='bbox 414 3270 688 3326; x_wconf 82' lang='lat' dir='ltr'><strong>omnibus.</strong></span> <span class='ocrx_word' id='word_1_456' title='bbox 738 3269 966 3324; x_wconf 83' lang='lat' dir='ltr'><strong>Attende</strong></span> <span class='ocrx_word' id='word_1_457' title='bbox 1015 3269 1137 3335; x_wconf 84' lang='lat' dir='ltr'><strong>tibi,</strong></span> <span class='ocrx_word' id='word_1_458' title='bbox 1185 3277 1238 3324; x_wconf 86' lang='lat' dir='ltr'><strong>et</strong></span> <span class='ocrx_word' id='word_1_459' title='bbox 1284 3269 1591 3330; x_wconf 68' lang='lat' dir='ltr'><strong>doctrinae;</strong></span> <span class='ocrx_word' id='word_1_460' title='bbox 1625 3271 1768 3324; x_wconf 85' lang='lat' dir='ltr'><strong>insta</strong></span> <span class='ocrx_word' id='word_1_461' title='bbox 1800 3255 1844 3322; x_wconf 86' lang='lat' dir='ltr'>C</span> <span class='ocrx_word' id='word_1_462' title='bbox 1883 3286 2061 3341; x_wconf 88' lang='lat' dir='ltr'><strong>quam</strong></span> <span class='ocrx_word' id='word_1_463' title='bbox 2095 3265 2471 3330; x_wconf 83' lang='lat' dir='ltr'><strong>defensionis,</strong></span> <span class='ocrx_word' id='word_1_464' title='bbox 2519 3266 2921 3321; x_wconf 73' lang='lat' dir='ltr'><strong>ecclesiastica:</strong></span> <span class='ocrx_word' id='word_1_465' title='bbox 2966 3274 3315 3327; x_wconf 87' lang='lat' dir='ltr'><strong>succumbat</strong></span> <span class='ocrx_word' id='word_1_466' title='bbox 3353 3275 3529 3330; x_wconf 88' lang='lat' dir='ltr'><strong>disci-</strong></span> 
     </span>
    </p>
   </div>
   <div class='ocr_carea' id='block_1_66' title="bbox 109 3358 1774 3430">
    <p class='ocr_par' dir='ltr' id='par_1_66' title="bbox 109 3358 1774 3430">
     <span class='ocr_line' id='line_1_66' title="bbox 109 3358 1774 3430; baseline -0.002 -14"><span class='ocrx_word' id='word_1_467' title='bbox 109 3363 256 3417; x_wconf 86' lang='lat' dir='ltr'><strong>iltis.</strong></span> <span class='ocrx_word' id='word_1_468' title='bbox 289 3361 400 3416; x_wconf 90' lang='lat' dir='ltr'><strong>Hoc</strong></span> <span class='ocrx_word' id='word_1_469' title='bbox 439 3361 589 3415; x_wconf 86' lang='lat' dir='ltr'><strong>enim</strong></span> <span class='ocrx_word' id='word_1_470' title='bbox 631 3358 902 3430; x_wconf 79' lang='lat' dir='ltr'><strong>faciendo,</strong></span> <span class='ocrx_word' id='word_1_471' title='bbox 932 3367 982 3414; x_wconf 88' lang='lat' dir='ltr'><strong>te</strong></span> <span class='ocrx_word' id='word_1_472' title='bbox 1012 3360 1193 3429; x_wconf 85' lang='lat' dir='ltr'><strong>ipsum</strong></span> <span class='ocrx_word' id='word_1_473' title='bbox 1223 3360 1440 3413; x_wconf 82' lang='lat' dir='ltr'><strong>salvum</strong></span> <span class='ocrx_word' id='word_1_474' title='bbox 1483 3360 1675 3428; x_wconf 79' lang='lat' dir='ltr'><strong>facies,</strong></span> <span class='ocrx_word' id='word_1_475' title='bbox 1725 3360 1774 3413; x_wconf 85' lang='lat' dir='ltr'><strong>et</strong></span> 
     </span>
    </p>
   </div>
   <div class='ocr_carea' id='block_1_67' title="bbox 106 3447 1774 3523">
    <p class='ocr_par' dir='ltr' id='par_1_67' title="bbox 106 3447 1774 3523">
     <span class='ocr_line' id='line_1_67' title="bbox 106 3447 1774 3523; baseline -0.003 -18"><span class='ocrx_word' id='word_1_476' title='bbox 106 3467 204 3506; x_wconf 88' lang='lat' dir='ltr'><strong>eos</strong></span> <span class='ocrx_word' id='word_1_477' title='bbox 234 3451 340 3523; x_wconf 80' lang='lat' dir='ltr'><strong>qui</strong></span> <span class='ocrx_word' id='word_1_478' title='bbox 366 3453 417 3504; x_wconf 86' lang='lat' dir='ltr'><strong>te</strong></span> <span class='ocrx_word' id='word_1_479' title='bbox 444 3448 708 3504; x_wconf 85' lang='lat' dir='ltr'><strong>audiunt.</strong></span> <span class='ocrx_word' id='word_1_480' title='bbox 734 3447 806 3502; x_wconf 91' lang='lat' dir='ltr'><strong>Ut</strong></span> <span class='ocrx_word' id='word_1_481' title='bbox 825 3447 1016 3502; x_wconf 88' lang='lat' dir='ltr'><strong>forma</strong></span> <span class='ocrx_word' id='word_1_482' title='bbox 1044 3447 1120 3502; x_wconf 91' lang='lat' dir='ltr'><strong>sit</strong></span> <span class='ocrx_word' id='word_1_483' title='bbox 1141 3447 1417 3502; x_wconf 89' lang='lat' dir='ltr'><strong>omnibus</strong></span> <span class='ocrx_word' id='word_1_484' title='bbox 1450 3464 1562 3502; x_wconf 91' lang='lat' dir='ltr'><strong>non</strong></span> <span class='ocrx_word' id='word_1_485' title='bbox 1583 3447 1774 3502; x_wconf 91' lang='lat' dir='ltr'><strong>solum</strong></span> 
     </span>
    </p>
   </div>
   <div class='ocr_carea' id='block_1_68' title="bbox 105 3535 1776 3610">
    <p class='ocr_par' dir='ltr' id='par_1_68' title="bbox 105 3535 1776 3610">
     <span class='ocr_line' id='line_1_68' title="bbox 105 3535 1776 3610; baseline -0.003 -16"><span class='ocrx_word' id='word_1_486' title='bbox 105 3541 170 3594; x_wconf 90' lang='lat' dir='ltr'><strong>in</strong></span> <span class='ocrx_word' id='word_1_487' title='bbox 205 3538 386 3593; x_wconf 89' lang='lat' dir='ltr'><strong>bonis</strong></span> <span class='ocrx_word' id='word_1_488' title='bbox 416 3536 936 3610; x_wconf 88' lang='lat' dir='ltr'><strong>operibus,verum</strong></span> <span class='ocrx_word' id='word_1_489' title='bbox 969 3535 1143 3591; x_wconf 87' lang='lat' dir='ltr'><strong>etiam</strong></span> <span class='ocrx_word' id='word_1_490' title='bbox 1175 3535 1231 3589; x_wconf 91' lang='lat' dir='ltr'><strong>in</strong></span> <span class='ocrx_word' id='word_1_491' title='bbox 1265 3535 1536 3590; x_wconf 67' lang='lat' dir='ltr'><strong>doctrinae</strong></span> <span class='ocrx_word' id='word_1_492' title='bbox 1567 3535 1776 3590; x_wconf 77' lang='lat' dir='ltr'><strong>exerci-</strong></span> 
     </span>
    </p>
   </div>
   <div class='ocr_carea' id='block_1_69' title="bbox 105 3624 1774 3696">
    <p class='ocr_par' dir='ltr' id='par_1_69' title="bbox 105 3624 1774 3696">
     <span class='ocr_line' id='line_1_69' title="bbox 105 3624 1774 3696; baseline -0.002 -14"><span class='ocrx_word' id='word_1_493' title='bbox 105 3629 194 3683; x_wconf 91' lang='lat' dir='ltr'><strong>tio</strong></span> <span class='ocrx_word' id='word_1_494' title='bbox 228 3627 530 3681; x_wconf 85' lang='lat' dir='ltr'><strong>admonet.</strong></span> <span class='ocrx_word' id='word_1_495' title='bbox 566 3627 858 3696; x_wconf 83' lang='lat' dir='ltr'><strong>Apparere</strong></span> <span class='ocrx_word' id='word_1_496' title='bbox 888 3624 1044 3679; x_wconf 89' lang='lat' dir='ltr'><strong>enim</strong></span> <span class='ocrx_word' id='word_1_497' title='bbox 1069 3625 1276 3679; x_wconf 86' lang='lat' dir='ltr'><strong>debere</strong></span> <span class='ocrx_word' id='word_1_498' title='bbox 1302 3624 1595 3695; x_wconf 84' lang='lat' dir='ltr'><strong>significat</strong></span> <span class='ocrx_word' id='word_1_499' title='bbox 1616 3641 1774 3679; x_wconf 87' lang='lat' dir='ltr'><strong>exer-</strong></span> 
     </span>
    </p>
   </div>
   <div class='ocr_carea' id='block_1_70' title="bbox 107 3713 1777 3788">
    <p class='ocr_par' dir='ltr' id='par_1_70' title="bbox 107 3713 1777 3788">
     <span class='ocr_line' id='line_1_70' title="bbox 107 3713 1777 3788; baseline -0.002 -16"><span class='ocrx_word' id='word_1_500' title='bbox 107 3716 238 3773; x_wconf 90' lang='lat' dir='ltr'><strong>citii</strong></span> <span class='ocrx_word' id='word_1_501' title='bbox 272 3715 598 3788; x_wconf 82' lang='lat' dir='ltr'><strong>profectum</strong></span> <span class='ocrx_word' id='word_1_502' title='bbox 631 3731 748 3769; x_wconf 90' lang='lat' dir='ltr'><strong>non</strong></span> <span class='ocrx_word' id='word_1_503' title='bbox 777 3714 837 3768; x_wconf 91' lang='lat' dir='ltr'><strong>in</strong></span> <span class='ocrx_word' id='word_1_504' title='bbox 870 3714 1138 3768; x_wconf 88' lang='lat' dir='ltr'><strong>doctrina</strong></span> <span class='ocrx_word' id='word_1_505' title='bbox 1168 3713 1471 3778; x_wconf 82' lang='lat' dir='ltr'><strong>duntaxat,</strong></span> <span class='ocrx_word' id='word_1_506' title='bbox 1502 3715 1601 3769; x_wconf 91' lang='lat' dir='ltr'><strong>sed</strong></span> <span class='ocrx_word' id='word_1_507' title='bbox 1633 3719 1690 3769; x_wconf 93' lang='lat' dir='ltr'><strong>ct</strong></span> <span class='ocrx_word' id='word_1_508' title='bbox 1718 3715 1777 3768; x_wconf 92' lang='lat' dir='ltr'><strong>in</strong></span> 
     </span>
    </p>
   </div>
   <div class='ocr_carea' id='block_1_71' title="bbox 109 3801 1776 3879">
    <p class='ocr_par' dir='ltr' id='par_1_71' title="bbox 109 3801 1776 3879">
     <span class='ocr_line' id='line_1_71' title="bbox 109 3801 1776 3879; baseline -0.002 -18"><span class='ocrx_word' id='word_1_509' title='bbox 109 3805 325 3879; x_wconf 87' lang='lat' dir='ltr'><strong>gestis.</strong></span> <span class='ocrx_word' id='word_1_510' title='bbox 360 3809 520 3859; x_wconf 89' lang='lat' dir='ltr'><strong>Bona</strong></span> <span class='ocrx_word' id='word_1_511' title='bbox 550 3803 706 3858; x_wconf 89' lang='lat' dir='ltr'><strong>enim</strong></span> <span class='ocrx_word' id='word_1_512' title='bbox 733 3802 906 3858; x_wconf 92' lang='lat' dir='ltr'><strong>arbor</strong></span> <span class='ocrx_word' id='word_1_513' title='bbox 935 3802 1122 3858; x_wconf 89' lang='lat' dir='ltr'><strong>honos</strong></span> <span class='ocrx_word' id='word_1_514' title='bbox 1146 3801 1283 3857; x_wconf 79' lang='lat' dir='ltr'><strong>facit</strong></span> <span class='ocrx_word' id='word_1_515' title='bbox 1304 3803 1530 3858; x_wconf 86' lang='lat' dir='ltr'><strong>fructus</strong></span> <span class='ocrx_word' id='word_1_516' title='bbox 1551 3804 1776 3874; x_wconf 87' lang='lat' dir='ltr'><strong>(Matth.</strong></span> 
     </span>
    </p>
   </div>
   <div class='ocr_carea' id='block_1_72' title="bbox 109 3891 1779 3965">
    <p class='ocr_par' dir='ltr' id='par_1_72' title="bbox 109 3891 1779 3965">
     <span class='ocr_line' id='line_1_72' title="bbox 109 3891 1779 3965; baseline -0.002 -15"><span class='ocrx_word' id='word_1_517' title='bbox 109 3913 220 3956; x_wconf 82' lang='lat' dir='ltr'><strong>vn,</strong></span> <span class='ocrx_word' id='word_1_518' title='bbox 255 3894 349 3965; x_wconf 87' lang='grc'><strong>17)</strong></span> <span class='ocrx_word' id='word_1_519' title='bbox 375 3911 388 3948; x_wconf 89' lang='lat'>:</span> <span class='ocrx_word' id='word_1_520' title='bbox 423 3892 697 3948; x_wconf 89' lang='lat' dir='ltr'><strong>similiter</strong></span> <span class='ocrx_word' id='word_1_521' title='bbox 724 3897 779 3946; x_wconf 88' lang='lat' dir='ltr'><strong>et</strong></span> <span class='ocrx_word' id='word_1_522' title='bbox 810 3892 965 3946; x_wconf 90' lang='lat' dir='ltr'><strong>bona</strong></span> <span class='ocrx_word' id='word_1_523' title='bbox 985 3891 1252 3946; x_wconf 90' lang='lat' dir='ltr'><strong>doctrina</strong></span> <span class='ocrx_word' id='word_1_524' title='bbox 1283 3891 1438 3946; x_wconf 88' lang='lat' dir='ltr'><strong>mala</strong></span> <span class='ocrx_word' id='word_1_525' title='bbox 1467 3909 1643 3963; x_wconf 88' lang='lat' dir='ltr'><strong>opera</strong></span> <span class='ocrx_word' id='word_1_526' title='bbox 1673 3893 1779 3947; x_wconf 81' lang='lat' dir='ltr'><strong>ha~</strong></span> 
     </span>
    </p>
   </div>
   <div class='ocr_carea' id='block_1_73' title="bbox 112 3981 1778 4054">
    <p class='ocr_par' dir='ltr' id='par_1_73' title="bbox 112 3981 1778 4054">
     <span class='ocr_line' id='line_1_73' title="bbox 112 3981 1778 4054; baseline -0.002 -15"><span class='ocrx_word' id='word_1_527' title='bbox 112 3986 257 4039; x_wconf 88' lang='lat' dir='ltr'><strong>bere</strong></span> <span class='ocrx_word' id='word_1_528' title='bbox 308 4000 425 4038; x_wconf 91' lang='lat' dir='ltr'><strong>non</strong></span> <span class='ocrx_word' id='word_1_529' title='bbox 466 3987 678 4054; x_wconf 88' lang='lat' dir='ltr'><strong>potest.</strong></span> <span class='ocrx_word' id='word_1_530' title='bbox 719 3982 785 4037; x_wconf 92' lang='lat' dir='ltr'><strong>Ut</strong></span> <span class='ocrx_word' id='word_1_531' title='bbox 817 3998 952 4036; x_wconf 92' lang='lat' dir='ltr'><strong>cum</strong></span> <span class='ocrx_word' id='word_1_532' title='bbox 996 3981 1121 4035; x_wconf 91' lang='lat' dir='ltr'><strong>visa</strong></span> <span class='ocrx_word' id='word_1_533' title='bbox 1153 3981 1370 4036; x_wconf 85' lang='lat' dir='ltr'><strong>fuerint</strong></span> <span class='ocrx_word' id='word_1_534' title='bbox 1403 3981 1552 4036; x_wconf 90' lang='lat' dir='ltr'><strong>bona</strong></span> <span class='ocrx_word' id='word_1_535' title='bbox 1581 3997 1778 4052; x_wconf 85' lang='lat' dir='ltr'><strong>Opera,</strong></span> 
     </span>
    </p>
   </div>
   <div class='ocr_carea' id='block_1_74' title="bbox 117 4069 1785 4144">
    <p class='ocr_par' dir='ltr' id='par_1_74' title="bbox 117 4069 1785 4144">
     <span class='ocr_line' id='line_1_74' title="bbox 117 4069 1785 4144; baseline -0.004 -15"><span class='ocrx_word' id='word_1_536' title='bbox 117 4073 307 4129; x_wconf 87' lang='lat' dir='ltr'><strong>divini</strong></span> <span class='ocrx_word' id='word_1_537' title='bbox 340 4071 665 4144; x_wconf 85' lang='lat' dir='ltr'><strong>magisterii</strong></span> <span class='ocrx_word' id='word_1_538' title='bbox 693 4071 918 4126; x_wconf 83' lang='lat' dir='ltr'><strong>fructus</strong></span> <span class='ocrx_word' id='word_1_539' title='bbox 940 4069 1505 4141; x_wconf 88' lang='lat' dir='ltr'><strong>esseintelligantur,</strong></span> <span class='ocrx_word' id='word_1_540' title='bbox 1538 4073 1593 4124; x_wconf 92' lang='lat' dir='ltr'><strong>et</strong></span> <span class='ocrx_word' id='word_1_541' title='bbox 1623 4069 1785 4124; x_wconf 91' lang='lat' dir='ltr'><strong>audi-</strong></span> 
     </span>
    </p>
   </div>
   <div class='ocr_carea' id='block_1_75' title="bbox 117 4158 1786 4233">
    <p class='ocr_par' dir='ltr' id='par_1_75' title="bbox 117 4158 1786 4233">
     <span class='ocr_line' id='line_1_75' title="bbox 117 4158 1786 4233; baseline -0.003 -16"><span class='ocrx_word' id='word_1_542' title='bbox 117 4169 285 4218; x_wconf 88' lang='lat' dir='ltr'><strong>tores</strong></span> <span class='ocrx_word' id='word_1_543' title='bbox 313 4161 543 4233; x_wconf 89' lang='lat' dir='ltr'><strong>possint</strong></span> <span class='ocrx_word' id='word_1_544' title='bbox 565 4159 1038 4231; x_wconf 85' lang='lat' dir='ltr'><strong>proﬁcere.Tunc</strong></span> <span class='ocrx_word' id='word_1_545' title='bbox 1055 4174 1190 4213; x_wconf 88' lang='lat' dir='ltr'><strong>vera</strong></span> <span class='ocrx_word' id='word_1_546' title='bbox 1211 4158 1365 4213; x_wconf 90' lang='lat' dir='ltr'><strong>enim</strong></span> <span class='ocrx_word' id='word_1_547' title='bbox 1390 4164 1447 4213; x_wconf 89' lang='lat' dir='ltr'><strong>et</strong></span> <span class='ocrx_word' id='word_1_548' title='bbox 1469 4159 1786 4214; x_wconf 87' lang='lat' dir='ltr'><strong>metuenda</strong></span> 
     </span>
    </p>
   </div>
   <div class='ocr_carea' id='block_1_76' title="bbox 119 4247 1784 4321">
    <p class='ocr_par' dir='ltr' id='par_1_76' title="bbox 119 4247 1784 4321">
     <span class='ocr_line' id='line_1_76' title="bbox 119 4247 1784 4321; baseline -0.004 -13"><span class='ocrx_word' id='word_1_549' title='bbox 119 4269 255 4309; x_wconf 88' lang='lat' dir='ltr'><strong>esse</strong></span> <span class='ocrx_word' id='word_1_550' title='bbox 285 4249 652 4321; x_wconf 87' lang='lat' dir='ltr'><strong>intelligunt,</strong></span> <span class='ocrx_word' id='word_1_551' title='bbox 688 4265 814 4319; x_wconf 76' lang='lat' dir='ltr'><strong>quae</strong></span> <span class='ocrx_word' id='word_1_552' title='bbox 848 4247 1147 4314; x_wconf 87' lang='lat' dir='ltr'><strong>dicuntur,</strong></span> <span class='ocrx_word' id='word_1_553' title='bbox 1191 4247 1426 4319; x_wconf 85' lang='lat' dir='ltr'><strong>quando</strong></span> <span class='ocrx_word' id='word_1_554' title='bbox 1458 4249 1529 4302; x_wconf 92' lang='lat' dir='ltr'><strong>ab</strong></span> <span class='ocrx_word' id='word_1_555' title='bbox 1561 4264 1626 4302; x_wconf 92' lang='lat' dir='ltr'><strong>eo</strong></span> <span class='ocrx_word' id='word_1_556' title='bbox 1657 4247 1784 4319; x_wconf 91' lang='lat' dir='ltr'><strong>ipso</strong></span> 
     </span>
    </p>
   </div>
   <div class='ocr_carea' id='block_1_77' title="bbox 120 4336 1786 4413">
    <p class='ocr_par' dir='ltr' id='par_1_77' title="bbox 120 4336 1786 4413">
     <span class='ocr_line' id='line_1_77' title="bbox 120 4336 1786 4413; baseline -0.004 -17"><span class='ocrx_word' id='word_1_557' title='bbox 120 4342 230 4413; x_wconf 87' lang='lat' dir='ltr'><strong>qui</strong></span> <span class='ocrx_word' id='word_1_558' title='bbox 263 4341 456 4408; x_wconf 88' lang='lat' dir='ltr'><strong>docet,</strong></span> <span class='ocrx_word' id='word_1_559' title='bbox 491 4354 708 4409; x_wconf 87' lang='lat' dir='ltr'><strong>magna</strong></span> <span class='ocrx_word' id='word_1_560' title='bbox 744 4337 1115 4392; x_wconf 88' lang='lat' dir='ltr'><strong>veneratione</strong></span> <span class='ocrx_word' id='word_1_561' title='bbox 1147 4336 1442 4391; x_wconf 89' lang='lat' dir='ltr'><strong>observari</strong></span> <span class='ocrx_word' id='word_1_562' title='bbox 1475 4336 1786 4403; x_wconf 90' lang='lat' dir='ltr'><strong>videntur;</strong></span> 
     </span>
    </p>
   </div>
   <div class='ocr_carea' id='block_1_78' title="bbox 119 4425 1784 4503">
    <p class='ocr_par' dir='ltr' id='par_1_78' title="bbox 119 4425 1784 4503">
     <span class='ocr_line' id='line_1_78' title="bbox 119 4425 1784 4503; baseline -0.004 -18"><span class='ocrx_word' id='word_1_563' title='bbox 119 4430 285 4503; x_wconf 88' lang='lat' dir='ltr'><strong>quod</strong></span> <span class='ocrx_word' id='word_1_564' title='bbox 309 4427 517 4483; x_wconf 89' lang='lat' dir='ltr'><strong>rectori</strong></span> <span class='ocrx_word' id='word_1_565' title='bbox 543 4427 731 4499; x_wconf 90' lang='lat' dir='ltr'><strong>plebis</strong></span> <span class='ocrx_word' id='word_1_566' title='bbox 752 4426 983 4481; x_wconf 88' lang='lat' dir='ltr'><strong>duobus</strong></span> <span class='ocrx_word' id='word_1_567' title='bbox 998 4425 1226 4497; x_wconf 84' lang='lat' dir='ltr'><strong>prolicit</strong></span> <span class='ocrx_word' id='word_1_568' title='bbox 1247 4426 1524 4491; x_wconf 89' lang='lat' dir='ltr'><strong>modis,et</strong></span> <span class='ocrx_word' id='word_1_569' title='bbox 1545 4442 1784 4480; x_wconf 88' lang='lat' dir='ltr'><strong>suorum</strong></span> 
     </span>
    </p>
   </div>
   <div class='ocr_carea' id='block_1_79' title="bbox 119 4514 1785 4587">
    <p class='ocr_par' dir='ltr' id='par_1_79' title="bbox 119 4514 1785 4587">
     <span class='ocr_line' id='line_1_79' title="bbox 119 4514 1785 4587; baseline -0.004 -12"><span class='ocrx_word' id='word_1_570' title='bbox 119 4519 286 4575; x_wconf 89' lang='lat' dir='ltr'><strong>enim</strong></span> <span class='ocrx_word' id='word_1_571' title='bbox 319 4519 612 4572; x_wconf 90' lang='lat' dir='ltr'><strong>bonorum</strong></span> <span class='ocrx_word' id='word_1_572' title='bbox 667 4532 932 4587; x_wconf 90' lang='lat' dir='ltr'><strong>operum,</strong></span> <span class='ocrx_word' id='word_1_573' title='bbox 966 4520 1023 4568; x_wconf 88' lang='lat' dir='ltr'><strong>et</strong></span> <span class='ocrx_word' id='word_1_574' title='bbox 1053 4514 1424 4568; x_wconf 90' lang='lat' dir='ltr'><strong>audientium</strong></span> <span class='ocrx_word' id='word_1_575' title='bbox 1460 4515 1785 4568; x_wconf 90' lang='lat' dir='ltr'><strong>mercedem</strong></span> 
     </span>
    </p>
   </div>
   <div class='ocr_carea' id='block_1_80' title="bbox 120 4601 1868 4687">
    <p class='ocr_par' dir='ltr' id='par_1_80' title="bbox 120 4601 1868 4687">
     <span class='ocr_line' id='line_1_80' title="bbox 120 4601 1868 4687; baseline -0.003 -24"><span class='ocrx_word' id='word_1_576' title='bbox 120 4606 414 4677; x_wconf 88' lang='lat' dir='ltr'><strong>accipiet;</strong></span> <span class='ocrx_word' id='word_1_577' title='bbox 447 4604 764 4676; x_wconf 91' lang='lat' dir='ltr'><strong>quomodo,</strong></span> <span class='ocrx_word' id='word_1_578' title='bbox 799 4603 847 4659; x_wconf 91' lang='lat' dir='ltr'><strong>si</strong></span> <span class='ocrx_word' id='word_1_579' title='bbox 881 4602 1186 4675; x_wconf 87' lang='lat' dir='ltr'><strong>negligens</strong></span> <span class='ocrx_word' id='word_1_580' title='bbox 1219 4601 1417 4668; x_wconf 82' lang='lat' dir='ltr'><strong>fuerit,</strong></span> <span class='ocrx_word' id='word_1_581' title='bbox 1439 4607 1558 4658; x_wconf 89' lang='lat' dir='ltr'><strong>tam</strong></span> <span class='ocrx_word' id='word_1_582' title='bbox 1593 4619 1694 4674; x_wconf 91' lang='lat' dir='ltr'><strong>pro</strong></span> <span class='ocrx_word' id='word_1_583' title='bbox 1727 4617 1788 4657; x_wconf 87' lang='lat' dir='ltr'><strong>se</strong></span> <span class='ocrx_word' id='word_1_584' title='bbox 1820 4623 1868 4687; x_wconf 82' lang='lat' dir='ltr'><strong>D</strong></span> 
     </span>
    </p>
   </div>
   <div class='ocr_carea' id='block_1_81' title="bbox 119 4690 1416 4770">
    <p class='ocr_par' dir='ltr' id='par_1_81' title="bbox 119 4690 1416 4770">
     <span class='ocr_line' id='line_1_81' title="bbox 119 4690 1416 4770; baseline -0.006 -18"><span class='ocrx_word' id='word_1_585' title='bbox 119 4714 308 4770; x_wconf 88' lang='lat' dir='ltr'><strong>quam</strong></span> <span class='ocrx_word' id='word_1_586' title='bbox 341 4712 444 4767; x_wconf 89' lang='lat' dir='ltr'><strong>pro</strong></span> <span class='ocrx_word' id='word_1_587' title='bbox 476 4695 561 4750; x_wconf 91' lang='lat' dir='ltr'><strong>eis</strong></span> <span class='ocrx_word' id='word_1_588' title='bbox 594 4693 934 4748; x_wconf 88' lang='lat' dir='ltr'><strong>redditurus</strong></span> <span class='ocrx_word' id='word_1_589' title='bbox 965 4697 1055 4747; x_wconf 88' lang='lat' dir='ltr'><strong>est</strong></span> <span class='ocrx_word' id='word_1_590' title='bbox 1088 4690 1416 4746; x_wconf 82' lang='lat' dir='ltr'><strong>rationem?</strong></span> 
     </span>
    </p>
   </div>
   <div class='ocr_carea' id='block_1_82' title="bbox 196 4779 1787 4858">
    <p class='ocr_par' dir='ltr' id='par_1_82' title="bbox 196 4779 1787 4858">
     <span class='ocr_line' id='line_1_82' title="bbox 196 4779 1787 4858; baseline -0.003 -18"><span class='ocrx_word' id='word_1_591' title='bbox 196 4787 350 4858; x_wconf 77' lang='lat' dir='ltr'><strong>(CAP.</strong></span> <span class='ocrx_word' id='word_1_592' title='bbox 387 4784 478 4856; x_wconf 88' lang='lat' dir='ltr'><strong>V.)</strong></span> <span class='ocrx_word' id='word_1_593' title='bbox 508 4784 794 4839; x_wconf 85' lang='lat' dir='ltr'><strong>Seniorem</strong></span> <span class='ocrx_word' id='word_1_594' title='bbox 825 4798 892 4836; x_wconf 86' lang='lat' dir='ltr'><strong>ne</strong></span> <span class='ocrx_word' id='word_1_595' title='bbox 924 4781 1316 4851; x_wconf 82' lang='lat' dir='ltr'><strong>increpaveris,</strong></span> <span class='ocrx_word' id='word_1_596' title='bbox 1348 4779 1441 4834; x_wconf 85' lang='lat' dir='ltr'><strong>sed</strong></span> <span class='ocrx_word' id='word_1_597' title='bbox 1471 4779 1787 4848; x_wconf 72' lang='lat' dir='ltr'><strong>exhortare,</strong></span> 
     </span>
    </p>
   </div>
   <div class='ocr_carea' id='block_1_83' title="bbox 119 4874 1788 4948">
    <p class='ocr_par' dir='ltr' id='par_1_83' title="bbox 119 4874 1788 4948">
     <span class='ocr_line' id='line_1_83' title="bbox 119 4874 1788 4948; baseline -0.004 -18"><span class='ocrx_word' id='word_1_598' title='bbox 119 4880 186 4930; x_wconf 87' lang='lat' dir='ltr'><strong>ut</strong></span> <span class='ocrx_word' id='word_1_599' title='bbox 215 4880 480 4948; x_wconf 83' lang='lat' dir='ltr'><strong>patrem;</strong></span> <span class='ocrx_word' id='word_1_600' title='bbox 520 4874 800 4944; x_wconf 81' lang='lat' dir='ltr'><strong>juniores,</strong></span> <span class='ocrx_word' id='word_1_601' title='bbox 852 4880 912 4926; x_wconf 83' lang='lat' dir='ltr'><strong>ut</strong></span> <span class='ocrx_word' id='word_1_602' title='bbox 937 4874 1177 4942; x_wconf 78' lang='lat' dir='ltr'><strong>fratres;</strong></span> <span class='ocrx_word' id='word_1_603' title='bbox 1229 4886 1388 4937; x_wconf 85' lang='lat' dir='ltr'><strong>anus,</strong></span> <span class='ocrx_word' id='word_1_604' title='bbox 1440 4878 1499 4924; x_wconf 87' lang='lat' dir='ltr'><strong>ut</strong></span> <span class='ocrx_word' id='word_1_605' title='bbox 1546 4874 1788 4930; x_wconf 83' lang='lat' dir='ltr'><strong>matres;</strong></span> 
     </span>
    </p>
   </div>
   <div class='ocr_carea' id='block_1_84' title="bbox 122 4957 1791 5031">
    <p class='ocr_par' dir='ltr' id='par_1_84' title="bbox 122 4957 1791 5031">
     <span class='ocr_line' id='line_1_84' title="bbox 122 4957 1791 5031; baseline -0.005 -11"><span class='ocrx_word' id='word_1_606' title='bbox 122 4963 584 5031; x_wconf 80' lang='lat' dir='ltr'><strong>adolescentulus,</strong></span> <span class='ocrx_word' id='word_1_607' title='bbox 616 4965 678 5016; x_wconf 86' lang='lat' dir='ltr'><strong>ut</strong></span> <span class='ocrx_word' id='word_1_608' title='bbox 719 4977 930 5015; x_wconf 86' lang='lat' dir='ltr'><strong>sorores</strong></span> <span class='ocrx_word' id='word_1_609' title='bbox 961 4962 1016 5014; x_wconf 86' lang='lat' dir='ltr'><strong>in</strong></span> <span class='ocrx_word' id='word_1_610' title='bbox 1049 4961 1202 5014; x_wconf 85' lang='lat' dir='ltr'><strong>omni</strong></span> <span class='ocrx_word' id='word_1_611' title='bbox 1229 4961 1500 5013; x_wconf 84' lang='lat' dir='ltr'><strong>castitate.</strong></span> <span class='ocrx_word' id='word_1_612' title='bbox 1551 4957 1791 5029; x_wconf 86' lang='lat' dir='ltr'><strong>Propter</strong></span> 
     </span>
    </p>
   </div>
   <div class='ocr_carea' id='block_1_85' title="bbox 125 5050 1792 5121">
    <p class='ocr_par' dir='ltr' id='par_1_85' title="bbox 125 5050 1792 5121">
     <span class='ocr_line' id='line_1_85' title="bbox 125 5050 1792 5121; baseline -0.005 -11"><span class='ocrx_word' id='word_1_613' title='bbox 125 5051 646 5110; x_wconf 78' lang='lat' dir='ltr'><strong>honorificentiam</strong></span> <span class='ocrx_word' id='word_1_614' title='bbox 663 5050 873 5118; x_wconf 69' lang='lat' dir='ltr'><strong>aetatis,</strong></span> <span class='ocrx_word' id='word_1_615' title='bbox 891 5051 1174 5121; x_wconf 89' lang='lat' dir='ltr'><strong>majorem</strong></span> <span class='ocrx_word' id='word_1_616' title='bbox 1199 5053 1338 5103; x_wconf 90' lang='lat' dir='ltr'><strong>natu</strong></span> <span class='ocrx_word' id='word_1_617' title='bbox 1363 5063 1496 5102; x_wconf 91' lang='lat' dir='ltr'><strong>cum</strong></span> <span class='ocrx_word' id='word_1_618' title='bbox 1522 5063 1792 5102; x_wconf 85' lang='lat' dir='ltr'><strong>mansue-</strong></span> 
     </span>
    </p>
   </div>
   <div class='ocr_carea' id='block_1_86' title="bbox 123 5135 1793 5211">
    <p class='ocr_par' dir='ltr' id='par_1_86' title="bbox 123 5135 1793 5211">
     <span class='ocr_line' id='line_1_86' title="bbox 123 5135 1793 5211; baseline -0.005 -12"><span class='ocrx_word' id='word_1_619' title='bbox 123 5143 337 5199; x_wconf 89' lang='lat' dir='ltr'><strong>tudine</strong></span> <span class='ocrx_word' id='word_1_620' title='bbox 360 5143 432 5198; x_wconf 91' lang='lat' dir='ltr'><strong>ad</strong></span> <span class='ocrx_word' id='word_1_621' title='bbox 452 5142 677 5197; x_wconf 90' lang='lat' dir='ltr'><strong>bonum</strong></span> <span class='ocrx_word' id='word_1_622' title='bbox 701 5157 848 5211; x_wconf 86' lang='lat' dir='ltr'><strong>opus</strong></span> <span class='ocrx_word' id='word_1_623' title='bbox 871 5139 1330 5211; x_wconf 76' lang='lat' dir='ltr'><strong>provocandam,</strong></span> <span class='ocrx_word' id='word_1_624' title='bbox 1354 5141 1419 5192; x_wconf 91' lang='lat' dir='ltr'><strong>ut</strong></span> <span class='ocrx_word' id='word_1_625' title='bbox 1443 5135 1672 5191; x_wconf 86' lang='lat' dir='ltr'><strong>facilius</strong></span> <span class='ocrx_word' id='word_1_626' title='bbox 1699 5153 1793 5190; x_wconf 89' lang='lat' dir='ltr'><strong>su-</strong></span> 
     </span>
    </p>
   </div>
   <div class='ocr_carea' id='block_1_87' title="bbox 125 5224 1794 5305">
    <p class='ocr_par' dir='ltr' id='par_1_87' title="bbox 125 5224 1794 5305">
     <span class='ocr_line' id='line_1_87' title="bbox 125 5224 1794 5305; baseline -0.007 -16"><span class='ocrx_word' id='word_1_627' title='bbox 125 5232 345 5305; x_wconf 89' lang='lat' dir='ltr'><strong>scipiat</strong></span> <span class='ocrx_word' id='word_1_628' title='bbox 367 5229 857 5287; x_wconf 90' lang='lat' dir='ltr'><strong>admonitionem.</strong></span> <span class='ocrx_word' id='word_1_629' title='bbox 875 5228 1069 5284; x_wconf 90' lang='lat' dir='ltr'><strong>Potest</strong></span> <span class='ocrx_word' id='word_1_630' title='bbox 1089 5225 1244 5282; x_wconf 90' lang='lat' dir='ltr'><strong>enim</strong></span> <span class='ocrx_word' id='word_1_631' title='bbox 1263 5226 1445 5281; x_wconf 90' lang='lat' dir='ltr'><strong>vereri</strong></span> <span class='ocrx_word' id='word_1_632' title='bbox 1473 5224 1794 5280; x_wconf 90' lang='lat' dir='ltr'><strong>commoni-</strong></span> 
     </span>
    </p>
   </div>
   <div class='ocr_carea' id='block_1_88' title="bbox 125 5314 1789 5392">
    <p class='ocr_par' dir='ltr' id='par_1_88' title="bbox 125 5314 1789 5392">
     <span class='ocr_line' id='line_1_88' title="bbox 125 5314 1789 5392; baseline -0.006 -16"><span class='ocrx_word' id='word_1_633' title='bbox 125 5327 245 5389; x_wconf 90' lang='lat' dir='ltr'><strong>tus,</strong></span> <span class='ocrx_word' id='word_1_634' title='bbox 279 5338 351 5376; x_wconf 91' lang='lat' dir='ltr'><strong>ne</strong></span> <span class='ocrx_word' id='word_1_635' title='bbox 383 5325 592 5392; x_wconf 88' lang='lat' dir='ltr'><strong>postea</strong></span> <span class='ocrx_word' id='word_1_636' title='bbox 640 5317 1009 5389; x_wconf 90' lang='lat' dir='ltr'><strong>corripiatur,</strong></span> <span class='ocrx_word' id='word_1_637' title='bbox 1046 5317 1199 5388; x_wconf 90' lang='lat' dir='ltr'><strong>quod</strong></span> <span class='ocrx_word' id='word_1_638' title='bbox 1235 5321 1405 5386; x_wconf 88' lang='lat' dir='ltr'><strong>turpe</strong></span> <span class='ocrx_word' id='word_1_639' title='bbox 1435 5319 1523 5370; x_wconf 88' lang='lat' dir='ltr'><strong>est</strong></span> <span class='ocrx_word' id='word_1_640' title='bbox 1554 5314 1789 5368; x_wconf 87' lang='lat' dir='ltr'><strong>seniori.</strong></span> 
     </span>
    </p>
   </div>
   <div class='ocr_carea' id='block_1_89' title="bbox 124 5401 1795 5481">
    <p class='ocr_par' dir='ltr' id='par_1_89' title="bbox 124 5401 1795 5481">
     <span class='ocr_line' id='line_1_89' title="bbox 124 5401 1795 5481; baseline -0.006 -15"><span class='ocrx_word' id='word_1_641' title='bbox 124 5411 273 5466; x_wconf 84' lang='lat' dir='ltr'><strong>Nam</strong></span> <span class='ocrx_word' id='word_1_642' title='bbox 309 5410 468 5481; x_wconf 89' lang='lat' dir='ltr'><strong>apud</strong></span> <span class='ocrx_word' id='word_1_643' title='bbox 503 5423 712 5464; x_wconf 89' lang='lat' dir='ltr'><strong>omnes</strong></span> <span class='ocrx_word' id='word_1_644' title='bbox 734 5407 936 5478; x_wconf 90' lang='lat' dir='ltr'><strong>utique</strong></span> <span class='ocrx_word' id='word_1_645' title='bbox 966 5409 1170 5478; x_wconf 88' lang='lat' dir='ltr'><strong>gentes</strong></span> <span class='ocrx_word' id='word_1_646' title='bbox 1201 5401 1560 5458; x_wconf 89' lang='lat' dir='ltr'><strong>honorabilis</strong></span> <span class='ocrx_word' id='word_1_647' title='bbox 1591 5406 1681 5456; x_wconf 90' lang='lat' dir='ltr'><strong>est</strong></span> <span class='ocrx_word' id='word_1_648' title='bbox 1710 5417 1795 5457; x_wconf 81' lang='lat' dir='ltr'><strong>se-</strong></span> 
     </span>
    </p>
   </div>
   <div class='ocr_carea' id='block_1_90' title="bbox 125 5491 1792 5568">
    <p class='ocr_par' dir='ltr' id='par_1_90' title="bbox 125 5491 1792 5568">
     <span class='ocr_line' id='line_1_90' title="bbox 125 5491 1792 5568; baseline -0.007 -11"><span class='ocrx_word' id='word_1_649' title='bbox 125 5505 356 5556; x_wconf 89' lang='lat' dir='ltr'><strong>nectus.</strong></span> <span class='ocrx_word' id='word_1_650' title='bbox 391 5498 560 5555; x_wconf 89' lang='lat' dir='ltr'><strong>Unde</strong></span> <span class='ocrx_word' id='word_1_651' title='bbox 587 5501 646 5553; x_wconf 92' lang='lat' dir='ltr'><strong>et</strong></span> <span class='ocrx_word' id='word_1_652' title='bbox 693 5500 1021 5568; x_wconf 85' lang='lat' dir='ltr'><strong>Synagoga,</strong></span> <span class='ocrx_word' id='word_1_653' title='bbox 1071 5499 1128 5550; x_wconf 89' lang='lat' dir='ltr'><strong>et</strong></span> <span class='ocrx_word' id='word_1_654' title='bbox 1170 5496 1373 5564; x_wconf 90' lang='lat' dir='ltr'><strong>postea</strong></span> <span class='ocrx_word' id='word_1_655' title='bbox 1416 5491 1674 5546; x_wconf 86' lang='lat' dir='ltr'><strong>Ecclesia</strong></span> <span class='ocrx_word' id='word_1_656' title='bbox 1704 5507 1792 5546; x_wconf 91' lang='lat' dir='ltr'><strong>se-</strong></span> 
     </span>
    </p>
   </div>
   <div class='ocr_carea' id='block_1_91' title="bbox 124 5579 1797 5658">
    <p class='ocr_par' dir='ltr' id='par_1_91' title="bbox 124 5579 1797 5658">
     <span class='ocr_line' id='line_1_91' title="bbox 124 5579 1797 5658; baseline -0.007 -12"><span class='ocrx_word' id='word_1_657' title='bbox 124 5590 322 5646; x_wconf 86' lang='lat' dir='ltr'><strong>niores</strong></span> <span class='ocrx_word' id='word_1_658' title='bbox 353 5587 590 5653; x_wconf 88' lang='lat' dir='ltr'><strong>habuit,</strong></span> <span class='ocrx_word' id='word_1_659' title='bbox 623 5601 877 5658; x_wconf 89' lang='lat' dir='ltr'><strong>quorum</strong></span> <span class='ocrx_word' id='word_1_660' title='bbox 903 5584 1027 5639; x_wconf 90' lang='lat' dir='ltr'><strong>sine</strong></span> <span class='ocrx_word' id='word_1_661' title='bbox 1058 5579 1304 5639; x_wconf 89' lang='lat' dir='ltr'><strong>consilio</strong></span> <span class='ocrx_word' id='word_1_662' title='bbox 1336 5579 1485 5634; x_wconf 90' lang='lat' dir='ltr'><strong>nihil</strong></span> <span class='ocrx_word' id='word_1_663' title='bbox 1515 5580 1797 5652; x_wconf 87' lang='lat' dir='ltr'><strong>agebatur</strong></span> 
     </span>
    </p>
   </div>
   <div class='ocr_carea' id='block_1_92' title="bbox 122 5668 1791 5750">
    <p class='ocr_par' dir='ltr' id='par_1_92' title="bbox 122 5668 1791 5750">
     <span class='ocr_line' id='line_1_92' title="bbox 122 5668 1791 5750; baseline -0.008 -10"><span class='ocrx_word' id='word_1_664' title='bbox 122 5679 183 5740; x_wconf 88' lang='lat' dir='ltr'><strong>in</strong></span> <span class='ocrx_word' id='word_1_665' title='bbox 211 5677 673 5748; x_wconf 84' lang='lat' dir='ltr'><strong>Ecclesia.Quod</strong></span> <span class='ocrx_word' id='word_1_666' title='bbox 694 5691 809 5748; x_wconf 90' lang='lat' dir='ltr'><strong>qua</strong></span> <span class='ocrx_word' id='word_1_667' title='bbox 823 5672 1178 5750; x_wconf 84' lang='lat' dir='ltr'><strong>negligentia</strong></span> <span class='ocrx_word' id='word_1_668' title='bbox 1199 5668 1791 5743; x_wconf 89' lang='lat' dir='ltr'><strong>obsoleverit,nescio,</strong></span> 
     </span>
    </p>
   </div>
   <div class='ocr_carea' id='block_1_93' title="bbox 1885 3354 3532 3431">
    <p class='ocr_par' dir='ltr' id='par_1_93' title="bbox 1885 3354 3532 3431">
     <span class='ocr_line' id='line_1_93' title="bbox 1885 3354 3532 3431; baseline 0.004 -19"><span class='ocrx_word' id='word_1_669' title='bbox 1885 3359 2076 3431; x_wconf 78' lang='lat' dir='ltr'><strong>plinas.</strong></span> <span class='ocrx_word' id='word_1_670' title='bbox 2108 3356 2315 3410; x_wconf 79' lang='lat' dir='ltr'><strong>Praeire</strong></span> <span class='ocrx_word' id='word_1_671' title='bbox 2344 3354 2500 3410; x_wconf 88' lang='lat' dir='ltr'><strong>enim</strong></span> <span class='ocrx_word' id='word_1_672' title='bbox 2531 3355 2746 3412; x_wconf 89' lang='lat' dir='ltr'><strong>debent</strong></span> <span class='ocrx_word' id='word_1_673' title='bbox 2768 3357 3069 3427; x_wconf 87' lang='lat' dir='ltr'><strong>merita,ut</strong></span> <span class='ocrx_word' id='word_1_674' title='bbox 3092 3362 3391 3418; x_wconf 78' lang='lat' dir='ltr'><strong>accedenti</strong></span> <span class='ocrx_word' id='word_1_675' title='bbox 3431 3365 3532 3419; x_wconf 91' lang='lat' dir='ltr'><strong>de-</strong></span> 
     </span>
    </p>
   </div>
   <div class='ocr_carea' id='block_1_94' title="bbox 1886 3443 3534 3510">
    <p class='ocr_par' dir='ltr' id='par_1_94' title="bbox 1886 3443 3534 3510">
     <span class='ocr_line' id='line_1_94' title="bbox 1886 3443 3534 3510; baseline 0.005 -9"><span class='ocrx_word' id='word_1_676' title='bbox 1886 3449 2042 3502; x_wconf 89' lang='lat' dir='ltr'><strong>bitus</strong></span> <span class='ocrx_word' id='word_1_677' title='bbox 2074 3446 2261 3500; x_wconf 90' lang='lat' dir='ltr'><strong>honor</strong></span> <span class='ocrx_word' id='word_1_678' title='bbox 2282 3443 2459 3497; x_wconf 88' lang='lat' dir='ltr'><strong>tribui</strong></span> <span class='ocrx_word' id='word_1_679' title='bbox 2481 3443 2767 3498; x_wconf 88' lang='lat' dir='ltr'><strong>videatur.</strong></span> <span class='ocrx_word' id='word_1_680' title='bbox 2793 3449 2927 3510; x_wconf 64' lang='lat' dir='ltr'><strong>Quae</strong></span> <span class='ocrx_word' id='word_1_681' title='bbox 2958 3447 3113 3502; x_wconf 90' lang='lat' dir='ltr'><strong>enim</strong></span> <span class='ocrx_word' id='word_1_682' title='bbox 3136 3450 3372 3506; x_wconf 76' lang='lat' dir='ltr'><strong>affectos</strong></span> <span class='ocrx_word' id='word_1_683' title='bbox 3394 3470 3534 3509; x_wconf 85' lang='lat' dir='ltr'><strong>suos</strong></span> 
     </span>
    </p>
   </div>
   <div class='ocr_carea' id='block_1_95' title="bbox 1887 3532 3532 3612">
    <p class='ocr_par' dir='ltr' id='par_1_95' title="bbox 1887 3532 3532 3612">
     <span class='ocr_line' id='line_1_95' title="bbox 1887 3532 3532 3612; baseline 0.005 -24"><span class='ocrx_word' id='word_1_684' title='bbox 1887 3535 1977 3606; x_wconf 91' lang='lat' dir='ltr'><strong>pie</strong></span> <span class='ocrx_word' id='word_1_685' title='bbox 2008 3533 2295 3597; x_wconf 85' lang='lat' dir='ltr'><strong>tractavit,</strong></span> <span class='ocrx_word' id='word_1_686' title='bbox 2320 3532 2629 3586; x_wconf 91' lang='lat' dir='ltr'><strong>etdomum</strong></span> <span class='ocrx_word' id='word_1_687' title='bbox 2660 3533 2807 3587; x_wconf 90' lang='lat' dir='ltr'><strong>bene</strong></span> <span class='ocrx_word' id='word_1_688' title='bbox 2829 3535 3191 3605; x_wconf 87' lang='lat' dir='ltr'><strong>gubernavit,</strong></span> <span class='ocrx_word' id='word_1_689' title='bbox 3226 3540 3320 3593; x_wconf 89' lang='lat' dir='ltr'><strong>Dei</strong></span> <span class='ocrx_word' id='word_1_690' title='bbox 3344 3539 3532 3612; x_wconf 88' lang='lat' dir='ltr'><strong>legem</strong></span> 
     </span>
    </p>
   </div>
   <div class='ocr_carea' id='block_1_96' title="bbox 1887 3620 3425 3692">
    <p class='ocr_par' dir='ltr' id='par_1_96' title="bbox 1887 3620 3425 3692">
     <span class='ocr_line' id='line_1_96' title="bbox 1887 3620 3425 3692; baseline 0.005 -14"><span class='ocrx_word' id='word_1_691' title='bbox 1887 3623 2158 3687; x_wconf 88' lang='lat' dir='ltr'><strong>servavit,</strong></span> <span class='ocrx_word' id='word_1_692' title='bbox 2193 3622 2371 3692; x_wconf 86' lang='lat' dir='ltr'><strong>digna</strong></span> <span class='ocrx_word' id='word_1_693' title='bbox 2400 3620 2601 3676; x_wconf 67' lang='lat' dir='ltr'><strong>effecta</strong></span> <span class='ocrx_word' id='word_1_694' title='bbox 2633 3624 3105 3679; x_wconf 90' lang='lat' dir='ltr'><strong>renumeratione</strong></span> <span class='ocrx_word' id='word_1_695' title='bbox 3136 3629 3425 3686; x_wconf 70' lang='lat' dir='ltr'><strong>Ecclesim.</strong></span> 
     </span>
    </p>
   </div>
   <div class='ocr_carea' id='block_1_97' title="bbox 1959 3709 3538 3787">
    <p class='ocr_par' dir='ltr' id='par_1_97' title="bbox 1959 3709 3538 3787">
     <span class='ocr_line' id='line_1_97' title="bbox 1959 3709 3538 3787; baseline 0.005 -20"><span class='ocrx_word' id='word_1_696' title='bbox 1959 3715 2096 3767; x_wconf 82' lang='lat' dir='ltr'><strong>Nam</strong></span> <span class='ocrx_word' id='word_1_697' title='bbox 2153 3727 2272 3782; x_wconf 75' lang='lat' dir='ltr'><strong>quae</strong></span> <span class='ocrx_word' id='word_1_698' title='bbox 2303 3726 2425 3764; x_wconf 87' lang='lat' dir='ltr'><strong>vere</strong></span> <span class='ocrx_word' id='word_1_699' title='bbox 2461 3709 2627 3764; x_wconf 86' lang='lat' dir='ltr'><strong>vidua</strong></span> <span class='ocrx_word' id='word_1_700' title='bbox 2656 3715 2754 3774; x_wconf 85' lang='lat' dir='ltr'><strong>est,</strong></span> <span class='ocrx_word' id='word_1_701' title='bbox 2809 3715 2864 3765; x_wconf 83' lang='lat' dir='ltr'><strong>et</strong></span> <span class='ocrx_word' id='word_1_702' title='bbox 2919 3716 3182 3782; x_wconf 85' lang='lat' dir='ltr'><strong>desolata,</strong></span> <span class='ocrx_word' id='word_1_703' title='bbox 3235 3723 3416 3787; x_wconf 87' lang='lat' dir='ltr'><strong>sperat</strong></span> <span class='ocrx_word' id='word_1_704' title='bbox 3476 3719 3538 3774; x_wconf 85' lang='lat' dir='ltr'><strong>in</strong></span> 
     </span>
    </p>
   </div>
   <div class='ocr_carea' id='block_1_98' title="bbox 1889 3797 3539 3871">
    <p class='ocr_par' dir='ltr' id='par_1_98' title="bbox 1889 3797 3539 3871">
     <span class='ocr_line' id='line_1_98' title="bbox 1889 3797 3539 3871; baseline 0.004 -16"><span class='ocrx_word' id='word_1_705' title='bbox 1889 3801 2015 3869; x_wconf 91' lang='lat' dir='ltr'><strong>Deo,</strong></span> <span class='ocrx_word' id='word_1_706' title='bbox 2047 3803 2096 3853; x_wconf 87' lang='lat' dir='ltr'><strong>et</strong></span> <span class='ocrx_word' id='word_1_707' title='bbox 2129 3799 2298 3866; x_wconf 75' lang='lat' dir='ltr'><strong>instat</strong></span> <span class='ocrx_word' id='word_1_708' title='bbox 2328 3797 2664 3852; x_wconf 81' lang='lat' dir='ltr'><strong>orationibus</strong></span> <span class='ocrx_word' id='word_1_709' title='bbox 2687 3802 2849 3853; x_wconf 85' lang='lat' dir='ltr'><strong>noctu</strong></span> <span class='ocrx_word' id='word_1_710' title='bbox 2865 3801 3077 3871; x_wconf 84' lang='lat' dir='ltr'><strong>dieque.</strong></span> <span class='ocrx_word' id='word_1_711' title='bbox 3104 3803 3351 3861; x_wconf 81' lang='lat' dir='ltr'><strong>Viduam</strong></span> <span class='ocrx_word' id='word_1_712' title='bbox 3385 3807 3539 3863; x_wconf 85' lang='lat' dir='ltr'><strong>ﬁlios</strong></span> 
     </span>
    </p>
   </div>
   <div class='ocr_carea' id='block_1_99' title="bbox 1890 3887 3537 3959">
    <p class='ocr_par' dir='ltr' id='par_1_99' title="bbox 1890 3887 3537 3959">
     <span class='ocr_line' id='line_1_99' title="bbox 1890 3887 3537 3959; baseline 0.005 -17"><span class='ocrx_word' id='word_1_713' title='bbox 1890 3894 1992 3943; x_wconf 90' lang='lat' dir='ltr'><strong>aut</strong></span> <span class='ocrx_word' id='word_1_714' title='bbox 2023 3893 2263 3959; x_wconf 87' lang='lat' dir='ltr'><strong>nepotes</strong></span> <span class='ocrx_word' id='word_1_715' title='bbox 2292 3887 2604 3940; x_wconf 87' lang='lat' dir='ltr'><strong>habentem</strong></span> <span class='ocrx_word' id='word_1_716' title='bbox 2642 3904 2756 3942; x_wconf 89' lang='lat' dir='ltr'><strong>non</strong></span> <span class='ocrx_word' id='word_1_717' title='bbox 2808 3889 2973 3944; x_wconf 82' lang='lat' dir='ltr'><strong>facile</strong></span> <span class='ocrx_word' id='word_1_718' title='bbox 3004 3892 3432 3950; x_wconf 89' lang='lat' dir='ltr'><strong>admittendam</strong></span> <span class='ocrx_word' id='word_1_719' title='bbox 3466 3897 3537 3951; x_wconf 90' lang='lat' dir='ltr'><strong>ad</strong></span> 
     </span>
    </p>
   </div>
   <div class='ocr_carea' id='block_1_100' title="bbox 1891 3974 3539 4048">
    <p class='ocr_par' dir='ltr' id='par_1_100' title="bbox 1891 3974 3539 4048">
     <span class='ocr_line' id='line_1_100' title="bbox 1891 3974 3539 4048; baseline 0.005 -17"><span class='ocrx_word' id='word_1_720' title='bbox 1891 3975 2187 4048; x_wconf 89' lang='lat' dir='ltr'><strong>stipendia</strong></span> <span class='ocrx_word' id='word_1_721' title='bbox 2214 3974 2505 4041; x_wconf 70' lang='lat' dir='ltr'><strong>Ecclesiae,</strong></span> <span class='ocrx_word' id='word_1_722' title='bbox 2540 3976 2681 4045; x_wconf 87' lang='lat' dir='ltr'><strong>quia</strong></span> <span class='ocrx_word' id='word_1_723' title='bbox 2727 3977 2775 4030; x_wconf 92' lang='lat' dir='ltr'><strong>si</strong></span> <span class='ocrx_word' id='word_1_724' title='bbox 2808 3977 2900 4048; x_wconf 87' lang='lat' dir='ltr'><strong>pie</strong></span> <span class='ocrx_word' id='word_1_725' title='bbox 2932 3983 2989 4032; x_wconf 91' lang='lat' dir='ltr'><strong>et</strong></span> <span class='ocrx_word' id='word_1_726' title='bbox 3022 3979 3268 4037; x_wconf 88' lang='lat' dir='ltr'><strong>sollicite</strong></span> <span class='ocrx_word' id='word_1_727' title='bbox 3297 3985 3539 4040; x_wconf 90' lang='lat' dir='ltr'><strong>domum</strong></span> 
     </span>
    </p>
   </div>
   <div class='ocr_carea' id='block_1_101' title="bbox 1893 4062 3543 4135">
    <p class='ocr_par' dir='ltr' id='par_1_101' title="bbox 1893 4062 3543 4135">
     <span class='ocr_line' id='line_1_101' title="bbox 1893 4062 3543 4135; baseline 0.005 -14"><span class='ocrx_word' id='word_1_728' title='bbox 1893 4083 2060 4122; x_wconf 89' lang='lat' dir='ltr'><strong>suam</strong></span> <span class='ocrx_word' id='word_1_729' title='bbox 2076 4062 2442 4135; x_wconf 88' lang='lat' dir='ltr'><strong>gubernavit,</strong></span> <span class='ocrx_word' id='word_1_730' title='bbox 2476 4079 2712 4119; x_wconf 85' lang='lat' dir='ltr'><strong>necesse</strong></span> <span class='ocrx_word' id='word_1_731' title='bbox 2736 4072 2825 4120; x_wconf 91' lang='lat' dir='ltr'><strong>est</strong></span> <span class='ocrx_word' id='word_1_732' title='bbox 2845 4067 3008 4121; x_wconf 90' lang='lat' dir='ltr'><strong>reddi</strong></span> <span class='ocrx_word' id='word_1_733' title='bbox 3032 4067 3113 4122; x_wconf 91' lang='lat' dir='ltr'><strong>illi</strong></span> <span class='ocrx_word' id='word_1_734' title='bbox 3151 4070 3333 4126; x_wconf 90' lang='lat' dir='ltr'><strong>vicem</strong></span> <span class='ocrx_word' id='word_1_735' title='bbox 3356 4090 3390 4128; x_wconf 90' lang='lat' dir='ltr'><strong>a</strong></span> <span class='ocrx_word' id='word_1_736' title='bbox 3413 4074 3543 4130; x_wconf 86' lang='lat' dir='ltr'><strong>suis</strong></span> 
     </span>
    </p>
   </div>
   <div class='ocr_carea' id='block_1_102' title="bbox 1892 4151 3543 4226">
    <p class='ocr_par' dir='ltr' id='par_1_102' title="bbox 1892 4151 3543 4226">
     <span class='ocr_line' id='line_1_102' title="bbox 1892 4151 3543 4226; baseline 0.005 -16"><span class='ocrx_word' id='word_1_737' title='bbox 1892 4157 2047 4210; x_wconf 86' lang='lat' dir='ltr'><strong>sicut</strong></span> <span class='ocrx_word' id='word_1_738' title='bbox 2075 4157 2130 4208; x_wconf 91' lang='lat' dir='ltr'><strong>et</strong></span> <span class='ocrx_word' id='word_1_739' title='bbox 2160 4151 2262 4206; x_wconf 88' lang='lat' dir='ltr'><strong>illa</strong></span> <span class='ocrx_word' id='word_1_740' title='bbox 2292 4151 2926 4224; x_wconf 88' lang='lat' dir='ltr'><strong>reddiditpropinquis.</strong></span> <span class='ocrx_word' id='word_1_741' title='bbox 2950 4157 3006 4210; x_wconf 83' lang='lat' dir='ltr'><strong>Si</strong></span> <span class='ocrx_word' id='word_1_742' title='bbox 3039 4162 3258 4226; x_wconf 88' lang='lat' dir='ltr'><strong>autem,</strong></span> <span class='ocrx_word' id='word_1_743' title='bbox 3294 4165 3360 4215; x_wconf 90' lang='lat' dir='ltr'><strong>ut</strong></span> <span class='ocrx_word' id='word_1_744' title='bbox 3384 4178 3543 4218; x_wconf 88' lang='lat' dir='ltr'><strong>asso-</strong></span> 
     </span>
    </p>
   </div>
   <div class='ocr_carea' id='block_1_103' title="bbox 1895 4241 3547 4322">
    <p class='ocr_par' dir='ltr' id='par_1_103' title="bbox 1895 4241 3547 4322">
     <span class='ocr_line' id='line_1_103' title="bbox 1895 4241 3547 4322; baseline 0.004 -23"><span class='ocrx_word' id='word_1_745' title='bbox 1895 4244 1996 4311; x_wconf 89' lang='lat' dir='ltr'><strong>let,</strong></span> <span class='ocrx_word' id='word_1_746' title='bbox 2028 4241 2302 4313; x_wconf 88' lang='lat' dir='ltr'><strong>impietas</strong></span> <span class='ocrx_word' id='word_1_747' title='bbox 2335 4241 2510 4295; x_wconf 85' lang='lat' dir='ltr'><strong>fuerit</strong></span> <span class='ocrx_word' id='word_1_748' title='bbox 2557 4248 2812 4312; x_wconf 88' lang='lat' dir='ltr'><strong>operata,</strong></span> <span class='ocrx_word' id='word_1_749' title='bbox 2850 4250 2913 4298; x_wconf 92' lang='lat' dir='ltr'><strong>ut</strong></span> <span class='ocrx_word' id='word_1_750' title='bbox 2942 4263 3091 4301; x_wconf 90' lang='lat' dir='ltr'><strong>anus</strong></span> <span class='ocrx_word' id='word_1_751' title='bbox 3125 4248 3484 4322; x_wconf 89' lang='lat' dir='ltr'><strong>despiciatur</strong></span> <span class='ocrx_word' id='word_1_752' title='bbox 3512 4268 3547 4306; x_wconf 88' lang='lat' dir='ltr'><strong>a</strong></span> 
     </span>
    </p>
   </div>
   <div class='ocr_carea' id='block_1_104' title="bbox 1897 4331 3544 4410">
    <p class='ocr_par' dir='ltr' id='par_1_104' title="bbox 1897 4331 3544 4410">
     <span class='ocr_line' id='line_1_104' title="bbox 1897 4331 3544 4410; baseline 0.003 -22"><span class='ocrx_word' id='word_1_753' title='bbox 1897 4333 2197 4402; x_wconf 82' lang='lat' dir='ltr'><strong>suis,quos</strong></span> <span class='ocrx_word' id='word_1_754' title='bbox 2230 4333 2324 4402; x_wconf 92' lang='lat' dir='ltr'><strong>pia</strong></span> <span class='ocrx_word' id='word_1_755' title='bbox 2353 4331 2966 4403; x_wconf 86' lang='lat' dir='ltr'><strong>tractaverit,dignum</strong></span> <span class='ocrx_word' id='word_1_756' title='bbox 2991 4351 3118 4390; x_wconf 85' lang='lat' dir='ltr'><strong>esse</strong></span> <span class='ocrx_word' id='word_1_757' title='bbox 3150 4337 3302 4392; x_wconf 88' lang='lat' dir='ltr'><strong>hanc</strong></span> <span class='ocrx_word' id='word_1_758' title='bbox 3324 4338 3544 4410; x_wconf 89' lang='lat' dir='ltr'><strong>suscipi</strong></span> 
     </span>
    </p>
   </div>
   <div class='ocr_carea' id='block_1_105' title="bbox 1897 4419 3548 4492">
    <p class='ocr_par' dir='ltr' id='par_1_105' title="bbox 1897 4419 3548 4492">
     <span class='ocr_line' id='line_1_105' title="bbox 1897 4419 3548 4492; baseline 0.005 -17"><span class='ocrx_word' id='word_1_759' title='bbox 1897 4424 1970 4475; x_wconf 91' lang='lat' dir='ltr'><strong>ab</strong></span> <span class='ocrx_word' id='word_1_760' title='bbox 2002 4419 2432 4489; x_wconf 84' lang='lat' dir='ltr'><strong>Ecclesia,quia</strong></span> <span class='ocrx_word' id='word_1_761' title='bbox 2453 4419 2510 4472; x_wconf 90' lang='lat' dir='ltr'><strong>in</strong></span> <span class='ocrx_word' id='word_1_762' title='bbox 2539 4420 2763 4474; x_wconf 91' lang='lat' dir='ltr'><strong>Domini</strong></span> <span class='ocrx_word' id='word_1_763' title='bbox 2790 4422 2914 4492; x_wconf 90' lang='lat' dir='ltr'><strong>lege</strong></span> <span class='ocrx_word' id='word_1_764' title='bbox 2936 4423 3185 4480; x_wconf 81' lang='lat' dir='ltr'><strong>ﬁdeliter</strong></span> <span class='ocrx_word' id='word_1_765' title='bbox 3206 4433 3548 4484; x_wconf 84' lang='lat' dir='ltr'><strong>conversata</strong></span> 
     </span>
    </p>
   </div>
   <div class='ocr_carea' id='block_1_106' title="bbox 1897 4508 3548 4588">
    <p class='ocr_par' dir='ltr' id='par_1_106' title="bbox 1897 4508 3548 4588">
     <span class='ocr_line' id='line_1_106' title="bbox 1897 4508 3548 4588; baseline 0.004 -23"><span class='ocrx_word' id='word_1_766' title='bbox 1897 4515 2005 4565; x_wconf 90' lang='lat' dir='ltr'><strong>est.</strong></span> <span class='ocrx_word' id='word_1_767' title='bbox 2037 4509 2227 4562; x_wconf 90' lang='lat' dir='ltr'><strong>Vidua</strong></span> <span class='ocrx_word' id='word_1_768' title='bbox 2257 4508 2438 4579; x_wconf 89' lang='lat' dir='ltr'><strong>igitur</strong></span> <span class='ocrx_word' id='word_1_769' title='bbox 2494 4508 2778 4574; x_wconf 80' lang='lat' dir='ltr'><strong>desolata,</strong></span> <span class='ocrx_word' id='word_1_770' title='bbox 2825 4516 2926 4564; x_wconf 90' lang='lat' dir='ltr'><strong>aut</strong></span> <span class='ocrx_word' id='word_1_771' title='bbox 2957 4529 2990 4565; x_wconf 91' lang='lat' dir='ltr'><strong>a</strong></span> <span class='ocrx_word' id='word_1_772' title='bbox 3037 4514 3159 4568; x_wconf 86' lang='lat' dir='ltr'><strong>suis</strong></span> <span class='ocrx_word' id='word_1_773' title='bbox 3193 4521 3548 4588; x_wconf 88' lang='lat' dir='ltr'><strong>contempta,</strong></span> 
     </span>
    </p>
   </div>
   <div class='ocr_carea' id='block_1_107' title="bbox 1899 4594 3548 4674">
    <p class='ocr_par' dir='ltr' id='par_1_107' title="bbox 1899 4594 3548 4674">
     <span class='ocr_line' id='line_1_107' title="bbox 1899 4594 3548 4674; baseline 0.004 -20"><span class='ocrx_word' id='word_1_774' title='bbox 1899 4603 2093 4670; x_wconf 88' lang='lat' dir='ltr'><strong>sperat</strong></span> <span class='ocrx_word' id='word_1_775' title='bbox 2122 4597 2178 4650; x_wconf 91' lang='lat' dir='ltr'><strong>in</strong></span> <span class='ocrx_word' id='word_1_776' title='bbox 2213 4596 2350 4652; x_wconf 91' lang='lat' dir='ltr'><strong>Deo.</strong></span> <span class='ocrx_word' id='word_1_777' title='bbox 2384 4594 2600 4650; x_wconf 85' lang='lat' dir='ltr'><strong>Videns</strong></span> <span class='ocrx_word' id='word_1_778' title='bbox 2631 4597 2789 4651; x_wconf 88' lang='lat' dir='ltr'><strong>enim</strong></span> <span class='ocrx_word' id='word_1_779' title='bbox 2821 4615 2890 4652; x_wconf 82' lang='lat' dir='ltr'><strong>ex</strong></span> <span class='ocrx_word' id='word_1_780' title='bbox 2922 4600 3083 4655; x_wconf 88' lang='lat' dir='ltr'><strong>nulla</strong></span> <span class='ocrx_word' id='word_1_781' title='bbox 3109 4609 3270 4674; x_wconf 85' lang='lat' dir='ltr'><strong>parte</strong></span> <span class='ocrx_word' id='word_1_782' title='bbox 3288 4621 3350 4660; x_wconf 91' lang='lat' dir='ltr'><strong>se</strong></span> <span class='ocrx_word' id='word_1_783' title='bbox 3371 4605 3548 4660; x_wconf 88' lang='lat' dir='ltr'><strong>habe-</strong></span> 
     </span>
    </p>
   </div>
   <div class='ocr_carea' id='block_1_108' title="bbox 1901 4686 3550 4764">
    <p class='ocr_par' dir='ltr' id='par_1_108' title="bbox 1901 4686 3550 4764">
     <span class='ocr_line' id='line_1_108' title="bbox 1901 4686 3550 4764; baseline 0.004 -22"><span class='ocrx_word' id='word_1_784' title='bbox 1901 4704 1960 4742; x_wconf 91' lang='lat' dir='ltr'><strong>re</strong></span> <span class='ocrx_word' id='word_1_785' title='bbox 1994 4686 2361 4757; x_wconf 66' lang='lat' dir='ltr'><strong>suffragium,</strong></span> <span class='ocrx_word' id='word_1_786' title='bbox 2396 4690 2516 4738; x_wconf 87' lang='lat' dir='ltr'><strong>toto</strong></span> <span class='ocrx_word' id='word_1_787' title='bbox 2557 4687 2753 4741; x_wconf 81' lang='lat' dir='ltr'><strong>animo</strong></span> <span class='ocrx_word' id='word_1_788' title='bbox 2785 4687 2991 4743; x_wconf 89' lang='lat' dir='ltr'><strong>devota</strong></span> <span class='ocrx_word' id='word_1_789' title='bbox 3041 4698 3132 4745; x_wconf 82' lang='lat' dir='ltr'><strong>est</strong></span> <span class='ocrx_word' id='word_1_790' title='bbox 3166 4695 3297 4759; x_wconf 87' lang='lat' dir='ltr'><strong>Deo,</strong></span> <span class='ocrx_word' id='word_1_791' title='bbox 3332 4694 3403 4748; x_wconf 90' lang='lat' dir='ltr'><strong>de</strong></span> <span class='ocrx_word' id='word_1_792' title='bbox 3434 4710 3550 4764; x_wconf 91' lang='lat' dir='ltr'><strong>quo</strong></span> 
     </span>
    </p>
   </div>
   <div class='ocr_carea' id='block_1_109' title="bbox 1900 4775 3173 4850">
    <p class='ocr_par' dir='ltr' id='par_1_109' title="bbox 1900 4775 3173 4850">
     <span class='ocr_line' id='line_1_109' title="bbox 1900 4775 3173 4850; baseline 0.002 -18"><span class='ocrx_word' id='word_1_793' title='bbox 1900 4776 2022 4833; x_wconf 91' lang='lat' dir='ltr'><strong>solo</strong></span> <span class='ocrx_word' id='word_1_794' title='bbox 2055 4775 2336 4830; x_wconf 82' lang='lat' dir='ltr'><strong>auxilium</strong></span> <span class='ocrx_word' id='word_1_795' title='bbox 2368 4775 2492 4828; x_wconf 74' lang='lat' dir='ltr'><strong>vitae</strong></span> <span class='ocrx_word' id='word_1_796' title='bbox 2527 4775 2852 4848; x_wconf 88' lang='lat' dir='ltr'><strong>salutisque</strong></span> <span class='ocrx_word' id='word_1_797' title='bbox 2887 4785 3173 4850; x_wconf 88' lang='lat' dir='ltr'><strong>expectat.</strong></span> 
     </span>
    </p>
   </div>
   <div class='ocr_carea' id='block_1_110' title="bbox 1970 4864 3553 4935">
    <p class='ocr_par' dir='ltr' id='par_1_110' title="bbox 1970 4864 3553 4935">
     <span class='ocr_line' id='line_1_110' title="bbox 1970 4864 3553 4935; baseline 0.004 -15"><span class='ocrx_word' id='word_1_798' title='bbox 1970 4867 2106 4921; x_wconf 85' lang='lat' dir='ltr'><strong>Nam</strong></span> <span class='ocrx_word' id='word_1_799' title='bbox 2134 4879 2259 4935; x_wconf 72' lang='lat' dir='ltr'><strong>qua:</strong></span> <span class='ocrx_word' id='word_1_800' title='bbox 2292 4865 2352 4918; x_wconf 81' lang='lat' dir='ltr'><strong>in</strong></span> <span class='ocrx_word' id='word_1_801' title='bbox 2397 4864 2632 4934; x_wconf 84' lang='lat' dir='ltr'><strong>deliciis,</strong></span> <span class='ocrx_word' id='word_1_802' title='bbox 2682 4874 2758 4920; x_wconf 86' lang='lat' dir='ltr'><strong>est</strong></span> <span class='ocrx_word' id='word_1_803' title='bbox 2789 4867 2978 4922; x_wconf 81' lang='lat' dir='ltr'><strong>vivens</strong></span> <span class='ocrx_word' id='word_1_804' title='bbox 3029 4880 3245 4926; x_wconf 88' lang='lat' dir='ltr'><strong>mortua</strong></span> <span class='ocrx_word' id='word_1_805' title='bbox 3301 4875 3398 4926; x_wconf 85' lang='lat' dir='ltr'><strong>est.</strong></span> <span class='ocrx_word' id='word_1_806' title='bbox 3456 4871 3553 4926; x_wconf 86' lang='lat' dir='ltr'><strong>Vi-</strong></span> 
     </span>
    </p>
   </div>
   <div class='ocr_carea' id='block_1_111' title="bbox 1902 4955 3554 5025">
    <p class='ocr_par' dir='ltr' id='par_1_111' title="bbox 1902 4955 3554 5025">
     <span class='ocr_line' id='line_1_111' title="bbox 1902 4955 3554 5025; baseline 0.003 -14"><span class='ocrx_word' id='word_1_807' title='bbox 1902 4957 2101 5019; x_wconf 88' lang='lat' dir='ltr'><strong>duam,</strong></span> <span class='ocrx_word' id='word_1_808' title='bbox 2137 4960 2372 5025; x_wconf 89' lang='lat' dir='ltr'><strong>propter</strong></span> <span class='ocrx_word' id='word_1_809' title='bbox 2402 4955 2557 5024; x_wconf 90' lang='lat' dir='ltr'><strong>quod</strong></span> <span class='ocrx_word' id='word_1_810' title='bbox 2593 4955 2769 5010; x_wconf 90' lang='lat' dir='ltr'><strong>vidua</strong></span> <span class='ocrx_word' id='word_1_811' title='bbox 2797 4957 3034 5023; x_wconf 89' lang='lat' dir='ltr'><strong>dicitur,</strong></span> <span class='ocrx_word' id='word_1_812' title='bbox 3067 4958 3243 5014; x_wconf 88' lang='lat' dir='ltr'><strong>talem</strong></span> <span class='ocrx_word' id='word_1_813' title='bbox 3292 4975 3420 5015; x_wconf 89' lang='lat' dir='ltr'><strong>esse</strong></span> <span class='ocrx_word' id='word_1_814' title='bbox 3450 4961 3554 5015; x_wconf 88' lang='lat' dir='ltr'><strong>de-</strong></span> 
     </span>
    </p>
   </div>
   <div class='ocr_carea' id='block_1_112' title="bbox 1903 5043 3559 5116">
    <p class='ocr_par' dir='ltr' id='par_1_112' title="bbox 1903 5043 3559 5116">
     <span class='ocr_line' id='line_1_112' title="bbox 1903 5043 3559 5116; baseline 0.002 -16"><span class='ocrx_word' id='word_1_815' title='bbox 1903 5045 2037 5100; x_wconf 87' lang='lat' dir='ltr'><strong>bere</strong></span> <span class='ocrx_word' id='word_1_816' title='bbox 2070 5043 2380 5115; x_wconf 83' lang='lat' dir='ltr'><strong>signilicat,</strong></span> <span class='ocrx_word' id='word_1_817' title='bbox 2416 5060 2449 5096; x_wconf 92' lang='lat' dir='ltr'><strong>u</strong></span> <span class='ocrx_word' id='word_1_818' title='bbox 2486 5044 2556 5096; x_wconf 90' lang='lat' dir='ltr'><strong>ad</strong></span> <span class='ocrx_word' id='word_1_819' title='bbox 2585 5043 2900 5099; x_wconf 90' lang='lat' dir='ltr'><strong>Dominum</strong></span> <span class='ocrx_word' id='word_1_820' title='bbox 2935 5049 3388 5116; x_wconf 86' lang='lat' dir='ltr'><strong>promerendum</strong></span> <span class='ocrx_word' id='word_1_821' title='bbox 3421 5065 3559 5104; x_wconf 91' lang='lat' dir='ltr'><strong>ora-</strong></span> 
     </span>
    </p>
   </div>
   <div class='ocr_carea' id='block_1_113' title="bbox 1900 5132 3558 5208">
    <p class='ocr_par' dir='ltr' id='par_1_113' title="bbox 1900 5132 3558 5208">
     <span class='ocr_line' id='line_1_113' title="bbox 1900 5132 3558 5208; baseline 0.003 -21"><span class='ocrx_word' id='word_1_822' title='bbox 1900 5133 2159 5188; x_wconf 88' lang='lat' dir='ltr'><strong>tionibus</strong></span> <span class='ocrx_word' id='word_1_823' title='bbox 2190 5137 2368 5202; x_wconf 86' lang='lat' dir='ltr'><strong>vacet,</strong></span> <span class='ocrx_word' id='word_1_824' title='bbox 2393 5132 2507 5186; x_wconf 94' lang='lat' dir='ltr'><strong>Deo</strong></span> <span class='ocrx_word' id='word_1_825' title='bbox 2530 5132 2790 5187; x_wconf 87' lang='lat' dir='ltr'><strong>serviens</strong></span> <span class='ocrx_word' id='word_1_826' title='bbox 2823 5139 2998 5189; x_wconf 91' lang='lat' dir='ltr'><strong>noctu</strong></span> <span class='ocrx_word' id='word_1_827' title='bbox 3018 5136 3248 5208; x_wconf 90' lang='lat' dir='ltr'><strong>dieque,</strong></span> <span class='ocrx_word' id='word_1_828' title='bbox 3275 5143 3336 5192; x_wconf 90' lang='lat' dir='ltr'><strong>ut</strong></span> <span class='ocrx_word' id='word_1_829' title='bbox 3359 5143 3558 5194; x_wconf 91' lang='lat' dir='ltr'><strong>osten-</strong></span> 
     </span>
    </p>
   </div>
   <div class='ocr_carea' id='block_1_114' title="bbox 1903 5221 3561 5297">
    <p class='ocr_par' dir='ltr' id='par_1_114' title="bbox 1903 5221 3561 5297">
     <span class='ocr_line' id='line_1_114' title="bbox 1903 5221 3561 5297; baseline 0.002 -20"><span class='ocrx_word' id='word_1_830' title='bbox 1903 5223 2003 5277; x_wconf 84' lang='lat' dir='ltr'><strong>dat</strong></span> <span class='ocrx_word' id='word_1_831' title='bbox 2031 5221 2248 5277; x_wconf 90' lang='lat' dir='ltr'><strong>idcirco</strong></span> <span class='ocrx_word' id='word_1_832' title='bbox 2268 5237 2330 5276; x_wconf 90' lang='lat' dir='ltr'><strong>se</strong></span> <span class='ocrx_word' id='word_1_833' title='bbox 2354 5221 2589 5292; x_wconf 87' lang='lat' dir='ltr'><strong>nuptias</strong></span> <span class='ocrx_word' id='word_1_834' title='bbox 2620 5223 2910 5278; x_wconf 88' lang='lat' dir='ltr'><strong>secundas</strong></span> <span class='ocrx_word' id='word_1_835' title='bbox 2925 5225 3452 5297; x_wconf 87' lang='lat' dir='ltr'><strong>contempsisse,ut</strong></span> <span class='ocrx_word' id='word_1_836' title='bbox 3476 5227 3561 5281; x_wconf 91' lang='lat' dir='ltr'><strong>in-</strong></span> 
     </span>
    </p>
   </div>
   <div class='ocr_carea' id='block_1_115' title="bbox 1905 5309 3560 5381">
    <p class='ocr_par' dir='ltr' id='par_1_115' title="bbox 1905 5309 3560 5381">
     <span class='ocr_line' id='line_1_115' title="bbox 1905 5309 3560 5381; baseline 0.003 -15"><span class='ocrx_word' id='word_1_837' title='bbox 1905 5316 2085 5366; x_wconf 88' lang='lat' dir='ltr'><strong>staret</strong></span> <span class='ocrx_word' id='word_1_838' title='bbox 2111 5309 2453 5381; x_wconf 79' lang='lat' dir='ltr'><strong>disciplinae.</strong></span> <span class='ocrx_word' id='word_1_839' title='bbox 2485 5309 2542 5363; x_wconf 88' lang='lat' dir='ltr'><strong>Si</strong></span> <span class='ocrx_word' id='word_1_840' title='bbox 2563 5309 2719 5364; x_wconf 90' lang='lat' dir='ltr'><strong>enim</strong></span> <span class='ocrx_word' id='word_1_841' title='bbox 2743 5311 2852 5365; x_wconf 90' lang='lat' dir='ltr'><strong>sub</strong></span> <span class='ocrx_word' id='word_1_842' title='bbox 2876 5314 3110 5370; x_wconf 90' lang='lat' dir='ltr'><strong>nomine</strong></span> <span class='ocrx_word' id='word_1_843' title='bbox 3131 5315 3316 5370; x_wconf 67' lang='lat' dir='ltr'><strong>viduae</strong></span> <span class='ocrx_word' id='word_1_844' title='bbox 3337 5316 3560 5372; x_wconf 90' lang='lat' dir='ltr'><strong>deliciis</strong></span> 
     </span>
    </p>
   </div>
   <div class='ocr_carea' id='block_1_116' title="bbox 1901 5399 3563 5477">
    <p class='ocr_par' dir='ltr' id='par_1_116' title="bbox 1901 5399 3563 5477">
     <span class='ocr_line' id='line_1_116' title="bbox 1901 5399 3563 5477; baseline 0.005 -24"><span class='ocrx_word' id='word_1_845' title='bbox 1901 5407 2084 5467; x_wconf 86' lang='lat' dir='ltr'><strong>vacet,</strong></span> <span class='ocrx_word' id='word_1_846' title='bbox 2119 5405 2219 5454; x_wconf 90' lang='lat' dir='ltr'><strong>aut</strong></span> <span class='ocrx_word' id='word_1_847' title='bbox 2241 5399 2504 5463; x_wconf 68' lang='lat' dir='ltr'><strong>luxuriae,</strong></span> <span class='ocrx_word' id='word_1_848' title='bbox 2528 5399 2724 5454; x_wconf 89' lang='lat' dir='ltr'><strong>vivens</strong></span> <span class='ocrx_word' id='word_1_849' title='bbox 2748 5407 2978 5458; x_wconf 87' lang='lat' dir='ltr'><strong>mortua</strong></span> <span class='ocrx_word' id='word_1_850' title='bbox 2996 5403 3268 5460; x_wconf 90' lang='lat' dir='ltr'><strong>habenda</strong></span> <span class='ocrx_word' id='word_1_851' title='bbox 3289 5409 3399 5473; x_wconf 90' lang='lat' dir='ltr'><strong>est,</strong></span> <span class='ocrx_word' id='word_1_852' title='bbox 3423 5406 3563 5477; x_wconf 88' lang='lat' dir='ltr'><strong>quia</strong></span> 
     </span>
    </p>
   </div>
   <div class='ocr_carea' id='block_1_117' title="bbox 1903 5487 3558 5566">
    <p class='ocr_par' dir='ltr' id='par_1_117' title="bbox 1903 5487 3558 5566">
     <span class='ocr_line' id='line_1_117' title="bbox 1903 5487 3558 5566; baseline 0.004 -23"><span class='ocrx_word' id='word_1_853' title='bbox 1903 5489 2244 5562; x_wconf 68' lang='lat' dir='ltr'><strong>imposturae</strong></span> <span class='ocrx_word' id='word_1_854' title='bbox 2275 5504 2459 5560; x_wconf 90' lang='lat' dir='ltr'><strong>genus</strong></span> <span class='ocrx_word' id='word_1_855' title='bbox 2481 5492 2570 5544; x_wconf 90' lang='lat' dir='ltr'><strong>est</strong></span> <span class='ocrx_word' id='word_1_856' title='bbox 2598 5487 2755 5543; x_wconf 89' lang='lat' dir='ltr'><strong>aliud</strong></span> <span class='ocrx_word' id='word_1_857' title='bbox 2789 5507 2980 5563; x_wconf 82' lang='lat' dir='ltr'><strong>agere,</strong></span> <span class='ocrx_word' id='word_1_858' title='bbox 3005 5499 3064 5548; x_wconf 92' lang='lat' dir='ltr'><strong>et</strong></span> <span class='ocrx_word' id='word_1_859' title='bbox 3095 5493 3253 5549; x_wconf 86' lang='lat' dir='ltr'><strong>aliud</strong></span> <span class='ocrx_word' id='word_1_860' title='bbox 3281 5493 3558 5566; x_wconf 81' lang='lat' dir='ltr'><strong>profiteri,</strong></span> 
     </span>
    </p>
   </div>
   <div class='ocr_carea' id='block_1_118' title="bbox 1905 5575 3558 5650">
    <p class='ocr_par' dir='ltr' id='par_1_118' title="bbox 1905 5575 3558 5650">
     <span class='ocr_line' id='line_1_118' title="bbox 1905 5575 3558 5650; baseline 0.002 -16"><span class='ocrx_word' id='word_1_861' title='bbox 1905 5595 2022 5634; x_wconf 89' lang='lat' dir='ltr'><strong>non</strong></span> <span class='ocrx_word' id='word_1_862' title='bbox 2054 5575 2336 5648; x_wconf 89' lang='lat' dir='ltr'><strong>obsequia</strong></span> <span class='ocrx_word' id='word_1_863' title='bbox 2367 5581 2424 5631; x_wconf 91' lang='lat' dir='ltr'><strong>et</strong></span> <span class='ocrx_word' id='word_1_864' title='bbox 2453 5576 2818 5634; x_wconf 87' lang='lat' dir='ltr'><strong>devotionem</strong></span> <span class='ocrx_word' id='word_1_865' title='bbox 2864 5581 2986 5650; x_wconf 90' lang='lat' dir='ltr'><strong>Dei,</strong></span> <span class='ocrx_word' id='word_1_866' title='bbox 3030 5584 3130 5639; x_wconf 86' lang='lat' dir='ltr'><strong>sed</strong></span> <span class='ocrx_word' id='word_1_867' title='bbox 3163 5583 3444 5639; x_wconf 88' lang='lat' dir='ltr'><strong>honorem</strong></span> <span class='ocrx_word' id='word_1_868' title='bbox 3475 5583 3558 5637; x_wconf 89' lang='lat' dir='ltr'><strong>vi-</strong></span> 
     </span>
    </p>
   </div>
   <div class='ocr_carea' id='block_1_119' title="bbox 1905 5665 3562 5752">
    <p class='ocr_par' dir='ltr' id='par_1_119' title="bbox 1905 5665 3562 5752">
     <span class='ocr_line' id='line_1_119' title="bbox 1905 5665 3562 5752; baseline 0.005 -26"><span class='ocrx_word' id='word_1_869' title='bbox 1905 5671 2032 5726; x_wconf 72' lang='lat' dir='ltr'><strong>duis</strong></span> <span class='ocrx_word' id='word_1_870' title='bbox 2056 5666 2312 5723; x_wconf 85' lang='lat' dir='ltr'><strong>volentes</strong></span> <span class='ocrx_word' id='word_1_871' title='bbox 2339 5665 2555 5723; x_wconf 89' lang='lat' dir='ltr'><strong>habere</strong></span> <span class='ocrx_word' id='word_1_872' title='bbox 2589 5683 2752 5725; x_wconf 88' lang='lat' dir='ltr'><strong>:cum</strong></span> <span class='ocrx_word' id='word_1_873' title='bbox 2779 5672 3036 5731; x_wconf 88' lang='lat' dir='ltr'><strong>nominis</strong></span> <span class='ocrx_word' id='word_1_874' title='bbox 3057 5673 3247 5752; x_wconf 87' lang='lat' dir='ltr'><strong>ipsius</strong></span> <span class='ocrx_word' id='word_1_875' title='bbox 3277 5670 3562 5746; x_wconf 76' lang='lat' dir='ltr'><strong>professio</strong></span> 
     </span>
    </p>
   </div>
  </div>
