3898 6404
102 427 211 486 681

100 558 344 615 deberet
373 559 590 617 vestire
632 578 872 635 paucos,
918 569 975 621 et
1027 566 1213 641 plebs,
1259 588 1387 643 quze
1434 574 1683 633 libenter
1711 586 1769 636 et

99 647 447 720 frequenter
477 650 665 720 possit
696 652 1031 710 ministrare
1062 660 1285 730 paucis,
1317 664 1546 734 cogitur
1574 666 1769 737 plures

99 735 424 804 dimittere,
460 742 526 793 ut
569 743 672 793 aut
719 749 1050 800 murmurat
1094 752 1195 811 aut
1222 751 1450 807 tardius
1480 735 1765 812 occurrat.

97 824 248 879 Nam
276 841 412 880 cum
437 827 741 901 praecipiat
763 831 941 887 unius
961 832 1069 888 viri
1095 853 1329 894 uxorem
1349 839 1485 913 eligi
1505 843 1766 911 viduam,

100 930 263 968 nunc
296 914 683 971 inveniuntur
710 917 865 974 inter
891 936 990 977 eas
1022 940 1137 978 non
1170 927 1394 982 tanium
1429 930 1634 1001 duum,
1668 939 1770 990 aut

101 1001 285 1057 trium
320 1004 676 1061 maritorum
727 1024 957 1078 uxores,
991 1013 1093 1066 sed
1143 1019 1199 1068 et
1247 1032 1373 1086 quae
1421 1021 1653 1091 turpius
1684 1023 1766 1077 vi-

97 1090 313 1147 xerint.
329 1093 493 1158 Quod
514 1092 833 1183 aliquando
848 1114 950 1169 per
962 1100 1380 1173 negligentiam
1396 1108 1481 1173 lit,
1498 1090 1765 1183 aliquan-

99 1181 173 1235 do
206 1185 501 1253 potestate
529 1182 888 1241 insinuante.

172 1270 284 1339 Qui
331 1270 468 1326 bene
507 1276 761 1343 praesunt
809 1275 1138 1348 presbyteri,
1180 1280 1391 1352 duplici
1437 1289 1638 1342 honore
1667 1289 1767 1345 ha-

101 1360 347 1415 beantur
399 1358 580 1431 digni,
614 1365 855 1418 maxime
912 1367 1008 1436 qui
1071 1367 1333 1426 laborant
1396 1374 1457 1428 in
1507 1377 1666 1432 verbo
1713 1383 1767 1434 et

100 1447 380 1504 doctrina.
426 1448 571 1505 Boni
604 1449 1040 1523 dispensatores
1071 1473 1137 1512 ac
1169 1458 1390 1531 ﬁdeles,
1424 1480 1537 1518 non
1570 1466 1764 1523 solum

99 1535 325 1594 honore
356 1537 599 1594 sublimi
627 1540 785 1612 digni
838 1542 1051 1601 debent
1093 1547 1373 1621 judicari,
1426 1553 1525 1607 sed
1560 1559 1617 1609 et
1648 1560 1765 1611 ter-

98 1634 265 1689 reno,
302 1629 369 1681 ut
402 1644 515 1682 non
568 1627 993 1686 contiistentur
1037 1632 1361 1709 indigentia
1390 1645 1763 1714 sumptuum,

96 1713 199 1770 sed
235 1715 430 1788 magis
468 1717 767 1789 gaudeant
796 1718 911 1776 tide
956 1741 1065 1778 sua
1119 1730 1176 1780 et
1217 1726 1498 1785 doctrina.
1534 1732 1764 1789 Instan-

100 1800 212 1857 tior
241 1802 403 1859 enim
437 1803 521 1874 ﬁt,
556 1804 606 1860 si
660 1823 776 1863 non
826 1807 1175 1867 humilietur
1222 1814 1439 1889 inopia,
1472 1822 1529 1875 et
1558 1821 1765 1877 crescit

95 1890 156 1945 in
190 1888 294 1947 illo
329 1894 675 1962 auctoritas,
716 1911 850 1952 cum
883 1899 1040 1954 videt
1086 1918 1148 1957 se
1180 1888 1354 1960 etiam
1395 1905 1456 1961 in
1488 1911 1760 1978 praesenti

517 429 938 495 EXPOSITIO
984 435 1060 496 IN
1107 438 1538 506 EPISTOLAS
1585 448 1840 513 PAULI.
1870 488 1946 498 —
1987 456 2065 518 IN
2111 460 2358 525 EPIST.
2406 466 2429 525 Ι
2476 468 2580 527 AD
2624 470 3126 538 TIMOTHEUM.

3411 488 3531 547 682

1798 587 1850 651 Α
1883 586 2121 645 dinatur
2149 592 2303 649 vitiis
2332 599 2390 651 et
2416 597 2643 655 delictis
2693 603 2840 671 ejus.
2894 606 2953 660 Si
3003 624 3140 681 ergo
3172 614 3411 671 omnino
3443 616 3529 673 la-

1882 679 2063 733 tentia
2095 687 2230 736 sunt
2264 684 2493 757 delicta,
2528 689 2812 747 immunis
2846 695 2954 750 erit
2988 705 3189 769 rector,
3226 703 3361 772 quia
3393 722 3529 760 con-

1879 767 2124 823 scientia
2164 773 2290 843 ejus
2351 774 2532 831 libera
2574 784 2681 834 est.
2734 782 2998 854 Suspicio
3044 788 3198 843 enim
3230 794 3530 863 trepidum

1879 855 2034 942 facit.
2070 859 2268 915 Peccat
2297 864 2476 930 enim,
2509 866 2559 920 si
2609 885 2725 923 non
2774 874 3000 942 probat,
3054 882 3112 930 et
3159 879 3242 933 sic
3275 855 3525 938 ordinat.

1881 941 2086 1001 Melior
2115 948 2270 1003 enim
2304 954 2528 1009 caeteris
2561 956 2736 1012 debet
2768 941 2999 1031 probari
3030 966 3129 1035 qui
3162 968 3527 1027 ordinandus

1879 1037 1987 1087 est.
2020 1034 2147 1090 Non
2190 1039 2344 1095 enim
2402 1044 2623 1098 sufficit
2678 1047 2726 1101 si
2782 1049 2909 1105 sine
2966 1034 3210 1109 crimine
3259 1057 3358 1125 sit,
3392 1060 3532 1130 quia

1880 1121 2090 1179 merita
2117 1125 2244 1196 ejus
2276 1129 2489 1186 debent
2520 1134 2723 1202 praeire
2754 1137 3039 1195 bonorum
3072 1159 3314 1215 operum
3345 1121 3529 1204 ut-di-

1877 1223 2032 1280 gnus
2061 1211 2348 1270 habeatur
2377 1218 2448 1273 ad
2480 1221 2927 1281 ordinationem.
2952 1228 3079 1283 Haec
3102 1211 3412 1305 episcopus
3433 1252 3530 1291 cu-

1875 1298 2163 1371 stodiens,
2195 1309 2426 1360 castum
2477 1325 2540 1363 se
2588 1311 2883 1369 exhibebit
2925 1298 3210 1391 religioni,
3242 1298 3414 1394 cujus
3445 1324 3528 1380 rei

1877 1385 1936 1440 in
1967 1386 2169 1445 futuro
2209 1395 2517 1463 praemium
2546 1406 2955 1473 consequatur.

1944 1516 2080 1570 Jam
2126 1517 2247 1571 noli
2303 1517 2489 1575 bibere
2539 1539 2760 1594 aquam,
2820 1528 2912 1582 sed
2958 1534 3083 1586 vino
3140 1533 3347 1588 modico
3376 1540 3529 1591 utere

1872 1606 2092 1673 propter
2115 1607 2477 1676 stomachum,
2505 1617 2557 1666 et
2579 1614 2795 1670 crebras
2817 1622 2945 1671 tuas
2966 1619 3338 1689 inﬁrmitates.
3362 1622 3527 1679 Nunc

1875 1690 2127 1760 speciale
2157 1696 2470 1752 consilium
2516 1700 2637 1767 dat,
2689 1708 2753 1757 ut
2800 1705 3061 1777 seipsum
3110 1709 3330 1765 salubri
3365 1718 3528 1784 regat

1876 1778 2160 1835 doctrina.
2188 1782 2509 1841 Prudenter
2529 1789 2684 1844 enim
2709 1791 2861 1848 Deus
2884 1794 2994 1849 sibi
3020 1797 3219 1851 serviri
3242 1799 3386 1865 vult,
3410 1817 3525 1856 non

1875 1871 1941 1922 ut
1959 1868 2260 1926 nimietate
2282 1889 2391 1928 sua
2411 1874 2633 1932 debiles
2655 1877 2819 1945 ﬁant,
2843 1885 2899 1935 et
2936 1889 3137 1953 postea
3164 1886 3526 1942 medicorum

93 1976 322 2034 laboris
353 1979 445 2034 sui
484 1956 739 2037 fructum
762 1984 1082 2056 percipere,
1115 2005 1230 2045 non
1263 1996 1329 2046 ut
1352 1956 1631 2062 abunrdet,
1655 1999 1757 2053 sed
1795 1959 1843 2023 B
1874 1956 2155 2062 i‘fﬂiagfa
2182 1967 2502 2062 feqmmflt'
2540 1965 3012 2062 Témperfmdum
3056 1977 3353 2062 estpmm’
3389 1979 3451 2030 at
3476 1992 3525 2031 ⁸1

96 2072 161 2121 ut
190 2083 310 2122 non
345 2068 599 2124 deficiat.

168 2156 318 2212 Dicit
347 2158 498 2212 enim
526 2156 852 2230 Scriptura:
906 2178 1017 2219 non
1065 2166 1395 2238 infremubis
1442 2171 1626 2228 bovem
1654 2176 1757 2229 tri-

91 2252 376 2301 turantem
431 2246 610 2319 (Deut.
671 2265 799 2316 xxv,
826 2250 893 2305 4:
958 2253 981 2307 1
1010 2252 1131 2309 Cor.
1186 2273 1261 2322 1x,
1294 2259 1390 2329 9);
1434 2262 1648 2331 Dignus
1677 2268 1759 2318 est

92 2335 385 2404 operarius
443 2336 690 2393 mercede
747 2354 848 2393 sua
905 2341 1121 2411 (Matth.
1167 2362 1222 2416 x,
1276 2347 1379 2415 10;
1429 2350 1559 2405 Luc.
1590 2368 1645 2422 x,
1678 2352 1753 2420 7).

90 2420 278 2478 Tanta
300 2440 527 2480 merces
547 2425 716 2481 debet
737 2442 867 2483 esse
887 2432 1344 2504 evaugelizantis
1366 2452 1611 2509 regnum
1631 2420 1755 2510 Dei,

93 2528 209 2582 qua
243 2528 438 2585 neque
470 2514 852 2571 contristetur
881 2534 1069 2590 neque
1098 2522 1429 2579 extollatur.

163 2601 467 2657 Adversum
494 2603 884 2674 presbyterum
930 2611 1335 2667 accusationem
1364 2630 1431 2669 ne
1467 2619 1752 2689 receperis.

93 2690 382 2754 Quoniam
411 2690 593 2763 hujus
625 2693 845 2750 ordinis
871 2695 1146 2753 sublimis
1169 2698 1356 2755 honor
1386 2709 1513 2772 eet;
1544 2704 1753 2776 hujus-

92 2778 247 2834 modi
279 2778 443 2834 enim
476 2780 677 2835 vicarii
709 2781 923 2839 Christi
967 2790 1105 2841 sunt
1136 2803 1150 2841 :
1186 2788 1400 2845 idcirco
1436 2809 1549 2848 non
1589 2793 1755 2851 facile

88 2866 159 2922 de
207 2866 321 2923 hac
368 2884 620 2940 persona
666 2873 961 2928 accusatio
1007 2875 1179 2931 debet
1210 2878 1462 2936 admitti.
1499 2882 1752 2939 Incredi-

86 2955 201 3011 bile
232 2955 395 3012 enim
431 2956 604 3013 debet
630 2958 814 3015 videri
847 2960 1049 3031 istum,
1085 2965 1187 3036 qui
1230 2967 1330 3023 Dei
1362 2970 1609 3026 antistes
1640 2977 1749 3044 est,

87 3045 391 3100 scenicum
423 3061 553 3102 esse
582 3048 999 3119 turpissimum
1028 3054 1233 3126 (1310).

150 3135 549 3206 Delinquentes
587 3141 769 3192 autem
796 3154 984 3195 coram
1028 3143 1288 3200 omnibus
1331 3162 1524 3216 argue,
1552 3156 1613 3203 ut
1641 3164 1749 3206 cm-

84 3224 187 3279 ιενί
214 3233 430 3279 metum
463 3224 717 3281 habeant.
746 3227 1045 3290 Quomodo
1070 3246 1184 3285 non
1214 3232 1379 3288 facile
1399 3235 1555 3290 credi
1579 3236 1751 3292 debet

1873 2043 1994 2098 fieri
2027 2050 2240 2117 potest,
2273 2055 2529 2121 emptum
2562 2053 2911 2126 obsequium
2933 2060 3225 2129 gradatim
3250 2043 3528 2133 proveha-

1871 2138 1985 2199 tur,
2006 2149 2183 2204 quam
2207 2152 2307 2206 per
2324 2136 2879 2200 inconsiderantiam
2898 2148 3219 2203 minuatur.
3238 2151 3527 2221 Intempe-

1871 2220 2062 2274 rantia
2084 2223 2241 2278 enim
2264 2225 2454 2295 ipsam
2478 2228 2738 2285 animam
2763 2231 3085 2302 inquietam
3117 2237 3272 2301 facit,
3301 2242 3366 2292 ut
3386 2220 3519 2293 cum

1871 2308 1941 2362 de
1961 2308 2303 2367 infirmitate
2324 2313 2576 2372 sollicita
2596 2322 2705 2383 est,
2731 2336 2844 2374 non
2874 2326 3105 2378 tantum
3132 2324 3328 2380 dedita
3349 2327 3427 2381 sit
3444 2325 3525 2380 di-

1869 2396 2019 2451 vinis
2049 2400 2321 2455 servitiis.
2356 2402 2652 2460 Damnum
2688 2423 2824 2479 ergo
2857 2410 3026 2465 affert
3048 2411 3515 2484 improvidentia.

1868 2484 2084 2540 Anima
2116 2487 2269 2542 enim
2303 2489 2361 2543 in
2388 2493 2814 2564 tranquillitate
2846 2498 3052 2569 posita,
3084 2504 3271 2555 totum
3304 2518 3403 2558 cor
3423 2518 3518 2557 ex-

1869 2572 2023 2627 tollit
2052 2574 2124 2629 ad
2154 2576 2363 2644 Deum,
2399 2580 2623 2653 integro
2656 2584 2897 2641 consilio
2929 2586 3242 2644 obsecrans
3266 2606 3391 2660 qua:
3419 2606 3517 2660 pe-

1867 2662 2045 2717 tenda
2076 2669 2234 2719 sunt.

1939 2780 2318 2847 Quorumdam
2347 2783 2633 2840 hominum
2659 2797 2889 2857 peccatu
2919 2794 3215 2861 manifesta
3232 2796 3358 2847 sunt
3375 2810 3520 2864 pra:-

1863 2867 2110 2922 cetlentia
2143 2869 2204 2923 in
2226 2869 2527 2941 judicium,
2560 2876 2817 2944 quosdam
2850 2894 2973 2933 vero
3015 2888 3065 2935 et
3091 2881 3517 2953 subsequuntur.

1863 2956 2001 3009 Pari
2044 2958 2205 3012 modo
2250 2968 2301 3013 et
2358 2976 2524 3031 opera
2571 2963 2711 3019 bona
2766 2968 3063 3037 mani/asta
3116 2972 3283 3032 sunt;
3315 2978 3365 3025 et
3394 2984 3521 3040 quae

1862 3043 2028 3098 aliter
2053 3060 2115 3099 se
2141 3044 2360 3117 habent,
2394 3048 2651 3105 abscondi
2678 3068 2791 3107 non
2815 3063 3055 3124 possunt.
3084 3055 3319 3112 Nullam
3351 3075 3524 3115 excu-

1862 3131 2147 3187 sationem
2174 3132 2301 3188 vult
2320 3133 2567 3207 intelligi
2591 3138 2709 3194 fore
2722 3155 2945 3205 eorum,
2966 3143 3065 3214 qui
3086 3143 3178 3199 his
3195 3146 3512 3212 admerent,

1862 3234 2114 3288 quorum
2146 3227 2381 3291 peccata
2417 3225 2717 3297 propalam
2767 3234 2925 3295 sunt,
2977 3235 3040 3286 ut
3090 3248 3225 3287 cum
3257 3235 3511 3292 evitandi

82 3311 151 3366 de
181 3313 526 3384 presbytere
565 3314 810 3383 crimen,
860 3315 911 3372 si
958 3319 1239 3388 probetur
1284 3326 1503 3391 tamen,
1539 3330 1639 3380 aut
1671 3326 1749 3381 sit
1779 3323 1822 3390 (ζ
1860 3307 2002 3373 sint,
2030 3309 2218 3379 magis
2245 3308 2450 3366 honori
2476 3313 2611 3368 sint.
2634 3314 2751 3371 Hoc
2772 3333 2909 3390 ergo
2931 3319 3224 3391 signiticet
3250 3327 3313 3377 ut
3335 3324 3510 3381 homo

83 3401 504 3466 manifestum,
553 3402 696 3474 quia
743 3404 1128 3463 irreverenter
1179 3415 1444 3467 versatus
1484 3418 1591 3479 est,
1642 3431 1748 3485 pu-

83 3488 233 3545 blice
291 3490 561 3562 precipit
610 3495 1003 3563 urguendum,
1061 3501 1126 3551 ut
1155 3499 1345 3553 caeteri
1393 3505 1744 3558 terreantur.

83 3579 248 3642 Quod
283 3594 405 3633 non
461 3578 658 3635 solum
712 3582 998 3640 ordinatis
1056 3587 1304 3657 proﬁcit,
1349 3589 1451 3643 sed
1482 3595 1539 3645 et
1568 3588 1743 3662 plebi.

82 3667 333 3733 Quando
354 3667 514 3723 enim
534 3668 733 3724 vident
749 3671 1114 3743 dignitosum
1131 3674 1318 3731 virum
1337 3678 1550 3733 erroris
1568 3696 1747 3735 causa

80 3755 322 3828 corripi,
356 3772 597 3813 necesse
626 3762 716 3813 est
744 3763 809 3814 ut
837 3759 949 3815 sibi
979 3769 1238 3819 caveant.

150 3846 340 3901 Testor
367 3860 557 3901 coram
602 3847 729 3911 Deo,
787 3853 843 3903 et
903 3848 1116 3907 Christo
1161 3854 1307 3920 Jesu,
1340 3859 1390 3910 et
1428 3857 1613 3912 electis
1642 3874 1742 3913 an-

76 3935 238 4002 gelis,
273 3942 339 3989 ut
390 3934 510 3992 haec
562 3936 836 3994 custodias
891 3940 1014 3995 sine
1064 3943 1423 4014 prc'ejudicio,
1480 3945 1629 4001 nihil
1654 3950 1741 4017 fa-

76 4026 222 4079 ciens
249 4026 315 4080 in
345 4028 565 4092 partem
595 4027 771 4082 aliam
796 4027 1103 4085 declinans.
1151 4032 1341 4088 Manus
1369 4035 1482 4089 cito
1530 4037 1746 4091 nemini

80 4114 436 4185 impasueris,
484 4130 662 4186 neque
705 4121 1197 4176 communicaveris
1238 4126 1471 4192 peccatis
1518 4125 1738 4181 alienis.

80 4203 450 4273 Temetipsum
476 4211 690 4259 castum
730 4206 960 4261 custodi.
1009 4210 1501 4267 Contestationem
1536 4214 1740 4285 depro-

81 4290 190 4346 mit
217 4291 380 4362 apud
416 4292 595 4347 Deum
626 4293 879 4361 Patrem,
911 4300 969 4351 et
1006 4297 1303 4354 Christum
1348 4300 1560 4356 Filium
1589 4304 1741 4374 ejus,

77 4384 130 4434 et
157 4379 380 4437 electos
412 4380 674 4452 angelos,
708 4399 858 4455 quos
878 4383 1164 4441 Dominus
1195 4386 1255 4442 in
1279 4389 1590 4462 Evangelia
1612 4409 1743 4447 san-

77 4473 200 4524 ctos
230 4467 517 4541 appellat.
568 4469 639 4525 Hi
682 4487 821 4544 ergo
871 4471 1037 4529 electi
1085 4481 1243 4542 sunt,
1288 4477 1429 4548 quia
1476 4484 1616 4534 sunt
1642 4479 1740 4534 alii

78 4556 337 4629 reprobi,
368 4559 473 4630 qui
502 4563 645 4614 sunt
678 4577 793 4616 non
833 4561 935 4617 Dei
966 4562 1178 4635 angeli,
1224 4566 1325 4620 sed
1376 4567 1614 4635 diaboli,
1647 4584 1740 4623 as-

79 4646 407 4702 sentientes
437 4649 747 4719 apostasia
774 4651 922 4721 ejus.
960 4651 1094 4749 lSub
1140 4654 1452 4749 testatione
1482 4672 1736 4749 ergogea,
1773 4685 1822 4749 D

80 4751 209 4806 quae
240 4736 319 4791 ad
369 4736 801 4795 ordinationem
845 4739 1112 4795 Ecclesiae
1161 4743 1404 4798 mandat
1433 4746 1739 4815 custodiri,

79 4825 348 4898 precipit
378 4826 528 4881 nihil
588 4827 712 4883 fieri
763 4828 891 4884 sine
941 4831 1305 4901 przejudicio,
1338 4849 1410 4889 ne
1441 4833 1607 4890 facile
1638 4836 1740 4891 ali-

77 4915 211 4986 quis
243 4915 500 4987 accipiat
526 4916 983 4975 ecclesiasticam
1017 4918 1386 4991 dignitatem,
1429 4924 1540 4978 nisi
1576 4926 1741 4996 prius

76 5004 144 5059 de
172 5004 299 5060 vita
329 5005 478 5075 ejus
502 5010 560 5059 et
606 5006 871 5062 moribus
912 5008 1088 5063 fuerit
1134 5008 1523 5082 disputatum,
1558 5019 1623 5069 ut
1651 5015 1739 5069 di-

78 5107 230 5163 gnus
261 5093 631 5165 approbatus
662 5095 951 5167 minister,
985 5104 1087 5152 aut
1117 5100 1389 5155 sacerdos
1420 5102 1740 5158 constitua-

78 5185 194 5252 tur,
230 5186 302 5237 ut
356 5199 475 5237 non
536 5188 761 5255 postea,
823 5184 873 5255 si
926 5186 1407 5257 reprehensibilis
1453 5192 1741 5260 videatur,

77 5272 359 5340 pmniteat
410 5272 560 5328 forte
598 5273 927 5346 principem
959 5275 1157 5348 populi
1190 5293 1305 5332 non
1339 5280 1413 5334 ad
1444 5278 1742 5353 liquidum

77 5360 502 5432 prejudicasse
532 5362 676 5434 quid
708 5368 1053 5433 mereretur,
1077 5382 1253 5437 quem
1277 5366 1745 5439 improbabiliter

78 5449 410 5518 ordinavit;
444 5465 553 5507 nec
586 5450 776 5519 illum,
826 5454 996 5525 cujus
1057 5459 1295 5527 peccata
1340 5456 1411 5510 ad
1457 5460 1743 5530 suspicio-

77 5554 211 5595 nem
262 5540 512 5596 veniunt
560 5540 981 5612 ordinandum,
1036 5559 1108 5599 ne
1158 5545 1625 5602 commaculetur
1652 5565 1743 5605 or-

143 5648 344 5734 (1310)
386 5651 450 5730 in
506 5648 1131 5734 ambrosiastripper.
1189 5650 1464 5734 impress.
1516 5661 1650 5734 post
1679 5672 1749 5711 ea

75 5720 272 5791 verba,
299 5720 403 5778 Dei
429 5721 665 5776 antistes
693 5728 791 5788 est,
848 5720 1085 5795 legitur,
1117 5720 1419 5818 criminose
1447 5720 1745 5801 versatam,

358 5848 633 5913 Panos.
679 5846 989 5915 CXXXIV.

1858 3396 1959 3451 Dei
1993 3397 2064 3451 ab
2097 3397 2188 3453 his
2216 3406 2573 3472 secernatur,
2605 3406 2856 3460 maxime
2882 3408 3251 3479 dispensator
3272 3410 3506 3468 Christi.

1859 3485 1960 3556 qui
1993 3486 2169 3540 etiam
2202 3488 2552 3559 corripiendi
2580 3508 2679 3547 eos
2712 3492 2886 3549 habet
2914 3498 3316 3553 auctoritatem
3343 3516 3357 3567 ;
3384 3501 3507 3572 qui,

1858 3574 1905 3627 si
1940 3591 2001 3628 se
2032 3576 2344 3631 emendare
2394 3580 2766 3648 promittunt,
2816 3584 3105 3640 retinendi
3155 3592 3312 3641 sunt.
3347 3588 3507 3645 Alios

1857 3679 1990 3718 vero
2021 3665 2301 3735 subsequi
2353 3666 2508 3722 mala
2556 3685 2733 3740 opera
2780 3671 3015 3727 illorum
3061 3676 3336 3746 ostendit,
3371 3679 3509 3748 quia

1856 3768 1988 3806 cum
2022 3752 2282 3809 viventes
2315 3755 2681 3812 aestimantur
2710 3759 2868 3829 boni,
2894 3765 3106 3818 mortui
3132 3765 3506 3837 deteguntur,

1855 3846 1920 3895 ut
1936 3842 2036 3913 qui
2056 3842 2219 3914 prius
2237 3845 2625 3900 ostendebant
2646 3864 2708 3903 se
2731 3848 2988 3918 idoneos,
3015 3855 3390 3922 postmodum
3414 3855 3508 3910 de-

1853 3929 2154 3985 clarentur
2171 3930 2874 4006 impostores.‘Superiore
2892 3940 3135 4005 ratione,
3156 3941 3307 3998 sicut
3328 3942 3503 4007 mala,

1853 4018 1935 4073 ita
1954 4022 2011 4073 et
2038 4019 2189 4074 facta
2212 4020 2363 4075 bona
2386 4023 2698 4079 manifesta
2731 4029 2891 4080 sunt.
2932 4026 3092 4082 Bona
3131 4030 3285 4085 enim
3308 4031 3428 4087 vita
3448 4038 3505 4087 et

1853 4111 2021 4162 actus
2054 4106 2299 4163 modesti
2333 4110 2612 4165 abscondi
2646 4129 2761 4168 non
2802 4122 3052 4184 possunt
3088 4117 3350 4173 adhibita
3379 4119 3499 4190 pie-

1850 4198 1970 4250 tate
2002 4196 2224 4251 faciunt
2256 4198 2563 4268 perfectos.
2599 4200 2710 4255 Sed
2742 4201 2895 4257 sicut
2924 4205 3190 4274 quaedam
3226 4207 3381 4263 mala
3412 4226 3502 4263 oc-

1852 4284 2013 4339 culta
2043 4285 2113 4339 ad
2140 4302 2397 4356 praesens
2421 4292 2580 4358 sunt,
2605 4288 2687 4343 ita
2708 4294 2765 4344 et
2787 4290 2958 4346 bona.
2982 4292 3162 4349 Nemo
3198 4294 3352 4350 enim
3375 4313 3497 4352 om-

1852 4371 1950 4427 nia
1979 4372 2038 4426 in
2073 4371 2413 4430 hominibus
2445 4381 2636 4447 potest
2665 4378 2851 4446 scire;
2887 4380 2987 4434 sed
3020 4396 3088 4435 ex
3116 4381 3231 4451 his,
3263 4400 3391 4454 quae
3418 4385 3499 4439 vi-

1851 4461 1947 4515 det
1977 4465 2035 4515 et
2066 4461 2251 4526 audit,
2284 4464 2493 4533 probat
2523 4469 2579 4518 et
2612 4465 2861 4535 judicat.
2897 4470 3206 4540 Pcrpendit
3236 4472 3393 4527 enim
3427 4490 3500 4529 an

1851 4565 1920 4604 ea
1941 4565 2070 4620 quae
2094 4549 2374 4605 dicuntur
2396 4554 2745 4609 conveniant
2766 4556 2816 4611 ei
2838 4557 2907 4610 de
2929 4574 3043 4628 quo
3065 4558 3360 4626 dicuntur,
3385 4562 3504 4619 sive

1851 4637 2027 4708 bona,
2053 4637 2176 4693 sive
2203 4637 2374 4693 mala.
2401 4642 2534 4706 Qum
2561 4647 2752 4697 autem
2801 4645 3029 4702 occulta
3067 4648 3284 4703 fuerint
3315 4650 3502 4705 homi-

1852 4725 2051 4794 nibus,
2074 4726 2131 4781 in
2156 4726 2249 4782 die
2284 4728 2492 4797 judicii
2535 4729 2727 4800 palam
2754 4731 2915 4787 fient.
2962 4734 3199 4806 Propter
3229 4737 3336 4791 hoc
3367 4754 3503 4810 ergo

1855 4814 2012 4869 dicta
2033 4820 2190 4880 sunt,
2216 4815 3173 4892 utscianthujusmodigraviorem
3191 4840 3251 4879 se
3264 4841 3502 4881 causam

1855 4900 2068 4957 habere
2094 4919 2209 4973 prie
2233 4903 2464 4959 ceteris.
2494 4904 2661 4975 Pejor
2694 4912 2782 4961 est
2817 4907 2973 4963 enim
2999 4909 3097 4980 qui
3139 4927 3221 4980 se,
3248 4926 3382 4966 cum
3426 4914 3504 4968 sit

1852 4988 2066 5057 malus,
2101 4990 2320 5045 bonum
2374 4993 2662 5061 ostendat,
2707 5012 2884 5065 quam
2930 4994 3025 5051 ille
3057 4997 3157 5068 qui
3188 5003 3384 5070 aperte
3414 5006 3502 5056 est

1850 5077 2064 5135 malus.

1923 5196 2080 5267 (CAP.
2113 5195 2235 5267 Vl.)
2292 5200 2563 5267 Quotquot
2620 5198 2801 5270 (1311)
2855 5205 2986 5255 sunt
3041 5204 3140 5257 sub
3170 5204 3303 5275 jugo
3332 5207 3498 5274 servi,

1854 5284 2102 5340 dominos
2149 5301 2274 5340 suos
2329 5288 2484 5340 omni
2539 5287 2740 5341 honore
2785 5289 2982 5358 dignos
3035 5292 3400 5362 arbitrentur,
3432 5312 3503 5350 ne

1851 5389 2050 5429 nomen
2080 5375 2301 5430 Domini
2328 5378 2381 5428 et
2431 5374 2680 5430 doctrina
2728 5375 3155 5448 btasphemetur.
3190 5382 3502 5440 Servorum

1854 5461 2154 5532 obsequiis
2185 5461 2457 5517 dominos
2498 5462 2613 5517 Deo
2666 5464 2888 5535 gratias
2939 5467 3063 5523 vult
3093 5472 3325 5527 referre.
3358 5473 3503 5528 Cum

1855 5549 2013 5606 enim
2047 5567 2148 5621 per
2176 5549 2279 5605 Dei
2312 5549 2683 5623 disciplinam
2740 5554 2937 5613 ﬁdelia
2987 5557 3106 5615 illis
3136 5559 3509 5619 exhibuerint

1854 5660 2000 5713 sicut
2025 5656 2283 5713 credibile
2310 5661 2389 5713 est
2418 5658 2709 5728 scenicum,
2743 5666 2852 5719 etc.

1931 5729 2113 5805 (1311)
2144 5730 2315 5803 Vulg.
2357 5730 2686 5807 quicunque.

3147 5866 3223 5929 22
