3898 6400
408 462 525 521 683
1427 456 1762 517 A'l‘TONIS
1813 456 1858 513 V
1872 454 2392 513 ERCELLENSIS
2442 454 2791 514 EPISCOPI
3688 457 3789 516 684

407 593 660 660 servitia,
716 592 859 648 forte
911 590 1087 645 etiam
1147 588 1259 660 ipsi
1286 592 1291 597 ”
1318 588 1452 643 huic
1508 605 1570 643 se
1617 586 1935 658 subjiciant
1963 587 2048 642 di-
2082 589 2130 653 Α
2166 585 2357 656 qualis
2378 588 2548 642 venit.
2577 588 2737 652 Quod
2762 586 2936 641 etiam
2973 586 3210 657 scripsit
3233 584 3364 652 Job,
3386 584 3518 640 etin
3548 601 3651 641 sua
3672 604 3789 658 pas-

405 682 685 754 sciplinaa.
2165 677 2327 731 sione
2362 677 2595 739 fatetur,
2628 676 2854 731 dicens:
2904 674 3086 730 Nudus
3143 676 3285 729 evivi
3323 673 3387 729 de
3431 677 3583 729 utero
3610 680 3791 731 matris

476 773 582 840 Qui
610 785 732 825 vero
774 768 957 839 ﬁdeles
1004 768 1211 822 habent
1252 766 1518 833 dominos,
1547 781 1657 820 non
1679 766 2050 833 contemnant,
2162 782 2315 832 mete,
2350 764 2532 819 nudus
2559 768 2767 835 oportet
2797 771 2857 818 ut
2882 780 3004 817 eam
3034 765 3092 817 in
3127 767 3351 818 terram.
3383 764 3466 817 Sit
3493 779 3683 818 nomen
3710 766 3793 819 Do-

399 863 531 934 quia
553 862 755 930 fratres
784 866 946 925 sunt;
969 859 1060 913 sed
1079 858 1259 925 magis
1284 857 1548 921 serviant,
1573 857 1701 925 quia
1722 854 1906 924 fideles
1927 853 2055 905 sunt
2164 855 2308 907 mini
2338 853 2675 909 benedictum
2705 852 2820 923 (Job
2852 869 2891 919 ι,
2921 853 3032 923 21).
3066 852 3227 914 Quod
3273 852 3319 907 si
3350 851 3504 907 avari
3538 869 3650 908 non
3678 854 3794 907 reti-

400 958 451 1005 et
477 949 667 1005 dilecti
694 949 793 1020 qui
821 947 1141 1017 beneﬁcium
1172 945 1463 1015 recipiunt.
1498 944 1557 998 Si
1583 942 1842 1015 profanis
1870 940 2055 995 domi-
2166 948 2369 996 nerent
2399 943 2457 996 in
2496 942 2811 1013 perniciem
2856 957 3049 1006 suam,
3103 940 3275 1011 pauci
3321 941 3635 995 conderent
3660 943 3793 1013 quod

399 1039 492 1094 nis
525 1036 895 1092 serviendum
924 1038 1049 1090 tota
1099 1033 1498 1090 sollicitudine
1529 1032 1801 1103 imperat,
1832 1032 2053 1101 quanto
2166 1030 2435 1101 pluribus
2466 1036 2659 1102 posset
2694 1031 2963 1085 sufﬁcere
2994 1046 3128 1084 cum
3152 1046 3353 1085 eorum
3375 1029 3637 1101 ipsorum
3661 1047 3796 1085 emo-

399 1126 589 1197 magis
623 1123 894 1180 ﬁdelibus
918 1123 947 1178 ‘t
974 1124 1138 1179 Tunc
1172 1122 1329 1177 enim
1361 1121 1569 1193 probat
1617 1136 1679 1174 se
1725 1118 1923 1174 timori
1958 1118 2051 1173 Dei
2162 1118 2449 1174 lumento.

402 1215 753 1286 subjectum,
777 1212 826 1267 si
855 1211 1011 1268 ﬁdeli
1035 1215 1092 1267 et
1115 1208 1423 1282 temporali
1449 1208 1688 1264 domino
1710 1211 1830 1263 toto
1854 1206 2041 1263 animc

2235 1230 2377 1282 Nam
2406 1227 2503 1297 qui
2531 1226 2725 1282 volant
2748 1226 2942 1281 divites
2991 1226 3134 1294 ﬁeri,
3170 1225 3433 1281 incidunt
3467 1227 3527 1281 in
3558 1228 3796 1281 tentatio-

399 1304 576 1360 fuerit
602 1302 940 1358 obsecutus.
986 1300 1101 1356 Nec
1154 1298 1646 1354 contemnendum
1693 1300 1878 1366 putet,
1911 1298 2041 1365 quia

2170 1331 2308 1381 nem,
2329 1319 2379 1369 et
2400 1316 2672 1385 laqueum.
2697 1319 2749 1371 et
2767 1316 3047 1370 desideria
3067 1316 3264 1381 multa,
3288 1318 3341 1371 et
3362 1316 3610 1381 inutilia,
3633 1319 3681 1370 et
3716 1330 3795 1369 no-

401 1390 838 1448 frater'dicitur
887 1406 1068 1445 causa
1114 1386 1447 1443 communis
1493 1385 1629 1440 ﬁdei
1679 1384 1819 1456 quia
1861 1384 2041 1455 magis

2170 1406 2281 1457 viva
2302 1420 2421 1473 quae
2440 1384 2764 1471 demergunt
2786 1402 3041 1458 homines
3070 1404 3127 1456 in
3162 1402 3403 1457 exitium
3430 1410 3481 1456 et
3502 1402 3791 1456 interitum.

402 1479 806 1552 corripiendus
827 1478 936 1535 erit
958 1477 1058 1549 qui
1083 1475 1311 1532 ﬁdelem
1338 1473 2050 1543 Dominuchontemnen-
2161 1492 2342 1548 ηαάίτ
2361 1494 2513 1547 enim
2526 1494 2764 1548 mnium
2785 1494 3057 1547 malorum
3072 1501 3151 1547 es,
3165 1492 3429 1561 avum-tia,
3449 1499 3674 1563 “quam
3685 1492 3792 1561 qm;

401 1572 544 1626 dum
574 1565 881 1641 putaverit.
1685 1650 1724 1662 ﬁ
1838 1650 1848 1661 O
1902 1649 1914 1660 θ

2170 1580 2286 1634 iam
2304 1583 2611 1651 appetentes
2631 1590 2954 1635 erraverunt
2975 1598 3009 1635 a
3029 1582 3158 1651 ﬁde,
3200 1584 3249 1636 et
3272 1582 3620 1636 inseruerunt
3638 1595 3691 1634 se
3709 1580 3789 1634 (lo-

473 1659 600 1714 Haec
631 1655 781 1726 doce,
826 1662 876 1709 et
923 1653 1233 1709 exhortare.
1292 1652 1625 1707 Doctrinam
1684 1650 2041 1705 Dominicam

2170 1650 2597 1724 loribursimultis.
2626 1668 2781 1726 Nihil
2804 1673 2923 1724 tam
2944 1650 3241 1740 asperum,
3266 1675 3506 1742 tamque
3524 1666 3785 1741 pernicio-

403 1744 767 1802 manit‘estari
812 1742 957 1811 vult,
1001 1746 1068 1797 ut
1115 1743 1533 1797 obtrectatores
1581 1740 1878 1804 studeant,
1912 1740 2041 1808 quia

2170 1773 2293 1811 sum
2318 1762 2406 1812 est
2428 1774 2607 1828 quam
2630 1758 2678 1811 si
2701 1757 3131 1813 ecclesiasticus
3151 1759 3405 1814 maxime
3423 1757 3524 1830 qui
3544 1756 3790 1813 sublimis

401 1852 516 1900 non
547 1832 821 1905 estquod
854 1830 1315 1903 reprehendatur
1358 1828 1419 1883 in
1468 1845 1556 1894 ea,
1609 1827 2041 1882 considerantes

2170 1845 2269 1900 loci
2292 1850 2400 1907 est,
2426 1827 2640 1900 divitiis
2662 1845 2843 1916 hujus
2857 1845 3053 1901 saeculi
3068 1848 3318 1914 studeat,
3336 1827 3477 1919 quia
3492 1863 3604 1902 non
3623 1844 3789 1901 solum

445 1896 461 1900 “
687 1896 700 1905 ⁸
918 1896 937 1903 “
1899 1914 1910 1924 ,
2160 1896 2269 1900 ""
2298 1896 2400 1907 'v"
2434 1896 3787 1919 ""_""""Il"""'—""""'"'71""""“'"""

400 1921 617 1995 Pariter
646 1937 773 1993 qua
806 1920 865 1974 ίη
896 1917 1079 2019 sacri?
1102 1932 1314 2017 Forum
1496 1914 1725 2019 00°01“):
1758 1919 1971 1985 turma.
1995 1896 2131 2019 θίΒ
2161 1934 2274 1989 sibi
2298 1934 2432 2005 ipsi,
2468 1935 2566 1989 sed
2590 1938 2647 1989 et
2669 1920 2890 1989 caateris
2913 1935 3097 1989 obest.
3121 1935 3483 1991 Contrarium
3507 1936 3664 1991 enim
3689 1935 3787 1988 for-

399 2011 751 2066 erubescant
780 2024 883 2079 per
912 2007 1067 2078 quod
1098 2004 1526 2061 inexcusabiles
1556 2008 1751 2059 erunt.

2170 2040 2320 2076 mam
2345 2024 2445 2077 dat
2469 2023 2846 2090 hominibus;
2878 2040 3109 2079 necesse
3135 2029 3225 2078 est
3254 2024 3412 2079 enim
3437 2023 3659 2079 multos
3679 2022 3789 2077 imi-

472 2098 537 2153 δέ
554 2100 677 2170 qui‘
694 2097 874 2152 αίίίεν
892 2095 1042 2149 docet
1061 2110 1171 2183 Τιοη
1203 2093 1688 2183 αεςιιίεδςίιίδαηίε
1711 2093 2054 2183 sermonibus
2161 2116 2380 2165 tutores
2405 2113 2532 2181 ejus
2572 2111 2815 2167 existere
2852 2113 2922 2166 ad
2948 2112 3356 2183 perditionem.
3396 2114 3626 2177 Quanto
3659 2112 3787 2167 enim

402 2186 629 2243 Domini
657 2185 833 2241 nostri
874 2185 999 2238 Jesu
1042 2182 1270 2248 Christi,
1327 2185 1380 2236 et
1420 2180 1569 2246 huic,
1601 2194 1727 2250 quae
1755 2179 2041 2234 secundum

2170 2199 2638 2255 honoriﬁcentior
2676 2200 2878 2255 ordine
2900 2205 3007 2267 est,
3034 2204 3191 2256 tanto
3216 2201 3404 2271 magis
3432 2201 3643 2256 suadet
3674 2198 3782 2253 imi-

403 2276 664 2347 pietatem
687 2277 785 2342 est,
806 2272 1087 2335 doctrinm,
1117 2271 1366 2341 superbit
1386 2277 1589 2337 autem,
1614 2271 1666 2322 et
1685 2269 1835 2361 nihil
1855 2270 2052 2331 sciens,
2164 2289 2408 2342 tandum
2442 2305 2524 2352 se,
2558 2290 2810 2343 maxime
2841 2289 2900 2342 in
2932 2289 3040 2343 hac
3071 2306 3151 2360 re,
3178 2269 3384 2361 quain
3407 2289 3524 2344 ista
3545 2290 3659 2344 vita
3680 2304 3783 2359 pro.

405 2363 505 2419 sed
522 2362 790 2431 languens
813 2362 971 2415 circa
990 2360 1321 2431 quaestiones
1342 2368 1392 2413 et
1409 2374 1625 2429 pugnas
1645 2357 1955 2423 verborum,
1985 2372 2041 2411 ea

2170 2376 2324 2431 clivis
2347 2382 2453 2431 est.
2478 2377 2732 2431 Avaritia
2751 2377 2905 2432 enim
2931 2377 3130 2432 omnia
3149 2377 3304 2432 mala
3327 2382 3521 2449 potest
3541 2377 3785 2433 admitte-

408 2450 605 2522 quibus
632 2451 695 2520 ﬁt
734 2449 972 2518 invidia,
1014 2448 1410 2514 contentiones,
1455 2445 1833 2517 blasphemim,
1863 2446 2041 2516 suspi-

2170 2482 2243 2519 re.
2280 2465 2412 2519 Ideo
2440 2466 2603 2520 radix
2633 2465 2897 2520 omnium
2931 2464 3219 2520 malorum
3252 2470 3359 2531 est,
3394 2466 3552 2537 quia,
3580 2463 3782 2521 utdesi-

406 2540 591 2595 ciones
637 2537 828 2604 malae,
866 2536 1234 2605 conﬂictiones
1290 2535 1593 2601 hominum,
1653 2536 1750 2605 qui
1804 2542 2041 2605 corrupta

2170 2553 2325 2608 deria
2354 2571 2462 2609 sua
2490 2554 2735 2625 expleat,
2768 2554 2923 2625 quod
2958 2553 3323 2626 impossibile
3354 2534 3461 2619 est,
3503 2560 3559 2610 et
3585 2553 3783 2609 maleﬁ-

405 2631 539 2684 sunt
566 2632 748 2682 mente
781 2633 832 2680 et
865 2626 1096 2680 veritate
1128 2626 1449 2689 caruerunt,
1490 2624 1871 2678 existimantes
1908 2637 2041 2694 quee-

2170 2642 2275 2706 cia,
2306 2646 2363 2697 et
2392 2624 2729 2707 homicidia,
2752 2624 2808 2698 et
2830 2624 3278 2710 obscenitatem,
3299 2648 3355 2698 et
3377 2643 3657 2715 quidquid
3680 2657 3784 2697 sce-

406 2723 552 2772 m‘m
580 2730 693 2771 ⁸³³⁸
709 2715 992 2803 ᾃρίθίαιειη
1035 2714 1085 2767 εί
1131 2712 1585 2803 θείξηίέαζωητ
1617 2710 1827 2803 disp?"
1856 2710 1922 2764 ab
1954 2711 2055 2765 Ῐια·
2162 2729 2300 2786 leris
2350 2736 2439 2786 est
2470 2735 2781 2802 perpetrat,
2842 2748 2947 2786 nec
2996 2732 3066 2786 ad
3119 2748 3373 2803 praesens
3396 2710 3632 2799 seco—ra,
3671 2728 3784 2801 quia

399 2803 674 2876 jusmodi.
708 2800 1181 2891 Discrepantesa
1228 2798 1543 2891 disciplina
1572 2798 1859 2891 catholica
1889 2814 2057 2891 sper-
2165 2836 2396 2890 semper
2426 2798 2637 2891 οῇρίδε
2665 2823 2721 2874 et
2750 2819 2810 2874 in
2841 2820 3036 2875 futuro
3069 2798 3370 2877 damnata.

407 2891 632 2947 nendos
678 2888 956 2961 prazcipit,
980 2888 1231 2943 maxime
1249 2888 1346 2959 qui
1370 2887 1615 2942 convicti
1632 2887 1950 2958 etcorrepti
1968 2904 2059 2943 ac-

408 2933 632 2947 ..υμυυυ
679 2933 956 2961 τμη-...η
982 2933 1230 2943 ...ν-πη..-
1250 2933 1346 2959 η...
1371 2933 1615 2942 -.-....-.-
1635 2933 1689 2943 ν-
1707 2933 1950 2958 ηυνιη.
1969 2933 2032 2943 ..ν

408 2980 709 3052 quiescere
750 2976 958 3032 nolunt
1000 2976 1436 3048 perturbatione
1469 2975 1683 3031 mentis
1713 2992 1920 3047 pravae,
1954 2993 2033 3046 qu

2239 2937 2310 2990 Tu
2335 2940 2540 3002 autem,
2572 2934 2733 2991 homo
2768 2937 2893 3002 Dei,
2925 2936 3043 2992 haec
3070 2938 3220 3006 fuge.
3253 2937 3606 2993 Abscindere
3624 2950 3682 2989 se
3701 2933 3783 2987 ho-

2170 3025 2384 3052 ..κεκτη-ρ.
2422 3024 2516 3052 Πηε
2566 3025 2634 3052 ..ις
2686 3023 2792 3052 tu...
2834 3023 3103 3052 ι-η-ιηι..-
3135 3030 3186 3052 ,ιι
3222 3026 3481 3052 ...υ-...ειη
3542 3030 3600 3052 ..ι
3630 3027 3679 3052 ,ιι
3710 3020 3783 3052 kin

2169 3025 2386 3080 minem
2421 3024 2517 3079 Dei
2565 3025 2635 3079 ab
2686 3023 2793 3079 hac
2834 3023 3103 3079 hortatur
3132 3030 3190 3080 et
3221 3026 3507 3098 praecipit,
3542 3030 3603 3080 ut
3629 3027 3683 3079 et
3710 3020 3785 3074 hic

2167 3130 2410 3169 securus
2449 3113 2525 3168 sit
2555 3117 2611 3167 et
2647 3112 2707 3167 in
2736 3113 2934 3168 futuro
2959 3114 3217 3184 praimiis
3239 3117 3641 3169 remuneretur
3661 3108 3783 3165 divi-

2168 3204 2279 3258 nis.
2312 3203 2438 3257 Non
2468 3201 2624 3257 enim
2659 3201 2952 3257 immerito
3002 3204 3376 3260 coronandus
3419 3207 3507 3259 est
3535 3200 3631 3274 qui
3657 3199 3784 3254 hanc

2168 3292 2392 3364 spernit
2423 3308 2549 3363 qua:
2583 3291 2784 3345 multis
2816 3292 3043 3347 suadet.

407 3066 884 3124 contentionibus
897 3065 1261 3121 delectantur
1272 3070 1329 3120 et
1339 3062 1889 3135 pascuntur.Elatus
1902 3065 2055 3119 enim

406 3157 561 3212 vinci
590 3172 653 3212 se
683 3171 799 3211 non
832 3155 1085 3226 patitur:
1121 3154 1337 3225 quippe
1367 3170 1499 3208 cum
1534 3154 1604 3207 ad
1631 3154 1883 3208 favorem
1907 3169 2059 3224 quae-

410 3246 659 3302 rendum
676 3243 736 3299 in
751 3243 1087 3299 conﬂictum
1100 3245 1473 3314 prorumpat;
1491 3243 1643 3313 quod
1663 3259 1695 3297 a
1710 3243 2054 3312 mansuetis,

410 3339 468 3390 et
496 3332 666 3388 bonis
696 3331 836 3387 viris
865 3332 1167 3387 vitandum
1209 3336 1317 3385 est.
1368 3330 1673 3385 Contentio
1712 3331 1871 3385 enim
1904 3348 2053 3386 nun-
2086 3318 2129 3383 C

414 3437 593 3493 quam
614 3424 704 3476 est
722 3420 848 3475 sine
868 3418 990 3486 lite,
1017 3423 1074 3474 et
1098 3435 1303 3491 parum
1328 3424 1500 3486 esset,
1540 3420 1587 3472 si
1634 3418 1706 3473 lis
1731 3419 1856 3473 sola
1879 3420 2056 3474 ori-re-

411 3513 530 3580 tur,
557 3510 656 3565 sed
685 3507 1059 3581 blasphemia:
1081 3512 1138 3562 et
1158 3507 1475 3562 inimicitiae
1498 3525 1511 3573 ;
1537 3508 1690 3579 quod
1710 3525 1743 3562 a
1761 3509 1853 3562 Dei
1873 3507 2058 3563 servis

414 3599 672 3655 alienum
695 3603 804 3654 est.
832 3597 916 3652 Ab
938 3596 1029 3652 his
1053 3602 1246 3651 autem
1284 3597 1405 3667 qui,
1444 3596 1700 3667 corrupti
1741 3601 1932 3652 mente
1962 3613 2056 3652 ve-

416 3688 585 3743 ritate
607 3684 816 3758 privati
843 3690 1000 3751 sunt,
1034 3682 1177 3740 utile
1199 3665 1521 3754 jud'icatur.
1556 3665 1657 3738 Dei
1688 3684 1843 3739 enim
1868 3685 2057 3740 cultu-
2166 3675 2383 3758 νοσξιίμδ
2413 3682 2487 3733 θεν
2518 3673 2569 3758 εξ
2592 3668 2949 3758 σοηίςδδαδ-εδ
2977 3665 3602 3758 ὺοηαηίλσλοηίεδδίίξηέξηῑ
3627 3674 3784 3758 comi”

412 3792 539 3830 mm
561 3751 912 3847 οίρίθιαιρη]
938 3751 1225 3844 questu“;
1252 3772 1610 3839 existimant,
1633 3789 1748 3827 ηοη
1772 3773 1843 3828 de
1863 3776 2057 3830 futuro
2166 3756 2356 3810 multis
2411 3755 2659 3809 testibus.
2706 3754 2992 3817 Quoniam
3043 3754 3285 3811 avaritia
3340 3773 3432 3812 res
3472 3753 3665 3825 iniqua
3690 3751 3782 3843 est,

408 3842 976 3935 aliquid-sperantes,
1001 3861 1101 3917 sed
1130 3862 1423 3931 quomodo
1442 3861 1499 3914 in
1520 3861 1787 3932 prensanti
1812 3879 1873 3916 se
1896 3866 2053 3918 tran-
2168 3843 2465 3935 heminam
2489 3842 2588 3897 Dei
2611 3847 2676 3935 ui
2696 3843 2767 3897 ab
2805 3842 2914 3899 hac
2953 3843 3287 3935 ἀίεῗθοῖίθοῖν
3321 3842 3781 3935 inﬁmam???“

406 3925 603 4024 sigant
633 3925 1003 4023 providentes
1042 3925 1195 4005 sicut
1245 3953 1302 4004 et
1349 3925 1656 4003 mund-ana:
1689 3954 1877 4015 sectae,
1910 3967 2057 4021 quas
2158 3932 2351 4024 Ᾰυξιθῑν
2384 3936 2559 4024 δίιίίυὲ
2599 3931 2875 4024 Pietate“?
2911 3939 2969 3986 et
3013 3932 3128 4024 θλίὲ
3162 3950 3302 4024 fl???
3352 3933 3647 4024 ω-ίῗωονθξζ
3676 3925 3779 3981 Non

403 4016 901 4111 constat-propter
931 4037 1238 4110 praesentia
1276 4038 1437 4092 lucra
1479 4037 1765 4103 inventas.
1797 4016 2041 4095 Non—net

2170 4020 2321 4076 enim
2354 4020 2568 4091 poterit
2599 4020 2750 4076 hanc
2787 4021 3022 4087 evitare,
3061 4020 3175 4077 nisi
3219 4021 3315 4079 his
3354 4016 3651 4077 adhazserit
3676 4025 3780 4085 qum

400 4130 505 4186 scii
537 4108 826 4201 quosdam
854 4108 963 4182 hoc
994 4126 1243 4182 libenter
1271 4127 1494 4193 audire,
1528 4127 1682 4198 quod
1718 4128 1775 4181 in
1801 4127 1908 4182 hac
1936 4129 2055 4187 vita
2164 4108 2686 4201 δνετξίξθθ-ξίάνέτεα
2708 4113 2865 4201 ε-υηῖ·
2892 4109 2996 4201 QPi
3030 4110 3188 4165 enim
3212 4110 3338 4167 ﬁeri
3364 4111 3571 4201 P°t_°3t:
3677 4114 3783 4201 εἶδ’

399 4188 731 4273 ﬂorendum
763 4216 876 4283 sit;
910 4215 1037 4270 ideo
1068 4188 1578 4270 desistendumyab
1608 4214 1973 4285 hujusmodi.

2170 4213 2266 4251 rus
2297 4195 2486 4251 ﬁdelis
2518 4196 2613 4266 sit,
2648 4197 2746 4267 qui
2778 4198 3053 4269 operibus
3085 4203 3281 4270 negat,
3314 4197 3469 4271 quod
3500 4190 3678 4251 verbis
3704 4188 3779 4285 fa-

466 4306 562 4361 Est
588 4310 776 4361 autem
806 4278 1039 4376 quaestus
1067 4318 1317 4373 magnus,
1349 4304 1527 4373 pietas
1548 4319 1667 4357 cum
1687 4278 2047 4373 sufficientia.
2161 4285 2268 4341 ίθτί
2290 4284 2731 4376 νίάθῖυνῩυῖιβθ
2751 4291 2949 4376 infici“
2972 4292 3201 4376 amator
3221 4278 3775 4376 εταὶθζηίῑδίίενρυάω

392 4393 637 4466 Magnas
660 4393 915 4459 divitias,
939 4396 995 4449 et
1025 4391 1476 4463 acquisitionem
1500 4391 1557 4445 in
1583 4408 1648 4447 eo
1671 4393 1813 4447 dicit
1833 4392 1881 4447 si
1914 4393 2047 4465 quis
2163 4389 2373 4466 manu?
2395 4378 2537 4466 sfw"
2556 4374 2768 4429 “idm?
2789 4374 3089 4466 Qu9m°d°
3109 4391 3244 4431 vero
3272 4369 3632 4466 Patien§iqm
3652 4379 3775 4461 seu,”

394 4462 585 4537 ﬁdelis
616 4499 723 4538 suo
756 4485 1067 4537 contentus
1100 4462 1196 4536 sit.
1224 4479 1358 4534 Pius
1381 4480 1536 4534 enim
1564 4480 1621 4533 in
1650 4462 1967 4551 semetipso
1991 4486 2049 4537 et
2161 4478 2261 4551 ρεξτ
2281 4462 2351 4517 ad
2378 4462 2567 4551 ειμιξωξ
2589 4479 2651 4517 59
2672 4464 2906 4551 tendit}
2926 4466 3043 4519 Aut
3066 4469 3366 4551 quatenus
3389 4462 3634 4551 ςψίεῗῑθω

2239 3400 2471 3470 Sequere
2490 3407 2682 3453 autem
2701 3399 3004 3469 justitiam,
3033 3402 3312 3469 pietatem,
3362 3400 3542 3470 ﬁdem,
3573 3398 3783 3453 charito-

2166 3494 2292 3559 tem,
2320 3490 2683 3559 patientiam,
2718 3487 3181 3559 tranquillitatem
3210 3491 3411 3543 animi.
3441 3487 3593 3542 Certa
3613 3486 3785 3539 bonum

2166 3582 2445 3633 certamen
2466 3576 2616 3647 ﬁdei,
2649 3576 2995 3648 adprehende
3031 3578 3205 3632 vitam
3251 3583 3517 3634 mternam
3543 3576 3619 3631 ad
3645 3586 3783 3643 quam

392 4570 614 4626 caeteris
646 4575 755 4637 est,
791 4570 889 4641 qui
925 4569 1385 4625 misericordiam
1422 4569 1522 4624 Dei
1555 4570 1952 4640 acquisiturus
1973 4571 2044 4625 ad

390 4658 649 4714 futuram
673 4658 873 4727 vitam,
901 4659 971 4712 ad
996 4675 1252 4728 praesens
1276 4659 1542 4713 sufﬁcere
1564 4658 1673 4713 sibi
1700 4662 1867 4730 putat
1887 4660 2043 4729 quod
2077 4682 2121 4745 D

390 4747 586 4814 habet,
615 4764 728 4803 non
757 4747 1035 4802 dubitans
1068 4763 1136 4800 cx
1159 4762 1224 4799 eo
1250 4746 1374 4816 ipso
1415 4746 1634 4817 largiri.
1660 4748 1863 4802 Omnis
1887 4747 2041 4802 enim

388 4852 600 4891 avarus
633 4836 853 4908 impius
888 4839 995 4900 est,
1031 4839 1087 4888 et
1118 4832 1225 4888 sibi
1259 4839 1314 4888 ct
1339 4835 1555 4888 ueteris
1590 4852 1823 4890 nocens.

459 4924 612 4979 Nihil
641 4926 793 4980 enim
849 4924 1148 4978 intulimus
1204 4923 1263 4975 in
1313 4922 1455 4975 hunc
1508 4923 1796 4977 mundum.
1838 4929 2041 4979 Verum

385 5012 518 5083 quia
546 5028 645 5067 nec
668 5016 896 5084 auferre
942 5027 1233 5083 possumus
1278 5010 1592 5083 quidquam.
1645 5013 1907 5067 [labentes
1937 5031 2037 5068 au-

387 5103 495 5155 tem
523 5101 875 5170 alimentum,
898 5102 982 5156 his
1002 5101 1244 5156 contenti
1262 5115 1474 5153 sumus.
1502 5099 1740 5155 Frustra
1764 5101 2037 5158 mortales

386 5187 655 5244 homines
676 5191 853 5261 copiae
878 5188 1122 5244 illudere
1143 5185 1528 5258 etlocupletes
1544 5186 1667 5241 ﬁeri
1681 5186 1822 5243 velle
1839 5195 2039 5261 aperta

387 5289 524 5329 voce
545 5275 821 5345 declarat,
863 5294 997 5332 cum
1032 5276 1221 5332 sciant
1244 5274 1389 5331 nihil
1413 5291 1474 5330 se
1498 5276 1797 5346 pr0prium
1823 5276 2037 5333 habere

389 5361 449 5415 in
479 5364 717 5419 mundo.
750 5365 854 5419 Cui
884 5365 964 5420 rei
996 5365 1226 5437 proﬁcit
1274 5364 1534 5419 humana
1572 5364 1884 5436 cupiditas,
1921 5368 2032 5422 nisi

388 5448 528 5520 quia.
556 5448 685 5520 ipsa
715 5453 827 5507 sibi
861 5453 1103 5509 inimica
1152 5453 1394 5509 existit?
1443 5452 1599 5518 Nihil
1648 5454 1805 5509 enim
1835 5454 2035 5512 intulit

387 5538 649 5605 mundo;
680 5538 827 5594 nihil
859 5540 1086 5597 auferre
1115 5542 1347 5612 poterit.
1373 5541 1479 5607 Qui
1503 5541 1615 5597 sibi
1640 5542 1849 5598 incutit
1869 5544 2031 5600 solli-

382 5623 706 5681 citudinem
758 5630 816 5681 et
871 5628 1078 5699 quierit
1127 5645 1499 5703 congregare,
1545 5629 1681 5688 talis
1712 5630 1848 5687 hinc
1879 5634 2032 5690 exist

2160 4530 2238 4596 mi
2263 4544 2451 4613 possit
2471 4542 2701 4607 habere,
2726 4545 2825 4613 qui
2849 4543 2942 4598 die
2967 4530 3259 4615 noctuque
3281 4530 3551 4599 aviditate
3570 4530 3772 4605 cupidi—

2156 4631 2292 4685 tatis
2314 4632 2645 4686 inccnditur
2664 4632 2691 4686 ?
2715 4633 2824 4687 Sed
2850 4632 2989 4703 quia
3011 4633 3084 4687 ab
3107 4633 3346 4689 homine
3370 4631 3470 4687 Dei
3501 4621 3768 4683 Timotheo

2154 4719 2434 4790 iniquitas
2456 4720 2574 4775 haec
2596 4720 2786 4775 aliena
2806 4726 2952 4789 erat,
2977 4721 3195 4776 bonum
3233 4726 3522 4777 certamen
3547 4712 3667 4770 ﬁdei
3686 4722 3769 4777 88'

2152 4808 2310 4877 gredi
2347 4809 2601 4877 jubetur.
2640 4808 2795 4863 Fidei
2829 4810 2985 4863 enim
3010 4811 3255 4866 victoria
3287 4816 3398 4876 est,
3439 4822 3568 4863 cum
3599 4795 3770 4857 omnia

2152 4898 2307 4962 vitia,
2340 4903 2396 4951 et
2443 4898 2693 4952 crimina
2744 4899 3157 4969 subjugantur,
3211 4907 3278 4954 ut
3308 4900 3379 4954 ad
3419 4901 3636 4951 internae
3661 4886 3766 4940 vita?

2152 4986 2390 5057 praemia
2420 4986 2707 5056 veniatur,
2742 4988 2913 5057 cujus
2962 4988 3260 5044 confessio
3308 4988 3458 5042 inter
3487 4986 3609 5055 ipsa
3637 4970 3769 5031 rudi-

2150 5080 2348 5129 menta
2398 5076 2531 5130 ﬁdei
2582 5080 2724 5130 teste
2773 5076 3172 5148 interrogante
3223 5076 3430 5147 (1312),
3475 5076 3532 5127 et
3558 5076 3764 5137 respon-

2149 5165 2320 5219 dente
2350 5164 2752 5220 monumentis
2785 5164 3196 5221 ecclesiasticis
3236 5165 3578 5221 continetur.

2218 5280 2485 5349 Praecipio
2514 5280 2618 5333 tibi
2648 5281 2707 5333 in
2737 5284 3027 5350 conspectu
3056 5281 3180 5349 Dei,
3202 5281 3302 5353 qui
3322 5278 3563 5347 vivi/teat
3582 5263 3760 5327 omnia.

2144 5376 2196 5421 et
2237 5368 2451 5423 Christo
2478 5370 2625 5439 Iesu,
2660 5370 2758 5439 qui
2811 5372 3037 5424 testatus
3095 5374 3177 5426 est
3232 5371 3332 5424 sub
3381 5364 3574 5423 Ροπίἰο
3601 5354 3760 5413 Pilato

2144 5458 2340 5512 bonum
2375 5460 2783 5529 confessionem,
2837 5463 2899 5513 ut
2945 5475 3125 5515 serves
3170 5458 3492 5515 mandatum
3525 5453 3761 5534 immite":

2141 5546 2336 5614 latum,
2368 5546 2846 5617 irreprehensibile
2891 5563 3063 5617 usque
3112 5549 3172 5602 in
3221 5546 3511 5602 adventum
3556 5528 3759 5617 00min}.

2140 5611 2492 5689 nostri-lesu-
2554 5633 2777 5699 Christi,
2836 5611 2998 5704 quem
3044 5637 3163 5692 suis
3194 5632 3530 5706 temporibus
3584 5611 3767 5682 οείεηάθ

450 5728 636 5824 (1312)
663 5731 710 5788 Α
738 5732 964 5791 caeteris
996 5734 1180 5809 codic,
1203 5734 1604 5810 supplevimus
1624 5737 1865 5796 verbum
1887 5739 2017 5814 hoc,
2062 5745 2460 5812 interrogante,
2493 5740 2649 5815 quod
2680 5739 2740 5800 in
2772 5741 2899 5798 cod.
2935 5746 3135 5802 nostro
3168 5740 3551 5800 desideratur.
