3898 6404
323 453 434 513 691

1347 438 1689 501 ATTONIS
1734 431 2318 497 VERCELLENSIS
2364 432 2713 494 EPlSCOPI

3623 431 3747 490 692

326 583 539 638 vivant.
572 579 706 635 Ideo
731 575 1044 649 Apostolus
1073 573 1238 646 prius
1268 572 1424 627 hunc
1445 586 1677 627 sumere
1707 565 1976 640 praecepit
2003 566 2058 630 Α
2161 586 2188 614 ‹‹
2222 565 2354 619 Haec
2385 565 2636 619 admone
2666 566 3005 618 contestans
3053 578 3248 618 coram
3300 561 3569 619 Domino.
3615 563 3746 619 Non

330 671 429 744 qui
461 669 686 742 primus
717 672 826 732 est,
859 669 917 720 et
947 665 1032 719 sic
1058 663 1283 718 caeteris
1309 660 1686 715 distribuere.

410 797 431 826 ι
466 777 689 832 Memor
717 777 839 828 esto
869 771 1163 825 Christum
1193 769 1394 823 Jesum
1414 764 1740 821 surrexisse
1771 780 1803 818 a
1826 779 1978 817 mor-

331 867 451 921 tuis
480 882 548 920 ex
569 865 790 920 semine
812 858 1338 924 David,secundum
1357 854 1734 926 Evangelium
1755 868 1976 918 meum,

335 956 395 1009 in
429 952 753 1025 quolaboro
776 964 959 1019 usque
977 947 1048 1002 ad
1068 943 1496 1015 vincula,quasi
1522 945 1699 1009 latro;
1727 941 1828 997 sed
1851 957 1977 994 ver-

337 1045 480 1099 bum
515 1041 609 1094 Dei
641 1057 754 1094 non
787 1035 1243 1108 estalligatum.»
1281 1032 1565 1098 Quoniam
1600 1029 1765 1085 multi
1801 1026 1981 1084 futuri

340 1138 505 1187 erant
534 1128 636 1183 ﬁlii
667 1125 1012 1195 diaboli,qui
1046 1123 1140 1178 Dei
1174 1122 1381 1176 Filium
1406 1120 1775 1175 incarnatum
1807 1134 1980 1188 nega-

340 1225 488 1287 rent,
522 1217 735 1271 idcirco
768 1215 875 1269 hoc
909 1210 1501 1281 memorat,quoniam
1533 1207 1815 1263 fallaciter
1873 1207 1982 1260 sub

340 1306 573 1362 nomine
605 1302 1006 1375 apostolorum
1035 1302 1144 1355 hoc
1177 1314 1507 1354 asseverare
1541 1295 1984 1351 uituntur.Sub-

336 1393 870 1467 jecit,«secundum
886 1389 1260 1460 Evangelium
1279 1404 1533 1452 meum,»
1559 1391 1620 1440 ut
1652 1385 1990 1440 excluderet

343 1484 510 1540 malae
539 1482 753 1537 mentis
785 1479 931 1534 falsa
962 1478 1270 1548 colloquia.
1309 1477 1421 1532 Nec
1454 1475 1610 1530 enim
1644 1473 1775 1544 plus
1807 1474 1987 1528 hzsre-

342 1573 475 1627 ticis
507 1569 863 1626 credendum
887 1572 976 1622 est
1005 1567 1075 1622 de
1093 1565 1372 1636 apostolis
1403 1581 1580 1635 quam
1613 1562 1865 1632 hisipsis
1897 1563 1990 1616 de-

345 1657 752 1732 praadicatione
781 1673 890 1710 sua
909 1655 1281 1710 testantibus.
1301 1656 1486 1718 Quam
1521 1650 1990 1722 praedicationem

347 1766 483 1804 cum
514 1747 711 1802 labore
741 1762 803 1801 se
833 1761 1000 1816 agere
1014 1741 1604 1814 queritur.Pressuris
1625 1739 1782 1795 enim
1803 1739 1991 1794 tribu-

349 1837 585 1892 labatur
613 1840 669 1889 et
696 1832 1047 1900 carceribus,
1079 1848 1144 1886 eo
1178 1831 1332 1901 quod
1386 1835 1505 1884 tam
1537 1829 1770 1884 Judaeos
1816 1846 1993 1899 quam

353 1924 597 1997 gentiles
627 1921 1123 1986 oti'enderet,sicut
1153 1919 1270 1974 illis
1300 1917 1998 1987 videbatur,incredibilia
2029 1934 2076 1998 B

352 2011 934 2084 praedicandolratos
957 2009 1112 2064 enim
1141 2008 1396 2062 habebat
1414 2007 1647 2062 Judaaos
1674 2004 2001 2077 prepterle-

353 2117 484 2174 gem
513 2115 690 2171 quam
726 2114 949 2152 cessare
971 2095 1497 2151 docebat.Gentiles
1513 2099 1706 2149 autem
1734 2093 2003 2148 inimicos

354 2189 625 2254 faciebat,
658 2186 797 2259 quia
832 2202 1014 2240 unum
1040 2185 1223 2239 Deum
1265 2184 1618 2255 prmdicabat
1645 2183 1702 2237 in
1751 2182 2003 2249 Christo.

361 2278 521 2334 Unde
551 2275 717 2347 quasi
748 2274 1037 2330 latronem
1069 2273 1227 2328 hunc
1269 2273 1622 2336 tractabant,
1674 2271 2005 2343 alligantes,

359 2363 775 2429 claudentes,si
808 2367 1003 2433 posset
1033 2362 1574 2428 tacere,nescientes
1597 2361 1736 2432 quia
1765 2361 2007 2415 verbum

358 2453 461 2510 Dei
492 2452 730 2523 alligare
759 2467 873 2507 non
892 2450 1444 2523 poterant.Denique
1466 2467 1616 2521 sepe
1637 2449 1874 2504 clausus
1895 2466 2010 2503 non

363 2541 739 2615 dispendium
772 2541 924 2606 fecit,
979 2540 1076 2595 sed
1123 2539 1377 2594 lucrum.
1411 2539 1609 2610 Neque
1639 2540 1795 2592 enim
1827 2537 2012 2592 defuit

363 2631 456 2686 cui
486 2629 826 2701 praedicaret
856 2629 912 2682 in
945 2644 1196 2693 carcere,
1249 2632 1314 2680 ut
1361 2643 1510 2698 quos
1555 2625 1736 2681 libere
1767 2625 2012 2681 invitare

362 2719 433 2774 ad
465 2719 640 2772 fidem
673 2734 788 2772 non
821 2721 1038 2787 posset,
1069 2716 1128 2769 in
1179 2714 1426 2769 vinculis
1478 2715 1707 2786 positus
1753 2722 2013 2785 pasceret

365 2805 461 2863 Dei
491 2805 685 2860 verbo.

438 2933 464 2964 α
496 2911 629 2966 Ideo
663 2909 860 2965 omnia
889 2909 1104 2964 suffero
1137 2913 1371 2980 propter
1400 2909 1632 2975 electos,
1684 2913 1749 2964 ut
1809 2913 1865 2964 et
1895 2910 2008 2981 ipsi

360 2999 610 3056 salutem
643 3002 1234 3069 consequantur,quas
1256 3002 1344 3052 est
1374 2997 1432 3051 in
1450 2997 1682 3052 Christo
1703 2998 2003 3063 Jesu,cum

357 3088 542 3162 gloria
571 3086 810 3143 cmlesti.
846 3107 866 3136 ι
906 3086 979 3141 Ut
1010 3086 1418 3157 praedicatione
1467 3104 1577 3141 sua
1623 3085 1875 3142 salvaret
1905 3087 2006 3142 ho-

358 3178 546 3233 mines
578 3175 1019 3247 przedestinatos
1050 3176 1120 3228 ad
1153 3175 1355 3244 vitam,
1387 3174 1579 3230 exitii
1612 3180 1737 3230 erat
1784 3175 2008 3246 subjec-

358 3270 456 3321 tus
483 3264 672 3320 sciens
703 3263 1026 3334 profectum
1059 3279 1120 3318 se
1149 3262 1493 3318 habiturum
1549 3264 1790 3334 quassite
1846 3263 2003 3319 salu-
2035 3296 2079 3364 ρ

357 3352 434 3408 tis
464 3352 718 3408 illorum.

433 3481 462 3511 «
495 3458 554 3514 Si
587 3458 743 3513 enim
777 3457 1125 3512 commortui
1158 3473 1387 3522 sumus,
1420 3462 1478 3512 et
1507 3457 1884 3512 convivemus
1915 3482 1928 3523 ;
1959 3457 2008 3512 si

361 3546 808 3612 sustinemus,et
821 3545 1332 3616 conregnabimus.
1344 3567 1371 3593 ››
1387 3545 1480 3600 Sic
1504 3562 1671 3616 posse
1686 3546 1756 3600 ad
1774 3546 2010 3601 immor-

359 3636 665 3701 talitatem,
697 3640 754 3690 et
787 3633 1032 3706 gloriam
1066 3633 1277 3688 Christi
1308 3634 1606 3702 pervenire
1639 3634 2007 3704 signiﬁcat,si

359 3726 418 3778 in
442 3725 629 3778 forma
651 3722 1025 3792 baptismatis
1053 3721 1572 3791 manserimus,ubi
1588 3721 2009 3777 omniadelicta

360 3811 787 3876 moriuntur,ut
815 3809 1070 3864 innovati
1090 3809 1289 3864 omnia
1307 3809 1447 3863 vitia
1476 3813 1669 3864 vetera
1684 3813 1740 3864 et
1761 3811 2010 3866 crimina

359 3898 679 3971 fugiamus,
716 3901 781 3951 ut
811 3896 1024 3950 actoris
1053 3895 1235 3951 secuti
1269 3897 1532 3966 vestigia,
1565 3897 1820 3968 peccatis
1851 3915 2007 3953 mor-

358 3987 444 4041 tui
475 3984 862 4041 videamur.Si
896 4001 1030 4039 vero
1045 3985 1310 4039 additum
1338 3985 1514 4040 fuerit
1545 3986 1615 4040 ad
1648 4003 1910 4053 causam,
1945 3992 2009 4042 ut

359 4082 416 4130 et
444 4074 854 4129 tribulationes
886 4089 952 4128 ac
982 4090 1288 4144 pressuras
1321 4091 1435 4128 non
1460 4091 1609 4146 azgre
1641 4091 1744 4144 pro
1772 4076 2008 4132 nomine

359 4162 591 4218 Domini
622 4163 937 4233 patiamur,
966 4163 1324 4216 sustinentes
1358 4162 1479 4216 haec
1511 4162 1687 4216 simul
1735 4179 1866 4217 cum
1907 4163 2006 4220 illo

360 4249 1025 4324 regnabimus.Dignum
1049 4254 1138 4304 est
1158 4250 1315 4304 enim
1339 4254 1402 4304 ut
1424 4251 1523 4321 qui
1553 4267 1656 4321 pro
1686 4249 1784 4305 illo
1804 4268 2009 4323 oppro-

357 4341 485 4395 bria
516 4338 734 4410 patitur
765 4344 866 4394 aut
895 4337 1090 4405 exitia,
1124 4337 1182 4392 in
1213 4354 1388 4410 regno
1421 4355 1549 4408 ejus
1591 4338 1881 4409 gloriosus
1904 4358 2006 4413 ap-

359 4433 577 4500 pareat.

435 4557 454 4584 α
492 4535 552 4590 Si
584 4549 892 4605 negamus,
925 4537 983 4587 et
1008 4533 1103 4587 ille
1132 4533 1370 4605 negabit
1400 4550 1526 4589 nos.
1562 4557 1590 4583 n
1621 4534 1837 4590 Verum
1869 4542 1959 4591 est
1991 4553 2003 4591 :

357 4622 496 4693 quia
527 4623 574 4677 si
607 4622 851 4676 minime
881 4621 1130 4677 confessi
1167 4621 1332 4676 illum
1366 4622 1651 4678 fuerimus
1682 4640 1879 4679 coram
1908 4624 2005 4680 ho-

358 4710 783 4778 minibus,tunc
814 4710 967 4765 dicet
997 4716 1053 4765 et
1085 4711 1206 4781 ipse
1239 4711 1406 4765 nobis
1440 4712 1497 4766 in
1530 4712 1629 4767 illa
1659 4714 2005 4769 necessitate

356 4800 535 4855 futuri
556 4799 790 4871 judicii,
825 4800 1020 4855 nescio
1049 4815 1169 4854 vos.
1190 4798 1318 4853 Haec
1347 4802 1436 4853 est
1467 4800 1790 4871 punitionis
1821 4802 2002 4874 signi-

357 4888 567 4944 ﬁcatio.

429 5016 457 5043 ‹‹
493 4994 552 5050 Si
575 5010 689 5050 non
719 4995 1037 5062 credimus,
1071 4992 1168 5048 ille
1198 4993 1386 5048 fidelis
1438 4999 1756 5065 permanet,
1793 5013 2004 5068 negare

357 5083 740 5154 semetipsum
776 5100 891 5139 non
926 5087 1179 5154 potest.»
1211 5082 1392 5136 Nemo
1425 5087 1616 5153 potest
1641 5083 1882 5140 Domino
1905 5103 2004 5140 au-

358 5171 505 5224 ferre
537 5172 689 5240 quod
723 5171 920 5226 habet.
973 5171 1113 5236 Quis
1172 5170 1326 5225 enim
1360 5169 1460 5226 illo
1515 5171 1722 5226 fortior
1764 5178 1870 5239 est,
1906 5191 2006 5244 per

357 5274 528 5327 quem
564 5259 760 5313 omnia
787 5261 1106 5315 extiterunt
1131 5260 1158 5313 ?
1183 5260 1296 5314 Nec
1326 5260 1461 5314 addi
1503 5265 1693 5330 potest
1726 5262 1999 5332 perfecto,

358 5345 495 5413 quia
527 5361 640 5398 non
673 5345 754 5398 illi
790 5347 1008 5418 aliquid
1045 5352 1302 5418 praestat,
1340 5348 1438 5418 qui
1479 5349 1663 5403 credit
1710 5349 1767 5402 in
1811 5349 2000 5415 illum,

358 5433 649 5500 quomodo
682 5433 826 5488 nihil
861 5437 1068 5500 aufert,
1103 5437 1200 5507 qui
1236 5454 1349 5491 non
1384 5437 1567 5491 credit
1595 5437 1668 5492 ei.
1703 5438 1996 5509 Quidquid

359 5533 494 5586 ergo
526 5520 717 5583 agitur
748 5523 821 5574 ud
851 5524 1175 5592 profectum
1209 5531 1476 5578 nostrum
1531 5526 1802 5596 pertinet,
1837 5543 1908 5581 ne
1941 5527 1995 5580 in

359 5605 685 5674 ignorantia
717 5612 1201 5666 maneamus.Nec
1232 5613 1387 5667 enim
1443 5630 1476 5666 a
1510 5615 1676 5670 nobis
1708 5616 1996 5686 ﬁrmatur,

358 5707 492 5746 cum
525 5692 650 5762 ipse
677 5711 745 5752 ex
773 5713 854 5764 se,
889 5701 948 5751 et
977 5699 1128 5766 apud
1161 5716 1222 5754 se
1254 5701 1460 5755 ﬁrmus
1491 5701 1587 5756 sit.

2085 653 2275 709 verbis
2308 669 2568 726 pugnare
2603 677 2616 715 ;
2651 653 2722 706 ad
2747 651 2892 706 nihil
2916 651 3074 708 enim
3090 651 3472 717 utileest,nisi
3493 653 3566 707 ad
3597 653 3741 708 sub-

2085 742 2410 798 versionem
2445 739 2868 795 audientium.»
2884 739 3298 794 Contentiones
3320 741 3591 796 vitandas
3619 757 3746 796 mo-

2090 837 2206 886 net.
2239 831 2531 900 Praecepta
2562 832 2757 883 autem
2790 828 2985 882 danda
3013 829 3123 883 sub
3157 827 3256 883 Dei
3286 827 3517 895 timore,
3541 834 3600 884 et
3629 833 3746 884 ter-

2089 937 2238 988 rore,
2271 919 2410 990 quia
2455 917 2748 972 contentio
2779 920 2972 989 potest
3001 917 3194 972 adhuc
3225 917 3424 973 minus
3462 917 3745 973 stabilitis

2091 1024 2367 1080 generare
2398 1005 2762 1078 scrupulum.
2797 1005 2995 1061 Solent
3040 1007 3198 1061 enim
3260 1006 3316 1061 in
3369 1007 3745 1063 contentione

2091 1097 2229 1151 talia
2260 1095 2494 1168 cpponi,
2529 1094 2764 1149 elimato
2823 1093 3242 1150 malevolentiae
3296 1095 3468 1162 ferro,
3519 1101 3588 1151 ut
3619 1112 3743 1152 mo-

2094 1191 2265 1241 veant
2295 1184 2522 1240 animos
2554 1184 2934 1255 insipientum
2968 1185 3239 1240 fratrum.

2172 1298 2197 1325 ‹‹
2227 1274 2482 1330 Sollicite
2507 1290 2647 1328 cura
2676 1273 3077 1344 temetipsum,
3111 1279 3175 1328 ut
3192 1275 3553 1346 probabilem
3583 1276 3746 1332 exhi-

2099 1367 2236 1419 beas
2270 1369 2379 1418 Deo
2401 1362 2751 1434 operarium,
2783 1379 2896 1416 non
2923 1362 3406 1434 ‘impudoratum,
3449 1369 3606 1420 recte
3637 1370 3752 1420 tra-

2100 1457 2353 1508 ctantem
2389 1452 2625 1505 verbum
2653 1451 2934 1506 veritatis.
2972 1473 2998 1499 »
3029 1450 3312 1513 Quoniam
3346 1457 3485 1508 sunt
3543 1453 3752 1526 aliqui,

2100 1542 2199 1613 qui
2232 1539 2660 1595 contentionem
2687 1539 2882 1593 dicant
2904 1539 3519 1611 prodesse,Apostolus
3553 1548 3754 1598 autem

2101 1630 2295 1686 sciens
2326 1628 2514 1699 magis
2545 1628 2775 1697 obesse,
2806 1626 2914 1681 hoc
2947 1628 3193 1683 mandat
3224 1634 3289 1682 ut
3339 1632 3757 1704 unusquisque

2103 1719 2212 1774 hoc
2244 1719 2498 1784 curet,ut
2530 1721 2724 1787 spreta
2754 1715 3129 1771 altercatione
3152 1719 3534 1790 semetipsum
3552 1721 3761 1791 proba-

2105 1806 2280 1862 bilem
2312 1804 2987 1876 faciat,etimpudoratos
3022 1804 3324 1876 appellans
3355 1824 3452 1863 eos
3484 1809 3585 1881 qui
3616 1827 3762 1866 con-

2103 1895 2465 1952 tentionibus
2495 1894 3041 1949 nituntur.Necesse
3063 1899 3152 1950 est
3182 1895 3337 1950 enim
3372 1903 3436 1952 ut
3460 1899 3763 1954 contentio

2110 1987 2451 2054 extorqueat
2479 1981 2853 2054 aliquid,imo
2877 1982 3063 2038 multa
3093 2000 3220 2056 quae
3255 1985 3527 2042 dicantur
3556 1993 3767 2044 contra

2113 2071 2554 2140 conscientiam,
2588 2075 2652 2125 ut
2682 2071 2840 2126 intus
2870 2071 2929 2126 in
2959 2071 3155 2127 animo
3179 2075 3552 2145 perdat,foris
3581 2079 3770 2133 victor

2114 2159 2408 2215 abscedat.
2443 2159 2624 2213 Nemo
2657 2159 2812 2213 enim
2865 2159 3084 2230 patitur
3137 2177 3199 2216 se
3246 2162 3418 2232 vinci,
3447 2163 3583 2220 licet
3614 2166 3770 2222 sciat

2116 2264 2249 2302 vera
2279 2263 2409 2318 quae
2439 2247 2622 2302 audit.
2659 2247 2832 2302 Recte
2864 2251 3060 2303 autem
3091 2253 3303 2304 tractat
3331 2255 3387 2305 et
3437 2252 3594 2308 bona
3623 2271 3766 2310 con-

2119 2337 2364 2392 scientia
2394 2337 2495 2407 qui
2517 2335 2845 2390 volentibus
2871 2335 3134 2408 loquitur
3149 2342 3206 2393 et
3233 2339 3772 2409 paciﬁcis.Collatio

2121 2441 2255 2496 ergo
2285 2425 2436 2479 inter
2470 2425 2563 2479 Dei
2597 2441 2791 2480 servos
2820 2441 2947 2480 esse
2979 2426 3168 2496 debet,
3204 2444 3318 2482 non
3351 2428 3679 2488 altercatio.

2197 2536 2217 2562 ιι
2256 2513 2533 2568 Profanas
2563 2518 2758 2568 autem
2781 2529 2988 2568 vocum
3013 2515 3297 2571 novitates
3329 2517 3548 2587 devita;
3582 2519 3775 2591 pluri-

2123 2619 2283 2657 mum
2316 2601 2471 2656 enim
2507 2602 2812 2673 proficient
2841 2603 2914 2657 ad
2947 2602 3313 2660 inanitatem.
3373 2606 3577 2663 Sermo
3609 2611 3774 2666 enim

2120 2707 2321 2746 eorum
2353 2689 2510 2745 velut
2539 2707 2745 2745 cancer
2776 2690 2978 2762 serpit,
3015 2713 3034 2740 η
3074 2693 3190 2748 Hoc
3217 2694 3373 2750 idem
3405 2697 3597 2753 adhuc
3627 2716 3771 2770 pro-

2121 2779 2407 2850 sequitur,
2442 2782 2506 2832 ut
2536 2779 2937 2836 contentiones
2968 2780 3240 2837 vitentur.
3292 2783 3406 2839 Nec
3436 2786 3592 2841 enim
3625 2804 3770 2844 con-

2118 2867 2276 2938 gruit
2307 2867 2482 2922 unius
2513 2867 2646 2922 fidei
2681 2867 2833 2923 viros
2858 2867 3070 2924 habere
3102 2872 3555 2941 contentionem,
3577 2877 3682 2930 sed
3713 2877 3774 2932 in

2117 2959 2369 3010 tractatu
2405 2955 2704 3026 patiantur
2736 2973 2799 3011 se
2829 2956 3073 3012 invicem
3106 2963 3165 3014 et
3196 2961 3567 3018 consentiant
3596 2964 3775 3022 bonis

2117 3043 2368 3099 dictis.Si
2401 3044 2539 3116 quid
2569 3049 2763 3100 autem
2792 3044 3177 3117 improbabile
3204 3048 3602 3110 videturcum
3626 3071 3775 3126 pace

2117 3131 2881 3188 dissimuletur.Adversarii
2914 3133 3070 3189 enim
3103 3140 3160 3190 et
3189 3135 3544 3194 dissidentes
3573 3141 3776 3198 solent

2117 3237 2178 3276 se
2209 3220 2455 3276 invicem
2489 3237 2895 3292 provocare,ex
2925 3223 3141 3294 quibus
3163 3241 3318 3280 unus
3331 3227 3661 3285 catholicus
3685 3237 3779 3287 est

2116 3315 2175 3365 et
2205 3309 2350 3364 alter
2379 3309 2792 3381 profanus.Hic
2822 3327 2958 3383 ergo
2989 3312 3432 3380 catholicus,cui
3459 3319 3777 3388 Apostolus

2120 3399 2360 3453 mandat
2392 3403 2456 3453 ut
2485 3405 2724 3470 spernat
2753 3404 2811 3454 et
2841 3398 3092 3455 declinet
3119 3418 3154 3456 a
3201 3403 3416 3459 fabulis
3463 3405 3776 3478 inanibus,

2119 3486 2350 3558 quietus
2377 3488 2546 3542 debet
2571 3503 2718 3557 esse,
2753 3492 2818 3541 ut
2847 3505 3077 3559 semper
3107 3490 3178 3545 de
3209 3493 3570 3550 conscientia
3590 3499 3777 3553 verba

2117 3576 2481 3643 emittat,nec
2506 3575 2759 3646 patiatur
2779 3592 2839 3631 se
2859 3593 3056 3632 eoram
3083 3578 3265 3650 impia
3293 3581 3466 3636 verba
3480 3583 3778 3654 depromi,

2119 3663 2270 3718 Dant
2299 3663 2454 3718 enim
2488 3664 2811 3734 quibudam
2845 3666 3208 3722 occasionem
3241 3672 3305 3722 ut
3335 3669 3393 3723 in
3437 3671 3607 3741 pejus
3640 3690 3779 3745 pro-

2119 3750 2338 3805 ficiant.
2370 3755 2495 3806 Non
2526 3753 2684 3806 enim
2733 3754 2948 3809 desunt
2982 3755 3083 3826 qui
3137 3757 3440 3813 audientes
3499 3760 3776 3830 profana,

2119 3839 2451 3911 concipiant
2480 3841 2796 3913 cogitatum
2830 3843 3076 3910 malum,
3122 3844 3370 3916 ideoque
3427 3847 3594 3902 obest
3639 3865 3780 3905 con-

2117 3928 2322 3983 tentio.

2189 4040 2217 4066 «
2253 4018 2332 4072 Ex
2383 4017 2599 4088 quibus
2655 4023 2744 4074 est
2802 4018 3148 4090 Hymenaeus
3204 4026 3259 4076 et
3308 4021 3610 4094 Pbyletus,
3665 4025 3776 4097 qui

2116 4106 2529 4160 deerraverunt
2559 4123 2592 4160 a
2644 4107 2900 4174 veritate,
2961 4109 3219 4164 dicentes
3273 4113 3770 4170 resurrectionem

2108 4193 2234 4262 jam
2259 4193 2472 4248 factam
2496 4199 2708 4264 esse,et
2729 4196 2900 4250 ﬁdem
2929 4198 3322 4267 quorumdam
3355 4202 3774 4258 subvertunt.»

2114 4280 2839 4354 Nuncipsorum,quorum
2863 4301 3042 4340 causa
3071 4287 3340 4342 vitandas
3367 4290 3776 4347 contentiones

2119 4378 2332 4427 monet.
2356 4372 2612 4443 prodidit
2631 4373 2869 4429 nomina
2893 4392 3041 4445 quos
3073 4381 3130 4431 et
3159 4377 3435 4447 profanos
3466 4383 3524 4432 et
3552 4378 3775 4450 impios

2116 4460 2462 4532 designavit,
2497 4457 2759 4517 errantes
2789 4480 2822 4518 a
2851 4463 3236 4520 veritate.Hoc
3266 4465 3424 4520 enim
3453 4469 3776 4538 negabant,

2117 4550 2271 4619 quod
2307 4549 2564 4620 palmare
2594 4556 2681 4605 est
2711 4551 3198 4621 Christianorum,
3233 4559 3297 4608 ut
3327 4554 3571 4610 credant
3621 4573 3686 4612 se
3715 4558 3775 4612 in

2119 4638 2381 4692 futurum
2414 4655 2448 4692 a
2477 4639 2723 4693 mortuis
2757 4655 3077 4711 resurgere.
3133 4641 3200 4695 Hi
3250 4647 3468 4709 autem,
3515 4644 3676 4700 sicut
3706 4663 3776 4701 ex

2115 4726 2230 4782 alia
2259 4728 2559 4798 Scriptura
2589 4729 2888 4790 docemur,
2922 4729 2979 4782 in
3039 4729 3177 4784 {iliis
3220 4731 3345 4784 ﬁeri
3394 4734 3776 4789 resurrectio-

2118 4832 2248 4870 nem
2281 4815 2575 4880 dicebant,
2609 4817 2826 4887 quibus
2860 4834 2976 4872 non
3034 4819 3234 4874 deerat
3289 4818 3391 4889 qui
3449 4835 3768 4878 assensum

2116 4908 2417 4974 praestaret
2449 4921 2784 4976 perversum
2818 4910 3022 4960 contra
3053 4907 3251 4975 fidem,
3310 4924 3490 4978 quam
3553 4910 3616 4965 in
3646 4913 3770 4982 pri-

2115 4994 2341 5048 mordio
2375 4993 2562 5048 fuerat
2588 4999 2957 5049 consecutus.

2187 5105 2214 5131 ‹‹
2249 5081 2511 5136 Firmum
2543 5087 2740 5137 tamen
2776 5083 3228 5139 fundamentum
3263 5085 3359 5139 Dei
3391 5085 3776 5152 stat,habens

2113 5170 2222 5225 hoc
2253 5159 2606 5225 sinaculum.
2642 5171 2921 5242 Cognovit
2952 5172 3109 5226 enim
3155 5173 3438 5229 Dominus
3496 5176 3599 5246 qui
3635 5182 3780 5231 sunt

2112 5259 2260 5328 ejus,
2296 5265 2351 5312 et
2383 5259 2644 5313 discedat
2678 5261 2749 5313 ab
2784 5260 3094 5331 iniquitate
3126 5262 3320 5316 omnis
3351 5261 3452 5332 qui
3497 5265 3775 5321 nominat

2113 5363 2323 5402 nomen
2361 5347 2613 5401 Domini.
2642 5370 2668 5396 ››
2705 5348 3179 5402 Fundamentum
3214 5349 3316 5402 Dei
3347 5350 3492 5405 ﬁdes
3523 5357 3774 5424 est,qua

2113 5436 2369 5490 continet
2396 5453 2522 5506 quas
2557 5437 2826 5507 promisit
2847 5436 3024 5502 Deus,
3057 5454 3186 5507 quae
3220 5437 3366 5493 ﬁdes
3405 5454 3521 5493 non
3554 5443 3776 5511 poterit

2112 5524 2346 5594 infringi
2403 5525 2758 5595 perﬁdorum
2809 5531 2866 5579 et
2923 5525 3324 5579 haereticorum
3387 5531 3771 5585 commentis.

2109 5613 2385 5676 Quamvis
2413 5615 2568 5667 enim
2594 5615 2650 5668 hi
2677 5616 3101 5685 negentfutura
3121 5629 3246 5684 quae
3278 5616 3769 5687 credimus,Deus

2108 5705 2304 5757 tamen
2335 5702 2498 5757 dabit
2529 5719 2657 5773 quae
2707 5702 3005 5758 credimus
3065 5703 3341 5759 daturum
3390 5703 3586 5773 illum,
3619 5711 3768 5765 teste
