3898 6408
118 391 239 454 693

691 392 1106 456 EXPOSITIO
1150 395 1229 456 IN
1275 395 1704 458 EPISTOLAS
1750 395 2112 458 PAULL—
2145 399 2222 458 IN
2266 398 2518 463 EPIST.
2563 401 2618 463 II
2662 405 2767 464 AD
2811 403 2978 466 TlM.

3435 407 3554 469 694

120 525 521 597 promissione
551 527 701 598 ejus.
730 527 1112 599 Signaculum
1144 529 1342 602 itaque
1371 529 1780 602 promissionis
1810 537 1865 595 Α
1893 528 2153 599 clesiam,
2188 532 2247 588 in
2305 551 2423 607 qua
2478 553 2684 593 omnes
2741 538 2854 595 sub
2910 540 3088 596 unius
3145 540 3381 599 Domini
3414 548 3556 601 sunt

121 615 219 671 Dei
252 615 400 670 ﬁdes
433 620 640 671 nostra
671 622 778 684 est,
826 634 954 689 quae
988 619 1186 674 firmat
1239 622 1333 675 Dei
1367 622 1563 675 verba.
1599 622 1659 676 In
1692 619 1784 674 die

113 704 327 776 judicii
360 709 674 777 cognoscet
723 711 874 760 Deus
927 707 1027 778 qui
1076 708 1297 763 habent
1348 711 1583 780 signum
1634 710 1782 777 ejus,

120 794 544 850 dissentientes
575 813 607 850 a
641 796 1026 868 perﬁdorum,
1056 803 1112 851 et
1132 797 1536 853 haereticorum
1568 798 1785 869 iniqui-

123 889 260 950 tate,
295 900 424 954 quze
481 885 580 939 Dei
633 886 1088 955 promissionem
1150 887 1450 942 inﬁrmare
1503 904 1564 943 se
1597 892 1782 959 putat.

120 973 275 1028 Nihil
307 973 467 1028 enim
500 979 624 1028 tam
647 973 941 1045 iniquum,
980 992 1158 1046 quam
1185 977 1286 1031 Dei
1311 977 1444 1031 ﬁdei
1474 976 1783 1032 contraire.

123 1063 212 1116 Sic
242 1065 300 1117 et
355 1061 608 1130 Dathan,
666 1068 724 1118 et
783 1063 1004 1118 Abiron
1055 1070 1112 1118 et
1170 1065 1355 1120 Chore
1387 1066 1611 1120 dictum
1636 1069 1787 1119 esta

123 1153 339 1224 Moyse,
407 1167 542 1206 cum
566 1155 770 1206 contra
785 1151 880 1207 Dei
902 1157 1257 1224 prmceptum
1274 1155 1479 1208 offerre
1501 1154 1789 1209 sacriﬁcia

125 1246 574 1312 praesumerent.
610 1241 896 1312 Cognovit
955 1241 1154 1312 itaque
1203 1242 1490 1297 Dominus
1522 1243 1620 1314 qui
1649 1247 1789 1297 sunt

124 1330 271 1400 ejus.
302 1329 426 1392 Quo
449 1329 604 1384 dicto
629 1329 1040 1400 ostendit,quaa
1068 1331 1356 1402 pernicies
1379 1336 1642 1386 maneret
1664 1348 1784 1396 eos,

123 1419 221 1490 qui
257 1419 357 1474 Dei
391 1418 565 1473 verba
596 1418 968 1474 inverterent.

194 1532 221 1557 «
261 1509 327 1562 In
362 1525 577 1576 magna
625 1513 822 1562 autem
866 1509 1038 1562 domo
1091 1526 1204 1563 non
1255 1509 1446 1563 solum
1480 1514 1620 1564 sunt
1650 1527 1789 1564 vasa

122 1613 304 1653 aurea
335 1601 394 1651 et
421 1601 719 1668 argentea,
753 1598 854 1652 sed
883 1602 940 1652 et
965 1597 1162 1668 lignea
1200 1603 1254 1653 et
1288 1597 1508 1668 ﬁctilia,
1542 1603 1599 1652 et
1631 1615 1787 1669 quze-

125 1687 259 1742 dam
287 1686 347 1740 in
372 1686 957 1757 honorem,quaedam
977 1691 1172 1742 autem
1201 1687 1258 1742 in
1284 1687 1721 1742 contumeliam.
1760 1722 1779 1743 ..

125 1777 243 1832 Hoc
262 1775 418 1830 dicto
442 1775 793 1847 significavit
817 1775 874 1831 in
899 1775 1154 1831 Ecclesia
1175 1777 1434 1832 diversos
1455 1793 1583 1832 esse
1605 1776 1790 1831 homi-

129 1881 232 1920 nes
257 1883 271 1932 ;
295 1864 588 1935 quosdam
612 1864 798 1918 bonos
819 1869 878 1919 et
900 1881 1166 1920 summos
1189 1865 1365 1928 viros,
1383 1882 1532 1936 quos
1557 1865 1616 1920 in
1640 1881 1782 1920 auro
1819 1899 1865 1963 Β

125 1952 379 2024 intelligi
413 1951 578 2020 vult;
611 1954 899 2023 quosdam
923 1954 1106 2008 bonos
1141 1958 1390 2016 tantum,
1415 1970 1563 2025 quos
1603 1952 1662 2007 in
1695 1970 1784 2008 ar-

122 2045 300 2114 gento
332 2041 645 2114 designat;
679 2041 825 2097 alios
881 2059 1014 2096 vero
1066 2059 1181 2097 non
1229 2043 1432 2112 bonos,
1468 2059 1618 2114 quos
1647 2060 1787 2096 vasa

124 2131 396 2202 ligneaet
410 2129 908 2202 ﬁctiliaappellat;
930 2131 1084 2202 quod
1099 2131 1246 2186 nulli
1262 2149 1350 2186 am
1363 2133 1784 2203 biguumputo.

121 2220 271 2276 Nam
306 2220 367 2274 in
401 2219 841 2274 Corinthiorum
865 2219 973 2274 hoc
996 2219 1255 2274 Ecclesia
1277 2222 1485 2289 probat
1513 2221 1786 2292 frequens

116 2325 321 2366 sermo
345 2309 719 2381 objurgantis
739 2308 1018 2380 Apostoli.
1048 2309 1213 2364 Nunc
1233 2315 1426 2365 autem
1448 2310 1507 2364 in
1531 2309 1786 2364 Ecclesia

113 2405 328 2454 nostra
355 2398 553 2470 palam
586 2402 676 2452 est
702 2415 714 2465 ;
737 2403 793 2452 et
817 2397 875 2452 in
900 2397 1118 2470 templo
1138 2397 1542 2470 Jcrosolymis,
1576 2398 1635 2452 in
1669 2415 1784 2470 quo

116 2494 302 2560 typus
335 2493 462 2542 erat
490 2485 777 2556 Ecclesiae,
833 2486 1162 2542 manifestis
1194 2485 1543 2542 lectionibus
1574 2505 1784 2560 appro-

114 2577 319 2632 batur.
351 2581 531 2631 Erant
561 2575 718 2630 enim
749 2575 832 2630 illi
860 2575 1183 2640 Sadducaei,
1207 2591 1274 2630 ex
1304 2593 1558 2647 quorum
1591 2577 1784 2632 radice

116 2672 292 2723 erant
323 2666 672 2738 Hymenaeus
727 2669 784 2720 et
832 2664 1132 2736 Phyletus.
1185 2665 1264 2720 De
1311 2683 1562 2737 quorum
1612 2684 1787 2737 prava

119 2756 444 2821 sententia,
479 2771 614 2808 cum
647 2753 963 2825 Apostolus
995 2757 1152 2809 esset
1176 2753 1429 2826 locutus,
1452 2756 1651 2810 statim
1679 2756 1787 2811 hoc

119 2843 408 2915 subjecit,
444 2847 508 2898 ut
537 2858 652 2898 non
704 2847 859 2898 esset
909 2842 1176 2899 mirabile
1215 2844 1275 2898 in
1321 2844 1578 2900 Ecclesia
1605 2846 1787 2900 videri

119 2933 405 2989 homines
435 2932 873 2988 dissentientes.
926 2932 1072 2987 Nam
1116 2932 1173 2986 in
1224 2933 1655 2988 Corinthiorum
1683 2936 1788 2989 Ec-

119 3022 364 3088 eclesia,
390 3022 463 3076 de
484 3038 602 3093 qua
621 3021 760 3092 dixi,
781 3020 1021 3092 quidam
1047 3025 1233 3089 erant,
1256 3023 1355 3093 qui
1374 3023 1790 3079 dissentientes

120 3110 617 3168 resurrectionem
638 3111 1214 3183 negabant.lnsanus
1232 3111 1790 3168 tamenNovatianus

121 3206 190 3257 ut
223 3199 411 3256 errori
443 3216 550 3255 suo
584 3198 941 3268 blandiatur,
994 3199 1165 3255 aliter
1193 3199 1303 3254 hoc
1341 3199 1789 3273 intelligendum

116 3289 330 3355 tradit,
364 3293 430 3343 ut
463 3289 678 3344 domus
727 3304 944 3360 magna
986 3292 1146 3344 totus
1178 3289 1438 3344 mundus
1469 3289 1790 3361 signiﬁcari

119 3380 426 3447 credatur,
461 3377 601 3449 quia
629 3377 809 3432 habet
847 3375 1156 3432 hominum
1203 3377 1622 3446 diversitatem,
1655 3396 1788 3434 cum

117 3472 355 3524 constet
386 3466 735 3539 Apostolum
768 3464 1033 3538 exemplo
1057 3483 1232 3521 usum
1265 3467 1476 3522 domus
1509 3467 1703 3524 divitis
1735 3473 1791 3524 et

117 3556 448 3632 opulentis,
481 3572 609 3627 quae
642 3555 914 3627 quamvis
965 3556 1200 3626 00piosa
1233 3555 1329 3622 sit,
1361 3557 1544 3627 (1322)
1577 3557 1790 3613 haheat

119 3653 327 3702 tamen
354 3650 411 3700 et
430 3644 672 3700 vitiosos
700 3648 756 3699 et
779 3661 955 3716 prava
977 3644 1316 3710 sentientes,
1343 3644 1494 3698 sicut
1517 3647 1789 3717 superius

123 3734 473 3792 memoravi.
507 3735 663 3798 Quos
695 3733 1051 3789 contumelia
1103 3733 1314 3804 dignos
1363 3736 1636 3801 ostendit,
1673 3753 1786 3791 non

123 3832 334 3881 tamen
367 3823 684 3895 perituros,
732 3823 834 3878 sed
869 3822 1207 3894 purgandos
1251 3839 1354 3893 per
1399 3822 1616 3895 ignem,
1652 3824 1790 3896 quia

126 3914 336 3970 domui
369 3930 438 3968 ex
469 3912 667 3983 aliqua
696 3917 860 3984 parte
892 3911 1220 3966 necessaria
1242 3915 1400 3965 sunt.
1433 3912 1788 3969 Novatianus

124 4009 330 4060 autem
361 4001 551 4058 elatus
583 4001 875 4073 superbia,
911 4004 975 4054 ut
1005 3998 1274 4055 Ecclesiae
1311 4017 1429 4054 suae
1460 4001 1785 4071 veritatem,

124 4100 183 4150 et
204 4095 582 4149 sanctitatem
615 4089 949 4162 generalem
973 4089 1327 4158 defenderet,
1351 4089 1461 4144 hoc
1494 4091 1667 4146 modo
1699 4090 1786 4145 in-

123 4181 515 4254 telligendum
553 4179 827 4250 decrevit,
878 4179 1045 4251 quasi
1095 4178 1350 4233 Ecclesia
1383 4195 1560 4250 penes
1594 4179 1785 4251 ipsum

121 4273 223 4340 sit,
258 4275 320 4326 et
350 4273 594 4324 cunctos
626 4269 840 4324 habeat
863 4268 1203 4340 puriﬁcatos
1229 4273 1466 4339 propter
1494 4268 1628 4325 illas
1651 4287 1788 4325 cau-

123 4378 244 4428 sas,
280 4357 499 4430 quibus
529 4374 636 4413 nos
668 4358 1008 4412 innocentes
1040 4361 1293 4412 accusat.
1320 4357 1429 4412 Sed
1463 4357 1601 4428 quid
1639 4375 1787 4430 opus

123 4455 256 4507 erat
280 4449 392 4504 hoc
423 4448 548 4504 loco
580 4449 651 4502 de
686 4447 907 4502 mundo
940 4446 1163 4518 aliquid
1196 4447 1522 4517 dicere,aut
1552 4453 1616 4502 ut
1645 4449 1785 4519 quid

125 4540 456 4595 afﬁrmaret
488 4537 778 4594 mundum
811 4537 1051 4592 domum
1105 4552 1382 4609 magnam
1414 4537 1788 4607 signiﬁcare?

1895 635 2157 677 nomine.

1970 734 1998 761 «
2033 714 2088 768 Si
2121 715 2254 785 quis
2285 731 2421 786 ergo
2449 717 2782 787 purgaverit
2809 719 3195 791 semetipsum
3224 722 3294 776 ab
3327 721 3556 793 his,erit

1896 820 1996 858 vas
2030 803 2088 857 in
2121 804 2341 859 honore
2374 805 2975 873 sanctiﬁcatum,utile
3005 807 3355 876 Domino,ad
3380 827 3554 868 omne

1896 909 2046 964 opus
2077 893 2294 947 bonum
2323 899 2734 964 praeparatum.
2760 895 2925 951 Nunc
2950 895 3064 952 alia
3088 896 3328 953 heresis
3351 898 3556 956 fraude

1897 999 2005 1038 sua
2021 981 2345 1036 convincitu
2359 1001 2402 1047 r,
2418 999 2544 1053 quze
2565 984 2774 1038 asserit
2790 984 3018 1040 animas
3036 987 3324 1056 quasdam
3343 991 3554 1043 natura

1897 1088 2025 1126 esse
2058 1072 2265 1136 malas,
2299 1088 2427 1142 quae
2460 1072 2530 1125 ad
2559 1071 2778 1126 bonum
2812 1073 2939 1144 cogi
2971 1090 3086 1128 non
3118 1074 3381 1144 possint:
3406 1093 3551 1132 cum

1897 1160 1992 1216 hic
2011 1161 2166 1215 dicat
2189 1177 2359 1231 posse
2386 1160 2570 1215 malos
2595 1161 2895 1216 immutari
2919 1163 2979 1216 in
2999 1163 3182 1218 bonos
3203 1168 3260 1219 et
3284 1164 3550 1220 sordidos

1899 1250 2216 1321 puriﬁcari.
2271 1251 2541 1305 Poterant
2589 1252 2744 1305 enim
2788 1252 3154 1324 Hymenaeus,
3189 1258 3244 1308 et
3278 1253 3550 1326 Phyletus

1897 1341 2184 1395 mundare
2215 1356 2455 1395 sensum
2488 1341 2740 1411 suum,si
2771 1341 3185 1409 voluissent,ut
3216 1342 3420 1398 ﬁerent
3446 1360 3550 1402 vas

1897 1430 2350 1495 sanctiﬁcatum,
2384 1435 2772 1501 praeparatum
2805 1431 2863 1484 in
2896 1430 3196 1486 honorem.

1971 1540 1999 1568 «
2021 1518 2315 1573 Juvenilia
2337 1522 2533 1573 autem
2557 1518 2848 1574 desideria
2866 1519 3018 1591 fuge.
3041 1541 3069 1569 »
3089 1520 3381 1576 Juvenilia
3401 1521 3552 1577 desi-

1897 1607 2059 1663 deria
2081 1609 2322 1663 adversa
2345 1612 2502 1662 sunt.
2521 1611 2666 1662 Sunt
2689 1607 2842 1663 enim
2867 1608 3193 1680 voluptates
3217 1609 3546 1678 mundanae,

1898 1713 2020 1766 quae
2050 1697 2324 1751 omnibus
2348 1696 2640 1752 illecebris
2660 1696 3002 1768 mancipata:
3028 1701 3189 1764 sunt,
3217 1715 3284 1753 ac
3311 1713 3412 1769 per
3440 1698 3551 1754 hoc

1897 1786 1998 1841 Dei
2033 1801 2198 1840 servo
2228 1785 2516 1857 fugiendae
2549 1791 2707 1841 sunt.

1971 1896 1998 1923 «
2032 1875 2263 1930 Sectare
2293 1891 2426 1929 vero
2451 1875 2769 1946 justitiam,
2805 1875 3000 1940 ﬁdem,
3040 1874 3410 1943 charitatem,
3444 1892 3552 1946 pa-

1900 1979 2024 2018 cem
2058 1980 2191 2019 cum
2223 1963 2318 2019 bis
2349 1963 2447 2034 qui
2498 1963 2772 2018 invocant
2807 1964 2984 2018 Deum
3018 1964 3090 2018 de
3121 1964 3290 2019 corde
3319 1980 3486 2035 puro.
3521 1985 3551 2013 »

1897 2057 2030 2107 Haec
2061 2053 2340 2108 sectanda
2358 2053 2683 2123 jubet,quae
2699 2052 2947 2121 juvenili
2971 2052 3125 2107 aetati
3155 2052 3320 2108 devia
3347 2053 3551 2108 viden-

1896 2145 1994 2195 tur
2024 2145 2081 2196 et
2112 2156 2337 2211 aspera.
2373 2140 2477 2206 Qui
2522 2140 2679 2195 enim
2724 2141 3019 2210 justitiam
3069 2140 3262 2212 elegit,
3318 2141 3370 2196 ei
3401 2139 3549 2196 nihil

1897 2230 2034 2284 facit
2064 2229 2422 2284 contrarium
2453 2257 2465 2296 -,
2498 2233 2553 2283 et
2573 2229 2673 2299 qui
2707 2229 2878 2284 ﬁdem
2902 2229 3095 2301 diligit
3124 2234 3357 2285 servant
3381 2246 3547 2285 man-

1897 2319 2052 2373 data.
2113 2319 2219 2383 Qui
2269 2323 2466 2373 autem
2527 2317 2871 2373 charitatem
2929 2318 3217 2390 sequitur,
3269 2319 3547 2374 omnibus

1895 2407 2142 2462 humilis
2172 2412 2279 2462 est.
2315 2407 2478 2462 Pacis
2521 2423 2655 2462 vero
2701 2411 2898 2462 custos
2927 2405 3159 2462 nullum
3209 2406 3446 2462 lacessit
3474 2408 3548 2464 ad

1887 2496 2174 2567 jurgium.

1969 2608 1995 2634 ‹‹
2029 2584 2254 2640 Stultas
2287 2589 2506 2651 autem,
2532 2589 2588 2639 et
2611 2583 2936 2640 ineruditas
2959 2584 3311 2655 quaestiones
3341 2583 3555 2652 devita,

1899 2674 2090 2730 sciens
2121 2673 2259 2744 quia
2289 2677 2570 2745 generant
2598 2672 2754 2728 lites.
2791 2694 2818 2722 »
2852 2674 3165 2729 Insensatae
3201 2673 3556 2743 quaestiones

1899 2762 2114 2835 partim
2130 2762 2696 2833 inﬁdelium,partim
2712 2761 3116 2816 haereticorum
3138 2760 3558 2827 sunt,a1iorum

1899 2869 1967 2908 ex
1985 2849 2720 2923 parteindeﬁde]ium,qute
2741 2850 3039 2906 modestos
3055 2849 3326 2906 homines
3344 2853 3563 2922 cogunt

1901 2941 1973 2996 ad
1999 2941 2158 2996 litem
2171 2941 2590 2995 .Immutantur
2606 2940 2763 2995 enim
2777 2938 2961 2994 nimia
2976 2938 3436 2995 contradictione
3457 2939 3566 2993 im-

1900 3029 2134 3100 pietatis
2166 3033 2453 3099 eorum,et
2475 3028 2604 3082 irati
2633 3028 2839 3082 dicunt
2869 3027 3094 3098 aliquid
3116 3031 3320 3082 contra
3348 3043 3563 3099 propo-

1903 3120 2084 3175 situm
2116 3133 2315 3174 suum.
2347 3117 2493 3172 Nam
2527 3115 2717 3171 solent
2747 3115 2988 3187 quidam
3019 3115 3425 3172 hereticorum
3457 3131 3559 3187 pa-

1903 3207 2171 3264 tientiam
2205 3207 2422 3278 ﬁngere
2469 3204 2738 3277 quamvis
2787 3221 2821 3260 a
2868 3203 3152 3260 catholico
3183 3220 3297 3260 non
3332 3203 3560 3276 possint

1821 3268 1863 3335 (ἶ
1904 3296 2108 3352 audire
2139 3295 2361 3367 aliquid
2393 3311 2691 3366 asperum,
2722 3298 2790 3349 ut
2819 3294 3234 3350 commendent
3256 3309 3433 3366 prava
3451 3310 3561 3350 sua

1901 3384 2200 3457 colloquia
2227 3403 2239 3452 ;
2271 3384 2400 3439 ideo
2431 3381 2934 3439 dissimulandum
2966 3384 3039 3438 ab
3070 3382 3165 3438 his
3195 3387 3306 3438 est.

1979 3479 2266 3530 «Servum
2296 3477 2490 3528 autem
2523 3472 2751 3528 Domini
2783 3489 2900 3526 non
2933 3476 3156 3543 oportet
3182 3470 3432 3543 litigare,
3454 3471 3557 3528 sed

1901 3564 2104 3618 mitem
2137 3579 2265 3618 esse
2290 3563 2360 3618 ad
2384 3578 2611 3630 omnes,
2635 3560 2970 3628 docibilem,
2995 3560 3334 3631 patientem,
3355 3559 3554 3615 mode-

1901 3659 2060 3708 stum
2092 3671 2105 3720 ;
2139 3653 2523 3724 corrigentem
2583 3667 2703 3716 eos,
2754 3651 2853 3721 qui
2911 3649 3140 3704 diversa
3165 3647 3449 3715 sentiunt,
3482 3665 3555 3704 ne

1901 3743 2136 3816 quando
2167 3742 2264 3797 det
2292 3741 2409 3797 illis
2440 3741 2592 3796 Deus
2632 3741 2820 3809 (1323)
2853 3737 3256 3810 paenitentiam
3287 3739 3356 3793 ad
3388 3737 3552 3810 agni-

1897 3832 2116 3886 tionem
2169 3828 2448 3894 veritatis,
2499 3833 2556 3884 et
2606 3827 2954 3900 resipiscant
2999 3845 3034 3882 a
3079 3825 3294 3883 diaboli
3324 3824 3552 3900 laqueis

1901 3921 2053 3990 capti
2087 3919 2159 3973 ab
2192 3935 2258 3973 eo
2283 3919 2353 3972 ad
2389 3917 2576 3989 ipsius
2607 3916 2986 3971 voluntatem.
3017 3938 3037 3964 ι
3067 3917 3195 3970 Haec
3215 3913 3380 3970 nulla
3407 3915 3556 3970 indi-

1900 4012 2040 4079 gent
2058 4005 2564 4077 interpretatione:
2591 4008 2732 4059 sunt
2748 4004 2903 4058 enim
2929 4003 3556 4073 manifesta,quantum

1899 4101 2097 4152 tamen
2129 4094 2316 4163 prosit
2343 4093 2650 4159 modestia,
2691 4090 3028 4147 declaravit.
3064 4090 3124 4146 Si
3168 4090 3326 4146 enim
3357 4097 3466 4147 hoc
3495 4091 3557 4149 in

1900 4185 2255 4257 quibusdam
2287 4182 2574 4238 haareticis
2607 4180 2886 4253 placitum
2921 4179 3177 4252 est,quia
3202 4178 3459 4236 humiles
3479 4179 3559 4235 vi-

1899 4276 2130 4340 dentur,
2165 4276 2384 4344 quanto
2418 4271 2604 4342 magis
2628 4269 2942 4340 laudabile,
2961 4273 3016 4324 et
3047 4269 3414 4325 fructuosum
3442 4269 3555 4326 erit

1899 4363 1958 4418 in
1992 4361 2353 4431 catholico,si
2385 4361 2562 4415 fuerit
2593 4358 2774 4426 mitis,
2804 4357 2862 4412 in
2897 4373 3012 4428 quo
3043 4361 3099 4412 et
3123 4373 3334 4412 sensus
3366 4355 3550 4426 utilis,

1897 4456 1954 4506 et
1984 4451 2208 4523 gravita
2237 4449 2524 4505 imitanda
2555 4446 2952 4519 perspicitur?

1970 4541 2126 4611 (CAP.
2153 4539 2274 4611 ΙΙΙ.)
2294 4560 2319 4591 α
2333 4539 2447 4593 Hoc
2462 4541 2656 4592 autem
2671 4534 2839 4603 scito,
2855 4533 3062 4606 quiain
3077 4533 3414 4592 novissimis
3435 4535 3530 4591 die

124 4629 277 4684 Nam
298 4627 442 4682 dicit
461 4626 747 4682 Dominus
765 4625 1044 4699 apostolis
1068 4642 1081 4680 :
1103 4647 1130 4676 »
1155 4626 1280 4680 Non
1297 4626 1440 4681 estis
1457 4627 1526 4681 de
1550 4629 1792 4686 mundo.
1823 4637 1869 4701 D
1903 4633 2016 4688 bus
2048 4629 2356 4684 instabunt
2393 4632 2658 4697 tempora
2680 4623 3005 4696 periculosa
3038 4641 3050 4677 :
3085 4627 3259 4679 erunt
3279 4623 3549 4681 homines

128 4719 248 4790 Ego
282 4720 482 4771 autem
505 4715 655 4787 elegi
676 4732 776 4771 vos
808 4717 985 4786 (Joan.
1018 4731 1110 4781 xv,
1136 4716 1244 4786 19).
1283 4739 1304 4768 υ
1333 4715 1633 4779 Quomodo
1656 4733 1792 4789 ergo

127 4807 291 4862 intra
319 4805 614 4860 mundum
645 4803 1031 4860 concludendi
1077 4809 1235 4873 sunt,
1269 4805 1368 4875 qui
1404 4809 1693 4875 negantur
1722 4806 1794 4861 de

128 4894 358 4952 mundo
389 4897 565 4950 esse?
618 4893 690 4948 Et
733 4892 860 4949 ideo
908 4892 1265 4964 Apostolus:
1323 4914 1349 4941 ‹‹
1398 4893 1546 4955 Quid
1580 4893 1789 4965 inquit,

127 4985 276 5041 mihi
314 4985 386 5039 de
403 4983 518 5051 his,
543 4981 645 5054 qui
668 4983 809 5038 foris
831 4987 988 5047 sunt,
1005 4981 1274 5053 judicare
1291 4981 1318 5035 ?
1340 4981 1388 5052 (Ι
1408 4981 1528 5037 Cor.
1550 5000 1600 5052 v,
1627 4984 1737 5055 12.)
1763 5004 1790 5031 ››

122 5073 275 5130 Nam
306 5073 368 5128 in
405 5089 522 5128 una
541 5073 717 5128 domo
740 5087 942 5128 omnes
967 5071 1078 5126 sub
1107 5087 1222 5126 uno
1246 5076 1386 5126 sunt
1407 5071 1794 5128 nomine.Uno

121 5165 281 5219 enim
312 5163 552 5218 Domini
585 5161 679 5216 sui
702 5161 937 5216 nomine
960 5164 1276 5216 censentur
1303 5160 1793 5218 omnes.Mundus

122 5258 324 5309 autem
358 5251 604 5307 diversa:
635 5249 1019 5322 professionis
1051 5251 1308 5306 continet
1329 5249 1706 5315 homines,ita
1731 5255 1792 5305 ut

123 5343 396 5414 dispares
422 5342 816 5413 proﬁteantur
864 5356 927 5395 se
976 5339 1190 5394 habere
1241 5339 1380 5394 deos
1412 5344 1467 5393 et
1499 5339 1788 5394 dominos.

121 5432 246 5488 Non
280 5448 422 5505 ergo
455 5431 704 5486 domum
737 5445 1014 5501 magnam
1037 5428 1326 5483 mundum
1361 5427 1524 5497 dixit,
1559 5429 1659 5483 sed
1693 5429 1792 5483 Ec-

196 5559 387 5627 (4322)
408 5556 475 5611 In
499 5555 628 5610 cod.
682 5552 987 5625 impressis
1025 5555 1185 5627 post!
1202 5552 1443 5627 verbum
1466 5555 1557 5620 sit,
1580 5551 1794 5627 legitur

119 5623 318 5686 habeat
345 5623 541 5685 tamen
590 5643 724 5681 vasa
768 5623 967 5696 lignea
1021 5623 1072 5679 et
1121 5624 1339 5694 ﬁctilia.
1393 5625 1504 5696 illoc
1548 5626 1712 5678 modo
1741 5627 1791 5677 et

119 5702 381 5771 Ecclesia,
443 5715 733 5772 quaquam
777 5695 970 5754 sancta.
1027 5696 1269 5763 dicatur,
1310 5695 1466 5750 habet
1496 5700 1702 5764 tamen,
1735 5700 1792 5750 et

1903 4719 1994 4776 sui
2023 4723 2253 4774 tantum
2287 4712 3395 4785 amatores,avari,insolentss,superbi,
3425 4712 3550 4770 bla-

1904 4804 2503 4880 Sphemi,parentibus
2524 4820 2640 4858 non
2661 4804 3072 4874 obsequentes,
3095 4800 3328 4872 ingrati,
3362 4799 3551 4873 impii,

1903 4898 2028 4953 sine
2046 4895 2313 4962 ﬁde,sine
2325 4893 2654 4962 dilectione,
2671 4888 3554 4957 criminatores,incontinentes,

1902 4986 2180 5056 immites,
2203 4985 2491 5040 bonorum
2516 4981 2759 5050 inimici,
2783 4979 3130 5053 proditores,
3157 4977 3430 5050 protervi,
3462 4981 3557 5032 tu-

1903 5075 2069 5140 midi,
2100 5075 2465 5145 voluptatum
2488 5075 2778 5127 amatores
2802 5067 2991 5141 magis
3011 5083 3190 5140 quam
3209 5065 3561 5132 Dei,haben~

1902 5167 1990 5218 tes
2020 5164 2267 5218 formam
2302 5160 2556 5233 pietatis,
2589 5159 2863 5213 virtutem
2920 5158 3049 5228 ejus
3079 5155 3457 5227 abnegantes.
3491 5155 3559 5212 Et

1903 5252 2010 5307 hos
2042 5252 2254 5307 devita.
2292 5275 2312 5299 ι»
2348 5247 2656 5320 Prophetia
2684 5251 2771 5302 est
2801 5245 2922 5301 haec
2968 5244 3157 5300 sancti
3181 5241 3461 5316 Apostoli,
3494 5243 3555 5298 in

1902 5359 2017 5413 qua
2030 5340 2525 5413 praeviditquanta
2538 5335 2690 5392 mala
2705 5337 2904 5390 futura
2917 5338 3113 5390 essent
3129 5333 3555 5399 haereticorum,

1902 5436 2101 5485 essent
2130 5435 2187 5484 et
2213 5428 2572 5484 Judaeorum.
2607 5431 2672 5480 In
2719 5423 2811 5480 his
2842 5424 2999 5479 enim
3032 5424 3231 5480 omnia
3260 5422 3398 5488 ista,
3431 5438 3557 5493 quae

1902 5552 2146 5624 reliqua,
2180 5569 2305 5622 quae
2339 5554 2688 5624 sequuntur.

1973 5614 2155 5696 (1323')
2179 5614 2568 5678 Pmnitentiam
2591 5621 2808 5696 habent
2826 5637 3032 5676 omnes
3053 5619 3355 5689 lectiones,
3372 5617 3473 5675 sed
3493 5614 3555 5671 in

1901 5702 2099 5753 nostro
2129 5693 2255 5752 cod.
2287 5696 2614 5767 patientiam
2643 5693 2876 5765 legitur.
