3898 6410
149 415 267 478 697

725 419 1141 484 EXPOSITIO
1186 422 1264 482 IN
1312 416 1743 482 EPISTULAS
1787 414 2048 478 PAULI.
2084 447 2161 460 —
2193 416 2269 476 ΙΝ
2318 416 2568 482 EPIST.
2615 418 2670 479 Π
2713 418 2815 478 AD
2858 417 3024 481 TIM.

3467 418 3585 480 698

148 552 502 622 opportune,
566 550 903 624 importune
935 555 1142 627 (1327),
1187 572 1386 628 argue,
1436 553 1690 621 hortare,
1724 553 1816 607 in—
1847 549 1901 615 A
1930 551 2216 618 coronari,
2240 553 2379 623 quia
2409 553 2565 608 Deus
2587 554 2791 625 justus
2815 553 2998 624 judex
3021 551 3186 607 dabit
3214 551 3586 624 amplissima

149 653 348 711 crepa,
384 641 444 695 in
475 641 641 696 omni
693 642 1180 715 magnanimitate
1211 651 1267 700 et
1299 645 1586 700 doctrina.
1614 667 1643 695 »
1674 644 1817 698 Tam

149 727 406 784 sollicite
422 731 669 786 mandat
688 732 962 788 inviolate
987 735 1422 805 praedicandum
1453 734 1549 790 Dei
1572 734 1815 801 donum,

151 824 219 873 ut
247 835 389 874 cum
422 822 740 877 testatione
771 823 870 879 Dei
918 824 1130 890 Patris,
1163 829 1217 880 et
1247 823 1458 880 Christi
1508 822 1636 878 Filii
1666 823 1814 891 ejus,

151 906 267 962 hoc
300 914 539 965 moneat
569 913 918 979 curandum,
941 913 1401 984 instandumque
1431 913 1490 966 in
1521 929 1608 982 eo,
1633 916 1697 965 ut
1721 927 1814 964 as-

149 996 331 1053 sidua
391 999 824 1070 praedicatione,
869 1005 926 1056 et
971 1003 1176 1058 crebra
1223 1002 1629 1073 objurgatione
1678 1016 1813 1054 cum

150 1089 598 1158 opportunitate
625 1096 898 1161 provocet
929 1092 1001 1146 ad
1033 1090 1335 1147 meliorem
1369 1093 1714 1162 profectum.
1748 1089 1814 1143 Et

151 1178 217 1228 ut
255 1174 489 1232 facilius
540 1179 810 1249 arguenti
865 1179 1210 1248 assentiant,
1243 1181 1369 1235 sine
1419 1179 1811 1234 amaritudine

147 1263 262 1319 hoc
294 1265 590 1336 agendum
624 1267 913 1325 hortatur.

220 1374 252 1402 «
287 1354 410 1408 Erit
437 1355 596 1410 enim
635 1360 890 1428 tempus,
925 1374 1060 1413 cum
1093 1375 1297 1414 sanam
1333 1359 1657 1414 doctrinam
1691 1375 1806 1413 non

143 1443 550 1510 sustinebunt,
581 1445 682 1500 sed
716 1463 749 1501 a
778 1463 887 1502 sua
916 1447 1206 1503 desideria
1237 1450 1661 1505 coacervabunt
1691 1448 1805 1504 sibi

142 1531 487 1602 magistros,
512 1535 844 1604 prurientes
865 1537 1109 1591 auribus
1130 1553 1142 1592 :
1167 1542 1226 1592 et
1247 1555 1280 1591 a
1300 1537 1539 1593 veritate
1561 1539 1800 1609 quidam

139 1621 419 1675 auditum
441 1627 719 1685 averteut,
736 1625 806 1679 ad
831 1625 1064 1681 fabulas
1091 1643 1225 1681 vero
1248 1632 1715 1682 convertentur.»
1736 1629 1804 1682 Et

138 1707 268 1764 hac
298 1709 478 1765 simili
513 1712 687 1767 modo
719 1713 1044 1784 prophetia,
1070 1720 1159 1770 est
1181 1715 1368 1770 sancti
1390 1716 1673 1787 Apostoli,
1700 1716 1802 1788 qui

136 1797 428 1868 praescius
450 1799 1160 1866 fulurorum,instandum
1185 1804 1242 1858 in
1267 1804 1532 1860 doctrina
1552 1804 1800 1859 sollicite

1931 641 2169 711 praemia
2209 641 2589 714 diligentibus
2621 659 2702 707 se,
2733 646 2791 698 et
2837 642 3316 715 exspectantibus
3369 641 3581 697 Filium

1928 730 2056 800 ejus
2088 732 2157 785 de
2187 732 2368 788 caelis.

1999 843 2026 869 ‹‹
2060 821 2356 878 Sollicitus
2386 828 2508 878 esto
2529 824 2723 879 venire
2746 825 2816 878 ad
2842 840 2935 879 me
2962 840 3139 896 quam
3174 824 3452 896 primum.
3477 829 3579 879 De-

1929 926 2054 964 mas
2086 910 2241 966 enim
2277 927 2368 967 me
2399 912 2726 984 dereliquit,
2762 913 3012 985 diligens
3044 914 3151 968 hoc
3185 914 3487 983 saeculum,
3519 919 3576 970 et

1925 999 2067 1054 abiit
2087 1000 2586 1071 Thessalonicam,
2608 1004 2884 1058 Crescens
2905 1002 2963 1057 in
2992 1003 3486 1073 Galatiam,Titus
3514 1003 3572 1058 in

1925 1089 2293 1146 Dalmatiam.
2320 1093 2504 1147 Lucas
2527 1098 2615 1147 est
2637 1109 2866 1148 mecum
2894 1092 3076 1148 solus.
3105 1093 3364 1148 Marcum
3398 1110 3572 1148 assu-

1923 1195 2035 1241 me,
2061 1183 2117 1234 et
2147 1181 2337 1235 adhuc
2370 1186 2601 1236 tecum:
2631 1187 2720 1237 est
2752 1182 2909 1236 enim
2934 1180 3076 1237 mihi
3111 1181 3270 1236 utilis
3303 1181 3360 1236 in
3397 1181 3572 1236 mini-

1921 1268 2120 1323 sterio.
2170 1269 2489 1341 Tychicum
2549 1277 2746 1326 autem
2805 1271 2941 1327 misi
3002 1271 3320 1342 Ephesum.
3365 1293 3392 1318 ››
3424 1271 3569 1326 Cum

1918 1362 2144 1412 constet
2178 1375 2412 1414 omnem
2445 1360 2889 1416 instructionem
2916 1360 3071 1430 juris
3102 1359 3480 1415 ecclesiastici
3511 1359 3569 1414 in

1916 1445 2164 1516 epistola
2194 1449 2498 1516 contineri,
2534 1453 2769 1519 pr0pter
2808 1449 3052 1504 multam
3085 1452 3281 1503 tamen
3313 1448 3567 1503 charita-

1915 1538 2034 1589 tem
2070 1525 2438 1606 praesentiam
2482 1539 2610 1608 ejus
2659 1539 2971 1593 desiderat:
3007 1537 3198 1592 Marco
3247 1541 3442 1592 autem
3477 1537 3564 1591 id-

1915 1622 2065 1678 circo
2096 1625 2501 1680 testimonium
2541 1626 2827 1697 perhibet,
2863 1625 3003 1697 quia
3051 1642 3278 1682 memor
3304 1630 3393 1681 est
3425 1642 3563 1697 pree-

1911 1713 2218 1767 teritorum
2244 1716 2372 1785 ejus
2401 1714 2691 1770 laborum.

1985 1825 2010 1849 ‹‹
2047 1802 2351 1868 Penulam,
2386 1819 2566 1874 quam
2597 1803 2808 1874 reliqui
2839 1805 3064 1858 Troade
3095 1804 3250 1874 apud
3284 1803 3563 1874 Carpum,

137 1887 444 1958 prmeepit,
468 1891 533 1942 ut
563 1889 781 1943 ﬁrmati
812 1889 869 1944 in
899 1891 1034 1960 ﬁde,
1067 1896 1124 1946 et
1156 1893 1326 1948 bonis
1354 1893 1632 1964 operibus
1665 1911 1796 1949 cru-
1831 1923 1877 1987 Β
1909 1891 2151 1946 veniens
2171 1892 2891 1959 ail‘er,etlibros,maxime
2907 1898 3102 1949 autem
3127 1893 3561 1948 membranas.»

135 1974 244 2028 diti
271 1973 332 2029 in
358 1975 670 2047 disciplina
688 1994 834 2034 sana
852 1980 1080 2035 robusti
1104 1988 1398 2050 maneant,
1416 1988 1482 2037 ut
1502 1986 1798 2054 postremo
1831 1973 1876 1987 ³³
1907 1980 2223 2050 Apostolus
2243 1987 2454 2036 natura
2474 1982 2715 2038 Judaaus
2739 1983 2870 2049 fuit,
2896 1987 2951 2037 et
2983 1999 3087 2038 nec
3109 1981 3432 2054 quidquam
3466 1981 3562 2036 ha-

130 2066 574 2134 tempore,cum
599 2067 840 2138 quidam
865 2070 1150 2125 averitate
1171 2071 1242 2125 ad
1265 2087 1518 2128 errorem
1543 2073 1798 2129 converti

130 2151 444 2224 coeperint,
477 2155 813 2212 immobiles
844 2165 1234 2229 perseverent.
1260 2159 1431 2217 Tales
1469 2161 1624 2216 enim
1659 2162 1798 2217 dicit

129 2240 502 2313 futuros,qui
531 2259 634 2314 pro
664 2245 969 2302 desideriis
1000 2247 1125 2303 suis
1146 2250 1338 2304 doceri
1364 2266 1427 2305 se
1449 2251 1643 2317 velint,
1670 2257 1734 2306 ut
1763 2269 1798 2306 a

126 2329 444 2401 magistris
465 2333 894 2405 constantibus,
909 2341 967 2391 et
986 2337 1291 2393 veracibus
1313 2340 1385 2393 ad
1416 2339 1523 2395 hos
1555 2356 1792 2397 conver-

121 2423 358 2486 tantur,
379 2421 477 2490 qui
502 2420 626 2476 hinc
657 2422 786 2479 illos
809 2425 1073 2489 doceant,
1104 2442 1230 2497 quae
1252 2427 1500 2484 libenter
1524 2429 1791 2498 audiant,

119 2507 274 2578 quia
303 2508 522 2564 veritas
552 2509 672 2566 illis
701 2529 910 2584 aspera
929 2515 1178 2585 videtur,
1205 2521 1269 2571 ut
1289 2517 1492 2573 relicta
1524 2535 1667 2574 sana
1695 2521 1794 2575 do-

120 2596 320 2651 ctrina
350 2596 570 2653 fabulis
599 2607 822 2656 vacent.
859 2602 1079 2658 Nolunt
1116 2605 1268 2661 enim
1318 2609 1484 2678 argui
1535 2609 1794 2681 maligna

119 2700 310 2756 opera
339 2703 449 2741 sua
481 2703 494 2742 :
530 2705 712 2760 quare
755 2691 903 2747 tales
934 2691 1140 2749 volunt
1172 2695 1505 2767 magistros,
1539 2697 1640 2768 qui
1669 2714 1789 2752 ser-

120 2775 290 2831 viant
319 2777 592 2834 moribus
622 2795 848 2834 eorum.
880 2782 1162 2837 Pruriunt
1182 2784 1338 2838 enim
1361 2802 1532 2840 aures
1564 2802 1788 2853 eorum,

122 2868 194 2917 ut
225 2864 473 2918 audiant
517 2866 745 2922 fabulas
785 2869 1110 2926 vanitatum
1156 2873 1510 2944 compositas
1541 2877 1651 2929 sub
1687 2891 1789 2929 no-

126 2951 291 3007 mine
319 2953 846 3027 doctrinae,quibus
871 2958 1430 3028 delectentur.Quod
1457 2963 1635 3019 nullis
1668 2969 1789 3019 tam

126 3042 438 3113 proprium
470 3050 580 3113 est,
601 3062 778 3116 quam
809 3047 1281 3123 Manichaeis,qui
1317 3053 1509 3107 nescio
1532 3071 1659 3124 qua:
1686 3054 1789 3109 ha-

118 3130 266 3186 bent
296 3131 533 3188 diversa
561 3142 895 3192 commenta
937 3138 1157 3194 inflatis
1190 3141 1529 3198 nominibus
1559 3159 1787 3198 nuncu-

112 3225 281 3291 pata,
306 3237 443 3276 cum
469 3222 590 3278 sint
621 3241 712 3279 res
737 3225 974 3294 frivolae,
996 3233 1053 3283 et
1074 3231 1346 3300 quaedam
1378 3231 1782 3289 deliramenta.

1906 2068 2036 2123 buit
2065 2069 2342 2125 alienum.
2367 2071 2530 2126 Unde
2559 2087 2696 2142 ergo
2730 2071 2812 2126 illi
2847 2071 3098 2143 penula?
3127 2072 3236 2127 Sed
3270 2071 3404 2142 quia
3434 2075 3558 2126 erat

1906 2172 1940 2211 a
1969 2159 2167 2224 Tarso,
2201 2176 2350 2230 quos
2397 2164 2628 2215 constat
2661 2161 2715 2215 in
2767 2161 3104 2215 societatem
3157 2160 3554 2214 Romanorum

1906 2251 2188 2316 receptos,
2210 2251 2274 2301 ut
2303 2248 2374 2302 de
2401 2253 2607 2304 caetero
2639 2247 2791 2304 cives
2816 2247 3251 2320 appellarentur
3279 2248 3552 2316 Romani,

1904 2334 2119 2390 idcirco
2151 2339 2412 2405 necesse}
2431 2343 2522 2393 est
2562 2354 2661 2393 eos
2692 2341 2750 2392 et
2787 2338 3010 2392 curiam
3061 2337 3295 2403 habere,
3326 2337 3384 2391 in
3435 2354 3552 2408 qua

1904 2440 2064 2479 more
2097 2425 2495 2481 Romanorum
2524 2425 2784 2498 penulati
2817 2425 3182 2482 conveniant.
3208 2426 3552 2497 Quicunque

1902 2513 2055 2568 enim
2088 2514 2187 2569 illo
2213 2519 2477 2586 tempore
2500 2531 2632 2570 cum
2670 2515 3016 2571 muneribus
3038 2515 3268 2570 obviam
3299 2515 3556 2570 exissent

1903 2601 2204 2670 Romanis,
2247 2604 2619 2660 immunitate
2663 2609 2940 2676 perpetua
2977 2604 3389 2670 Idonati,cives
3441 2605 3550 2659 Ro-

1903 2693 2085 2760 mani,
2108 2699 2163 2748 et
2193 2693 2401 2748 fratres
2421 2709 2623 2748 eorum
2645 2693 3158 2764 nuncupabantur,
3183 2698 3329 2748 teste
3350 2694 3549 2748 eodem

1899 2782 2197 2852 Apostolo.
2233 2783 2428 2837 Potest
2475 2799 2611 2853 ergo
2643 2783 2787 2851 fieri,
2818 2787 2882 2836 ut
2930 2783 2978 2837 si
3029 2799 3146 2838 non
3191 2799 3381 2852 suam,
3416 2782 3553 2854 quia

1901 2876 2087 2929 totum
2124 2888 2187 2927 se
2218 2871 2330 2943 legi
2363 2872 2622 2938 dederat,
2645 2871 2830 2943 patris
2864 2871 2954 2927 sui
2985 2870 3228 2927 haberet
3251 2870 3547 2943 penulam.

1977 2981 2004 3012 α
2033 2961 2358 3016 Alexander
2386 2961 2630 3017 aerarius
2670 2961 2856 3016 multa
2900 2961 3053 3015 mala
3098 2961 3241 3015 mihi
3275 2961 3546 3016 ostendit.

1902 3050 2126 3106 Reddat
2165 3051 2348 3121 (1328)
2380 3049 2461 3104 illi
2512 3049 2794 3104 Dominus
2825 3049 3150 3104 secundum
3184 3065 3362 3121 opera
3392 3066 3501 3104 sua
3534 3065 3546 3102 :

1900 3156 2075 3210 quem
2107 3144 2162 3194 et
2193 3150 2256 3194 tu
2290 3138 2696 3194 devita.Valde
2718 3138 2873 3194 enim
2899 3137 3113 3192 restitit
3131 3138 3322 3193 verbis
3343 3139 3546 3193 meis.»

1896 3226 2223 3282 Alexander
2255 3229 2384 3295 iste,
2421 3231 2476 3282 et
2509 3227 2721 3282 Demas
2761 3227 3136 3298 supradictus
3167 3226 3401 3298 collega:
3433 3227 3551 3283 fue-

199 3330 225 3362 α
248 3310 338 3365 Tu
372 3327 504 3366 vero
537 3313 771 3370 sobrius
801 3292 1030 3383 esto,lin
1053 3292 1330 3374 omnibus
1361 3321 1610 3392 patiens,
1635 3338 1782 3393 opus
1816 3292 1860 3360 α
1898 3322 2054 3372 runt.
2091 3317 2156 3370 Hi
2192 3316 2353 3388 prius
2372 3292 2520 3371 eum
2572 3292 2853 3387 Apostolo
2877 3321 3043 3371 erant
3084 3292 3431 3372 simularites
3464 3315 3548 3371 illi

110 3399 204 3454 fac
227 3399 627 3472 evangelista,
653 3403 1046 3460 ministerium
1078 3412 1246 3462 tuum
1271 3408 1456 3479 exple.
1485 3411 1603 3481 Ego
1624 3411 1780 3466 enim

101 3489 232 3558 jam
267 3489 520 3559 delibor,
545 3496 603 3546 et
634 3495 865 3564 tempus
887 3493 1199 3551 solutionis
1234 3515 1376 3553 meae
1403 3497 1636 3554 instat.»
1665 3501 1781 3554 Ad-

107 3581 314 3632 monet
346 3583 405 3633 et
439 3578 725 3651 hortatur,
750 3586 814 3637 ut
837 3583 1056 3656 vigilet,
1082 3584 1140 3639 in
1172 3585 1485 3657 disciplina
1507 3588 1781 3644 ecclesia-

105 3666 259 3722 stica
287 3666 538 3723 viriliter
566 3674 723 3741 agat,
745 3671 1078 3743 Scripturas
1110 3673 1398 3745 explanet,
1427 3681 1489 3731 ut
1523 3678 1779 3749 pruden-

106 3759 218 3826 tes,
245 3759 304 3810 et
329 3755 548 3812 eruditi
571 3757 776 3814 inanes
806 3760 1034 3817 fabulas
1057 3763 1256 3818 vitent.
1282 3764 1596 3836 Apostolus
1619 3767 1776 3822 enim

107 3845 302 3899 sciens
336 3847 675 3916 passionem
722 3866 891 3905 suam
938 3851 1267 3918 imminere,
1301 3854 1634 3925 exemplum
1670 3857 1778 3927 pia:

107 3933 595 4002 conversationis,
620 3941 678 3991 et
729 3954 883 3992 sanae
916 3939 1197 3996 doctrinae
1230 3941 1289 3994 in
1321 3947 1525 3998 sancto
1576 3944 1771 4000 Timo-

107 4021 239 4078 theo
284 4023 414 4078 vult
460 4024 815 4097 relinquere,
848 4032 914 4082 ut
960 4045 1065 4099 per
1111 4032 1414 4086 traducem
1469 4049 1771 4104 nunquam

107 4111 386 4168 deessent
415 4113 685 4169 doctores
714 4115 930 4172 idonei.
965 4119 1184 4174 Tamen
1236 4119 1570 4190 passionem
1602 4138 1771 4177 suam

106 4199 530 4257 delibationem
554 4202 830 4275 appellat,
846 4205 960 4261 Deo
985 4207 1142 4262 enim
1166 4207 1645 4281 immolatur,qui
1670 4228 1774 4283 pro

97 4287 338 4358 justitia
362 4290 498 4360 ejus
530 4292 770 4362 patitur.

171 4400 198 4426 «
224 4378 541 4434 Certamen
564 4384 786 4436 bonum
810 4384 1047 4454 certavi,
1071 4402 1313 4442 cursum
1336 4392 1762 4466 consummavi,

103 4466 277 4522 ﬁdem
302 4468 532 4523 servavi
561 4486 574 4523 :
601 4471 755 4540 quod
783 4471 1076 4543 reliquum
1102 4481 1209 4544 est,
1234 4478 1494 4548 reposita
1515 4483 1604 4534 est
1627 4470 1775 4539 mihi

101 4571 322 4611 corona
345 4556 618 4629 justitizs,
644 4575 819 4630 quam
854 4561 1059 4616 reddet
1091 4563 1234 4619 mihi
1269 4569 1553 4624 Dominus
1584 4571 1640 4625 in
1672 4573 1774 4629 illa

1894 3406 2246 3472 amicitiam;
2293 3411 2350 3460 et
2393 3405 2531 3476 quia
2561 3405 2796 3460 fallaces
2829 3409 3092 3476 tempore
3128 3405 3546 3475 probabantur,

1892 3495 2066 3550 ambo
2097 3495 2168 3549 ab
2214 3510 2280 3548 eu
2328 3499 2715 3550 recesserunt.
2751 3493 2853 3548 Hic
2900 3498 3096 3548 aulem
3147 3492 3410 3564 aerarius,
3442 3494 3542 3564 qui

1893 3583 2170 3638 audacior
2222 3587 2346 3638 erat
2395 3582 2450 3636 in
2485 3581 2678 3650 malis,
2721 3583 3012 3654 sic(1329)
3045 3583 3117 3635 ab
3167 3597 3232 3635 eo
3277 3582 3538 3650 recessit,

1891 3677 1957 3726 ut
2013 3677 2069 3728 et
2126 3671 2516 3727 contradictor
2569 3671 2878 3726 verborum
2936 3672 3063 3742 ejus
3115 3672 3404 3727 existeret.
3431 3672 3540 3737 Qui

1889 3777 2025 3833 ergo
2051 3761 2327 3834 Apostolo
2359 3778 2540 3817 ausus
2571 3765 2694 3817 erat
2735 3761 3149 3827 contradicere,
3184 3777 3298 3815 non
3331 3760 3537 3815 imme-

1887 3852 1999 3906 rito
2031 3851 2368 3907 evitandum
2418 3851 2574 3906 hunc
2609 3852 2905 3917 admonet,
2937 3850 3038 3905 Dei
3081 3848 3306 3921 judicio
3357 3849 3537 3905 istum

1888 3941 2212 3995 dimittens.

1966 4049 1987 4077 «
2024 4029 2084 4083 In
2126 4029 2316 4100 prima
2359 4044 2490 4083 mea
2537 4028 2874 4083 defensione
2904 4044 3074 4082 nemo
3124 4027 3268 4082 mihi
3313 4025 3533 4097 adfuit;

1887 4118 1987 4174 sed
2019 4133 2224 4174 omnes
2255 4132 2348 4172 me
2369 4115 2827 4187 dereliquerunt.
2861 4115 2983 4171 Non
3006 4114 3125 4170 illis
3155 4116 3533 4187 imputetur.»

1884 4211 2251 4276 Pressuram,
2273 4211 2328 4260 et
2348 4205 2754 4260 tribulationes
2777 4204 2888 4260 sibi
2912 4203 3122 4271 illatas,
3137 4204 3535 4260 defensionem

1886 4314 2057 4353 suam
2089 4302 2413 4367 nuncupat.
2441 4294 2641 4351 Passio
2663 4294 2820 4350 enim
2844 4293 3191 4350 Christianis
3213 4295 3330 4350 vita
3351 4299 3457 4363 est,
3481 4300 3539 4350 et

1886 4385 2212 4457 persecuito
2234 4385 2516 4440 defensio.
2540 4385 2822 4440 Pressura
2851 4383 3005 4438 enim
3037 4383 3200 4437 illata
3233 4399 3335 4454 pro
3358 4383 3536 4453 justi-

1884 4475 1965 4529 tia
1997 4475 2268 4529 defendet
2301 4473 2463 4527 illum
2513 4473 2572 4527 in
2624 4473 2718 4527 die
2741 4471 2972 4541 judicii,
3006 4488 3133 4526 reos
3171 4471 3534 4527 constituens

1886 4564 2154 4634 perﬁdos.
2178 4563 2332 4617 Inter
2349 4563 2476 4633 ipsa
2493 4575 2630 4633 ergo
2649 4561 2816 4616 initia
2835 4560 3010 4615 illatae
3031 4573 3314 4632 pressura:
3334 4562 3532 4618 dereli-

101 4643 642 4716 diejustusjudex.
670 4647 795 4704 Non
817 4649 1011 4706 solum
1033 4657 1229 4708 autem
1253 4655 1420 4721 mihi,
1449 4659 1547 4714 sed
1573 4665 1629 4715 et
1649 4661 1764 4732 his,

1950 4668 2035 4707 1m
2060 4668 2121 4706 se
2137 4650 2545 4722 conqueritur;
2561 4654 2616 4704 et
2633 4650 2771 4721 quia
2787 4649 2897 4705 scit
2913 4649 3062 4720 hanc
3078 4666 3207 4706 esse
3224 4655 3533 4706 consuetu-

101 4733 200 4804 qui
235 4733 502 4806 diligunt
531 4737 848 4793 adventum
880 4739 1029 4810 ejus.
1057 4763 1085 4791 »
1118 4742 1348 4815 Omnia,
1383 4762 1514 4818 quae
1544 4750 1678 4821 sibi,
1712 4758 1768 4809 et

100 4823 331 4879 caeteris
363 4823 552 4896 utilia,
582 4830 640 4880 et
685 4843 966 4900 prospera
1008 4838 1226 4904 essent,
1257 4851 1522 4894 servasse
1551 4857 1613 4895 se
1645 4859 1766 4897 me-

100 4917 314 4968 morat.
360 4912 487 4968 Non
539 4913 733 4970 solum
764 4917 922 4972 enim
954 4920 1169 4988 verbis,
1195 4927 1283 4978 set
1310 4929 1368 4979 et
1398 4925 1456 4980 in
1488 4929 1766 4999 operibus

97 5001 351 5058 formam
384 5019 448 5058 se
481 5005 731 5075 praebuit
776 5006 1175 5076 audientibus,
1201 5017 1266 5066 ut
1295 5019 1352 5068 et
1400 5019 1621 5072 auctori
1656 5037 1762 5076 suo

95 5091 342 5146 veritate
369 5093 807 5164 praedicationis
839 5096 1028 5153 ﬁdelis
1060 5099 1438 5171 dispensator
1467 5105 1760 5177 existeret,

93 5183 150 5233 et
175 5185 388 5236 contra
420 5182 632 5236 mundi
651 5183 970 5258 principes,
995 5191 1053 5242 et
1075 5195 1394 5260 potestates
1417 5196 1576 5250 omni
1609 5197 1764 5252 solli-

93 5268 376 5336 citndine,
391 5274 449 5326 et
471 5271 682 5343 peritia
699 5272 1072 5346 colluctatus,
1093 5281 1448 5352 exemplum,
1467 5287 1760 5356 quomodo

94 5357 492 5430 vincerentur,
526 5359 915 5431 relinqueret;
950 5370 1007 5419 et
1054 5371 1121 5421 ut
1167 5367 1444 5426 inviolata
1471 5374 1757 5443 doctrina,

96 5452 150 5501 et
179 5449 386 5520 agonia
419 5447 756 5522 legitimum
797 5456 1093 5510 certamen
1126 5457 1334 5530 dignos
1380 5460 1513 5516 illos
1546 5463 1762 5522 faceret

129 5641 139 5651 _
165 5571 646 5657 (l327)_\’erbtim
691 5577 1024 5657 importune,
1058 5583 1211 5651 quod
1242 5582 1298 5639 in
1329 5587 1455 5641 cod.
1480 5588 1662 5657 deest,
1692 5607 1759 5648 ex

99 5639 288 5716 Vulg,
324 5639 382 5703 et
412 5648 645 5703 czeteris
674 5639 1062 5707 restituimus.

163 5718 178 5785 (
190 5718 349 5792 1328)
383 5719 553 5791 Vulg.
587 5717 795 5776 reddet.

1879 4741 2102 4805 dinem,
2127 4756 2242 4795 non
2266 4737 2386 4794 illis
2417 4738 2540 4794 vult
2562 4738 2864 4810 imputari,
2895 4739 3033 4811 quia
3062 4743 3118 4794 et
3149 4739 3464 4794 Dominum
3498 4756 3532 4795 a

1877 4830 2099 4886 Judzeis
2126 4828 2560 4901 apprehensum
2583 4827 2854 4901 discipuli
2882 4827 3246 4899 reliquerunt
3273 4844 3286 4883 :
3311 4829 3529 4900 quippe

1877 4935 2012 4974 cum
2044 4918 2332 4989 scriptum
2367 4918 2444 4972 sit
2475 4917 2533 4972 in
2565 4917 2887 4989 propheta:
2917 4941 2945 4967 «
2969 4917 3300 4972 Percutiam
3334 4922 3527 4988 pasto-

1876 5023 2032 5073 rem;
2067 5012 2126 5062 et
2155 5007 2567 5078 dispergentur
2596 5024 2730 5062 oves
2760 5007 2955 5079 gregis
2986 5006 3169 5079 (Zach.
3194 5023 3318 5077 xm,
3351 5008 3428 5078 7).
3460 5029 3488 5056 »

1947 5118 1976 5145 ‹‹
2007 5097 2288 5152 Dominus
2320 5101 2516 5151 autem
2545 5097 2732 5150 astitit
2763 5097 2929 5164 mihi,
2953 5101 3010 5151 et
3030 5096 3376 5152 confortavit
3408 5113 3524 5166 me,

1875 5189 1939 5240 ut
1969 5202 2070 5257 per
2102 5202 2194 5240 me
2238 5186 2570 5257 prazdicatio
2613 5185 2978 5257 impleretur,
3011 5191 3068 5241 et
3097 5186 3368 5241 audirent
3399 5203 3524 5242 om-

1873 5291 1978 5330 nes
2009 5281 2230 5347 gentes.
2257 5297 2284 5324 »
2312 5275 2552 5346 Propter
2582 5275 2737 5345 quod
2769 5275 3000 5330 Domini
3041 5275 3256 5330 Christi
3287 5275 3524 5332 auxiliis

1873 5367 2168 5419 munitum
2194 5379 2256 5419 se
2281 5363 2442 5434 dicit,
2458 5369 2514 5418 et
2545 5369 2781 5418 auctum
2813 5364 3044 5433 virtute,
3071 5370 3135 5420 ut
3165 5365 3524 5437 praedicatio-

1873 5469 2008 5508 nem
2040 5453 2309 5525 impleret
2340 5453 2398 5506 in
2423 5453 2699 5508 omnibus
2722 5455 3025 5525 gentibus;
3059 5455 3274 5510 idcirco
3298 5456 3521 5529 ignosci

1905 5595 2124 5722 ,(1323)
2156 5595 2364 5661 Verba,
2398 5597 2552 5651 hic...
2583 5599 2682 5662 sic,
2717 5600 2942 5666 adjecta
2984 5600 3143 5656 fuere
3173 5617 3241 5654 ex
3273 5599 3518 5676 impres-

1905 5684 1951 5722 is
1983 5684 2048 5722 co
2097 5709 2109 5722 .

1870 5683 1951 5724 818
1983 5683 2109 5726 COG.
