3898 6408
375 398 495 463 699

1395 409 1730 472 ATTONIS
1775 408 2355 473 VERCELLENSIS
2401 406 2751 470 EPISCOPI

3667 403 3785 467 700

381 535 529 604 petit
555 534 660 602 eis,
693 552 726 592 a
758 536 974 608 quibus
1003 539 1317 597 derelictus
1356 546 1446 598 est
1475 543 1535 597 in
1569 543 1936 609 necessitate,
1969 547 2035 597 ut
2063 543 2120 609 Α
2149 541 2410 597 domum.
2464 541 2704 596 Erastus
2747 536 3031 595 remansit
3077 535 3363 592 Corinthi.
3409 535 3787 610 Trophimum

383 623 530 678 bene
571 630 845 697 acceptus
876 645 909 682 a
938 628 1075 698 Deo,
1107 629 1425 686 vindictam
1474 648 1587 685 non
1639 636 1880 704 quaerat.
1916 632 2031 685 Hac

383 713 539 767 enim
573 731 753 770 causa
779 716 1034 788 amplius
1064 720 1331 788 adjutum
1366 737 1425 776 se
1455 721 1640 775 credit
1672 739 1705 774 a
1733 721 1869 790 Deo,
1895 720 2034 792 quia

385 801 696 858 derelictus
726 810 814 859 est
845 806 917 860 ab
956 806 1316 862 hominibus.

459 914 486 940 ‹‹
521 893 588 946 Et
618 891 899 948 liberatus
933 911 1063 948 sum
1115 897 1185 950 de
1233 913 1332 951 ore
1382 897 1586 954 leonis.
1623 898 1910 954 Liberavit
1940 915 2032 953 me

386 979 669 1036 Dominus
699 982 772 1036 ab
803 983 962 1036 omni
1002 999 1173 1053 Opere
1219 985 1391 1055 malo,
1426 991 1482 1042 et
1511 987 1739 1042 salvum
1772 988 1944 1042 faciet
1973 987 2031 1042 in

387 1084 564 1139 regno
595 1085 702 1122 suo
733 1069 969 1124 caelesti.
1004 1072 1107 1127 Cui
1141 1072 1321 1144 gloria
1351 1075 1409 1128 in
1441 1081 1742 1132 mternum.
1771 1083 1977 1132 Amen.
2004 1099 2032 1125 »

388 1156 667 1211 Similiter
724 1158 865 1212 dicit
920 1164 978 1214 et
1024 1164 1229 1217 Petrus
1280 1164 1650 1235 coapostolus
1696 1167 1844 1234 ejus,
1898 1165 2036 1236 quia

386 1245 753 1300 adversarius
784 1252 983 1302 noster
1014 1249 1283 1306 diabolus
1313 1253 1543 1320 circuit,
1575 1254 1848 1321 fremens,
1883 1254 2036 1308 sicut

383 1333 493 1398 leo,
527 1351 792 1404 quaarens
823 1352 999 1406 quem
1045 1339 1278 1395 devoret
1308 1343 1358 1412 (Ι
1386 1344 1533 1397 Petr.
1567 1359 1621 1411 v,
1655 1343 1728 1413 8).
1757 1344 1864 1397 Sed
1897 1342 2037 1412 quia

383 1421 443 1475 in
471 1423 749 1493 Apostolo
781 1425 1146 1482 occasionem
1180 1445 1295 1483 non
1329 1431 1681 1497 inveniebat,
1719 1448 1835 1502 qua
1864 1430 2033 1485 illum

386 1509 701 1581 deciperet,
732 1529 835 1582 per
865 1513 1016 1569 ﬁlios
1048 1532 1188 1570 suos
1228 1534 1563 1587 pressuram
1607 1519 1691 1573 illi
1726 1519 2031 1586 excitabat,

385 1603 442 1654 et
473 1617 694 1670 pmnas,
723 1607 789 1656 ut
819 1603 866 1656 si
902 1620 1017 1657 non
1069 1606 1236 1675 quasi
1271 1614 1558 1677 peccator,
1593 1607 1680 1664 vel
1729 1609 1899 1679 quasi
1941 1609 2034 1677 ju-

386 1693 537 1753 stus,
573 1689 644 1743 de
675 1689 783 1744 hac
814 1694 1008 1746 tamen
1041 1692 1342 1750 tolleretur
1369 1696 1508 1764 vita,
1543 1713 1614 1751 ne
1650 1695 1864 1751 multos
1897 1697 2038 1750 hor-

385 1780 609 1831 taretur
637 1779 709 1832 ad
761 1779 956 1835 ﬁdem.
991 1781 1153 1844 Quod
1203 1799 1336 1857 cum
1387 1801 1566 1855 prope
1615 1784 1902 1854 impleret,
1937 1785 2035 1840 Dei

388 1864 754 1972 providentia
780 1866 1062 1972 liberatus
1090 1871 1426 1942 Apostolus,
1457 1871 1706 1928 insultat
1742 1871 1848 1937 illi,
1880 1873 2037 1927 inﬁr-
2068 1907 2114 1972 Β

388 1969 554 2008 mum
601 1953 768 2009 illum
816 1956 1160 2026 testificans,
1195 1960 1330 2030 quia
1358 1961 1431 2015 de
1462 1978 1560 2016 ore
1616 1962 1744 2031 ejus
1801 1966 2036 2034 ereptus

387 2047 506 2109 est;
541 2043 678 2113 quia
707 2045 862 2114 quod
907 2047 1122 2116 cupivit
1150 2047 1412 2120 implere,
1446 2067 1562 2104 non
1614 2051 1820 2122 potuit.
1854 2050 2037 2121 Igitur

387 2130 488 2186 Dei
545 2131 778 2188 auxiliis
838 2135 1011 2189 morti
1059 2152 1121 2190 se
1173 2141 1436 2207 ereptum
1493 2138 1843 2209 gratulatur,
1877 2144 1934 2194 et
1964 2140 2035 2194 de

385 2219 747 2291 providentia
776 2223 1006 2278 Domini
1037 2229 1157 2279 tam
1201 2242 1442 2282 securus
1471 2231 1578 2292 est,
1617 2231 1682 2281 ut
1728 2233 1786 2282 et
1837 2229 1908 2282 de
1942 2228 2036 2282 fu-

386 2308 538 2362 turis
569 2310 990 2367 tentationibus
1025 2313 1254 2368 liberari
1279 2331 1341 2369 se
1366 2315 1582 2381 credat,
1609 2320 1667 2370 et
1697 2333 1811 2371 non
1847 2316 2037 2371 solum

390 2394 624 2451 liberari
654 2399 723 2452 ad
758 2415 1038 2469 presens,
1070 2418 1272 2457 verum
1318 2403 1494 2458 etiam
1527 2403 1754 2459 salvum
1785 2421 1847 2459 se
1877 2406 2039 2459 futu-

391 2501 523 2538 rum
555 2484 613 2539 in
646 2485 738 2541 die
777 2487 1011 2558 judicii,
1051 2495 1109 2545 et
1161 2496 1543 2562 regnaturum
1601 2509 1733 2548 cum
1799 2493 2039 2548 Domino

395 2573 624 2629 Christo
657 2575 714 2629 in
746 2580 960 2633 aeterna
991 2578 1221 2634 saecula.

475 2682 497 2711 α
532 2663 735 2719 Saluta
780 2665 1123 2733 Priscillam,
1167 2673 1224 2723 et
1263 2668 1560 2740 Aquilam,
1592 2675 1648 2726 et
1695 2669 2044 2742 Onesiphori

469 2822 651 2895 (1330)
679 2828 749 2880 In
777 2827 959 2896 prima
988 2826 1203 2900 legitur
1231 2827 1289 2883 in
1321 2830 1449 2885 cod.

2143 635 2336 685 autem
2372 629 2580 701 reliqui
2610 629 2912 683 infirmum
2946 626 3148 682 Mileti.
3177 625 3475 682 Sollicitus
3505 632 3631 682 esto
3664 630 3788 682 ante

2143 719 2397 777 hiemem
2430 718 2643 774 venire.
2677 740 2701 766 ο)
2723 716 2958 788 Aquila,
2981 722 3040 771 et
3071 715 3335 771 Priscilla
3364 715 3422 770 hi
3459 720 3618 780 sunt,
3643 717 3788 787 apud

2143 825 2292 880 quos
2322 809 2653 879 hospitatus
2683 807 3034 877 operabatur
3076 805 3369 860 manibus.
3397 805 3787 876 Onesiphorus

2144 901 2340 952 autem
2372 897 2466 951 hic
2495 895 2729 974 est,‘cui
2759 895 2928 950 testis
2953 899 3044 949 est
3070 894 3130 949 in
3162 895 3349 962 (1330)
3380 895 3638 950 secunda
3668 894 3787 966 Epi-

2145 985 2313 1041 stola.
2342 985 2489 1048 Quid
2539 989 2628 1039 est
2676 989 2896 1046 tamen,
2930 989 2996 1038 ut
3045 987 3332 1054 prasente
3359 983 3662 1054 Apostolo,
3695 983 3788 1054 qui

2145 1079 2407 1129 mortuos
2436 1074 2744 1138 excitabat,
2779 1072 3137 1144 Trophimus
3188 1073 3634 1127 inﬁrmaretur‘!
3683 1071 3787 1126 Sed

2143 1163 2317 1234 signa
2345 1167 2581 1234 propter
2610 1161 2944 1218 incredulos
2975 1161 3125 1217 facta
3149 1166 3310 1216 sunt.
3341 1162 3409 1215 Et
3439 1161 3579 1232 quia
3607 1177 3677 1217 ex
3707 1160 3789 1214 di-

2143 1253 2329 1306 versis
2369 1252 2566 1306 causis
2611 1251 2888 1305 meritum
2919 1249 3240 1305 collocatur
3287 1250 3442 1321 apud
3492 1254 3700 1315 Deum,
3733 1252 3792 1303 ut

2145 1345 2263 1396 sive
2296 1341 2394 1412 qui
2427 1341 2487 1395 in
2518 1339 2917 1405 tribulatione,
2942 1339 3060 1394 sive
3091 1338 3188 1409 qui
3221 1338 3281 1392 in
3313 1337 3660 1410 mgritudine
3683 1337 3790 1392 Deo

2145 1431 2364 1503 gratias
2394 1429 2532 1500 agit,
2557 1446 2662 1484 nec
2693 1429 2765 1484 ab
2799 1429 3042 1483 adversa
3072 1433 3234 1498 parte
3268 1426 3618 1498 suffragium
3650 1442 3795 1497 ques-

2146 1520 2243 1584 rit,
2269 1524 2332 1573 ut
2363 1517 2626 1589 proficiat
2650 1517 2874 1572 meritis
2904 1517 3059 1587 apud
3088 1517 3293 1571 Deum.
3320 1516 3559 1587 Propter
3579 1514 3793 1569 imbres

2147 1613 2365 1676 autem,
2398 1611 2455 1662 et
2498 1605 2715 1678 frigora
2761 1606 3146 1672 commonuit,
3180 1609 3245 1660 ut
3285 1610 3569 1660 autumno
3617 1605 3691 1659 ad
3739 1620 3795 1658 se

2145 1695 2384 1752 veniret.

2219 1807 2247 1835 (ι
2279 1785 2508 1840 Salutat
2561 1789 2618 1839 te
2679 1781 2956 1849 Eubulus,
2991 1787 3050 1838 et
3109 1783 3362 1853 Pudens,
3394 1787 3450 1837 et
3502 1782 3709 1848 Linus,
3742 1785 3792 1835 et

2144 1874 2404 1940 Claudia,
2429 1877 2485 1928 et
2514 1888 2718 1928 omnes
2749 1873 2976 1927 fratres.
3005 1895 3026 1920 ι
3062 1876 3216 1927 More
3245 1876 3522 1928 consueto
3553 1869 3790 1942 impleta

2147 1969 2237 2019 est
2268 1961 2525 2034 Epistola
2557 1961 2911 2017 salutatione
2941 1961 3210 2016 fratrum.

2217 2075 2243 2101 «
2271 2052 2552 2108 Dominus
2572 2051 2744 2106 Jesus
2766 2050 3035 2105 Christus
3057 2065 3190 2104 cum
3213 2047 3423 2120 spiritu
3447 2053 3571 2103 tuo.
3598 2048 3782 2104 Vale.-

2145 2145 2276 2194 ﬂaac
2307 2137 2656 2209 subscriptio
2704 2135 2965 2208 Apostoli
3004 2140 3136 2192 est:
3175 2136 3330 2206 quod
3379 2137 3623 2206 signum
3674 2149 3788 2190 esse

2147 2228 2287 2283 dicit
2315 2227 2375 2280 in
2407 2227 2566 2281 omni
2617 2225 2894 2296 Epistola.
2920 2227 2988 2280 Et
3016 2225 3157 2296 quia
3198 2223 3378 2279 Filius
3410 2225 3507 2278 Dei
3541 2224 3703 2278 idem
3733 2225 3790 2277 ti-

2146 2317 2262 2372 lius
2294 2315 2551 2370 hominis
2599 2321 2709 2382 est,
2743 2320 2800 2371 et
2839 2316 3013 2370 Jesus
3062 2314 3294 2377 dicitur,
3325 2317 3382 2368 et
3411 2312 3705 2377 Christus,
3737 2315 3794 2367 ut

2151 2410 2208 2460 et
2236 2405 2410 2460 homo
2457 2405 2841 2476 significetur,
2868 2407 2926 2459 et
2969 2402 3144 2469 Deus,
3178 2401 3411 2457 duobus
3460 2401 3795 2458 nominibus

2153 2497 2552 2565 nuncupatur.
2586 2493 2842 2563 Utroque
2889 2496 3085 2546 tamen
3128 2490 3366 2545 nomine
3412 2489 3678 2562 dignitas
3707 2490 3793 2546 de-

2154 2583 2441 2654 signatur,
2471 2599 2589 2653 qua
2619 2581 2841 2636 ratione
2872 2585 3010 2636 sunt
3036 2580 3226 2651 posita
3255 2578 3513 2634 nomina.

2367 2673 2526 2726 Finis
2554 2671 2814 2742 Epistolm
2841 2669 3088 2726 secundm
3114 2669 3188 2724 ad
3223 2669 3588 2724 Timotheum.

1598 3173 2124 3235 CAPITULATIO
2167 3175 2270 3233 AD
2314 3173 2563 3234 TITUM
2578 3217 2591 3230 .

466 3512 517 3567 1.
550 3513 744 3569 Titum
791 3515 1030 3572 instruit
1060 3519 1263 3590 quales
1297 3519 1507 3576 debeat
1549 3519 1852 3593 episcopos
1885 3519 2039 3575 ordi-
2073 3521 2115 3588 Ο
2155 3519 2420 3575 vivamus
2446 3537 2458 3575 :
2486 3523 2543 3575 et
2566 3522 2632 3573 ut
2659 3534 2794 3574 cum
2826 3517 2986 3573 omni
3018 3517 3264 3590 imperio
3294 3521 3526 3590 arguat,
3553 3520 3798 3590 potesta-

397 3618 535 3657 nare
570 3620 582 3658 :
619 3608 676 3658 et
706 3609 770 3659 ut
799 3606 1104 3662 Cretenses
1133 3607 1394 3679 increpet
1424 3610 1588 3664 dure.

463 3691 518 3743 2.
554 3691 699 3753 Quia
720 3693 918 3749 omnia
940 3696 1161 3750 munda
1183 3696 1420 3751 mundis
1450 3714 1463 3751 :
1488 3700 1544 3752 et
1573 3700 1639 3750 ut
1659 3713 1849 3762 senes,
1873 3714 2041 3766 anus,

387 3779 657 3848 juvenes,
691 3779 1142 3838 adolescentulae
1171 3785 1495 3840 castitatem
1531 3789 1784 3856 servent,
1813 3791 1869 3840 et
1895 3786 2043 3841 servi

395 3866 653 3923 dominis
685 3869 1106 3940 obtemperent.

465 3955 517 4010 3.
552 3956 698 4021 Quia
727 3960 1000 4030 apparuit
1029 3961 1218 4033 gratia
1262 3961 1358 4018 Dei
1389 3963 1664 4019 erudiens
1696 3979 1824 4030 nos,
1858 3968 1922 4018 ut
1953 3963 2046 4034 pie

2155 3609 2313 3664 tibus
2346 3608 2614 3663 subditos
2646 3623 2775 3663 esse
2802 3623 2863 3662 se
2893 3611 2950 3662 et
2977 3608 3294 3663 modestos.

2227 3698 2278 3750 [ι.
2305 3696 2451 3760 Quia
2477 3712 2712 3752 eramus
2743 3701 2800 3750 ct
2833 3713 2938 3751 nos
2960 3695 3275 3768 aliquando
3299 3694 3672 3767 insipientes.
3697 3693 3796 3749 Sed

2155 3783 2507 3856 benignitas,
2529 3789 2587 3839 et
2617 3783 2954 3840 humanitas
2983 3784 3101 3854 Dei,
3128 3801 3242 3839 non
3270 3801 3338 3840 ex
3360 3784 3639 3856 operibus
3671 3799 3795 3837 nos-

2154 3872 2486 3940 tris,salvos
2507 3888 2615 3928 nos
2638 3872 2773 3927 fecit
2797 3889 2808 3927 :
2835 3879 2892 3927 et
2919 3876 2983 3928 ut
3005 3872 3215 3929 stultas
3239 3873 3679 3945 quastiones,et
3700 3872 3799 3926 bae-

2157 3962 2403 4018 reticum
2436 3961 2736 4017 hominem
2761 3966 2894 4033 post
2921 3978 3101 4017 unam
3131 3961 3551 4018 correctionem
3575 3960 3795 4017 devitet.

1592 4144 1865 4204 AltGUM
1879 4143 2151 4204 BNTUM
2195 4141 2296 4200 AD
2341 4142 2612 4202 TITUM.

467 4295 664 4351 Titum
695 4298 1144 4355 commonefacit
1174 4306 1232 4354 et
1261 4299 1500 4355 instruit
1530 4301 1599 4356 de
1629 4301 2046 4356 constitutione

393 4385 740 4457 presbyteri,
772 4390 829 4442 et
858 4387 930 4442 de
957 4388 1209 4460 spiritali
1240 4389 1699 4460 conversatione,
1731 4393 1788 4445 et
1818 4388 2044 4444 haereti-

2158 4300 2242 4355 cis
2273 4300 2655 4372 vitandis,qui
2688 4301 2746 4354 in
2772 4299 3078 4372 scripturis
3105 4299 3365 4357 Judaicis
3395 4301 3648 4356 credunt
3665 4297 3798 4355 scri-

2157 4390 2303 4445 bens
2331 4390 2383 4444 ei
2416 4389 2488 4445 ab
2522 4391 2664 4445 urbe
2697 4391 2900 4445 Roma.

1168 4704 1630 4799 INCIPIT
1699 4703 2312 4797 EPISTOLA
2379 4705 2544 4797 AD
2616 4705 3026 4798 TITUM.

462 5049 621 5122 (CAP.
656 5052 726 5124 Ι.)
752 5074 780 5104 ‹‹
829 5051 1045 5108 Paulus
1092 5069 1295 5107 servus
1348 5051 1470 5107 Dei.
1497 5073 1526 5102 »
1559 5051 1707 5118 Quid
1758 5057 1848 5108 est
1893 5054 2049 5126 quod
2079 5056 2126 5122 D
2157 5055 2299 5110 dum
2332 5059 2650 5128 utrumque
2681 5072 2715 5112 a
2738 5055 2970 5113 Christo
3001 5055 3224 5111 dictum
3256 5060 3365 5127 est,
3390 5057 3683 5128 quomodo
3716 5055 3794 5109 in-

394 5137 656 5195 Salvator
713 5147 912 5198 noster
967 5159 1033 5196 ac
1091 5141 1378 5197 Dominus
1435 5140 1718 5213 apostolis
1776 5141 2044 5199 dixerit:

393 5250 420 5276 «
451 5227 478 5280 J
490 5245 580 5282 am
616 5245 731 5284 non
763 5231 953 5286 dicam
987 5247 1089 5287 vos
1119 5247 1338 5295 servos,
1363 5230 1462 5285 sed
1495 5230 1717 5285 amicos
1749 5231 1925 5302 (Joan.
1949 5249 2042 5298 xv,

395 5315 483 5385 15)
511 5333 523 5369 :
547 5336 573 5366 ι)
601 5322 658 5370 et
686 5319 951 5388 ejusdem
985 5311 1253 5391 magistri
1285 5318 1634 5390 discipulus,
1657 5319 1775 5375 imo
1805 5323 2044 5391 Aposto-

393 5400 512 5467 lus,
542 5403 600 5457 in
633 5421 746 5474 quo
777 5406 1043 5464 Christus
1073 5409 1442 5480 loquebatur,
1475 5409 1798 5464 nominavit
1828 5427 1889 5464 se
1918 5427 2040 5465 ser-

2161 5143 2342 5217 telligi
2374 5145 2600 5214 debeat,
2625 5145 2868 5200 solerter
2896 5145 3243 5201 intuendum
3275 5146 3475 5202 est.Ex
3495 5145 3590 5202 his
3611 5142 3792 5201 Domi-

2157 5233 2215 5288 ni
2244 5234 2436 5290 verbis
2485 5239 2646 5306 patet
2677 5235 2792 5290 duo
2835 5251 2963 5290 esse
3010 5249 3226 5306 genera
3274 5235 3438 5291 bona:
3488 5233 3791 5296 servitutis,

2157 5339 2340 5378 unum
2372 5323 2624 5389 timoris,
2659 5322 2818 5398 aliud
2852 5322 3215 5392 dilectionis;
3250 5340 3436 5378 unum
3469 5322 3790 5379 timentium

2152 5411 2638 5476 servorum,aliud
2661 5411 3117 5484 diligentium,et
3140 5411 3497 5484 placentium
3523 5411 3789 5468 ﬁliorum.

393 5505 528 5542 vum
549 5490 576 5543 ?
623 5491 734 5545 Sed
765 5499 822 5547 et
852 5495 1005 5550 idem
1040 5497 1321 5552 Dominus
1352 5496 1464 5553 alio
1508 5496 1633 5552 loco
1680 5498 1752 5552 ad
1801 5500 2038 5553 eosdem
2150 5499 2340 5555 Timet
2369 5499 2526 5554 enim
2556 5500 2789 5567 ancilla,
2824 5517 2896 5555 ne
2928 5499 3280 5572 ﬂagelletur;
3313 5501 3481 5555 timet
3511 5504 3784 5561 matrona,

395 5578 692 5645 apostolos
740 5581 978 5637 dixitzu
1016 5585 1194 5640 Dicite
1238 5601 1252 5641 :
1299 5586 1454 5641 Servi
1507 5586 1746 5642 inutiles
1794 5604 2035 5655 sumus;

2151 5605 2222 5643 ne
2251 5588 2506 5644 offendat
2535 5589 2800 5644 animum
2826 5588 2933 5643 viri
2979 5589 3091 5645 sui.
3124 5590 3235 5645 Sed
3268 5588 3567 5645 servitutis
3598 5587 3780 5651 timor,

398 5665 552 5738 quod
582 5667 892 5727 debuimus
923 5673 1129 5744 facere,
1156 5673 1399 5731 fecimus
1421 5677 1572 5745 (Luc.
1601 5693 1739 5746 xvn,
1774 5677 1879 5746 10).
1912 5698 1932 5726 ι
1971 5677 2040 5732 Et
2148 5675 2248 5748 qui
2269 5677 2447 5734 habet
2464 5678 2890 5751 pcsnam,foras
2913 5677 3094 5734 mittit
3112 5677 3428 5751 perfectam
3449 5675 3782 5734 charitatem
