3898 6414
86 427 197 492 ’101

721 431 1134 499 EXPOSITIO
1180 436 1257 498 IN
1304 440 1731 503 EPISTULAS
1775 439 2040 504 PAULI.
2073 471 2152 486 -
2179 439 2255 500 ΙΝ
2303 437 2548 502 EPIST.
2597 438 2700 500 AD
2744 436 2897 500 TIT.

3399 433 3516 495 702

92 565 139 635 (ι
163 565 329 622 Joan.
378 581 461 635 iv,
507 567 618 639 18).
672 569 969 626 Perfectus
999 575 1195 628 autem
1225 573 1522 630 servitutis
1554 575 1753 638 timor,
1783 576 1839 642 Α
1869 574 1977 630 tim
2000 578 2056 631 et
2071 578 2409 630 cisterarum
2435 573 2747 642 artium,et
2765 570 3077 637 earum,de
3100 570 3318 642 quibus
3337 584 3518 641 supra

95 671 210 710 non
234 654 433 710 solum
467 673 584 712 non
616 657 793 713 habet
821 674 1074 731 pmnam,
1100 662 1201 716 sed
1234 663 1307 716 ad
1339 663 1533 734 ipsum
1564 679 1758 734 perve-

95 745 260 800 nitur
285 761 391 817 per
413 743 700 818 laetitiam,
718 746 1034 804 Psalmista
1054 748 1340 806 hortando
1361 757 1633 818 testante,
1655 751 1757 824 qui

97 833 182 889 ait
213 850 228 888 :
279 857 307 882 ‹‹
343 834 600 890 Laatetur
630 851 728 891 cor
758 852 979 903 meum,
1014 842 1078 893 ut
1107 838 1313 895 timeat
1343 857 1553 897 nomen
1586 845 1755 896 tuum

100 922 276 992 (Psal.
312 939 519 989 LXXXV,
561 924 688 994 11);
725 946 752 973 »
801 929 859 980 et
905 925 1117 983 iterum
1153 947 1166 984 :
1220 952 1245 979 ‹‹
1282 930 1482 985 Timor
1533 929 1758 985 Domini

101 1016 346 1068 sanctus
376 1016 681 1083 permanet
727 1014 786 1068 in
837 1015 1116 1072 saeculum
1164 1019 1359 1073 saeculi
1392 1020 1562 1089 (Psal.
1594 1036 1758 1087 xvni,

104 1102 213 1171 10).
246 1120 274 1151 n
311 1105 480 1156 Hunc
511 1119 769 1174 namque
800 1104 1072 1161 timorem
1105 1106 1325 1163 habent
1353 1112 1409 1162 et
1439 1109 1626 1164 sancti
1660 1125 1761 1163 an-

100 1189 236 1262 geli,
271 1207 450 1262 quem
484 1191 738 1262 profecto
770 1191 1099 1249 habuerant
1146 1200 1202 1250 et
1250 1197 1436 1252 sancti
1487 1196 1754 1268 apostoli,

101 1295 201 1351 per
221 1281 542 1335 adventum
576 1281 801 1337 scilicet
823 1282 1077 1354 Spiritus
1100 1286 1310 1351 sancti,
1338 1303 1439 1357 per
1459 1304 1634 1358 quem
1659 1287 1760 1341 de-

101 1369 334 1425 scendit
366 1368 622 1424 charitas
666 1370 724 1424 in
769 1371 1045 1428 cordibus
1080 1375 1316 1430 nostris.
1353 1375 1570 1431 Idcirco
1619 1381 1675 1432 et
1728 1394 1762 1432 a

101 1457 356 1514 Domino
388 1476 502 1513 non
535 1459 673 1514 dicti
706 1464 846 1515 sunt
876 1462 1044 1528 servi,
1071 1464 1171 1518 sed
1205 1464 1399 1528 amici,
1429 1465 1529 1536 qui
1561 1470 1759 1520 tamen

101 1552 158 1602 et
187 1564 222 1601 a
253 1547 613 1620 semetipsis,
637 1552 694 1603 et
723 1567 756 1604 a
776 1549 1022 1606 Domino
1047 1551 1183 1606 dicti
1210 1559 1349 1608 sunt
1373 1555 1559 1609 servi:
1596 1554 1764 1608 nimi-

101 1653 236 1691 rum
274 1653 388 1691 non
421 1653 490 1692 ex
524 1636 751 1704 timore,
786 1640 887 1694 sed
921 1656 1118 1696 amore
1150 1646 1263 1697 Deo
1299 1643 1585 1714 placendi.

173 1753 201 1775 ιι
237 1725 558 1797 Apostolus
581 1731 777 1782 autem
800 1727 937 1784 Jesu
962 1729 1196 1785 Christi.
1222 1753 1250 1780 ››
1284 1732 1570 1790 Discrevit
1589 1736 1763 1790 servi-

98 1819 291 1871 tutem
325 1815 398 1870 ab
429 1815 758 1888 apostolatu
791 1834 804 1885 ;
838 1818 978 1889 quia
1005 1835 1120 1873 non
1154 1821 1370 1890 omnis,
1403 1824 1502 1894 qui
1535 1841 1758 1894 servus,

101 1904 309 1960 statim
365 1908 423 2005 et
461 1903 795 2005 “apostolus,
828 1908 929 1962 sed
979 1910 1316 1982 quicunque
1355 1912 1658 1983 apostolus
1705 1919 1840 2005 etB

101 2011 332 2050 servus.
366 1993 479 2049 Sed
512 1993 728 2050 Paulus
760 1995 889 2051 ideo
921 1997 1242 2069 apostolus,
1277 2001 1416 2070 quia
1448 2001 1642 2074 ipsum
1675 2005 1765 2059 Je-

99 2100 232 2139 sum
288 2083 592 2138 Christum
642 2083 863 2140 missus
912 2085 1100 2141 fuerat
1148 2089 1485 2159 praedicare.
1536 2092 1603 2146 Et
1653 2091 1761 2148 hoc

99 2172 438 2239 sciendum,
474 2173 615 2244 quia
662 2173 710 2228 si
757 2173 946 2241 Pater,
977 2179 1035 2230 et
1081 2175 1262 2232 Filius
1296 2195 1480 2233 unum
1513 2186 1672 2251 sunt,
1705 2186 1762 2237 et

99 2263 194 2334 qui
230 2261 555 2318 crediderit
585 2260 643 2316 in
676 2262 908 2332 Filium,
941 2264 1124 2320 credit
1155 2269 1212 2321 et
1242 2266 1300 2322 in
1334 2271 1587 2325 Patrem.
1617 2270 1763 2332 Quia

97 2350 316 2418 omnis,
341 2351 442 2423 qui
479 2367 595 2406 non
619 2352 802 2406 credit
831 2352 890 2406 in
918 2352 1152 2425 Filium,
1177 2372 1282 2410 nec
1306 2361 1534 2413 Patrem
1564 2357 1758 2414 habet.

95 2440 358 2496 Servitus
380 2439 580 2512 itaque
602 2439 1000 2498 indifferenter
1025 2444 1275 2515 apostoli
1301 2445 1487 2517 Pauli,
1512 2447 1665 2502 sicut
1689 2449 1760 2503 ad

97 2534 360 2599 Patrem,
392 2528 476 2584 ita
514 2530 587 2585 ad
621 2529 831 2585 Filium
867 2531 1171 2588 referenda
1200 2538 1308 2590 est.

167 2643 196 2669 (ί
227 2617 571 2675 Secundum
594 2619 766 2676 fidem
788 2619 1108 2678 electorum
1125 2623 1252 2692 Dei;
1276 2646 1303 2672 ››
1328 2625 1384 2679 id
1411 2629 1516 2695 est,
1533 2643 1761 2695 eorum,

100 2709 194 2782 qui
218 2725 343 2764 non
368 2711 605 2764 tantum
627 2708 811 2764 vocati
835 2714 992 2779 sunt,
1013 2711 1112 2766 sed
1136 2716 1194 2768 et
1214 2711 1404 2769 electi.
1430 2714 1761 2772 Electorum

101 2815 338 2870 quoque
369 2798 638 2869 ipsorum
662 2814 878 2871 magna
899 2799 1207 2857 diversitas
1227 2811 1336 2869 est,
1361 2821 1465 2875 pro
1485 2805 1762 2860 varietate

101 2893 464 2960 temporum,
491 2903 798 2955 sensuum,
823 2892 1000 2959 atque
1030 2905 1389 2947 sermonum.
1415 2893 1530 2948 Nec
1561 2894 1762 2951 statim

104 2977 198 3048 qui
228 2975 462 3032 electus
492 2975 592 3030 Dei
639 2980 750 3046 est,
777 2975 868 3032 vel
907 2979 1078 3049 juxta
1125 2979 1468 3036 electionem
1500 2984 1764 3054 possidet

104 3066 302 3132 fidem,
339 3063 429 3120 vel
470 3066 641 3136 juxta
687 3065 861 3121 fidem
911 3065 1088 3123 habet
1134 3069 1440 3125 scientiam
1477 3072 1758 3128 veritatis.

99 3154 204 3210 Sed
234 3154 433 3226 (1331)
463 3153 792 3210 secundum
823 3170 953 3212 eam
986 3156 1184 3224 Iidem,
1207 3175 1386 3229 quam
1417 3159 1531 3231 ipsi
1561 3160 1758 3217 infun-

99 3243 197 3308 dit,
231 3248 290 3298 et
325 3241 470 3298 facit
501 3243 827 3309 credentes,
861 3260 1009 3315 quos
1059 3250 1116 3300 et
1158 3245 1216 3301 in
1257 3248 1624 3319 prmscientia
1651 3267 1760 3306 sua

97 3331 285 3405 elegit,
320 3332 480 3386 sicut
511 3331 690 3388 dicit:
726 3354 755 3382 «
787 3333 914 3388 Non
947 3351 1048 3390 vos
1079 3351 1172 3390 me
1202 3335 1483 3409 elegistis,
1517 3339 1615 3394 sed
1649 3354 1754 3411 ego

95 3420 232 3494 elegi
266 3437 380 3477 vos
411 3421 598 3490 (Joan.
629 3437 719 3490 xv,
755 3422 864 3492 16).
905 3445 925 3471 ι

159 3534 186 3560 α
218 3515 286 3566 Et
301 3509 672 3582 agnitionem
691 3510 972 3578 veritatis,
989 3529 1116 3584 qua:
1133 3515 1457 3570 secundum
1481 3515 1754 3586 pietatem

93 3604 192 3655 est.
217 3622 246 3650 ››
279 3600 477 3671 (1332)
511 3599 802 3664 Quaritur
831 3616 1013 3671 quare
1044 3602 1115 3656 ad
1148 3602 1204 3657 id
1237 3604 1392 3675 quod
1426 3604 1509 3659 ait
1544 3623 1556 3661 :
1591 3628 1618 3655 ‹‹
1659 3605 1755 3661 Se-

91 3690 342 3746 cundum
370 3689 554 3744 fidem
584 3686 898 3744 electorum
924 3689 1046 3759 Dei,
1071 3695 1128 3746 et
1157 3693 1517 3764 agnitionem
1539 3695 1752 3751 verita-

91 3778 181 3849 tis,
215 3801 243 3827 ››
291 3776 576 3834 Junxerit
608 3793 620 3831 :
677 3798 704 3827 «
736 3777 872 3841 Quis
903 3780 1231 3834 secundum
1265 3781 1541 3853 pietatem
1574 3789 1685 3840 est.
1723 3807 1751 3835 »

95 3871 283 3922 utrum
309 3882 456 3922 nam
489 3864 568 3921 sit
589 3863 786 3936 aliqua
804 3866 1040 3933 veritas,
1066 3884 1194 3939 quae
1217 3885 1332 3925 non
1355 3870 1414 3926 in
1442 3871 1654 3943 pietate
1676 3873 1754 3930 sit

93 3955 291 4026 posita,
325 3959 389 4010 et
439 3969 597 4008 nunc
645 3954 716 4010 ad
767 3953 1206 4012 distinctionem
1260 3957 1418 4014 illius
1467 3960 1753 4018 inferatur

95 4044 303 4116 agnitio
334 4043 630 4110 veritatis,
677 4065 706 4092 ‹‹
739 4059 867 4114 qua:
908 4045 1235 4101 secundum
1269 4047 1544 4117 pietatem
1577 4054 1684 4104 est.
1717 4072 1749 4100 »

94 4133 186 4188 Est
215 4132 391 4204 plane
413 4130 654 4200 veritas,
679 4149 805 4204 qua
838 4150 953 4188 non
987 4132 1164 4189 habet
1194 4135 1490 4208 pietatem.
1521 4138 1580 4192 Si
1613 4140 1750 4210 quis

93 4221 540 4291 grammaticam
591 4225 776 4276 artem
829 4221 1074 4286 noverit,
1114 4222 1198 4277 vel
1255 4224 1642 4295 dialecticam,
1686 4232 1752 4284 ut

93 4310 369 4366 rationem
409 4315 567 4365 recte
597 4308 881 4381 loquendi
927 4309 1160 4378 habeat,
1192 4316 1248 4367 et
1293 4313 1448 4369 inter
1497 4315 1646 4370 falsa
1694 4322 1752 4372 et

93 4413 217 4454 vera
245 4398 563 4471 dijudicet.
599 4397 928 4454 Geometria
966 4416 1221 4472 quoque,
1256 4405 1310 4457 et
1356 4403 1746 4470 arithmetica,

92 4491 142 4540 et
171 4488 409 4544 musica
431 4486 651 4542 habent
675 4485 733 4542 in
765 4504 874 4542 sua
895 4488 1141 4543 scientia
1158 4489 1482 4556 veritatem,
1506 4493 1608 4547 sed
1631 4510 1747 4549 non

89 4580 170 4629 est
198 4575 300 4632 illa
330 4575 587 4632 scientia
616 4575 872 4647 pietatis.
905 4575 1158 4632 Scientia
1190 4577 1424 4648 pietatis
1452 4585 1543 4635 est
1574 4597 1744 4638 nosse

1867 663 2223 719 mentionem
2254 663 2520 731 fecimus,
2547 664 2716 733 juxta
2744 661 3051 716 veritatem
3082 664 3170 715 est
3201 659 3406 730 (1333).

1940 775 1969 801 «
2005 757 2066 806 ln
2098 769 2261 824 spem
2292 753 2422 806 vitas
2454 756 2698 806 aeternae.
2730 774 2757 801 »
2793 752 2919 805 Haac
2950 748 3132 822 igitur
3159 749 3394 813 veritas,
3421 763 3518 802 cu-

1870 841 1963 911 ius
1984 841 2203 913 agnitio
2225 843 2398 913 juxta
2423 841 2700 912 pietatem
2735 847 2840 906 est,
2865 839 2923 894 in
2957 855 3121 910 spem
3145 837 3270 893 vitae
3292 842 3515 892 aeternas

1871 931 2062 1001 posita
2091 935 2214 997 est;
2248 929 2386 1002 quia
2416 930 2617 986 statim
2649 930 2720 999 ei,
2755 928 2856 1000 qui
2888 945 2950 984 sc
2980 926 3336 1000 cognoverit,
3369 941 3516 998 pras-

1870 1018 2055 1074 mium
2086 1019 2295 1074 tribuit
2324 1018 2808 1075 immortalitatis.
2842 1018 3079 1089 Absque
3120 1017 3335 1087 pietate
3382 1031 3516 1070 vero

1870 1108 2080 1162 notitia
2108 1108 2368 1163 veritatis
2390 1109 2639 1164 delectat
2666 1109 2734 1163 ad
2769 1124 3044 1178 praesens,
3070 1106 3171 1161 sed
3200 1105 3258 1159 in
3290 1103 3516 1160 aeterni-

1869 1201 1987 1251 tate
2029 1197 2331 1267 praemium
2373 1215 2489 1252 non
2537 1197 2730 1252 habet.

1941 1310 1967 1336 «
2003 1286 2187 1349 Quam
2214 1287 2484 1357 promisit
2505 1287 2606 1358 qui
2631 1305 2744 1342 non
2769 1286 3067 1350 mentitur,
3088 1285 3240 1340 Deus
3262 1284 3467 1354 (1334).
3493 1304 3520 1331 ››

1869 1375 1925 1430 Si
1980 1393 2096 1431 non
2147 1377 2450 1442 mentitur,
2484 1376 2780 1448 agnoscite
2827 1377 3150 1442 veritatem,
3201 1380 3258 1428 et
3306 1373 3519 1428 veritas

1871 1464 2141 1520 liberabit
2161 1483 2262 1522 vos
2289 1483 2300 1532 ;
2331 1466 2471 1537 quia
2489 1466 2702 1521 veritas
2726 1466 2992 1521 Christus
3013 1469 3120 1531 est,
3145 1468 3201 1518 et
3222 1480 3337 1518 non
3361 1461 3519 1517 aliud

1871 1553 2122 1621 exhibet,
2158 1571 2334 1625 quam
2368 1555 2656 1626 promisit,
2688 1560 2746 1609 et
2785 1554 2968 1625 justis
3008 1551 3246 1619 scilicet,
3274 1556 3332 1606 et
3359 1551 3521 1621 inju-

1873 1644 2003 1709 stis,
2018 1643 2285 1713 quamvis
2302 1644 2516 1699 durum
2539 1644 2647 1700 hoc
2672 1643 3013 1698 hominibus
3032 1641 3299 1696 videatur
3314 1640 3520 1711 (1335).

1872 1731 1973 1786 Vel
2005 1731 2088 1788 sic
2113 1733 2514 1804 accipiendum
2541 1750 2554 1788 :
2588 1733 2748 1798 Quod
2779 1732 3048 1804 promisit
3070 1729 3336 1795 Abrahzs,
3365 1729 3522 1800 quod

1873 1820 2351 1876 benedicerentur
2382 1821 2439 1876 in
2473 1823 2600 1892 ipso
2631 1838 2836 1877 omnes
2867 1824 3092 1891 gentes,
3125 1819 3244 1874 hac
3273 1817 3333 1872 in
3365 1816 3524 1870 Chri-

1872 1912 1962 1963 sto
2000 1907 2264 1980 implevit
2313 1927 2416 1982 per
2469 1910 2943 1980 praedicationem
2973 1907 3220 1980 apostoli
3252 1905 3437 1973 Pauli,
3467 1909 3526 1960 et

1871 2000 2210 2053 casterorum
2249 2000 2377 2068 ejus
2421 1998 2912 2071 coapostolorum.

1943 2107 1971 2133 «
2004 2091 2153 2140 Ante
2203 2091 2467 2160 tempora
2518 2087 2838 2144 secularia.
2892 2086 3278 2143 Manifestavit
3324 2090 3522 2141 autem

1870 2175 2237 2245 temporibus
2254 2177 2380 2232 suis
2400 2178 2644 2232 verbum
2667 2193 2842 2232 suum
2866 2194 2925 2230 in
2950 2175 3375 2248 praedicatione,
3392 2191 3520 2246 qum

1871 2263 2091 2319 credita
2144 2270 2232 2319 est
2272 2265 2413 2320 mihi
2448 2266 2653 2337 (1336).
2687 2288 2715 2315 »
2770 2266 2911 2321 Ecce
2941 2265 3087 2320 dixit
3115 2265 3270 2336 quod
3305 2263 3524 2319 fuerint

1871 2357 2134 2424 tempora
2164 2359 2398 2421 mterna,
2433 2372 2562 2426 quas
2595 2361 2792 2410 tamen
2824 2371 2940 2410 non
2979 2354 3219 2410 fuerunt
3261 2354 3377 2408 Deo
3427 2369 3522 2409 co-

1871 2447 2104 2496 aaterna.
2122 2442 2424 2514 Siquidem
2449 2443 2544 2500 ille
2561 2449 2694 2500 ante
2711 2448 2976 2516 tempora
2997 2441 3390 2505 saeculariadd
3411 2445 3521 2510 est,

1871 2534 2083 2585 aeterna
2105 2547 2219 2586 non
2243 2531 2436 2586 solum
2459 2537 2601 2597 erat,
2622 2549 2821 2588 verum
2846 2532 3022 2588 etiam
3046 2531 3318 2604 promisit
3341 2529 3522 2585 vitam

1870 2621 2171 2687 aiternam,
2205 2637 2384 2691 quam
2434 2621 2828 2677 manifestavit
2873 2620 3238 2692 temporibus
3283 2619 3428 2684 suis,
3464 2617 3522 2673 id

1871 2711 1978 2775 est,
2013 2709 2308 2780 congruis.
2343 2709 2490 2775 Quid
2522 2709 2681 2764 aliud
2712 2709 2968 2764 Verbum
3001 2726 3180 2764 suum
3201 2707 3229 2761 ‘P
3260 2709 3388 2778 Ipse
3433 2710 3524 2762 est

1871 2795 2028 2850 enim
2059 2796 2177 2851 vita
2204 2802 2438 2854 aeterna.
2474 2799 2774 2862 Quomodo
2817 2803 3014 2854 autem
3062 2795 3353 2868 promisit,
3387 2812 3522 2850 cum

1871 2881 2213 2942 hominibus
2245 2887 2448 2958 utique
2487 2888 2842 2959 promiserit,
2877 2887 2975 2958 qui
3026 2887 3288 2943 nondum
3332 2888 3518 2951 erant,

1872 2977 2006 3028 ante
2036 2978 2302 3046 tempora
2330 2981 2566 3046 aeterna,
2599 2977 2711 3033 nisi
2744 2977 2882 3049 quia
2912 2977 2971 3030 in
3015 2976 3146 3047 ejus
3175 2973 3520 3038 aeternitate,

1871 3066 2047 3132 atque
2098 3065 2155 3118 in
2203 3066 2330 3136 ipso
2360 3064 2549 3120 Verbo
2585 3067 2716 3136 ejus
2747 3065 2934 3120 eidem
2967 3067 3271 3132 coaeterno,
3298 3063 3423 3133 jam
3459 3062 3519 3116 in

1871 3151 2383 3222 praedestinatione
2405 3155 2585 3210 fixum
2607 3157 2750 3223 erat,
2775 3153 2931 3226 quod
2953 3170 3060 3208 suo
3081 3156 3344 3224 tempore
3367 3152 3521 3206 futu-

1872 3255 2002 3295 rum
2037 3247 2160 3296 erat
2181 3241 2210 3295 ?

1947 3350 1975 3379 «
2008 3330 2343 3386 Secundum
2375 3335 2730 3404 praeceptum
2760 3330 3071 3388 Salvatoris
3111 3329 3295 3387 nostri
3333 3329 3455 3386 Dei.
3491 3351 3521 3381 »

1863 3419 1987 3474 Non
2019 3419 2114 3475 hic
2147 3420 2299 3475 alius
2329 3420 2684 3493 intelligitur
2714 3419 2977 3476 Salvator
3007 3426 3182 3487 Deus,
3215 3437 3393 3492 quam
3425 3419 3519 3475 Fi-

1863 3506 1999 3562 lius.
2023 3510 2148 3579 Ipse
2169 3509 2325 3564 enim
2353 3527 2530 3575 unus,
2553 3509 2829 3581 idemque
2851 3526 2982 3566 cum
3007 3510 3197 3577 Patre,
3216 3513 3274 3564 et
3293 3508 3515 3581 Spiritu

1863 3602 2087 3668 sancto,
2121 3615 2295 3664 unus,
2329 3604 2387 3653 et
2413 3616 2585 3654 verus
2614 3598 2877 3654 Salvator
2919 3604 2976 3653 et
3008 3600 3158 3653 Deus
3189 3603 3296 3652 est.

1935 3709 1962 3736 ‹‹
1996 3686 2124 3742 Tito
2155 3687 2368 3743 dilecto
2418 3687 2559 3744 ﬁlio.
2595 3710 2624 3738 ››
2670 3688 2866 3744 Titum
2900 3687 3088 3742 {ilium
3121 3703 3295 3743 suum
3327 3691 3511 3753 vocat,

1863 3777 2085 3833 scilicet
2112 3777 2401 3845 doctrina,
2432 3776 2719 3851 exemplo,
2751 3777 3100 3848 eruditione,
3129 3781 3304 3849 atque
3333 3776 3512 3832 disci-

1861 3865 2041 3938 plina,
2078 3883 2192 3921 non
2225 3870 2420 3922 tamen
2453 3872 2683 3936 natura,
2717 3889 2746 3918 α
2779 3867 3105 3922 secundum
3137 3882 3513 3922 communem

1861 3955 2059 4010 Iidem.
2099 3977 2125 4003 »

1933 4043 2118 4114 (1337)
2150 4043 2493 4098 Utramnam
2527 4043 2817 4112 omnium,
2849 4043 2950 4114 qui
2999 4044 3059 4096 in
3108 4041 3338 4096 Christo
3388 4057 3512 4097 cre-

1860 4132 2099 4198 debant,
2133 4147 2508 4187 communem
2540 4131 2750 4186 dixerit
2783 4131 2980 4196 fidem,
3005 4147 3078 4185 an
3111 4146 3507 4202 communem,

1859 4239 2028 4278 suam
2061 4226 2294 4277 tantum
2325 4226 2382 4276 et
2401 4221 2516 4277 Titi
2537 4221 2565 4275 ?
2594 4221 2755 4284 Quod
2778 4219 3017 4292 quidem
3050 4219 3260 4275 melius
3282 4219 3514 4275 videtur

1859 4310 2104 4382 apostoli
2122 4310 2306 4379 Pauli,
2321 4311 2505 4366 etTiti
2525 4311 2699 4366 ﬁdem
2720 4310 2901 4365 fuisse
2921 4323 3314 4378 communem,
3330 4325 3509 4378 quam

1858 4400 2124 4456 omnium
2147 4399 2508 4455 credentium
2534 4417 2547 4464 ;
2583 4400 2642 4454 in
2675 4399 2892 4470 quibus
2921 4415 3026 4470 pro
3051 4395 3326 4452 varietate
3348 4413 3510 4452 men-

1857 4491 2007 4544 tium
2040 4489 2184 4544 fides
2217 4506 2448 4560 quoque
2469 4487 2802 4544 communis
2826 4503 2954 4542 esse
2986 4503 3101 4541 non
3133 4489 3378 4558 poterat,
3406 4485 3509 4540 sed

1857 4579 2108 4634 diversa.

92 4661 289 4737 legem,
342 4663 684 4737 intelligere
731 4664 1073 4738 prophetas,
1122 4665 1436 4739 Evangelio
1493 4669 1748 4738 credere,
1776 4669 1828 4737 D
1929 4691 1956 4719 ‹‹
1988 4667 2186 4722 Gratia
2215 4671 2272 4722 et
2301 4683 2411 4738 pax
2441 4683 2477 4722 a
2510 4667 2622 4722 Deo
2652 4670 2841 4734 Patre,
2875 4671 2933 4721 et
2958 4666 3097 4722 Jesu
3130 4665 3356 4720 Christo
3384 4664 3507 4719 Sal-

92 4755 382 4824 apostolos
418 4770 538 4810 non
573 4754 864 4826 ignorare.
901 4754 968 4809 Et
996 4770 1028 4809 e
1058 4756 1351 4812 contrario
1383 4757 1553 4812 multi
1583 4765 1742 4824 sunt,

93 4844 184 4913 qui
206 4842 432 4900 habent
454 4842 693 4915 pietatis
713 4859 910 4898 veram
932 4842 1347 4916 cognitionem,
1372 4847 1474 4902 sed
1497 4863 1612 4904 non
1637 4853 1749 4904 sta-

153 5057 333 5129 (1331)
369 5056 524 5114 Huic
553 5055 854 5112 sententiae
881 5056 1084 5112 eodem
1119 5059 1424 5130 scriptoris
1453 5066 1746 5120 caractere

92 5145 142 5200 in
166 5163 360 5220 marg.
384 5147 737 5220 adnotatum
769 5145 987 5220 legitur
1006 5165 1106 5220 (an.
1133 5147 1280 5212 Quid
1314 5148 1402 5203 his
1431 5148 1638 5204 littera:
1672 5149 1746 5205 si-

92 5217 378 5291 gniﬁcent,
416 5217 632 5291 viderit
683 5217 882 5274 lector.
914 5218 1222 5274 Videbitur
1269 5220 1444 5291 paulo
1498 5221 1743 5276 inferius

87 5290 250 5344 etiam
283 5291 402 5345 divi
438 5289 678 5346 Hieron.
712 5291 1038 5346 sententias
1067 5289 1355 5346 adnotari.

151 5361 330 5432 (1332)
364 5362 453 5418 Ibi
487 5362 544 5434 in
569 5361 1158 5434 marginetutsupra
1179 5363 1523 5418 adnotatum
1556 5363 1740 5434 inspi-

90 5430 232 5506 citur
257 5433 369 5489 hoc
403 5432 604 5506 modo.
639 5430 752 5498 Ibi,
785 5432 912 5506 scil.
948 5430 1362 5506 Hieronymus,
1395 5435 1514 5488 sive
1541 5430 1740 5489 Hiero-

92 5505 426 5627 tpgiliniaster,
461 5505 632 5575 cujus
672 5509 762 5560 est
809 5504 932 5560 haec
963 5504 1274 5570 sententia,
1308 5523 1409 5561 seu
1461 5506 1743 5576 interpre-

168 5591 240 5627 ιο.

149 5574 240 5629 tio.

155 5648 336 5721 (1333)
372 5649 646 5702 Fortasse
678 5663 983 5721 perperam
1017 5649 1244 5719 adjecta
1284 5649 1405 5704 haec
1449 5653 1746 5721 postrema

92 5718 274 5789 verba,
305 5718 440 5790 quae
483 5718 726 5776 sensum
759 5718 1097 5776 obscurant.

1857 4760 2051 4812 vatore
2084 4759 2281 4811 nostro
2313 4756 2514 4827 (1338).
2542 4776 2570 4804 ››
2602 4755 2860 4811 Gratiam
2893 4755 2992 4811 Dei
3026 4754 3419 4822 commendat,
3445 4757 3510 4808 ut

1859 4849 1916 4901 et
1963 4844 2022 4900 in
2070 4845 2296 4900 caeteris
2343 4844 2631 4916 epistolis,
2664 4861 2768 4917 per
2804 4861 2982 4916 quam
3015 4842 3185 4899 nobis
3213 4843 3511 4899 donantur

1927 5060 2114 5133 (1334)
2145 5059 2228 5116 Ibi
2261 5059 2321 5116 in
2353 5077 2538 5133 marg.
2573 5060 2654 5115 ita
2685 5059 3026 5115 adnotatum
3060 5061 3169 5130 est,
3201 5059 3312 5128 AN,
3343 5057 3506 5114 scili-

1855 5136 1946 5186 cet
1973 5132 2364 5204 Augustinus.

1925 5214 2109 5294 (1335)
2141 5212 2337 5268 Brevis
2384 5211 2507 5293 hmo
2551 5209 2852 5291 expositio,
2887 5227 3014 5282 quas
3064 5212 3392 5338 Augustino
3443 5212 3504 5268 in

1925 5301 2143 5338 BPEIDIS
2191 5285 2565 5338 adnotatione
2612 5283 2911 5338 tribuitur.
2966 5283 3037 5338 de
3057 5300 3154 5338 ver
3197 5301 3230 5338 o
3263 5285 3379 5338 fere
3429 5287 3501 5338 ad

1855 5285 2143 5355 marginis
2191 5283 2565 5339 adnotatione
2612 5283 2911 5355 tribuitur,
2966 5283 3039 5355 de
3057 5283 3230 5339 verbo
3263 5285 3379 5339 fere
3429 5287 3501 5340 ad

1853 5353 2096 5410 verbum
2128 5356 2186 5409 in
2211 5355 2425 5427 Pelagii
2447 5355 2578 5408 divo
2600 5353 2950 5424 Hieronymo
2975 5354 3194 5410 tributo
3215 5371 3508 5413 commen-

1854 5428 2003 5482 tario
2033 5427 2266 5498 legitur.

1925 5507 2107 5631 (113:6)
2142 5506 2246 5630 Hic:
2294 5505 2353 5558 in
2403 5519 2588 5575 marg.
2623 5504 2962 5562 adnotatum
2995 5510 3084 5562 est
3121 5507 3203 5562 ita
3231 5513 3320 5580 ag,
3351 5506 3504 5563 idem

1925 5595 1934 5631 ι
1969 5620 1981 5631 .
2063 5593 2214 5631 υαυε
2249 5616 2262 5630 .

1854 5577 1981 5632 scil.
2013 5580 2262 5632 August.

1949 5594 1981 5631 i.
2013 5594 2262 5648 augusu

1949 5649 2108 5712 1337)
2139 5650 2224 5712 Ιὴ,
2264 5646 2489 5702 scilicet
2518 5647 2752 5702 Hieron.

1949 5651 2084 5703 1337
2139 5651 2224 5712 lli,
2264 5651 2489 5702 scilicet
2518 5651 2752 5702 Hieron.

1925 5651 2109 5791 (1338)
2139 5722 2236 5792 Ag,
2267 5717 2492 5776 scilicet
2519 5721 2768 5792 August.
