3898 6428
370 455 487 517 703

1371 462 1705 524 ATTONIS
1750 463 2336 527 VERCELLENSIS
2382 466 2734 528 EPISCOPI

3686 458 3817 516 ’704

370 595 628 662 peccata,
657 597 723 647 ut
754 592 1196 650 reconciliemur
1216 595 1364 662 Deo;
1399 611 1510 667 pax
1541 599 1754 666 autem,
1781 613 1897 666 qua
1929 612 2015 651 re-
2045 593 2098 662 Α
2131 615 2306 654 suum
2337 601 2476 668 (Act.
2509 617 2602 666 xx,
2633 598 2744 671 28).
2783 620 2809 648 »
2857 598 2928 654 Et
2965 596 3061 653 hic
3092 594 3432 669 diligentius
3465 595 3811 650 observanc

369 680 754 737 conciliamur
792 682 925 738 Deo.

441 792 467 817 ‹‹
507 771 688 841 Hujus
741 771 820 826 rei
871 772 1055 842 gratia
1086 773 1291 843 reliqui
1343 779 1397 828 te
1439 777 1633 841 Creta,
1670 780 1848 844 utea,
1884 793 2010 847 qua

367 857 600 923 desunt,
618 860 891 932 corrigas.
915 883 932 908 η
961 862 1418 932 ReliquitTitum
1440 863 1792 935 discipulum
1810 864 2008 927 Creta.

364 950 429 1001 ut
460 947 791 1002 rudimenta
817 951 1107 1003 nascentis
1132 951 1399 1004 Ecclesia
1424 954 1837 1008 confirmaret:
1872 959 1928 1009 et
1961 956 2009 1009 si

364 1035 501 1105 quid
537 1036 840 1090 videbatur
871 1037 1090 1103 deesse,
1125 1039 1458 1109 corrigeret,
1492 1041 1614 1110 ipse
1661 1057 1904 1112 pergens
1937 1045 2007 1096 ad

367 1122 512 1178 alias
538 1124 815 1190 actiones,
843 1132 903 1178 ut
936 1143 1171 1181 rursum
1206 1127 1260 1180 in
1296 1129 1381 1182 eis
1404 1129 1615 1184 Christi
1642 1131 1857 1199 jaceret
1886 1132 2010 1187 fun-

367 1213 729 1268 damentum.
756 1215 915 1279 Quod
943 1220 1138 1269 autem
1168 1217 1282 1270 ait:
1327 1240 1350 1269 ι
1383 1218 1452 1272 Ut
1482 1235 1566 1288 ea,
1592 1237 1718 1287 qua
1749 1222 2006 1289 deerant,

366 1301 701 1371 corrigeres,
736 1325 762 1351 »
815 1304 1075 1358 ostendit
1106 1322 1208 1359 nec
1240 1307 1379 1360 dum
1414 1325 1510 1362 eos
1544 1310 1614 1362 ad
1648 1307 1877 1379 plenam
1911 1327 2004 1365 ve-

363 1389 518 1443 nisse
550 1391 853 1446 scientiam
885 1394 1183 1461 veritatis;
1222 1400 1277 1449 et
1313 1395 1445 1451 licet
1475 1397 1545 1452 ab
1579 1399 1850 1468 Apostolo
1883 1416 2006 1453 cor-

360 1479 498 1533 recti
535 1479 766 1546 fuerint,
801 1486 997 1536 tamen
1030 1483 1220 1537 adhuc
1251 1483 1512 1556 indigere
1543 1487 1915 1542 correctione.

433 1592 458 1615 (ι
497 1569 562 1622 Et
593 1571 917 1625 constituas
949 1587 1052 1642 per
1073 1573 1332 1628 civitates
1363 1575 1748 1648 presbyteros,
1775 1575 1922 1630 sicut
1953 1581 2010 1630 et

359 1673 464 1728 ego
514 1657 619 1712 tibi
669 1659 930 1730 disposui
966 1661 1170 1731 (1339).
1208 1687 1234 1711 ››
1290 1663 1604 1736 Diligenter
1631 1665 1890 1736 Apostnli
1923 1670 2008 1720 at-

359 1747 672 1801 tendamus
702 1749 895 1818 verba,
919 1749 1205 1806 dicentis:
1238 1752 1309 1806 Ut
1337 1753 1661 1808 constituas
1695 1771 1794 1824 per
1814 1755 2010 1808 civita-

363 1839 451 1889 tes
473 1836 862 1907 presbyteros,
887 1838 1039 1894 sicut
1059 1843 1114 1894 et
1134 1857 1239 1911 ego
1262 1841 1365 1895 tibi
1391 1841 1652 1913 disposui
1681 1860 1693 1896 :
1725 1842 1848 1914 qui,
1872 1859 2009 1913 qua-

2123 689 2286 757 dum,
2322 689 2614 760 quomodo
2648 688 2822 742 unius
2854 686 3106 742 civitatis
3135 685 3348 758 Ephesi
3403 685 3806 757 presbyteros

2120 794 2354 846 vocans,
2389 781 2588 850 postea
2617 777 2848 832 eosdem
2884 777 3188 849 episcopos
3221 775 3805 831 dixerit.Videamus

2122 867 2302 938 igitur
2333 867 2524 939 qualis
2566 867 2890 939 presbyter,
2919 867 3036 921 sive
3075 867 3385 938 episcopus
3408 865 3805 921 ordinandus

2122 957 2216 1011 sit.

2194 1045 2312 1100 «Si
2357 1045 2487 1116 quis
2537 1051 2624 1099 est
2672 1044 2797 1100 sine
2845 1044 3139 1099 crimine:
3179 1066 3204 1093 »
3255 1043 3364 1098 hoc
3411 1043 3570 1100 enim
3632 1043 3806 1098 inter

2122 1139 2422 1205 peccatum
2448 1135 2646 1202 distat,
2672 1139 2728 1189 et
2757 1135 3000 1198 crimen,
3025 1133 3177 1204 quod
3204 1149 3373 1187 omne
3401 1133 3627 1187 crimen
3663 1149 3804 1202 pec-

2119 1227 2317 1277 catum
2349 1228 2456 1287 est,
2493 1241 2605 1278 non
2637 1229 2831 1278 tamen
2865 1239 3037 1278 omne
3072 1227 3395 1292 peccatum,
3425 1221 3659 1276 crimen
3689 1239 3703 1287 ;
3744 1224 3805 1275 et

2120 1311 2178 1366 in
2211 1311 2319 1366 hac
2343 1312 2458 1366 vita
2483 1311 2650 1366 multi
2683 1313 2810 1366 sine
2837 1311 3099 1377 crimine,
3126 1310 3323 1365 nullus
3344 1327 3475 1365 vero
3498 1327 3633 1365 esse
3660 1309 3801 1364 sine

2121 1401 2372 1472 peccatis
2422 1400 2590 1456 valet.
2637 1399 2800 1456 Unde
2846 1409 2900 1454 et
2949 1401 3292 1470 pradicator
3341 1403 3605 1463 sanctus,
3644 1414 3797 1453 cum

2119 1490 2308 1543 virum
2342 1490 2584 1561 dignum
2619 1491 2821 1561 gratia
2853 1487 3229 1544 sacerdotalis
3259 1489 3639 1552 describeret,
3681 1505 3798 1541 ne-

2119 1595 2418 1650 quaquam
2443 1579 2626 1633 dixit:
2657 1578 2715 1632 Si
2747 1578 2878 1648 quis
2903 1579 3028 1634 sine
3054 1581 3307 1649 peccato,
3333 1578 3456 1647 sed,
3483 1601 3508 1626 ‹‹
3539 1577 3584 1630 si
3615 1576 3791 1646 quis,

2120 1667 2246 1722 sine
2275 1667 2517 1720 crimine
2549 1673 2655 1721 est.
2697 1691 2714 1715 ι
2751 1667 2890 1730 Quis
2923 1683 3053 1721 vero
3086 1683 3214 1721 esse
3245 1667 3371 1721 sine
3403 1671 3640 1737 peccato
3678 1682 3788 1720 va-

2121 1755 2256 1819 leat,
2279 1771 2411 1809 cum
2437 1757 2694 1810 Joannes
2725 1756 2879 1809 dicat
2910 1771 2923 1809 :
2965 1777 2991 1807 (ι
3014 1754 3072 1809 Si
3105 1754 3447 1822 dixerimus,
3473 1754 3616 1823 quia
3653 1769 3791 1824 pec-

2121 1848 2315 1899 catum
2345 1861 2458 1898 non
2493 1844 2801 1913 habemus,
2827 1860 2932 1899 nos
2963 1843 3123 1914 ipsos
3147 1843 3506 1913 seducimus,
3532 1847 3590 1897 et
3625 1841 3787 1896 veri-

361 1922 436 2028 lis
484 1925 788 2028 presbyter
835 1927 1042 1982 debeat
1089 1929 1370 1995 ordinari,
1405 1930 1462 1984 in
1513 1933 2008 2002 consequentibus
2040 1964 2086 2028 Β
2121 1937 2210 1987 tas
2246 1933 2302 1986 in
2336 1932 2505 1988 nobis
2538 1949 2653 1987 non
2685 1936 2773 1987 est
2803 1932 2854 2002 (Ι
2878 1933 3033 1988 Joan.
3072 1949 3109 1997 1,
3140 1933 3217 1996 8).
3257 1953 3280 1977 n
3326 1932 3387 1986 In
3421 1948 3539 2002 qua
3566 1930 3784 1984 videli-

361 2012 680 2080 disserens,
705 2015 811 2070 hoc
834 2021 957 2071 est:
1002 2037 1027 2069 α
1046 2017 1103 2072 Si
1129 2019 1260 2091 quis
1287 2025 1374 2075 est
1395 2020 1520 2076 sine
1543 2021 1804 2089 crimine,
1829 2022 2006 2077 unius

358 2101 554 2158 uxoris
607 2104 710 2171 vir,
745 2127 771 2154 ››
823 2111 956 2175 etc.,
991 2111 1190 2178 postea
1221 2109 1420 2164 intulit
1453 2127 1465 2164 :
1518 2133 1544 2159 «
1579 2109 1817 2181 Oportet
1849 2112 2004 2166 enim

355 2192 694 2265 episcopum
726 2195 852 2250 sine
883 2197 1127 2253 crimine
1157 2215 1305 2264 esse,
1329 2199 1734 2270 tanquam‘Dei
1768 2201 2002 2272 dispen-

356 2287 629 2338 satorem.
661 2307 680 2332 ι
719 2283 874 2339 Idem
908 2289 998 2341 est
1030 2303 1164 2358 ergo
1196 2289 1497 2361 presbyter
1523 2290 1621 2361 qui
1655 2290 1998 2362 episcopus;

357 2374 415 2425 et
446 2377 760 2443 antequam
793 2374 1007 2430 diaboli
1041 2375 1344 2447 instinctu,
1378 2378 1573 2434 studia
1614 2379 1675 2433 in
1725 2379 2002 2452 religione

357 2460 580 2525 ﬂerent,
613 2466 670 2515 et
697 2461 988 2518 diceretur
1017 2464 1074 2518 in
1107 2465 1340 2537 p0pulis
1374 2483 1385 2520 :
1439 2489 1465 2516 «
1500 2468 1615 2540 Ego
1649 2485 1777 2522 sum
1811 2469 1996 2536 Pauli,

355 2563 460 2620 ego
491 2548 714 2621 Apollo,
739 2567 844 2623 ego
875 2558 1068 2607 autem
1100 2555 1300 2624 Cepha
1334 2558 1379 2625 (1
1409 2556 1532 2611 Cor.
1568 2575 1604 2624 1,
1644 2559 1752 2628 l2),
1788 2580 1813 2607 ››
1849 2575 2002 2614 com-

357 2638 521 2692 muni
542 2640 1013 2711 presbyterorum
1038 2643 1280 2699 consilio
1303 2644 1569 2700 Ecclesia
1591 2646 1998 2718 gubernaban-

351 2731 468 2781 tur.
498 2727 806 2798 Postquam
839 2746 971 2784 vero
995 2722 1405 2803 unusquisque
1426 2750 1545 2801 eos,
1570 2749 1718 2805 quos
1748 2735 1999 2806 baptiza-

351 2819 531 2879 verat,
565 2816 804 2885 putabat
835 2833 994 2887 suos,
1029 2835 1142 2873 non
1177 2820 1409 2890 Christi,
1447 2822 1506 2876 in
1549 2826 1667 2877 toto
1715 2823 1853 2878 orbe
1902 2824 1998 2878 de-

351 2908 576 2959 cretum
607 2910 714 2970 est,
749 2909 812 2960 ut
844 2923 997 2962 unus
1036 2909 1107 2962 de
1157 2910 1512 2982 presbyteris
1543 2912 1760 2966 electus
1793 2929 1998 2983 super-

353 2996 672 3063 poneretur
702 2994 942 3063 cateris,
977 2995 1046 3048 ad
1094 3013 1268 3066 quem
1323 2997 1515 3053 omnis
1565 3016 1705 3054 cura
1735 2999 2001 3055 Ecclesia

366 3079 698 3150 pertineret,
725 3085 781 3135 et
802 3080 1186 3137 schismatum
1212 3085 1439 3139 semina
1457 3085 1814 3142 tollerentur.
1837 3087 2007 3142 Putat

365 3167 582 3239 aliquis
605 3185 717 3223 non
739 3171 1196 3242 Scripturarum,
1224 3173 1320 3227 sed
1347 3179 1606 3230 nostram
1631 3193 1758 3232 esse
1781 3182 2010 3232 senten-

365 3257 529 3326 tiam,
561 3257 899 3330 episcopum
949 3265 1004 3315 et
1055 3261 1460 3333 presbyterum
1522 3281 1704 3320 unum
1760 3282 1909 3335 esse,
1953 3263 2009 3321 et

2119 2026 2208 2076 cet
2241 2026 2632 2092 peccatorum,
2663 2026 2717 2076 et
2757 2019 3072 2074 criminum
3104 2019 3481 2073 distinctione
3513 2035 3782 2090 pensan-

2115 2109 2255 2165 dum
2281 2116 2389 2179 est,
2423 2109 2560 2180 quia
2592 2108 2877 2164 nonnulla
2916 2112 3153 2180 peccata
3183 2107 3440 2162 animam
3476 2106 3782 2178 polluunt,

2114 2198 2362 2254 crimina
2405 2215 2536 2254 vero
2569 2198 2969 2271 exstinguunt.
3006 2196 3234 2252 Electus
3268 2197 3541 2251 sacerdos
3577 2197 3780 2251 Eccle-

2113 2288 2212 2343 sia
2247 2304 2361 2342 non
2406 2292 2638 2343 tantum
2683 2305 2746 2343 eo
2795 2293 3076 2358 tempore,
3111 2301 3224 2358 quo
3258 2285 3628 2340 ordinandus
3664 2289 3778 2352 est,

2113 2377 2236 2433 sine
2275 2376 2393 2432 ullo
2445 2378 2522 2433 sit
2569 2378 2832 2442 crimine,
2867 2380 2921 2431 et
2971 2375 3292 2447 prateritas
3325 2373 3587 2429 maculas
3621 2389 3778 2429 nova

2111 2466 2546 2522 conversatione
2577 2466 2872 2530 delcverit,
2906 2467 3004 2520 sed
3041 2483 3108 2519 ex
3153 2481 3217 2519 eo
3259 2467 3520 2534 tempore
3551 2463 3772 2534 (1341),

2110 2572 2224 2626 quo
2258 2555 2315 2609 in
2349 2555 2578 2610 Christo
2611 2559 2849 2609 renatus
2881 2559 2988 2619 est,
3020 2553 3182 2608 nulla
3211 2551 3430 2624 peccati
3463 2552 3772 2606 conscien-

2108 2645 2191 2698 tia
2219 2645 2574 2698 mordeatur.
2601 2644 2900 2709 Quomodo
2927 2641 3080 2698 enim
3110 2646 3301 2714 potest
3327 2657 3540 2712 prases
3562 2640 3767 2695 Eccle-

2109 2733 2206 2788 sia
2239 2733 2462 2788 auferre
2495 2731 2714 2788 malum
2747 2732 2818 2787 de
2851 2731 3040 2786 medio
3073 2732 3222 2800 ejus,
3257 2730 3356 2802 qui
3387 2729 3446 2783 in
3479 2729 3767 2783 delictum

2111 2821 2302 2878 simile
2335 2821 2666 2876 corruerit?
2717 2823 2829 2875 Aut
2874 2837 2991 2890 qua
3031 2819 3298 2874 libertate
3330 2817 3609 2890 corripiat
3641 2835 3774 2890 pec-

2112 2915 2360 2974 cantem,
2396 2926 2528 2964 cum
2573 2908 2785 2963 tacitus
2837 2909 2942 2963 sibi
2997 2911 3120 2980 ipse
3170 2908 3519 2979 respondeat
3559 2907 3769 2962 eadem

2114 2998 2502 3067 commisisse,
2537 3015 2662 3069 qua
2693 2997 2981 3069 corripit?

2188 3087 2436 3142 «Unius
2469 3089 2665 3142 uxoris
2695 3086 2781 3140 vir
2811 3087 3010 3156 (1342).
3055 3109 3080 3134 ››
3129 3086 3291 3150 Quod
3348 3089 3438 3140 est
3486 3083 3654 3140 cibus
3700 3086 3774 3140 ad

2117 3177 2364 3232 salutem
2394 3176 2674 3247 corporis,
2697 3175 2803 3230 hoc
2826 3181 2914 3230 est
2938 3173 3124 3230 coitus
3147 3175 3218 3229 ad
3244 3172 3491 3229 salutem
3516 3175 3774 3245 generis.

2119 3264 2188 3322 Et
2221 3269 2536 3335 utrumque
2569 3281 2682 3319 non
2715 3270 2803 3319 est
2838 3264 2963 3319 sine
2995 3263 3375 3318 delectatione
3407 3262 3651 3319 carnali.
3679 3263 3776 3318 Di-

360 3345 520 3400 ali-nd
552 3346 760 3409 atatis,
789 3346 945 3401 aliud
969 3365 1096 3404 esse
1121 3366 1332 3405 nomen
1367 3352 1543 3408 officii
1571 3372 1583 3422 ;
1617 3355 1834 3426 relegat
1859 3333 2006 3427 Apo-
2038 3333 2081 3398 C
2119 3371 2285 3410 versa
2334 3333 2509 3426 opera
2539 3353 2776 3408 Patrum
2829 3371 2942 3408 non
2997 3351 3266 3420 faciebat,
3301 3351 3414 3407 nisi
3463 3351 3776 3407 diversitas

357 3433 489 3489 stoli
527 3435 595 3489 ad
633 3434 1035 3506 Philippenses
1065 3439 1256 3509 verba,
1292 3440 1538 3496 dicentis
1572 3458 1585 3498 :
1635 3465 1661 3492 «
1696 3443 1914 3498 Paulus
1945 3447 2003 3499 et

358 3521 705 3578 Timotheus
735 3525 884 3578 servi
916 3525 1130 3582 Christi
1162 3528 1326 3596 Jesu,
1358 3531 1634 3587 omnibus
1675 3533 1894 3588 sanctis
1942 3531 2001 3586 in

359 3612 590 3668 Christo
620 3613 782 3682 Jesu,
815 3617 914 3684 qui
946 3620 1082 3670 sunt
1116 3616 1421 3688 Philippis,
1455 3637 1585 3674 cum
1621 3621 1911 3693 epiSCOpis
1950 3625 2006 3675 et

361 3699 725 3772 diaconibus,
759 3704 947 3774 gratia
977 3703 1138 3758 vobis
1169 3711 1225 3760 et
1254 3721 1364 3777 pax
1397 3709 1662 3780 (Philipp.
1699 3728 1735 3781 1,
1771 3713 1821 3780 1,
1862 3712 1938 3780 2),
1977 3731 2004 3757 ››

365 3795 471 3844 etc.
507 3790 796 3862 Philippis
827 3808 944 3847 una
972 3796 1060 3848 est
1090 3795 1230 3848 urbs
1262 3794 1631 3868 Macedonia,
1665 3805 1721 3853 et
1765 3804 1916 3854 certe
1945 3800 2004 3854 in

367 3893 483 3933 una
499 3878 728 3935 civitate
746 3879 962 3951 plures,
978 3885 1042 3936 ut
1063 3897 1217 3936 nunc
1235 3883 1414 3955 (1340)
1436 3891 1735 3958 putantur,
1751 3887 2007 3961 episcopi

364 3983 492 4022 esse
524 3985 637 4024 non
670 3974 956 4039 poterant.
992 3971 1100 4026 Sed
1137 3973 1275 4042 quia
1305 3975 1537 4029 eosdem
1572 3976 1876 4048 episcopos
1907 3977 2006 4032 illo

363 4054 424 4109 in
447 4061 562 4111 tem
573 4072 727 4128 pore,
746 4075 893 4130 quos
910 4061 1278 4132 presbyteros
1296 4062 1690 4134 appellabant,
1707 4070 2010 4138 propterea

331 4205 334 4208 _
363 4145 762 4201 indifferenter
790 4147 860 4200 de
889 4148 1201 4219 episcopis,
1228 4149 1395 4221 quasi
1426 4152 1780 4223 presbyteris
1811 4158 1899 4208 est
1930 4153 2009 4208 lo-

364 4239 558 4290 cutus.
590 4234 795 4289 Adhuc
826 4235 1000 4290 alicui
1046 4237 1152 4292 hoc
1199 4237 1465 4292 videatur
1494 4241 1860 4312 ambiguum,
1894 4242 2007 4297 nisi

365 4322 548 4378 altero
579 4323 913 4378 testimonio
945 4327 1375 4396 comprobetur.
1413 4329 1472 4380 ln
1506 4329 1748 4383 Actibus
1779 4336 2010 4400 aposto-

367 4413 557 4467 lorum
589 4413 876 4484 scriptum
909 4419 1018 4479 est,
1051 4415 1206 4485 quod
1249 4431 1381 4469 cum
1428 4416 1681 4471 venisset
1712 4418 2010 4488 apostolus

367 4503 583 4557 Paulus
639 4502 922 4570 Miletum,
976 4502 1202 4558 miserit
1250 4503 1564 4575 Ephesum,
1619 4510 1673 4561 et
1726 4508 2012 4563 vocaverit

367 4593 738 4663 presbyteros
768 4593 1032 4662 ejusdem
1063 4592 1352 4663 Ecclesia,
1387 4595 1601 4665 quibus
1633 4601 1830 4666 postea
1863 4597 2014 4651 inter

2109 3448 2467 3514 temporum.
2501 3442 2594 3497 Sic
2635 3447 2832 3496 autem
2882 3457 3122 3497 necesse
3173 3446 3298 3496 erat
3347 3445 3412 3495 ut
3457 3441 3776 3496 carnaliter

2113 3532 2334 3588 coirent
2359 3531 2536 3586 etiam
2568 3547 2684 3585 non
2711 3530 2976 3586 carnales
3010 3529 3320 3600 propheta,
3346 3529 3498 3584 sicut
3529 3544 3773 3584 necesse

2113 3626 2255 3690 erat,
2292 3625 2355 3675 ut.
2397 3618 2706 3674 carnaliter
2743 3623 3116 3674 vescerentur
3146 3618 3320 3673 etiam
3353 3631 3468 3672 non
3504 3617 3771 3673 carnales

2114 3708 2357 3782 apostoli
2372 3707 2660 3762 .Ecclesia
2673 3708 3139 3778 dispensatorem
3161 3723 3273 3760 non
3293 3705 3464 3762 licere
3482 3706 3768 3772 ordinari,

2115 3798 2229 3854 nisi
2249 3798 2424 3852 unius
2443 3793 2640 3850 uxoris
2653 3795 2840 3849 virum
2853 3793 3102 3861 ,acutius
3119 3794 3530 3849 intellexerunt
3543 3794 3644 3864 qui
3666 3812 3768 3850 nec

2115 3903 2272 3953 eum,
2297 3884 2398 3956 qui
2420 3884 2897 3949 catechumenus,
2924 3883 3008 3939 vel
3042 3899 3306 3955 paganus
3329 3883 3603 3938 habuerit
3623 3883 3764 3938 alte-

2119 3992 2263 4045 ram,
2291 3973 2684 4030 ordinandum
2710 3990 2839 4028 esse
2863 3977 3221 4028 censuerunt
3243 3972 3446 4044 (1343).
3475 3977 3550 4026 De
3583 3989 3768 4028 sacra-

2119 4068 2314 4120 mento
2333 4063 2488 4118 enim
2511 4063 2723 4134 agitur,
2741 4079 2854 4116 non
2874 4063 2944 4116 de
2963 4066 3221 4133 peccato.
3237 4061 3380 4116 Nam
3401 4060 3460 4115 in
3480 4061 3768 4132 baptismo

2119 4157 2355 4226 peccata
2377 4151 2576 4206 omnia
2595 4150 2977 4205 dimittuntur
3001 4168 3013 4205 :
3044 4153 3280 4222 propter
3303 4149 3651 4205 sacramenti
3675 4167 3770 4205 au-

2120 4249 2235 4298 tem
2261 4241 2651 4304 sanctitatem,
2673 4239 2826 4294 sicut
2848 4239 3083 4307 femina,
3100 4239 3332 4296 etiamsi
3356 4238 3771 4294 catechumena

2120 4331 2296 4386 fuerit
2320 4329 2542 4395 vitiata,
2569 4345 2682 4383 non
2713 4333 2904 4399 potest
2934 4332 3066 4398 post
3097 4329 3458 4400 baptismum
3492 4329 3643 4383 inter
3671 4328 3769 4384 Dei

2120 4420 2376 4491 virgines
2397 4417 2744 4486 consecrari,
2761 4417 2841 4472 ita
2863 4434 2978 4471 non
3002 4415 3254 4472 absurde
3276 4417 3468 4472 visum
3492 4423 3597 4488 est,
3613 4433 3762 4484 eum,

2121 4509 2221 4581 qui
2268 4507 2580 4562 excesserit
2612 4522 2857 4561 uxorum
2893 4522 3205 4560 numerum
3238 4504 3620 4578 singularem,
3655 4523 3763 4561 non

2121 4601 2423 4669 peccatum
2457 4595 2692 4666 aliquod
2728 4595 3115 4662 commisisse,
3141 4595 3240 4649 sed
3276 4610 3540 4649 normam
3571 4611 3765 4665 quam-

365 4685 573 4736 catera
595 4681 671 4735 sit
695 4679 925 4736 locutus
951 4698 964 4736 :
993 4702 1020 4730 α
1047 4683 1340 4736 Attendite
1358 4683 1544 4748 vobis,
1566 4689 1622 4738 et
1643 4685 1801 4738 omni
1830 4685 2010 4757 gregi,
2042 4687 2253 4765 D'dam
2287 4685 2638 4741 sacramenti
2671 4683 2962 4748 amisisse,
2995 4700 3108 4736 non
3141 4679 3210 4737 ad
3245 4683 3369 4737 vita
3401 4683 3564 4738 bona
3597 4684 3758 4738 meri-

363 4770 421 4824 in
446 4786 561 4840 quo
579 4785 678 4825 vos
695 4769 949 4843 Spiritus
972 4775 1214 4826 sanctus
1238 4771 1751 4844 posuitepiscopos
1775 4791 2011 4844 pascere

363 4859 678 4914 Ecclesium
702 4859 956 4927 Domini,
979 4861 1157 4930 quam
1191 4859 1499 4931 acquisivit
1530 4877 1634 4932 per
1663 4863 2011 4933 sanguinem

439 5058 622 5131 (1339)
652 5058 862 5124 Verba,
897 5061 1388 5131 quasequuntur
1415 5058 1704 5131 usquead
1735 5061 1960 5131 textum
1997 5077 2010 5115 :

366 5134 418 5187 si
446 5128 567 5202 suis
599 5128 676 5185 est
707 5133 827 5186 sine
845 5129 1098 5196 crimine,
1120 5128 1236 5202 divi
1270 5128 1502 5202 Hieron.
1527 5129 1586 5183 in
1618 5129 1767 5184 hanc
1789 5130 2012 5201 Episto-

369 5200 485 5258 lam
510 5207 671 5257 sunt.
699 5202 998 5256 Adeantur
1027 5203 1082 5254 in
1116 5201 1264 5254 hanc
1286 5200 1664 5270 quastionem
1688 5200 2012 5272 responsio-

367 5291 471 5329 nes
496 5273 919 5342 theologorum,
944 5278 998 5328 et
1020 5272 1479 5341 canonistarum,
1503 5289 1629 5342 qua
1650 5274 1814 5327 Aerei
1839 5273 2014 5327 hare-

368 5345 481 5399 sim
514 5344 834 5398 confutant.

440 5414 621 5482 (1340)
657 5415 714 5467 In
751 5415 877 5468 cod.
911 5420 959 5468 et
1007 5431 1174 5468 nunc.
1209 5414 1369 5476 Quod
1403 5416 1838 5470 emendandum
1871 5432 2011 5470 cen-

367 5487 484 5548 sui,
517 5490 637 5536 tum
677 5501 882 5539 sensus
915 5485 1120 5555 gratia,
1156 5493 1275 5540 tum
1321 5487 1488 5554 juxta
1537 5486 1843 5541 lectionem
1896 5488 2012 5541 divi

370 5555 703 5624 Hieronymi
736 5555 792 5628 in
830 5557 975 5608 hanc
1011 5561 1132 5626 Ep.,
1166 5563 1221 5610 et
1255 5557 1404 5611 hunc
1436 5559 1648 5625 locum,
1685 5560 1854 5628 cujus
1901 5563 2012 5624 est,

373 5627 493 5681 hac
513 5626 985 5689 sententia.Quod
1009 5633 1199 5681 autem
1221 5628 1395 5681 habet
1411 5628 1562 5684 idem
1579 5626 2014 5699 divusHieron.,

369 5709 435 5778 ut
458 5701 870 5778 puncupqutur,
903 5700 1078 5778 codex
1111 5705 1313 5778 noster
1335 5715 1482 5778 nunc
1522 5709 1790 5778 putantur
1835 5701 2009 5778 legit;

368 5770 620 5827 addatur
646 5766 829 5840 igitur
854 5768 1032 5823 codex
1058 5774 1254 5824 noster
1283 5766 1682 5842 duobus’illis,
1707 5772 1766 5826 in
1797 5766 2013 5842 quibus

2119 4781 2269 4843 tum,
2303 4774 2402 4828 sed
2434 4773 2504 4828 ad
2544 4770 2928 4828 ordinationis
2959 4770 3366 4827 ecclesiastica
3400 4771 3756 4845 signaculum

2122 4862 2516 4918 necessarium
2530 4903 2542 4913 .

2122 5057 2374 5114 Maurini
2406 5059 2680 5112 asserunt
2710 5054 2926 5110 rectius
2956 5053 3068 5125 legi
3101 5069 3248 5110 nunc
3274 5057 3572 5125 putantur.

2194 5130 2379 5198 (1341)
2410 5128 2598 5183 Verba
2627 5142 2800 5199 quo...
2832 5136 3094 5197 tempore,
3129 5127 3189 5182 in
3238 5127 3356 5182 imo
3406 5143 3592 5200 marg.
3641 5129 3758 5184 cod.

2123 5202 2341 5271 scripta
2372 5205 2530 5255 sunt.

2194 5273 2377 5342 (132.2)
2410 5273 2510 5342 Ag.

2196 5339 2380 5413 (13/13)
2411 5339 2532 5397 Non
2566 5341 2825 5413 absurda
2852 5339 3068 5410 opinio,
3101 5343 3156 5393 et
3196 5355 3311 5413 Aper
3351 5353 3441 5413 ea,
3473 5355 3599 5410 qua
3626 5341 3759 5396 infe-

2125 5411 2248 5469 rius
2281 5415 2575 5484 leguntur,
2610 5411 2830 5467 auctori
2864 5416 3063 5466 nostro
3095 5411 3242 5484 satis
3273 5411 3535 5484 probata,
3568 5429 3599 5466 a
3638 5413 3756 5468 divo

2126 5481 2474 5556 Hieronymo
2497 5485 2692 5538 minus
2709 5485 2856 5538 bene
2873 5484 3058 5547 audit,
3075 5481 3174 5552 qui
3198 5481 3253 5536 in
3273 5481 3430 5537 hunc
3451 5483 3634 5556 locum
3653 5484 3752 5539 ait:

2125 5558 2283 5610 Multi
2305 5555 2730 5627 superstitiosius
2757 5557 2953 5623 magis,
2978 5571 3141 5624 quam
3169 5555 3547 5627 i~eriu._s,eiiam
3572 5571 3652 5610 eos
3670 5567 3756 5626 qui

2125 5645 2248 5682 cum
2275 5625 2502 5696 gen—tiles
2529 5629 2762 5698 fuerint,
2789 5637 2838 5680 et
2868 5643 3042 5680 unam
3072 5641 3302 5679 umorem
3324 5625 3634 5692 habuerint,
3657 5625 3751 5697 qua

2126 5701 2362 5763 amissa,
2384 5709 2500 5770 post
2523 5700 2854 5769 baptismum
2875 5697 3357 5770 (ἰΙινίδιίηᾳιιενατη
3377 5698 3754 5770 drawing-pu-

2127 5779 2245 5827 tant
2267 5773 2327 5826 in
2355 5767 2654 5827 sacerdotio
2675 5785 2787 5826 non
2812 5769 3080 5840 legendos.
3104 5767 3248 5825 Vide
3269 5784 3396 5840 qua
3419 5767 3747 5842 sequuntur.
