3898 6400
434 463 552 520 707

1454 456 1792 517 ATTONIS
1837 455 2421 516 VERCELLENSIS
2467 455 2818 517 EPISCOPI

3717 459 3816 521 708

440 598 632 647 autem
659 596 716 646 et
736 590 990 663 episcopi
1008 590 1302 661 justitiam
1320 589 1428 643 hoc
1449 588 1691 642 interest
1711 588 1863 658 quod
1897 586 2083 642 laicus
2112 589 2164 654 Α
2201 586 2414 658 pretari
2440 586 2567 651 hoc,
2587 588 2738 657 quod
2757 587 2977 642 dictum
3001 591 3091 643 est
3114 603 3169 643 :«
3192 587 3564 660 Turpislucri
3588 591 3816 662 gratia,»

443 687 636 753 potest
665 697 946 752 apparere
969 681 1172 750 justus
1204 679 1262 732 in
1296 677 1497 749 paucis
1532 693 1544 730 :
1586 677 1896 748 episcopus
1953 692 2084 730 vero

441 770 503 825 in
533 775 619 825 tot
655 771 826 824 debet
855 784 1115 824 exercere
1138 765 1454 836 justitiam,
1500 781 1649 836 quos
1705 769 1761 819 et
1817 763 2085 819 subditos

435 859 626 916 habet

510 970 537 997 ‹‹
569 947 1026 1018 Amplectentem
1060 943 1324 1014 eum,qui
1365 943 1694 997 secundum
1753 941 2078 998 doctrinam

442 1035 786 1103 est,ﬁdelem
813 1049 1142 1088 sermonem
1173 1033 1421 1102 (1548).»
1470 1031 1701 1086 Scilicet
1757 1037 1820 1086 ut
1877 1031 2084 1102 diligat

440 1125 854 1191 doctrinam,et
883 1138 1114 1192 semper
1143 1121 1279 1175 inde
1311 1121 1584 1190 loquatur
1615 1138 1627 1186 ;
1690 1136 1796 1175 nec
1855 1121 2082 1176 fabulas

433 1230 612 1268 vanas
641 1217 697 1267 et
731 1212 947 1266 otiosas
973 1215 1248 1266 sectetur.

507 1324 534 1351 ι(
567 1301 637 1356 Ut
668 1305 874 1371 potens
907 1299 984 1354 sit
1013 1298 1302 1353 exhortari
1337 1299 1394 1352 in
1425 1297 1689 1353 doctrina
1707 1315 1869 1353 sana.
1895 1299 2082 1352 nSana

429 1390 694 1446 doctrina
723 1388 823 1443 illa
843 1393 1086 1458 est,quaa
1118 1393 1287 1442 sanat
1319 1387 1714 1453 audientes,ut
1739 1387 1894 1458 quod
1928 1388 2080 1441 dono

434 1479 536 1534 Dei
571 1479 768 1548 habet,
802 1494 914 1532 non
940 1477 990 1532 ei
1020 1477 1234 1531 existat
1254 1476 1540 1548 ingratus,
1572 1475 1682 1530 sibi
1734 1475 1842 1529 hoc
1902 1476 2080 1531 ascri-

434 1569 642 1622 bendo.

508 1679 529 1707 ι
568 1657 637 1710 Et
666 1655 894 1726 eos,qui
945 1654 1375 1719 contradicunt,
1406 1655 1774 1725 redarguere.
1837 1675 1863 1701 »
1921 1653 2079 1708 Talis

429 1743 736 1816 eligendus
767 1747 856 1798 est
885 1742 1148 1798 Ecclesiae
1179 1741 1520 1812 praesul,qui
1551 1741 1838 1796 exhortari
1894 1741 2081 1812 possit

431 1838 730 1898 nutantes,
780 1836 836 1885 et
893 1831 1357 1884 contradicentes
1406 1831 1773 1900 redarguere,
1810 1829 1918 1883 hoc
1966 1833 2075 1898 est,

431 1919 785 1977 testimoniis
799 1918 1234 1989 Scripturarum
1253 1916 1748 1971 convincere.Hmc
1765 1917 2074 1982 sententia,
2110 1957 2153 2019 Β

435 2009 666 2066 etiamsi
689 2007 814 2063 sola
841 2010 1219 2077 esset,posset
1250 2007 1519 2059 sufﬁcere
1540 2006 1821 2060 adversus
1847 2006 2074 2076 eos,qni

431 2099 638 2153 dicunt
694 2095 992 2167 magistris
1050 2093 1436 2148 Ecclesiarum
1495 2093 1889 2148 innocentiam
1947 2096 2073 2148 vite

427 2202 598 2258 posse
629 2185 896 2240 sufficere
948 2183 1171 2253 absque
1191 2181 1434 2236 scientia
1460 2181 1914 2252 Scripturarum.

498 2276 683 2345 (1349)
717 2296 743 2321 ‹‹
777 2275 928 2327 Sunt
956 2272 1108 2326 enim
1145 2270 1411 2339 multi,;et
1439 2286 1554 2324 non
1589 2269 1829 2340 subditi,
1861 2270 2076 2325 vanilo-

427 2365 527 2436 qui
558 2368 615 2417 et
645 2363 931 2416 mentium
965 2361 1324 2430 deceptores.
1355 2359 1496 2424 δΟυὶ
1531 2361 1795 2414 Ecclesia:
1839 2361 2074 2415 futurus

425 2458 513 2508 est
544 2449 1052 2523 princeps,habeat
1089 2447 1484 2519 eloquentiam
1516 2463 1650 2502 cum
1675 2447 1800 2502 vita:
1832 2448 2072 2518 integri-

387 2529 392 2532 ”
425 2547 544 2597 tate
575 2539 957 2605 sociatam,ne
990 2553 1163 2608 Opera
1193 2537 1415 2607 absque
1437 2552 1705 2591 sermone
1727 2537 1842 2591 sint
1872 2537 2072 2605 tacita,

427 2636 484 2686 et
515 2629 671 2683 dicta
723 2627 890 2681 factis
953 2625 1363 2680 deficientibus
1424 2624 1790 2689 erubescant,
1821 2625 2074 2679 maxime

426 2735 560 2774 cum
595 2717 714 2771 sint
737 2732 848 2768 non
879 2714 1071 2785 pauci,
1095 2714 1194 2768 sed
1228 2713 1424 2784 plures
1453 2754 1466 2779 ,
1525 2728 1630 2766 nec
1669 2712 1912 2778 subditi,
1971 2713 2072 2767 sed

425 2805 700 2880 protervi.
734 2803 902 2858 Tales
932 2801 1198 2855 homines
1221 2802 1421 2855 doctor
1444 2800 1729 2864 Ecclesia);
1749 2800 1841 2854 cui
1863 2801 2072 2855 animis

425 2893 774 2968 populorum
797 2891 1028 2946 credita
1045 2890 1438 2960 sunt,Scriptu
1449 2905 1645 2942 rarum
1661 2890 1830 2944 debet
1852 2889 2073 2946 ratione

425 2997 721 3054 superare,
753 2984 811 3034 et
840 2978 1139 3035 silentium
1172 2977 1287 3032 illis
1317 2977 1786 3032 testimoniorum
1819 2979 2073 3048 pondere

425 3073 744 3143 imponere.

503 3183 530 3210 «
564 3159 808 3214 Maxime
837 3156 937 3228 qui
968 3157 1038 3211 de
1060 3154 1504 3210 circumcisione
1525 3159 1666 3210 sunt
1694 3157 1930 3226 (1350).:
1967 3157 2074 3221 Qui

425 3250 718 3304 humanas
739 3246 933 3318 potius
963 3244 1512 3314 traditiones,quam
1542 3243 1737 3298 divina
1797 3247 2073 3300 mandata

426 3337 768 3408 loquuntur.
802 3358 828 3384 ‹‹
863 3335 1017 3398 Quos
1049 3338 1274 3404 oportet
1304 3333 1572 3404 redargui
1611 3351 1624 3400 ;
1677 3334 1733 3386 id
1780 3339 1889 3398 est,
1936 3351 2075 3404 pru-
2105 3321 2147 3387 C

425 3426 628 3479 denter
656 3422 1092 3495 Scripturarum
1123 3422 1476 3477 testimoniis
1515 3438 1614 3476 eos
1653 3427 1879 3493 oportet
1935 3439 2070 3478 con-

419 3529 668 3569 Vincere.

499 3626 526 3653 ‹‹
553 3603 658 3665 Qui
691 3602 994 3656 universas
1021 3601 1226 3655 domos
1259 3601 1642 3666 subvertunt;
1671 3621 1698 3649 ››
1733 3599 1788 3654 id
1811 3604 1919 3666 est,
1958 3617 2070 3655 non

426 3708 627 3755 unam,
660 3696 760 3744 aut
789 3706 1005 3760 paucas
1033 3689 1366 3742 domos‘sed
1399 3687 1700 3743 nniversas
1730 3704 1859 3741 cum
1885 3687 2072 3742 domi-

428 3780 520 3834 nis
553 3777 906 3847 famulisque
966 3777 1334 3831 subvertunt.
1375 3797 1396 3822 ι
1441 3776 1725 3830 Docentes
1779 3791 1905 3845 quae
1958 3793 2070 3830 non

427 3871 729 3939 oportet»,
761 3867 832 3920 de
861 3866 1125 3920 ciborum
1157 3865 1521 3928 differentiis,
1555 3866 1623 3919 de
1667 3865 1902 3919 Sabbati
1945 3866 2071 3935 jam

426 3957 610 4028 (1351)
633 3955 832 4010 aboliti
866 3955 1003 4021 otio,
1038 3955 1108 4009 de
1139 3953 1604 4008 circumcisionis
1638 3952 1893 4021 injuria:
1946 3971 2071 4024 quae

417 4047 544 4115 jam
578 4043 877 4114 superﬂua
902 4047 1041 4098 sunt
1069 4042 1434 4113 temporibus
1463 4041 2074 4107 Christi,caercmoniaa

425 4131 650 4188 scllicet
677 4132 1036 4186 Judaeorum.

498 4220 683 4292 (1355)
723 4240 744 4268 ι
780 4219 991 4291 Turpis
1023 4218 1173 4273 lucri
1207 4219 1602 4289 gratia.»Quia
1630 4219 1787 4274 enim
1818 4221 1963 4276 deus
1984 4227 2074 4277 est

425 4311 510 4366 eis
535 4315 738 4364 venter
766 4309 1050 4380 ipsorum.
1085 4307 1274 4380 turpis
1296 4307 1438 4362 lucri
1472 4309 1661 4379 gratia
1691 4309 1892 4363 volunt
1941 4327 2070 4382 pro-

423 4399 583 4471 prios
618 4398 804 4452 facere
835 4395 1250 4468 discipulos,ut
1271 4397 1439 4467 quasi
1473 4397 1737 4468 magistri
1769 4414 1802 4452 a
1833 4403 2074 4453 sectato-

425 4488 595 4541 ribus
627 4486 752 4541 suis
782 4486 1368 4541 alantur.Possumus
1392 4494 1587 4540 autem
1619 4492 1675 4540 et
1704 4486 1872 4541 aliter
1899 4487 2073 4541 inter-

497 4591 685 4660 (1348)
719 4589 816 4644 Aa.

496 4664 681 4733 (1349)
702 4662 780 4718 1h.

498 4735 685 4804 (1351))
708 4740 822 4787 Αῆ.

497 4802 679 4875 (1351)
710 4802 1531 4875 AbolitionelegitVallarsius
1589 4804 1648 4858 in
1699 4805 1814 4859 divi
1879 4805 2077 4860 Hiero-

426 4877 586 4945 nymi
613 4874 992 4946 eXpositionc,
1027 4892 1058 4928 a
1091 4891 1205 4946 quo
1238 4874 1358 4928 hazc
1390 4876 1814 4946 interpretatio,
1840 4878 1938 4931 ubi
1973 4894 2078 4932 nos

427 4948 678 5018 legimus
701 4949 900 5001 abolili
931 4947 1359 5002 0tio.Meliorem
1393 4952 1587 5001 autem
1622 4948 1928 5003 lectionem
1970 4966 2079 5002 no-

427 5025 611 5090 stram
636 5020 1041 5090 probant,ques
1066 5023 1400 5088 sequuntur
1421 5019 1488 5090 in
1523 5019 1884 5088 expositione
1916 5019 2077 5074 illius

427 5089 695 5144 versiculi
725 5108 737 5144 :
770 5091 931 5145 Mala:
961 5091 1186 5154 bestia};
1219 5090 1342 5156 ubi,
1376 5089 1578 5145 idcirco
1616 5093 1809 5158 ferias,
1861 5095 1911 5145 et
1964 5093 2081 5147 otia

430 5159 659 5215 libenter
689 5162 1009 5228 admittunt,
1044 5161 1273 5232 legitur.

500 5232 681 5301 (1352)
713 5233 792 5286 1h.

500 5303 689 5370 (1323)
747 5303 995 5375 Quinam
1089 5303 1266 5356 fuerit
1315 5301 1408 5375 hic
1464 5301 1787 5375 propheta,
1839 5304 1908 5358 de
1965 5319 2080 5375 quo

427 5377 771 5440 Apostolus,
797 5374 1242 5439 Callimacusne,
1267 5391 1340 5427 an
1374 5372 1771 5444 Epimenides,
1804 5376 1934 5430 vide
1982 5372 2081 5429 di-

431 5443 994 5522 vumliieronymum
1027 5447 1080 5498 in
1118 5447 1269 5499 hunc
1296 5443 1485 5499 locum
1512 5462 1644 5500 cum
1678 5443 1832 5502 notis
1863 5446 2082 5502 Vallar-

429 5528 634 5566 slams.

501 5585 682 5658 (1351)
715 5585 774 5658 in
811 5585 1180 5658 marg,hujus
1213 5588 1591 5658 expositionis
1624 5590 1966 5643 adnotatum
1992 5595 2080 5644 est

427 5651 509 5746 ita
724 5654 912 5746 IVerba
942 5651 1136 5746 autem
1169 5651 1307 5712 sunt
1337 5675 1366 5714 e
1397 5662 1818 5716 commentario
1866 5662 2086 5746 szepius

432 5724 608 5786 citato
639 5725 858 5798 Pelagii
892 5731 1180 5798 excerpta.

2201 679 2263 729 ut
2293 679 2568 746 putemus
2600 675 2944 746 Apostolum
2976 677 3278 732 communi
3303 678 3478 733 verbo
3503 695 3697 750 usum,
3723 697 3818 752 quo

2197 779 2400 819 omnes
2430 763 2703 833 haeretici,
2735 781 2870 818 cum
2903 780 3174 835 perversa
3195 766 3421 833 docent,
3443 783 3506 822 se
3535 767 3819 824 hominum

2196 853 2386 908 solent
2417 869 2676 908 asserere
2710 851 3050 920 lucratores,
3076 871 3209 908 cum
3238 871 3351 910 non
3374 854 3603 912 lucrum
3626 857 3718 924 sit,
3741 859 3822 914 sed

2195 942 2465 1012 perditio,
2500 941 2730 997 animas
2762 941 3089 996 interﬁcere
3121 943 3522 1015 deceptorum.

2267 1053 2295 1079 ‹‹
2329 1030 2484 1085 Dixit
2513 1031 2752 1101 quidam
2776 1047 2844 1086 ex
2865 1029 2985 1085 illis
3009 1031 3280 1103 proprius
3302 1048 3504 1088 eorum
3529 1033 3819 1106 propheta:

2192 1119 2498 1174 Cretenses
2517 1135 2748 1190 semper
2765 1120 3099 1174 mendaces.
3125 1143 3144 1168 ι
3171 1121 3231 1175 Id
3252 1122 3404 1192 quod
3420 1122 3521 1190 ait,
3534 1142 3556 1170 ε
3573 1123 3820 1194 proprius

2192 1224 2394 1262 eorum
2421 1208 2721 1279 propheta,
2751 1231 2777 1256 »
2803 1225 2914 1262 non
2931 1209 3266 1280 specialiter
3287 1211 3622 1277 adludaeos,
3641 1216 3698 1266 et
3717 1228 3816 1278 eos,

2193 1297 2294 1368 qui
2327 1297 2397 1351 de
2421 1297 2865 1352 circumcisione
2897 1302 3056 1364 sunt,
3078 1298 3176 1353 sed
3201 1298 3271 1352 ad
3292 1298 3506 1354 multos
3535 1300 3816 1369 referatur,

2193 1385 2294 1456 qui
2327 1402 2442 1440 non
2475 1385 2693 1441 subditi
2717 1389 2875 1450 sunt,
2899 1391 2956 1440 et
2975 1386 3271 1458 vaniloqui
3294 1392 3350 1441 et
3367 1388 3651 1443 mentium
3677 1389 3819 1444 dece-

2192 1479 2409 1544 ptores,
2444 1474 2543 1544 qui
2580 1475 2783 1545 utique
2814 1475 2952 1546 quia
2983 1475 3040 1528 in
3070 1476 3237 1531 Creta
3293 1481 3480 1544 erant,
3537 1480 3818 1533 Cretenses

2191 1562 2374 1618 fuisse
2404 1563 2677 1617 credendi
2710 1569 2869 1629 sunt,
2905 1569 3170 1619 amantes
3201 1565 3596 1633 mendacium,
3628 1570 3685 1621 et
3721 1583 3817 1621 non

2190 1651 2482 1720 quomodo
2517 1651 2662 1706 solet
2693 1651 2931 1722 incurri,
2967 1653 3066 1707 sed
3101 1668 3335 1724 semper
3377 1654 3555 1719 idem,
3606 1653 3820 1710 assidue

2189 1739 2500 1793 mendaces
2522 1740 2727 1808 (1353).

2263 1850 2289 1876 ‹‹
2325 1827 2488 1882 Malis
2548 1829 2771 1898 bestiae,
2831 1836 3064 1885 ventres
3114 1831 3263 1902 pigri
3314 1831 3519 1900 (1351),
3556 1854 3580 1883 ι
3643 1830 3700 1884 id
3749 1834 3818 1884 est

2188 1920 2481 1970 voratores
2514 1915 2705 1986 otiosi,
2732 1921 2790 1970 et
2821 1916 3036 1972 idcirco
3071 1917 3266 1982 ferias,
3320 1923 3376 1974 et
3423 1919 3542 1974 otia
3593 1918 3816 1973 libenter

2185 2004 2507 2058 admittunt
2537 2005 2742 2072 (1355).
2776 2005 3009 2060 Dictum
3041 2011 3131 2061 est
3159 2006 3267 2061 hoc
3297 2008 3366 2062 de
3399 2009 3661 2079 quodam
3705 2007 3814 2078 Epi-

2185 2091 2435 2160 menide,
2470 2091 2569 2162 qui
2601 2092 2891 2148 Cretensis
2924 2093 3055 2161 fuit,
3081 2094 3137 2148 in
3172 2094 3527 2165 cujuslibris
3552 2095 3814 2152 hocinve-

2185 2180 2345 2234 nitur
2358 2195 2632 2234 versuum
2657 2180 3080 2250 hexametrum,
3098 2183 3199 2254 qui
3221 2182 3279 2237 in
3303 2183 3568 2238 Graecum
3594 2185 3813 2254 pedibus

2185 2273 2321 2336 stat,
2354 2269 2412 2322 in
2444 2269 2614 2338 cujus
2645 2267 2811 2324 libris
2842 2269 2949 2324 hoc
2972 2270 3506 2342 invenitur(1256);
3540 2273 3812 2343 quihomo

2184 2359 2336 2410 inter
2391 2358 2707 2428 prophetas
2754 2357 2852 2411 Dei
2913 2375 3029 2413 non
3076 2359 3390 2413 invenitur.
3447 2359 3566 2415 Nec
3619 2361 3687 2416 ad
3734 2360 3813 2414 illa

2183 2445 2416 2517 eloquia
2444 2445 2544 2500 Dei
2580 2446 2850 2516 pertinet,
2872 2462 2998 2517 quae
3027 2446 3248 2502 Judmis
3279 2447 3420 2502 dicit
3440 2463 3572 2504 esse
3594 2449 3810 2517 credita,

2184 2533 2317 2588 Ideo
2331 2549 2443 2588 non
2458 2535 2938 2589 commemoravit
2959 2533 3274 2606 Apostolus
3295 2552 3507 2591 nomen
3520 2538 3811 2608 ejus,sicut

2183 2621 2329 2677 solet
2357 2639 2812 2677 commemorare
2845 2623 3160 2694 prophetas
3190 2623 3288 2679 Dei
3312 2625 3496 2696 (1357)
3517 2625 3580 2682 in
3604 2642 3716 2698 qua
3739 2630 3808 2680 est

2185 2711 2499 2765 auctoritas
2529 2710 2645 2764 Dei.

2256 2820 2284 2848 «
2319 2799 2744 2854 Testimonium
2783 2799 2887 2854 hoc
2915 2817 3116 2855 verum
3149 2806 3288 2856 est»
3323 2803 3524 2873 (1358).
3563 2803 3683 2859 Non
3739 2809 3810 2859 to-

2183 2892 2308 2942 tum
2332 2904 2586 2956 carmen,
2612 2889 2811 2958 dequo
2831 2889 3232 2944 testimonium
3250 2896 3559 2962 sumptum
3588 2898 3702 2948 est:
3725 2893 3806 2946 sed

2184 2979 2411 3030 tantum
2445 2976 2550 3031 hoc
2582 2977 3008 3047 testimonium,
3036 2978 3128 3032 hic
3151 2980 3499 3047 versiculus,
3531 2998 3645 3053 quo
3669 2997 3808 3036 men-

2183 3066 2354 3120 daces
2385 3070 2683 3120 vocantur.
2719 3066 2788 3120 Et
2819 3067 3019 3137 utique
3051 3067 3150 3138 qui
3179 3069 3239 3122 in
3272 3085 3388 3123 una
3419 3073 3656 3126 tantum
3699 3085 3810 3142 poe-

2184 3154 2358 3208 matis
2388 3159 2551 3224 parte
2583 3155 2871 3210 concessit
2903 3156 3108 3226 (1359),
3139 3161 3197 3211 et
3243 3161 3449 3212 caetera
3499 3160 3809 3214 confutasse

2184 3243 2510 3298 credendus
2541 3247 2647 3298 est.

2257 3356 2282 3381 ‹‹
2310 3332 2494 3394 Quam
2517 3332 2588 3387 ob
2614 3349 2854 3388 causam
2876 3332 3112 3404 increpa
3133 3333 3264 3390 illos
3286 3335 3450 3403 dure,
3476 3340 3543 3391 ut
3563 3335 3686 3392 sani
3709 3336 3809 3391 sint

2185 3423 2241 3475 in
2269 3422 2400 3476 ﬁde.
2427 3443 2454 3469 ››
2481 3421 2628 3484 Quia
2648 3422 2806 3476 enim
2831 3422 3139 3478 mendaces
3158 3428 3314 3491 sunt,
3339 3429 3395 3480 et
3418 3425 3587 3480 malis
3611 3424 3804 3492 bestiae,

2183 3511 2280 3582 qui
2317 3508 2462 3564 falsa
2491 3511 2863 3581 persuadent,
2897 3511 2996 3581 qui
3029 3511 3283 3568 ferarum
3319 3515 3432 3568 ritu
3477 3515 3804 3587 sanguinem

2184 3599 2389 3654 sitiunt
2419 3599 2818 3669 deceptorum,
2850 3599 3067 3656 idcirco
3099 3601 3336 3674 increpa
3383 3602 3538 3671 illos,
3591 3609 3655 3658 ut
3699 3600 3806 3658 sani

2183 3688 2302 3742 sint
2333 3687 2390 3740 in
2421 3687 2572 3753 ﬁde,-
2600 3689 2670 3742 de
2692 3705 2807 3758 qua
2828 3689 2960 3743 tidei
2985 3689 3232 3745 sanitate
3252 3690 3310 3745 in
3334 3691 3806 3764 consequentibus

2185 3776 2447 3846 loquitur
2479 3791 2491 3830 :
2525 3777 2702 3831 Senes
2735 3777 2960 3832 sobrios
3009 3795 3157 3847 esse,
3203 3778 3509 3850 honestos,
3567 3780 3805 3852 pudicos,

2185 3881 2360 3920 sanos
2394 3865 2452 3918 in
2487 3865 2618 3931 (ide,
2651 3870 2708 3919 et
2735 3866 3035 3934 charitate,
3071 3872 3129 3922 et
3161 3869 3482 3939 patientia;
3519 3870 3591 3924 ad
3651 3881 3805 3941 quam

2185 3952 2318 4008 ﬁdei
2351 3952 2822 4022 similitudinem,
2846 3955 3112 4010 doctrina
3133 3972 3366 4027 quoque
3392 3959 3614 4013 sanitas
3634 3955 3806 4029 appel-

2183 4042 2355 4098 latur.

2326 4153 2353 4181 ‹‹
2391 4131 2513 4186 Non
2545 4131 2912 4187 intendentes
2933 4133 3198 4189 Judaicis
3221 4134 3433 4191 fabulis
3457 4141 3518 4192 et
3539 4133 3806 4191 mandatis

2184 4220 2515 4286 hominum,
2549 4237 2610 4277 se
2639 4222 3036 4277 aversantium
3069 4240 3103 4277 a
3124 4223 3383 4279 veritate.
3409 4247 3438 4272 »
3472 4219 3804 4280 Traditioni-

2185 4310 2294 4365 bus
2324 4309 2620 4378 humanis,
2657 4310 2727 4364 de
2760 4311 2977 4381 quibus
2997 4311 3183 4366 Judaei
3203 4311 3258 4366 in
3287 4312 3597 4385 Evangelio
3619 4309 3803 4384 (Matth.

2181 4415 2274 4466 xv,
2343 4400 2500 4467 9-1/1)
2577 4405 2906 4470 arguuntur
2990 4417 3090 4472 per
3166 4400 3376 4456 Isaiam
3462 4403 3589 4473 (Isa.
3672 4414 3802 4463 xxxx,

2185 4488 2269 4558 13)
2303 4504 2314 4541 :
2351 4487 2532 4543 Deum
2564 4504 2678 4542 non
2711 4489 2903 4560 corde,
2937 4490 3039 4544 sed
3072 4489 3246 4544 labiis
3278 4490 3656 4546 honorantes.

2254 4594 2439 4664 (1355)
2473 4595 2533 4647 In
2567 4610 2751 4665 marg.
2785 4597 2879 4665 Ag.

2105 4691 2154 4755 Ι)
2191 4741 2204 4755 Α
2225 4665 2770 4755 “(1356:)Jlttlendam‘,
2799 4666 2886 4722 vel
2919 4667 3114 4749 potius
3145 4669 3408 4739 mendas,
3443 4686 3570 4740 quae
3611 4668 3667 4723 in
3716 4666 3804 4755 hos

2189 4741 2349 4818 textp
2410 4737 2792 4820 irrepserunt,
2841 4734 3132 4820 coirigere
3180 4757 3362 4796 ausus
3396 4734 3525 4796 non
3577 4755 3702 4820 sum
3746 4734 3804 4820 0P

2191 4807 2433 4883 nimiam
2463 4807 3226 4883 verborumalterationem,
3253 4829 3369 4883 qua
3415 4828 3564 4883 opus
3604 4809 3802 4866 fuisset.

2190 4879 2332 4953 Vide
2363 4879 2519 4953 inter
2547 4879 2832 4953 opuscula
2861 4881 2975 4935 divi
3008 4879 3322 4953 Augustini
3355 4879 3490 4939 libr.
3527 4900 3587 4953 ιι,
3631 4884 3806 4953 contra

2190 4951 2415 5025 advers.
2480 4949 2614 5025 Leg.
2664 4957 2733 5025 et
2789 4949 3184 5025 PrOphet.,'§
3243 4956 3330 5020 13,
3407 4949 3582 5010 edit.'
3621 4949 3801 5010 Paria,

2190 5027 2333 5090 tom,
2382 5024 2436 5086 8,
2493 5024 2598 5076 col.
2660 5024 2787 5087 588,
2838 5025 2934 5078 ubi
2997 5025 3118 5079 haec
3167 5024 3350 5080 verba
3401 5026 3801 5085 desiderantur,

2191 5093 2461 5170 quamvis
2494 5098 2614 5170 tota
2643 5094 2701 5148 in
2727 5095 2910 5170 hujus
2940 5097 3144 5170 versic.
3173 5101 3392 5152 textum
3426 5099 3557 5167 ejus
3593 5096 3684 5170 sit.
3742 5162 3750 5170 ⁸

2263 5165 2459 5240 (1357)
2478 5167 2651 5220 Divus
2678 5168 2954 5240 _August.
2987 5169 3084 5240 cit.
3120 5167 3246 5223 loco
3277 5174 3410 5240 post
3455 5165 3523 5222 ea
3546 5165 3804 5240 verbane

2190 5232 2602 5306 prosequitur:
2629 5232 2956 5308 Aliquando
2979 5239 3201 5307 dicens,
3222 5232 3366 5294 sicut
3394 5245 3446 5294 et
3477 5237 3649 5294 David
3693 5232 3805 5289 dicit

2192 5308 2365 5384 (Rom.
2393 5324 2465 5371 1v,
2493 5309 2568 5384 ti).
2595 5309 3008 5384 (satasnuteni
3035 5311 3215 5364 audet.
3263 5318 3315 5366 et
3365 5311 3499 5384 dicit
3547 5311 3802 5384 {Roma}.

2188 5383 2279 5444 20)
2309 5382 2450 5433 sicut
2478 5383 2527 5432 et
2573 5379 2714 5451 Osee
2768 5380 2905 5436 dicit
2962 5383 3135 5451 (Rom.
3194 5399 3269 5451 Ix,
3327 5383 3441 5450 25),
3501 5381 3588 5435 vel
3637 5379 3804 5451 tacitis

2190 5466 2400 5526 eorum
2427 5450 2796 5526 nominibus,
2824 5447 3151 5526 cum'dicit,
3184 5447 3325 5508 sicut
3355 5447 3620 5524 scriptum
3649 5457 3732 5526 est,
3757 5447 3805 5526 Pl

2189 5538 2255 5575 ea
2285 5520 2582 5592 Scriptura
2612 5523 2983 5594 intelligitur,
3033 5525 3091 5578 in
3150 5541 3266 5596 qua
3313 5520 3620 5595 etc.,'quze
3666 5524 3717 5575 et
3755 5520 3803 5569 in

2192 5598 2388 5646 nostro
2431 5598 2610 5646 textu.

2262 5665 2444 5736 (1358)
2469 5665 2548 5736 th.

2262 5675 2422 5736 (1508
2469 5675 2548 5719 In.

2259 5675 2444 5813 (1359)
2471 5735 2646 5792 Divus
2675 5738 2910 5793 Hieron.
2952 5739 3238 5798 consensit.
