3898 6404
158 441 280 500 709

791 437 1204 501 EXPOSITIO
1248 440 1327 499 IN
1372 438 1796 500 EPISTULAS
1843 439 2103 502 PAULI.
2139 471 2214 487 —-
2246 443 2323 504 IN
2368 446 2618 510 EPIST.
2665 451 2770 511 AD
2814 453 2968 514 TIT.

3467 470 3589 528 710

235 595 263 622 ‹‹
297 571 713 662 Aversantium
745 586 806 626 se
857 588 891 626 a
919 571 1178 662 veritate
1209 594 1243 662 ii
1270 577 1316 630 Α
1365 573 1554 662 gratia
1599 572 1824 627 scilicet
1853 576 1907 639 Α
1938 573 2285 662 doctrinam.
2323 600 2350 627 ››
2387 581 2500 635 Hoc
2527 583 2708 654 igitur
2746 603 2901 642 nunc
2939 591 3254 662 Apostolus
3283 596 3479 654 Titum
3517 602 3584 655 ﬁ-

160 663 301 718 Novi
333 661 718 731 Testamenti,
754 677 884 732 qua:
914 660 974 715 in
1000 661 1313 734 Evangelio
1344 661 1594 717 revelata
1625 665 1732 728 est,
1765 668 1823 716 et

159 751 481 824 praedicata
509 750 598 806 vel
656 749 1039 821 imaginibus,
1073 751 1194 806 sive
1249 751 1422 806 dictis
1454 755 1511 806 et
1563 750 1730 805 factis
1760 750 1819 804 in

159 841 352 896 Veteri
398 840 798 894 Testamento.
849 839 1029 910 (1360)
1082 861 1111 888 «
1158 839 1370 895 Omnia
1396 840 1618 894 munda
1647 855 1819 894 mun-

156 930 270 986 dis.
308 951 337 978 »
369 928 517 992 Quia
543 927 820 999 superius
869 927 1113 983 dixerat.
1151 951 1173 977 ι
1229 932 1377 983 Sunt
1433 928 1588 982 enim
1646 927 1819 982 multi

157 1035 274 1074 non
310 1017 556 1084 subditi,
582 1015 882 1088 vaniloqui
918 1021 976 1070 et
1028 1017 1384 1088 deceptores,
1439 1017 1692 1072 maxime
1719 1017 1819 1088 qui

154 1109 227 1164 de
258 1105 711 1163 circumcisione
732 1109 892 1175 sunt,
928 1128 950 1156 ι
989 1107 1045 1159 et
1076 1106 1147 1160 de
1168 1105 1279 1171 his,
1314 1106 1415 1176 qui
1442 1106 1515 1160 ab
1537 1106 1621 1161 eis
1651 1107 1818 1160 dece-

154 1197 238 1269 pti
272 1196 528 1262 fuerant,
547 1200 977 1265 consequenter
997 1193 1323 1260 addiderat,
1359 1218 1388 1244 «
1421 1193 1660 1266 increpa
1685 1194 1818 1250 illos

154 1285 389 1352 acriter,
417 1288 484 1339 ut
507 1283 634 1338 sani
667 1283 787 1339 sint
816 1282 876 1337 in
912 1282 1041 1350 ﬁde,
1069 1299 1186 1339 non
1219 1283 1588 1344 intendentes
1617 1283 1818 1339 Judai-

153 1374 240 1430 cis
273 1371 488 1429 fabulis
519 1376 577 1428 et
606 1371 903 1427 mandatis
933 1371 1264 1439 hominum,
1301 1373 1696 1428 aversantium
1717 1389 1817 1430 ve-

154 1464 414 1532 ritatem,
450 1483 482 1511 »
511 1465 570 1516 et
599 1461 890 1532 quomodo
923 1460 995 1515 ad
1046 1459 1280 1516 Galatas
1312 1465 1370 1516 et
1415 1461 1486 1516 ad
1518 1461 1815 1518 Romanos

152 1550 504 1623 plenissime
549 1549 907 1622 disputatur,
960 1549 1249 1620 putabant
1294 1549 1448 1606 inter
1497 1550 1658 1606 cibos
1689 1567 1815 1607 esse

152 1638 524 1704 distantiam,
555 1654 690 1693 cum
741 1637 921 1708 aliqui
973 1637 1200 1704 mundi,
1259 1637 1440 1709 aliqui
1478 1639 1818 1694 viderentur

149 1727 490 1792 immundi;
526 1730 833 1798 propterea
871 1741 1027 1780 nunc
1058 1725 1254 1794 infert,
1291 1750 1311 1775 «ι
1347 1726 1546 1782 omnia
1594 1728 1817 1784 munda

149 1816 418 1886 mundis,
443 1838 472 1865 ››
527 1815 623 1872 his
650 1815 938 1878 videlicet,
989 1815 1090 1886 qui
1122 1816 1183 1869 in
1215 1814 1445 1871 Christo
1477 1817 1728 1871 credunt
1756 1823 1814 1872 et

147 1907 350 1962 sciunt
384 1921 618 1960 omnem
653 1907 976 1959 creaturam
1010 1903 1110 1958 Dei
1142 1904 1358 1958 bonam
1392 1921 1542 1971 esse,
1577 1910 1635 1959 et
1665 1905 1811 1960 nihil

147 1995 586 2066 abjiciendum,
619 1992 776 2065 quod
829 2009 964 2047 cum
1007 1993 1328 2064 gratiarum
1361 1994 1587 2050 actione
1620 1995 1809 2066 perci-

195 2085 334 2140 itur.

195 2101 334 2140 itur.

144 2101 188 2157 Ρ
224 2198 254 2223 α
289 2172 697 2244 Goinquinatis
717 2176 913 2227 autem
927 2175 982 2227 et
1008 2169 1347 2227 inﬁdelibus
1368 2172 1514 2227 nihil
1536 2177 1624 2228 est
1645 2190 1812 2228 mun-

142 2265 295 2319 dum
332 2286 362 2312 »
395 2263 602 2335 (1361).
636 2260 1007 2333 Coinquinati
1067 2266 1229 2330 sunt,
1280 2265 1336 2316 et
1366 2261 1654 2331 inﬁdeles,
1708 2263 1809 2334 qui

140 2371 267 2409 non
287 2351 758 2422 ereduntjugum
776 2349 942 2422 legis,
967 2349 1288 2418 Christum,
1308 2351 1578 2406 donando
1611 2352 1807 2419 ﬁdem,

141 2460 182 2498 a
212 2441 369 2498 collo
400 2439 768 2496 credentium
819 2437 1155 2507 abstulisse,
1205 2439 1263 2493 id
1307 2444 1396 2494 est
1427 2440 1646 2506 omnia,
1681 2457 1809 2511 quas

143 2528 617 2603 temporalaliter
663 2528 723 2582 in
774 2528 964 2600 ﬁgura
1021 2529 1252 2582 fuerant
1299 2527 1435 2583 data
1484 2529 1689 2600 (1362),
1724 2528 1809 2584 illi

143 2620 472 2676 immunda
501 2617 807 2674 vocabant.

217 2709 338 2766 Sed
370 2707 689 2779 inquinata:
711 2708 851 2760 sunt
865 2719 1067 2760 eorum
1083 2707 1140 2759 et
1162 2720 1351 2775 mens,
1370 2709 1428 2760 et
1455 2705 1812 2762 conscientia

139 2800 358 2870 (1363).
394 2797 704 2868 Propterea
729 2794 907 2850 etiam
941 2810 1068 2866 quae
1102 2795 1324 2849 munda
1343 2800 1483 2849 sunt
1512 2812 1616 2867 per
1646 2800 1812 2851 natu—

142 2906 300 2955 ram,
333 2888 420 2943 eis
451 2884 762 2941 immunda
790 2883 960 2946 ﬁunt,
1006 2899 1123 2938 non
1151 2899 1266 2954 quo
1298 2884 1674 2940 immundum
1708 2886 1812 2941 ﬁat

141 2977 397 3051 aliquid,
430 2975 532 3031 sed
564 2990 669 3047 pro
699 2972 982 3045 qualitate
1011 2973 1394 3040 vescentium,
1428 2978 1487 3029 et
1519 2975 1809 3031 mundum

138 3065 392 3124 mundis
421 3068 480 3120 et
508 3063 885 3119 immundum
917 3060 1338 3116 contaminatis
1371 3061 1492 3117 ﬁat.
1530 3062 1809 3135 Alioquin

139 3155 420 3212 inﬁdeles
452 3168 719 3225 quosque
748 3156 924 3222 atque
944 3149 1222 3222 pollutos,
1246 3151 1421 3205 etiam
1445 3151 1617 3222 panis
1641 3153 1812 3208 bene-

140 3245 448 3310 dictionis,
476 3246 535 3298 et
563 3241 712 3297 calix
767 3239 1103 3295 Dominicus
1154 3256 1269 3294 non
1311 3241 1502 3311 juvat,
1535 3241 1676 3312 quia
1706 3243 1807 3314 qui

141 3336 396 3407 indigne
443 3329 762 3388 comederit
804 3330 876 3384 de
907 3345 1056 3401 pane
1097 3327 1198 3383 illo
1227 3334 1285 3384 et
1315 3331 1385 3383 de
1436 3329 1613 3385 calice
1646 3331 1806 3388 bibe-
1839 3315 1881 3382 C

142 3425 244 3488 rit,
271 3421 573 3494 judicium
596 3418 709 3475 sibi
741 3417 1060 3474 manducat
1087 3421 1144 3472 et
1174 3417 1323 3472 bibit
1351 3419 1395 3489 (Ι
1423 3421 1546 3474 Cor.
1583 3437 1661 3486 x1,
1693 3422 1807 3493 27).

138 3513 418 3569 Adventu
451 3508 607 3564 enim
635 3505 846 3563 Christi
877 3510 1125 3578 purgata
1155 3511 1296 3561 sunt
1326 3507 1545 3561 omnia.

217 3624 250 3653 α
284 3599 656 3656 Conﬁtentur
685 3613 748 3652 se
779 3611 953 3651 nosse
998 3594 1205 3665 Deum,
1259 3594 1427 3650 factis
1472 3601 1666 3652 autem
1707 3615 1806 3655 ne-

137 3695 310 3764 gant.
346 3712 374 3738 ‹‹
423 3686 731 3744 Neminem
779 3683 958 3751 enim,
1015 3683 1095 3738 ita
1145 3689 1212 3738 ut
1259 3700 1340 3751 se,
1400 3684 1604 3741 dicunt
1635 3704 1808 3744 nosse

137 3780 475 3843 Christum,
518 3775 735 3847 quibus
765 3789 833 3829 ex
863 3772 989 3844 lege
1021 3772 1352 3844 promissus
1379 3778 1489 3843 est,
1511 3776 1611 3830 sed
1637 3777 1806 3833 factis

138 3873 368 3943 negant
397 3866 717 3922 adventum
763 3864 892 3934 ejus
941 3863 1148 3934 (1364),
1197 3864 1341 3918 dum
1389 3880 1453 3918 se
1502 3865 1628 3920 sine
1659 3865 1806 3939 legis

135 3957 363 4014 auxilio
395 3958 608 4029 putant
629 3950 945 4024 justiﬁcari
977 3968 1093 4006 non
1124 3968 1318 4023 posse.

216 4067 239 4094 ε
275 4051 424 4102 Cum
457 4043 576 4100 sint
604 4041 946 4106 abominati,
971 4039 1437 4111 etincredibiles,
1459 4045 1517 4096 et
1535 4043 1606 4098 ad
1629 4060 1802 4102 omne

131 4153 289 4210 opus
323 4135 549 4190 bonum
567 4129 799 4204 reprobi
821 4151 850 4178 ››
871 4130 1080 4200 (1365).
1106 4129 1408 4193 Quomodo
1430 4130 1611 4202 igitur
1630 4131 1803 4191 labiis

134 4226 274 4298 quis
307 4224 566 4280 honorat
625 4226 830 4289 Deum,
879 4223 938 4274 et
967 4219 1141 4274 corde
1170 4217 1372 4290 procul
1431 4221 1666 4287 recedit,
1719 4223 1802 4279 ita

130 4321 323 4371 Deum
375 4325 650 4368 sermone
701 4309 834 4380 quis
866 4307 1204 4375 conﬁtetur,
1262 4307 1540 4379 operibus
1603 4316 1797 4382 negat.

128 4404 374 4475 Negans
404 4403 603 4455 autem
627 4396 902 4469 operibus
925 4395 1133 4463 Deum,
1165 4395 1531 4451 confessione
1563 4398 1800 4454 simula-

126 4498 212 4555 ta,
251 4495 413 4546 recte
473 4486 850 4544 exsecrabilis
907 4490 964 4541 et
1022 4485 1302 4556 profanus
1345 4489 1466 4540 est:
1525 4491 1582 4541 et
1639 4487 1801 4544 nulla

121 4577 639 4637 veritatisratione
664 4591 1004 4648 persuasus,
1025 4573 1366 4629 inobediens
1384 4578 1440 4628 et
1461 4573 1798 4632 incredulus

123 4669 493 4743 appellatur.
529 4664 696 4721 Unde
728 4664 920 4720 evenit
950 4668 1015 4719 ut
1053 4663 1125 4717 ad
1174 4678 1347 4716 omne
1397 4679 1546 4733 opus
1576 4663 1796 4721 bonum

124 4759 431 4832 reprobus
462 4755 539 4812 sit
567 4779 580 4822 ;
615 4771 732 4826 quo
763 4752 990 4809 scilicet
1017 4751 1193 4806 etiam
1251 4749 1506 4820 illa,quze
1540 4753 1798 4809 naturali

118 4848 398 4904 bonitate
487 4848 800 4915 superatus
878 4843 1024 4897 forte
1095 4840 1248 4895 bona
1319 4839 1517 4910 aliqua
1577 4843 1797 4910 fecerit,

119 4953 242 4992 non
301 4935 428 4990 sint
459 4935 634 5004 bona,
671 4933 814 4988 dum
845 4931 1062 4988 mentis
1104 4928 1482 5000 perversitate
1529 4935 1668 4985 sunt
1700 4948 1792 4986 re-

117 5027 363 5184 pr?ng
390 5112 486 5183 ΙΙ.)
525 5134 546 5160 ι
583 5112 671 5166 Tu
703 5116 898 5168 autem
929 5109 1170 5180 loquere
1191 5123 1320 5178 quae
1349 5108 1558 5163 decent
1587 5125 1795 5165 sanam

225 5238 388 5310 1360)
423 5238 506 5292 Ih.

225 5312 390 5382 136!)
423 5310 548 5382 An:
586 5325 715 5381 quae
747 5307 1032 5380 expositio
1065 5304 1284 5378 Pelagii
1318 5309 1428 5362 est.

196 5381 388 5456 (1362)
420 5381 600 5437 Deest
628 5382 897 5451 fortasse,
929 5387 981 5436 et
1009 5394 1150 5450 qua.

197 5455 389 5508 (1363)
423 5453 508 5508 Ill.

195 5457 665 5598 Elggzll'llextus
716 5523 809 5580 hic
853 5521 1273 5598 Pelagiihseu
1308 5517 1796 5598 Hieronymiastri

108 5589 232 5665 est,
266 5589 376 5670 qui
401 5596 488 5652 ita
520 5595 735 5670 habet:
769 5598 836 5652 Se
862 5589 1372 5670 melik‘Christuyz
1393 5589 1591 5670 dicunt
1620 5607 1795 5670 nosse,

106 5681 178 5728 ut
221 5660 340 5739 ιιᾶε
380 5667 908 5746 promissymsed
953 5665 1143 5746 (actis,
1171 5666 1279 5746 etc.
1310 5660 1652 5746 ‘Legendum
1686 5660 1796 5746 ita;

107 5733 607 5818 quassu-potius
639 5733 1090 5813 intelligendum
1112 5736 1185 5792 de
1213 5733 1455 5805 Judaais,
1479 5734 1579 5805 qui
1608 5737 1793 5792 nemi-

1931 661 2073 719 lium
2108 665 2164 719 in
2199 667 2424 724 Christo
2448 674 2504 725 et
2536 672 2891 744 discipulum
2917 695 3091 735 suum
3118 683 3302 755 docet,
3329 692 3393 741 ut
3415 704 3482 743 ea
3500 689 3583 744 lo-

1944 758 2159 846 quatur
2192 772 2318 826 quae
2349 774 2506 814 sanas
2537 765 2887 820 conveniant
2917 767 3230 838 doctrinm;
3279 776 3417 846 quia
3441 783 3582 835 tunc

1931 840 2204 896 doctrinae
2236 844 2314 900 sit
2341 847 2582 916 sanitas,
2628 867 2761 906 cum
2787 853 3040 912 doctoris
3072 840 3337 918 doctrina
3366 867 3586 936 pariter

1929 933 1988 984 et
2006 931 2125 986 vita
2155 936 2550 992 consentiunt.

2000 1037 2183 1109 (1366.)
2215 1061 2242 1089 «
2273 1045 2470 1110 Senes,
2505 1052 2562 1098 ul
2597 1047 2776 1102 sobrii
2809 1049 2947 1105 sint.
2981 1073 3010 1102 »
3045 1053 3149 1109 Hic
3193 1073 3364 1116 senes
3389 1061 3578 1119 Eccle-

1928 1125 2025 1179 siae
2053 1127 2309 1183 seniores
2331 1131 2604 1201 appellat,
2629 1149 2775 1204 quos
2798 1153 3037 1194 necesse
3064 1147 3154 1196 est
3171 1146 3447 1203 omnibus
3473 1152 3585 1206 for-

1929 1229 2086 1309 mam
2138 1218 2414 1288 praebere,
2461 1237 2533 1274 ne
2574 1223 2913 1292 junioribus
2965 1229 3189 1285 malum
3247 1238 3575 1309 exemplum

1927 1303 2239 1372 praebeant.

1997 1415 2025 1440 «
2060 1394 2284 1461 Pudici,
2319 1398 2658 1466 prudentes,
2691 1407 2819 1457 sani
2853 1404 2913 1459 in
2941 1407 3091 1475 ﬁde;
3135 1411 3194 1465 in
3228 1413 3576 1487 dilectione;

1924 1481 1982 1577 in
2009 1483 2292 1577 patientia
2314 1486 2527 1577 Δ(1467).
2564 1510 2591 1537 ››
2641 1493 3000 1550 Generaliter
3028 1497 3154 1555 Tito
3204 1509 3340 1558 ante
3371 1481 3580 1577 praeci;

1926 1570 2094 1665 piens
2124 1573 2266 1665 quid
2311 1573 2438 1645 ipse
2484 1575 2640 1647 loqui
2686 1581 2923 1638 deberet
2971 1587 3042 1640 ad
3089 1595 3352 1659 cunctos,
3371 1570 3455 1650 -in
3485 1613 3574 1665 eo,

1927 1661 2080 1730 quod
2115 1661 2238 1717 ait:
2299 1684 2326 1711 ‹‹
2357 1665 2440 1717 Tu
2472 1682 2605 1721 vero
2655 1667 2892 1740 loquere
2940 1689 3071 1744 quae
3118 1677 3324 1734 decent
3371 1661 3575 1740 sanam

1925 1749 2273 1805 doctrinam.
2300 1774 2328 1800 »
2354 1753 2518 1808 Nunc
2541 1772 2644 1826 per
2663 1758 2928 1830 singulas
2951 1764 3340 1838 species.quid
3370 1788 3578 1828 unam-

1925 1854 2222 1910 quamque
2251 1845 2478 1897 aetatem
2499 1844 2698 1901 deceat
2724 1865 2736 1912 ;
2761 1851 3030 1919 exponit;
3057 1855 3312 1923 primum
3336 1862 3578 1918 senibus

1844 1947 1892 2011 Β
1926 1927 2060 1982 viris
2085 1930 2486 2020 con-venientia
2509 1950 2521 1998 ;
2547 1933 2755 1990 deinde
2778 1954 2928 1993 anus
2959 1942 3096 2010 quid
3122 1944 3320 2000 deceat
3345 1972 3358 2012 ;
3381 1951 3572 2020 tertio,

1922 2032 2048 2086 quae
2071 2016 2543 2076 adolescentibus
2561 2029 2697 2094 apta
2720 2026 2858 2094 sint,
2881 2033 2999 2083 tam
3025 2031 3287 2089 maribus
3309 2016 3575 2094 videlicet

1922 2121 2099 2175 quam
2133 2106 2405 2174 feminis;
2440 2111 2576 2164 licet
2607 2112 2663 2166 in
2699 2121 2979 2186 praecepto
3002 2119 3314 2178 mulierum
3347 2127 3573 2182 vetula-

1923 2208 2051 2247 rum
2085 2193 2156 2247 de
2187 2193 2657 2252 adolescentibus
2679 2201 2912 2258 feminis
2937 2209 3214 2264 mandata
3235 2212 3572 2282 subjecerit,

1921 2285 1986 2335 ut
2017 2286 2281 2376 non-tam
2314 2284 2440 2355 ipse
2470 2287 2701 2343 doceret
2716 2290 3203 2368 adolescentulas,
3224 2315 3402 2370 quam
3431 2306 3572 2376 quid

1921 2387 1955 2424 a
1984 2369 2193 2426 vetulis
2215 2373 2560 2430 docerentur
2587 2386 2918 2449 exponeret.
2961 2369 3334 2445 Extremaide
3363 2369 3569 2460 servis,

1921 2463 1978 2513 et
2007 2476 2111 2530 per
2139 2461 2402 2533 singulas
2438 2469 2655 2532 aetates,
2689 2473 2746 2522 et
2793 2471 3156 2529 conditiones
3188 2476 3272 2531 sic
3301 2479 3574 2538 decenter

1921 2555 2206 2692 praecepti:
2235 2552 2639 2622 constituit,ut
2661 2572 2854 2613 sermo
2885 2561 3044 2630 ejus;
3065 2562 3190 2619 vitae
3222 2582 3572 2644 morumque

1921 2636 1997 2692 sit
2028 2653 2166 2692 regu
2196 2656 2247 2692 a.

1920 2636 1997 2692 sit
2028 2637 2247 2703 regula.

1993 2767 2021 2793 ‹‹
2054 2746 2215 2836 Anus
2246 2746 2520 2804 similiter
2550 2750 2608 2805 in
2643 2751 2845 2809 habitu
2877 2762 3079 2814 sancto
3110 2761 3291 2836 (1368)
3324 2789 3351 2815 «
3388 2768 3448 2823 Id
3481 2775 3572 2826 est

1922 2849 2054 2932 qua.
2069 2833 2450 2932 eligebantur
2478 2840 2548 2894 ad
2610 2841 2856 2932 aliarum
2891 2849 3244 2920 exemplum.
3275 2833 3391 2910 ’Est
3437 2874 3574 2932 ergo

1922 2921 2160 2978 habitus
2209 2941 2323 2980 non
2357 2933 2616 2997 sanctus,
2652 2931 2723 2984 de
2779 2949 2893 3004 quo
2953 2935 3091 2991 alibi
3151 2940 3330 2997 dicit:
3384 2968 3412 2994 «
3445 2921 3570 3004 Non

1922 3010 1980 3065 in
2040 3012 2211 3067 tortis
2270 3014 2551 3082 crinibus,
2613 3022 2714 3074 aut
2772 3028 2928 3078 veste
2988 3028 3246 3096 pretiosa
3298 3034 3372 3100 (II
3429 3035 3564 3093 Tim.

1922 3115 1981 3164 II,
2013 3100 2090 3167 9).
2128 3123 2155 3150 »

1994 3211 2020 3236 ‹‹
2057 3188 2178 3243 Non
2215 3191 2661 3266 criminatrices,
2699 3219 2726 3244 n
2761 3196 2815 3253 id
2848 3204 2937 3255 est
2965 3219 3036 3258 ne
3080 3205 3171 3260 vel
3219 3210 3453 3281 cognita
3482 3215 3570 3270 vel

1922 3276 2219 3348 incognita
2253 3278 2503 3336 aliorum
2535 3290 2791 3354 peccata,
2827 3290 2998 3360 quasi
3028 3276 3317 3363 convicia,
3345 3299 3476 3357 aliis
3509 3303 3567 3359 iu

1921 3366 2064 3422 facie
2095 3369 2409 3438 proferant.

1995 3477 2023 3505 «
2054 3455 2178 3511 Non
2208 3457 2341 3512 vino
2401 3459 2586 3516 multo
2645 3464 2980 3523 servientes.
3045 3495 3064 3523 ι
3112 3475 3220 3528 Sed
3271 3477 3566 3536 modicum

1918 3545 1990 3600 ad
2024 3545 2399 3602 sobrietatem
2461 3554 2698 3622 propter
2743 3554 2992 3612 salutem
3041 3563 3300 3634 corporis
3359 3567 3565 3624 biben-

1916 3639 2024 3689 tes.

1989 3746 2017 3774 «
2051 3723 2202 3778 Bene
2235 3725 2529 3783 docentes.
2586 3731 2795 3788 Docere
2849 3733 2980 3792 illas
3009 3741 3312 3812 permisit;
3347 3747 3446 3802 sed
3480 3750 3567 3804 fe-

1917 3812 2130 3881 minas,
2164 3818 2220 3869 et
2252 3814 2360 3871 hoc
2392 3832 2507 3872 non
2539 3818 2596 3873 in
2631 3821 2905 3895 Ecclesia,
2931 3828 3030 3882 sed
3062 3830 3333 3901 privatim
3365 3835 3426 3891 in
3457 3855 3566 3895 suo

1913 3917 2052 3958 sexu
2063 3945 2076 3958 .

1985 4013 2012 4040 «
2042 3990 2536 4065 Adolescentulas,
2570 4001 2635 4052 ut
2663 3998 2818 4056 viros
2848 4016 2986 4059 suos
3019 4014 3235 4064 ament.
3278 4033 3305 4060 »
3348 4012 3419 4068 Ut
3449 4031 3565 4072 non

1913 4079 2154 4147 alienos,
2190 4080 2310 4138 sive
2341 4084 2482 4154 quia
2511 4084 2720 4157 aliqua
2772 4092 3138 4152 continentes
3187 4106 3354 4155 erant
3386 4120 3477 4171 ne,
3513 4107 3565 4160 si

1911 4168 2366 4263 non-diligerent
2395 4171 2547 4229 viros
2597 4191 2757 4245 suos,
2808 4180 3049 4238 verbum
3100 4185 3224 4254 Dei,
3256 4168 3563 4263 tamquam

1910 4256 2222 4314 dissidium
2258 4261 2601 4332 praedicans,
2634 4265 2988 4338 culparetur.

1983 4383 2013 4412 «
2043 4365 2388 4434 Prudentes,
2422 4373 2634 4440 castas,
2685 4373 2931 4444 sobrias,
2967 4377 3178 4433 domus
3226 4397 3427 4438 curam
3461 4385 3564 4440 lia-

1909 4449 2133 4520 bentes,
2166 4475 2193 4503 ,›
2229 4471 2301 4509 ne
2330 4456 2483 4511 viros
2515 4474 2654 4512 suos
2691 4461 2748 4514 in
2778 4461 2971 4533 aliquo
3005 4468 3407 4526 constristent.

1982 4579 2017 4653 «γ
2043 4559 2353 4653 Benignas,
2378 4563 2657 4653 (subditas
2687 4568 2828 4624 viris
2861 4571 3007 4641 suis,
3043 4579 3108 4628 ut
3138 4593 3252 4632 non
3285 4578 3564 4653 blasphe-

1909 4652 2102 4740 matur
2121 4649 2367 4704 verbum
2390 4651 2512 4720 Dei,
2549 4675 2576 4700 ››
2611 4670 2702 4722 ne,
2731 4656 2821 4712 vel
2854 4659 2966 4730 ipsi
2989 4649 3490 4740 blasphemarent,
3513 4671 3564 4726 si

1910 4736 2270 4809 negligentes
2301 4746 2520 4811 essent,
2542 4743 2630 4798 vel
2653 4744 2749 4799 alii
2772 4748 3031 4806 videntes
3055 4769 3151 4808 eas
3177 4755 3402 4826 pejores
3435 4736 3566 4814 eil‘e-

1910 4829 2054 4894 ctas,
2087 4843 2266 4898 quam
2301 4829 2533 4886 fuerant
2580 4838 2714 4889 ante
2745 4836 2944 4907 ﬁdem,
2992 4840 3369 4900 detraherent
3398 4847 3563 4902 Chri-

1908 4915 2111 4970 stianae
2143 4916 2412 4990 religioni
2434 4921 2642 4994 (1369).

1979 5021 2042 5076 In
2075 5039 2140 5078 eo
2173 5039 2329 5094 vero,
2364 5028 2518 5096 quod
2551 5031 2826 5100 superius
2857 5032 2967 5088 ait:
3005 5058 3032 5084 «
3054 5037 3216 5094 Anus
3239 5040 3564 5098 similiter»

1905 5111 2111 5182 (1370),
2147 5112 2256 5168 hoc
2286 5119 2377 5170 est
2407 5116 2488 5171 ita
2515 5121 2580 5171 ut
2610 5117 2715 5173 viri
2747 5136 2915 5177 senes
2940 5123 2999 5178 in
3017 5127 3297 5185 omnibus
3327 5131 3565 5206 sobria,

1907 5252 2329 5381 ηθέιῗέἓὲξέυῗὴῗλο
2354 5239 2489 5312 ipsi,
2523 5244 2864 5300 asserebant
2894 5263 3067 5305 nosse
3099 5250 3418 5312 Christum.

1980 5381 2308 5450 (iam)AN.

2005 5453 2164 5524 1367)
2199 5455 2281 5507 lh.

2005 5458 2164 5524 1367)
2199 5458 2281 5507 1h.

1977 5458 2162 5593 E1368)
2195 5525 2300 5578 An.

2297 5597 2423 5653 cod.
2459 5595 2835 5660 Christianam
2864 5607 3207 5682 religionem.
