3898 6400
384 446 496 511 711

1399 438 1739 501 ATTONIS
1783 432 2374 499 VERCELLENSIS
2420 435 2772 497 EPISCOPI

3676 443 3777 503 ’712

394 583 670 647 honestae,
707 578 951 651 pudicae,
1005 591 1161 630 sana;
1190 573 1250 628 in
1286 572 1418 638 fide,
1451 576 1507 626 et
1534 569 1802 625 castitate
1830 566 2038 637 (1371),
2068 568 2123 632 Α
2153 581 2253 619 eos
2274 566 2445 635 (Psal.
2471 583 2561 633 av,
2594 568 2670 637 8).
2702 588 2730 621 υ
2761 568 2899 632 Qum
2927 566 3118 639 gratia
3146 568 3423 626 omnibus
3458 568 3777 630 hominibus

393 676 451 726 et
482 668 781 741 patientia,
798 670 863 721 ut
884 682 997 720 non
1021 663 1142 718 sint
1168 659 1574 728 accusatrices,
1601 676 1717 712 non
1739 657 1869 711 vino
1892 655 2040 710 mul-

392 762 451 813 to
497 757 837 819 servientes,
888 754 1034 807 bene
1084 752 1385 813 docentes,
1437 753 1493 801 et
1522 747 1579 800 in
1614 762 1753 800 sexu
1790 761 1898 798 suo
1931 743 2042 797 hoc

401 845 657 903 habeant
680 842 1000 916 preprium,
1034 842 1098 894 ut
1129 839 1249 893 sint
1276 837 1335 891 in
1368 835 1572 891 habitu
1607 840 1829 890 sancto.

457 960 485 985 ‹‹
517 934 767 989 Juvenes
816 929 1093 986 similiter
1132 927 1458 991 exhortare,
1491 929 1556 980 ut
1612 922 1796 978 sobrii
1829 922 1971 977 sint.
2007 942 2036 971 »

385 1025 552 1081 Sicut
580 1024 639 1077 in
672 1037 759 1091 eo,
792 1019 948 1090 quod
980 1033 1161 1089 supra
1190 1016 1563 1087 praceperat,
1597 1012 1799 1067 dicens
1827 1035 1846 1059 α
1874 1013 2035 1065 Anus

386 1111 657 1169 similiter
694 1109 752 1163 in
784 1107 987 1163 habitu
1019 1110 1244 1173 sancto,
1269 1127 1297 1155 ››
1331 1102 1784 1160 similitudinem
1812 1114 2037 1156 anuum

387 1201 723 1256 dixeramus
754 1197 826 1252 ad
858 1212 1026 1251 senes
1057 1210 1185 1250 esse
1216 1192 1578 1249 referendam
1604 1208 1620 1258 ;
1679 1190 1763 1245 ita
1792 1204 1948 1244 nunc
1977 1187 2037 1242 in

386 1306 452 1345 eo
484 1287 635 1360 quod
671 1284 905 1342 intulit:
931 1308 958 1335 ‹‹
982 1286 1228 1339 Juvenes
1259 1281 1534 1337 similiter
1554 1279 1807 1345 hortare,
1836 1282 1899 1331 ut
1929 1293 2036 1348 pu-

388 1358 669 1447 dici—Isint,
703 1398 733 1425 »
764 1371 1215 1429 similitudinem
1240 1371 1527 1440 juvenum
1549 1370 1623 1423 ad
1646 1384 1815 1433 anus,
1848 1370 1906 1422 et
1937 1380 2037 1435 per

394 1483 542 1523 anus
576 1466 649 1521 ad
671 1480 841 1520 senes
862 1462 1218 1518 arbitramur
1246 1459 1585 1531 aptandam,
1608 1461 1673 1513 ut
1696 1470 1904 1511 senum
1931 1453 2035 1509 ha-

388 1558 569 1616 beant
608 1553 1004 1621 sobrietatem,
1037 1555 1095 1605 et
1146 1548 1378 1605 honesti
1435 1547 1573 1610 sint,
1614 1550 1672 1600 et
1728 1542 1945 1617 pudici,
1978 1546 2036 1598 et

388 1647 519 1704 sani
556 1645 615 1700 in
647 1643 779 1713 ﬁde,
831 1645 888 1697 et
933 1638 1239 1704 cbaritate,
1288 1642 1345 1693 et
1393 1634 1713 1709 patientia;
1746 1638 1811 1688 ut
1838 1631 2033 1704 pudici

337 1720 355 1728 δ
389 1736 511 1791 sint
539 1734 601 1789 in
617 1730 914 1796 omnibus,
937 1733 1057 1783 tam
1079 1727 1302 1783 scilicet
1333 1729 1548 1789 mente,
1571 1739 1747 1794 quam
1771 1736 2032 1790 corpore,

386 1829 506 1880 tam
539 1837 729 1893 opere,
763 1834 941 1890 quam
974 1814 1359 1887 cogitatione;
1392 1816 1457 1868 ut
1503 1810 1666 1867 nulla
1694 1809 1771 1865 sit
1803 1808 1858 1862 in
1891 1808 2029 1865 ado-

380 1911 638 1969 lescente
670 1906 928 1978 suspicio
951 1901 1355 1975 turpitudinis.

2154 654 2282 710 ideo
2315 658 2609 726 apparuit,
2643 659 2708 709 ut
2738 656 2995 711 erudiret
3026 672 3153 712 nos.

2222 746 2407 815 (1372)
2442 766 2469 795 ‹‹
2520 744 2593 799 Ut
2616 746 2971 816 abnegantes
2994 746 3376 819 impietatem,
3409 754 3469 804 et
3497 750 3780 809 saecularia

2150 832 2461 889 desideria.
2496 854 2523 882 ››
2556 832 2843 889 Saeculare
2864 838 2953 889 est
2974 851 3147 890 omne
3168 836 3525 893 desiderium
3543 840 3775 907 carnale,

2148 924 2206 975 et
2228 922 2421 976 omnis
2442 922 2684 977 ambitio
2699 922 3062 995 temporalis,
3086 923 3200 979 Deo
3225 924 3353 996 ipso
3368 925 3596 983 dicente
3615 945 3627 984 :
3646 951 3674 978 α
3698 933 3779 984 At-

2146 1010 2385 1080 tendite,
2427 1026 2500 1066 ne
2531 1016 2844 1083 graventur
2873 1013 3050 1068 corda
3079 1017 3274 1069 vestra
3329 1013 3389 1069 in
3437 1016 3690 1088 crapula,
3728 1023 3777 1074 et

2147 1099 2447 1162 ebrietate,
2471 1105 2529 1155 et
2561 1100 2718 1155 curis
2747 1100 2925 1172 hujus
2957 1101 3102 1156 vitae.
3137 1102 3364 1169 Sobrie,
3403 1104 3587 1174 juste,
3617 1110 3672 1161 et
3696 1106 3777 1178 pia

2144 1187 2410 1243 vivamus
2428 1188 2487 1243 in
2502 1188 2611 1244 hoc
2627 1189 2839 1245 saeculo
2861 1191 3013 1261 (Luc.
3036 1207 3150 1261 xxi,
3174 1192 3284 1262 34).
3306 1215 3330 1244 ι
3368 1193 3656 1250 Admonet
3682 1210 3775 1251 nos

2147 1276 2382 1349 quidem
2417 1276 2533 1333 alio
2563 1276 2687 1333 loco
2717 1278 2874 1334 idem
2906 1280 3111 1335 beatus
3162 1280 3499 1352 Apostolus.
3548 1282 3772 1339 dicens:

2145 1388 2171 1414 ιι
2198 1366 2323 1421 Non
2352 1366 2483 1438 plus
2505 1384 2727 1439 sapere,
2751 1384 2929 1439 quam
2953 1373 3181 1440 oportet
3202 1386 3425 1441 sapere,
3454 1371 3555 1427 sed
3589 1388 3775 1443 sapere

2145 1457 2215 1511 ad
2240 1456 2616 1511 sobrietatem
2649 1459 2823 1526 (Rom.
2851 1473 2952 1525 xu,
2972 1459 3046 1528 3).
3085 1481 3105 1508 ι
3144 1458 3557 1516 Verumtamen
3589 1461 3659 1516 in-
3678 1461 3775 1517 hac

2143 1545 2441 1616 tripartite.
2466 1544 2772 1613 divisione,
2804 1546 2864 1600 in
2897 1563 3014 1618 qua
3036 1546 3197 1613 dicit,
3219 1553 3285 1602 ut
3309 1549 3521 1615 sobrie,
3536 1549 3775 1620 etjuste,

2143 1636 2200 1688 et
2230 1632 2321 1703 pie
2350 1632 2635 1702 vivamus,
2663 1633 2891 1688 videtur
2911 1634 3078 1703 mihi,
3111 1635 3250 1706 quia
3278 1635 3377 1691 ille
3406 1637 3599 1692 sobrie
3627 1637 3775 1705 vivit,

2143 1721 2242 1792 qui
2272 1738 2388 1776 non
2421 1721 2687 1793 sequitur
2706 1721 3127 1778 delectamenta
3147 1723 3392 1780 luxuriae
3416 1743 3429 1793 ;
3449 1728 3612 1796 justo
3632 1725 3775 1792 vivit,

2142 1808 2243 1880 qui
2276 1810 2602 1881 proximum
2636 1809 2975 1866 nullatenus
3004 1810 3183 1878 laedit,
3234 1817 3292 1868 et
3319 1814 3371 1868 ei
3401 1813 3704 1883 beneﬁcia,
3723 1814 3777 1869 in

2063 1933 2117 1997 Β.
2141 1904 2432 1968 quantum
2462 1897 2634 1963 valet,
2658 1898 2947 1970 impendit
2973 1916 2987 1965 ;
3022 1900 3111 1969 pie
3139 1901 3297 1970 vivit,
3331 1903 3489 1974 quia
3514 1903 3778 1959 societate

455 2023 482 2050 ‹‹
518 2003 581 2054 In
604 1996 882 2053 omnibus
902 1992 1156 2064 teipsum
1181 1991 1371 2063 prasbe
1392 1988 1723 2061 exemplum
1744 1988 2031 2044 bonorum
2063 1983 2117 1997 ⁵⁷
2142 1985 2549 2043 ecclesiasticas
2584 1987 2826 2042 unitatis
2884 1985 3048 2043 nulla
3102 1989 3329 2045 ratione
3365 1991 3656 2062 discedit;
3688 1991 3777 2047 sed

384 2104 649 2160 operum,
688 2108 717 2135 »
749 2083 906 2141 Nihil
934 2081 1091 2138 enim
1118 2080 1357 2152 prodest
1375 2078 1631 2150 aliquem
1653 2075 2029 2132 exercitatum

379 2193 508 2233 esse
540 2177 598 2231 in
630 2174 894 2241 dicendo,
927 2175 984 2226 et
1012 2170 1083 2225 ad
1100 2168 1460 2240 loquendum
1492 2167 1721 2221 trivisse
1741 2164 2026 2236 linguam,

377 2267 493 2323 nisi
521 2265 652 2338 plus
679 2260 942 2334 exemplo
973 2257 1253 2324 docuerit,
1287 2273 1463 2328 quam
1493 2254 1686 2308 verbo.

410 2408 415 2411 _
450 2379 477 2404 ‹‹
513 2355 721 2410 Servos
751 2349 1008 2407 dominis
1038 2347 1163 2403 suis
1194 2345 1466 2401 subditos
1490 2360 1637 2399 esse.
1668 2344 1728 2397 in
1750 2343 2029 2398 omnibus

378 2444 695 2516 placentes,
730 2457 844 2495 non
876 2436 1358 2499 contradicentes,
1394 2450 1507 2489 nou
1540 2433 1900 2500 fraudantes,
1924 2432 2023 2485 sed

378 2533 438 2586 in
471 2529 748 2586 omnibus
772 2527 947 2581 fidem
968 2525 1179 2579 bonam
1204 2521 1601 2585 ostendentes,
1622 2518 2026 2573 utdoctrinam

376 2617 694 2676 Salvatoris
716 2615 899 2671 nostri
928 2612 1030 2668 Dei
1053 2615 1261 2667 ornent
1281 2610 1339 2664 in
1370 2608 1664 2664 omnibus.
1691 2629 1712 2655 ι
1741 2606 2029 2671 Quoniam

379 2707 687 2770 Dominus,
720 2709 777 2761 et
807 2703 1073 2759 Salvator
1103 2704 1324 2765 noster,
1351 2697 1451 2769 qui
1483 2696 1541 2750 in
1567 2696 1873 2767 Evangelia
1904 2695 2021 2749 ait:

379 2819 407 2845 «
440 2795 646 2851 Venite
695 2794 768 2847 ad
818 2807 910 2846 me
942 2805 1167 2854 omnes,
1213 2787 1315 2858 qui
1346 2784 1646 2853 laboratis,
1695 2790 1753 2839 et
1798 2783 2024 2839 onerati

375 2885 537 2949 estis,
570 2888 627 2938 et
659 2898 764 2955 ego
795 2879 1053 2936 reﬁciam
1084 2894 1188 2933 vos
1226 2876 1441 2947 (Matth.
1477 2891 1555 2942 x1,
1585 2874 1699 2942 28),
1734 2896 1761 2922 »
1796 2872 2021 2927 nullam

375 2972 794 3037 conditionem,
827 2972 1076 3037 aetatem,
1127 2981 1354 3031 sexum,
1388 2982 1423 3019 a
1470 2963 1829 3018 beatitudine
1860 2961 2022 3015 arbi-

371 3067 561 3118 tratur
590 3048 846 3116 alienum
871 3075 885 3113 :
911 3061 1215 3129 propterea
1241 3071 1396 3109 nunc
1425 3051 1737 3125 Apostolus
1761 3056 1816 3105 et
1837 3050 2021 3106 servis

369 3155 658 3223 prmeepta
712 3145 1039 3215 constituit,
1098 3142 1341 3208 scilicet,
1402 3147 1468 3197 ut
1520 3140 1668 3213 parti
1727 3138 2017 3207 Ecclesiae,

371 3238 771 3310 membrisque
801 3234 1060 3308 corporis
1080 3232 1314 3288 Christi.
1332 3231 1400 3285 Et
1422 3229 1713 3301 quomodo
1746 3228 2017 3300 superius

2141 2076 2297 2131 intra
2320 2075 2640 2131 Ecclesiam
2671 2076 2917 2147 positus,
2950 2093 3038 2144 ea,
3072 2093 3200 2149 quae
3254 2078 3587 2136 certissime
3611 2081 3773 2151 novit,

2141 2167 2211 2219 ad
2231 2157 2534 2219 scientiam
2552 2180 2697 2220 vera:
2722 2163 2855 2219 {idsi
2879 2165 3593 2236 pertinereindubitanter
3606 2173 3769 2235 tenet;

2140 2253 2239 2308 illa
2268 2269 2423 2319 vero,
2456 2269 2583 2324 qua;
2616 2253 2866 2324 ignorat,
2897 2258 2999 2309 aut
3029 2254 3100 2309 de
3144 2255 3362 2327 quibus
3390 2256 3649 2327 dubitat,
3678 2257 3771 2314 hu-

2138 2342 2373 2407 militer,
2405 2358 2472 2397 ac
2504 2342 2791 2414 patienter
2816 2342 3095 2414 explorat,
3128 2344 3333 2412 donec,
3366 2345 3416 2399 si
3449 2345 3596 2417 quid
3618 2346 3773 2403 aliter

2136 2432 2309 2503 sapit,
2334 2431 2448 2486 Deo
2481 2431 2592 2487 sibi
2623 2432 2912 2487 revelante
2943 2438 3277 2504 cognoscat.
3312 2434 3443 2490 Herc
3472 2441 3672 2491 autem
3696 2453 3774 2491 so-

2136 2521 2371 2587 brietas,
2387 2520 2704 2591 justitia,et
2727 2519 2932 2591 pietas,
2961 2537 3089 2591 quae
3108 2522 3334 2577 cunctis
3356 2523 3575 2579 debent
3595 2525 3772 2580 inesse

2134 2608 2426 2674 ﬁdelibus,
2460 2609 2541 2663 ita
2570 2608 2681 2663 sibi
2711 2625 2979 2664 connesz
3011 2615 3170 2677 sunt,
3232 2615 3295 2665 ut
3318 2611 3385 2680 lsi
3435 2629 3557 2669 una
3584 2629 3772 2670 earum

2136 2697 2402 2759 defuerit,
2423 2697 2627 2763 altera,
2652 2697 3022 2768 quasvidetur
3040 2699 3255 2765 inesse,
3287 2700 3627 2758 nullatenus
3654 2719 3770 2773 pro-

2134 2786 2229 2840 sit.
2255 2786 2455 2856 Neque
2486 2785 2642 2840 enim
2674 2785 2980 2852 sobrietas,
3015 2804 3134 2857 qua
3158 2788 3410 2859 quisque
3440 2789 3501 2845 in
3536 2791 3772 2863 seipsoa

2132 2873 2371 2946 ﬂagitiis
2404 2874 2677 2941 abstinet,
2714 2874 2828 2930 nisi
2859 2875 2975 2945 pia,
3008 2881 3066 2930 et
3085 2876 3252 2946 justa
3273 2877 3470 2949 fuerit,
3491 2879 3553 2934 id
3580 2885 3688 2949 est,
3717 2884 3773 2935 ut

2132 2967 2191 3017 et
2210 2962 2269 3017 in
2294 2963 2476 3018 Deum
2505 2967 2658 3019 recte
2679 2964 2912 3019 credat:
2938 2980 3041 3019 nec
3067 2966 3368 3022 fructuosa
3408 2967 3647 3038 justitia
3675 2972 3773 3034 est,

2132 3068 2247 3122 qua
2277 3052 2691 3124 unusquisque
2720 3051 2829 3108 hoc
2859 3052 3153 3125 impendit
3184 3056 3467 3126 proximo,
3485 3059 3647 3129 quod
3672 3056 3772 3113 sibi

2130 3139 2456 3197 delectatur
2483 3140 2766 3213 impendi,
2801 3142 2850 3197 si
2882 3142 3100 3211 sobria,
3150 3144 3364 3217 piaque
3417 3162 3539 3203 non
3572 3148 3770 3203 fuerit:

2129 3230 2316 3302 pietas
2347 3246 2579 3301 quoque
2613 3236 2846 3286 mortua
2874 3236 2986 3296 est,
3017 3248 3135 3303 qua
3165 3233 3225 3287 in
3257 3238 3440 3289 Deum
3473 3240 3635 3293 recte
3656 3253 3771 3293 cre-

372 3344 543 3396 anus,
578 3297 1067 3388 adulescentulas,
1109 3322 1378 3392 juvenes,
1420 3318 1558 3390 quid
1591 3320 1756 3374 ’l‘itus
1785 3317 2017 3374 erudire
2047 3297 2089 3363 (ἶ
2128 3319 2291 3374 ditur
2315 3336 2328 3387 ;
2351 3318 2401 3374 si
2421 3317 2509 3373 vel
2534 3336 2763 3374 morum
2792 3320 3101 3392 sobrietas,
3126 3320 3212 3377 vel
3236 3323 3485 3394 proximi
3521 3325 3771 3382 Charitas

373 3416 604 3485 debere,
635 3412 870 3469 edocuit
893 3430 905 3479 ;
932 3411 1014 3466 ita
1044 3426 1201 3465 nunc
1224 3408 1405 3464 servis
1427 3412 1563 3479 apta
1583 3411 1865 3479 praecepta
1887 3423 2016 3461 con-

377 3504 596 3559 stituit:
632 3502 891 3575 primam
915 3505 980 3554 ut
1009 3498 1226 3554 subditi
1252 3496 1368 3553 sint
1385 3496 1640 3552 dominis
1663 3495 1787 3551 suis
1809 3495 1866 3549 in
1891 3513 2014 3552 om-

371 3593 548 3648 nibus
572 3610 585 3659 ;
608 3592 666 3647 in
695 3590 787 3646 bis
809 3595 1003 3645 autem
1027 3588 1322 3652 omnibus,
1343 3602 1468 3655 qua:
1493 3603 1606 3640 non
1632 3590 1771 3640 sunt
1791 3591 2017 3642 contra-

370 3680 459 3735 ria
486 3680 622 3751 Deo,
658 3686 722 3734 ut
752 3680 800 3733 si
834 3679 1109 3733 dominus
1139 3692 1207 3731 ea
1228 3675 1416 3745 jubet,
1452 3691 1579 3744 quae
1626 3692 1741 3729 non
1775 3674 1895 3730 sint
1914 3678 2015 3731 ad-

369 3784 537 3824 versa
557 3767 786 3837 Scriptu
798 3765 876 3820 ris
899 3762 1499 3833 sanctis,subjiciatur
1525 3777 1725 3817 servus
1748 3763 2013 3833 domino;

371 3855 419 3912 si
450 3871 581 3911 vero
614 3853 907 3909 contraria
929 3851 1207 3924 prazcipit,
1252 3850 1441 3921 magis
1471 3851 1704 3906 obediat
1751 3853 2015 3923 spiritus,

369 3962 549 4017 quam
581 3943 840 4015 corporis
854 3941 1113 3997 domino.
1135 3940 1453 4012 Diligenter
1468 3941 1748 3996 attendite
1771 3958 2014 4012 quomo-

373 4034 446 4090 do
477 4049 736 4104 congrua
764 4030 1031 4104 personis
1079 4034 1363 4102 praecepta
1409 4030 1717 4085 decernat:
1759 4050 1780 4077 α
1832 4031 2016 4103 Servi,

367 4122 562 4194 inquit
590 4121 846 4176 dominis
877 4120 999 4175 suis
1030 4118 1250 4173 subditi
1283 4118 1402 4173 sint
1428 4117 1489 4173 in
1519 4118 1815 4175 omnibus.
1853 4142 1881 4169 »

441 4235 469 4262 «
502 4210 788 4283 Apparuit
817 4209 972 4264 enim
1004 4207 1192 4280 gratia
1225 4207 1320 4261 Dei
1345 4205 1661 4262 Salvatoris
1684 4208 1867 4262 nostri
1897 4225 2016 4264 om-

366 4302 543 4357 nibus
560 4298 899 4356 hominibus
923 4297 1197 4352 erudiens
1222 4312 1346 4350 nos.
1365 4317 1392 4343 ››
1416 4299 1554 4350 Post
1570 4295 1901 4368 catalogum
1918 4298 2014 4353 do-

364 4384 563 4445 ctrinae
598 4390 667 4444 ad
690 4389 909 4453 Titum,
945 4386 1086 4458 quid
1117 4401 1310 4449 senes,
1342 4383 1482 4454 quid
1508 4401 1676 4454 anus,
1702 4385 1843 4455 quid
1873 4386 2011 4442 ado~

362 4477 736 4545 lescentulas,
787 4476 1129 4548 etjuvenes,
1181 4473 1323 4545 quid
1350 4474 1417 4527 ad
1461 4479 1781 4527 extremum
1815 4491 2010 4532 servos

359 4567 592 4621 erudire
623 4566 880 4632 deberet,
900 4567 1051 4619 recte
1074 4578 1229 4617 nunc
1246 4560 1443 4616 intulit
1460 4578 1472 4615 :
1491 4585 1518 4611 ‹‹
1544 4562 1831 4633 Apparuit
1851 4563 2006 4618 enim

2127 3426 2241 3465 non
2265 3412 2515 3464 tenetur.
2541 3409 2705 3463 Tunc
2730 3407 2909 3480 igitur
2931 3410 3138 3465 anima:
3168 3428 3304 3467 vera
3325 3411 3489 3469 salus
3522 3414 3767 3486 acquiri-

2125 3502 2243 3562 tur,
2273 3498 2321 3552 si
2353 3502 2411 3551 et
2441 3497 2627 3567 pietas
2648 3496 2709 3551 in
2740 3497 2873 3565 fide,
2906 3502 2963 3553 et
2984 3498 3225 3568 justitia
3253 3500 3313 3555 in
3366 3500 3676 3569 charitate,
3720 3505 3769 3557 et

2127 3587 2414 3642 sobrietas
2441 3586 2499 3639 in
2531 3586 2821 3656 castitate,
2853 3602 2919 3641 ac
2949 3588 3314 3658 parsimonia
3340 3594 3635 3647 teneatur.

2197 3676 2382 3745 (1373)
2417 3696 2446 3724 ιι
2478 3674 2860 3745 Expectantes
2921 3676 3150 3730 beatam
3209 3694 3397 3748 spem.
3432 3701 3455 3730 ι
3488 3680 3594 3735 Ille
3630 3679 3769 3735 ﬁdu-
3808 3664 3823 3675 ’

2127 3762 2354 3819 cialiter
2372 3762 2495 3817 haec
2516 3767 2835 3834 exspectat,
2858 3764 2959 3835 qui
2982 3763 3062 3819 ita
3085 3765 3482 3833 dixerit,sicut
3508 3768 3771 3840 superius

2125 3852 2280 3907 idem
2303 3851 2616 3922 Apostolus
2634 3853 2819 3907 docet.
2855 3853 3030 3909 Beata
3061 3870 3197 3926 spes
3229 3855 3391 3911 nulla
3416 3856 3639 3914 melius
3664 3855 3769 3911 alia

2127 3942 2413 3997 credenda
2433 3946 2543 4007 est,
2567 3957 2743 4011 quam
2767 3940 2934 4013 illud,
2967 3943 3120 4014 quod
3145 3944 3410 3999 dicturus
3454 3952 3551 4002 est
3580 3944 3768 4001 Domi-

2127 4046 2239 4086 nus
2256 4030 2312 4084 in
2339 4027 2644 4098 diejudicii
2669 4028 2932 4101 his,quia
2948 4047 2982 4084 a
3001 4030 3220 4086 dextris
3236 4033 3363 4103 ejus
3384 4039 3594 4091 erunt:
3623 4057 3644 4083 ι
3675 4032 3766 4086 Ve-

2124 4120 2262 4185 nite,
2295 4117 2583 4173 benedicti
2616 4118 2804 4173 Patris
2825 4118 2962 4188 mei,
2986 4119 3280 4190 possidete
3306 4127 3585 4193 paratum
3619 4121 3770 4178 vobis

2124 4224 2370 4280 regnum
2401 4205 2878 4277 aconstitutione
2925 4208 3132 4263 mundi
3179 4208 3383 4276 (Matth.
3427 4228 3568 4281 xxv,
3597 4210 3706 4279 34).
3741 4230 3766 4259 »

2195 4320 2222 4347 ‹‹
2256 4297 2323 4351 Et
2351 4296 2664 4351 adventum
2698 4294 2894 4367 gloriae
2926 4296 3125 4369 magni
3176 4298 3296 4368 Dei,
3347 4304 3407 4355 et
3453 4299 3766 4357 Salvatoris

2122 4386 2306 4442 nostri
2335 4386 2469 4440 .Iesu
2501 4384 2737 4440 Christi.
2774 4407 2802 4434 ››
2835 4385 3085 4457 Magnus
3139 4386 3295 4443 Deus
3351 4388 3625 4445 Christus
3662 4392 3763 4456 est,

2119 4478 2372 4530 testante
2403 4473 2707 4545 Propheta,
2741 4475 2842 4544 qui
2899 4474 3076 4530 dicit:
3113 4498 3142 4525 «
3173 4476 3425 4549 Magnus
3462 4478 3764 4545 Dominus,

2118 4568 2176 4619 et
2204 4562 2520 4618 laudabilis
2548 4562 2729 4617 nimis
2757 4563 2817 4617 in
2848 4562 3078 4619 civitate
3111 4564 3213 4621 Dei
3243 4568 3452 4633 nostri,
3488 4568 3548 4623 in
3575 4570 3764 4623 monte

359 4655 549 4728 gratia
581 4654 680 4710 Dei
704 4652 1021 4709 Salvatoris
1043 4651 1318 4706 omnibus
1340 4650 1749 4706 hominibus.»
1776 4656 1897 4706 Non
1921 4657 2011 4708 est
2038 4664 2086 4727 D
2119 4658 2318 4708 sancto
2340 4653 2466 4721 ejus
2490 4651 2659 4721 (Psal.
2684 4668 2855 4717 xcvn,
2913 4652 2991 4718 2).
3048 4654 3178 4724 Ipse
3224 4658 3283 4710 et
3338 4656 3610 4713 Salvator
3649 4671 3767 4712 om-

359 4744 515 4799 enim
549 4742 668 4799 ulla
697 4741 1023 4798 differentia
1050 4738 1238 4806 liberi,
1267 4744 1324 4793 et
1353 4739 1524 4809 servi,
1557 4740 1757 4809 Graeci,
1790 4743 1847 4795 et
1877 4742 2006 4796 bar-

357 4832 504 4903 bari,
534 4830 888 4898 circumcisi,
921 4834 978 4885 et
1008 4828 1279 4883 habentis
1310 4827 1684 4899 praeputium,
1721 4829 2004 4899 mulieris,

356 4926 413 4976 et
441 4921 569 4992 viri,
604 4922 703 4977 sed
735 4920 931 4976 cuncti
951 4922 1007 4973 in
1030 4918 1259 4972 Christo
1285 4933 1467 4971 unum
1484 4934 1723 4984 sumus;
1748 4918 2006 4975 universi

355 5010 427 5065 ad
458 5010 561 5065 Dei
592 5026 836 5082 regnum
867 5023 1183 5072 vocamur;
1207 5022 1411 5060 omnes
1442 5010 1575 5076 post
1597 5005 1878 5061 offensam
1901 5008 2006 5063 Pa-

354 5099 430 5154 tri
462 5103 661 5154 nostro
690 5095 1104 5154 reconciliandi
1137 5110 1365 5161 sumus,
1391 5111 1505 5149 non
1540 5110 1641 5165 per
1674 5095 1879 5150 merita
1907 5112 2008 5151 no-

355 5191 494 5252 stre,
528 5189 628 5243 sed
661 5204 763 5259 per
819 5187 1065 5258 gratiam
1115 5183 1428 5239 Salvatoris
1460 5183 1680 5237 nostri:
1730 5182 1816 5239 vel
1850 5186 2003 5255 quod

355 5273 457 5329 Dei
488 5274 674 5330 Patris
701 5275 922 5341 vivens,
946 5279 1003 5330 et
1028 5273 1360 5328 subsistens
1384 5271 1575 5342 gratia
1596 5270 1721 5342 ipse
1751 5273 1827 5326 sit
1847 5273 2004 5327 Chri-

353 5366 473 5427 tus,
504 5361 591 5416 vel
623 5364 775 5433 quod
809 5363 1024 5418 Christi
1057 5362 1154 5416 Dei
1177 5359 1493 5415 Salvatoris
1524 5358 1648 5415 haec
1679 5360 1755 5415 sit
1783 5362 2001 5433 gratia;

354 5453 411 5503 et
442 5465 557 5503 non
591 5456 787 5505 nostro
817 5451 1022 5504 merit‘o
1053 5449 1251 5504 salvati
1278 5448 1464 5503 simus
1488 5450 1805 5504 secundum
1832 5449 1999 5505 illud.

355 5538 512 5607 quod
545 5538 603 5592 in
636 5537 751 5593 alio
772 5538 900 5592 loco
931 5538 1141 5592 dicitur
1171 5555 1182 5592 :
1208 5560 1234 5586 «
1269 5540 1378 5591 Pro
1401 5536 1582 5591 nihilo
1614 5538 1804 5594 salvos
1826 5538 2002 5594 facies

427 5642 613 5710 (1371)
647 5647 706 5698 D.
744 5642 977 5698 Hieron.
1008 5642 1295 5699 charitala.

427 5643 585 5710 (1371
647 5647 706 5698 n.

425 5643 613 5792 (1372)
637 5716 742 5773 Att.

2120 4741 2307 4807 nium,
2339 4740 2589 4795 maxime
2610 4739 2892 4795 lidelium.
2924 4741 3222 4799 Adventus
3248 4743 3444 4815 gloria
3494 4747 3628 4815 ejus
3657 4760 3765 4800 non

2118 4830 2214 4885 ille
2235 4829 2653 4901 intelligendus
2677 4834 2908 4901 est,quo
2930 4829 3308 4887 invisibiliter
3352 4835 3623 4906 quotidie
3639 4847 3765 4890 cum

2116 4918 2668 4988 Patre,non‘absque
2687 4918 2907 4989 Spiritu
2942 4922 3244 4987 sancto,ad
3268 4922 3471 4978 ﬁdeles
3505 4923 3761 4986 veniunt,

2116 5015 2171 5063 et
2198 5007 2410 5079 impios
2443 5006 2896 5078 derelinquunt;
2941 5010 3041 5064 sed
3074 5009 3170 5064 ille
3197 5010 3625 5084 intelligendus
3654 5015 3757 5079 est,

2116 5097 2349 5168 quando
2371 5097 2431 5149 in
2458 5095 2763 5165 majestate
2793 5113 2919 5166 sua,
2953 5102 3009 5152 et
3040 5098 3227 5155 Patris
3256 5105 3544 5157 venturus
3573 5106 3681 5170 est,
3711 5104 3763 5154 et

2115 5202 2319 5241 omnes
2342 5182 2533 5255 angeli
2563 5184 2691 5254 ejus
2721 5201 2855 5240 cum
2879 5202 2967 5253 eo,
2990 5190 3047 5242 et
3078 5186 3271 5244 mittet
3290 5205 3390 5245 eos
3420 5190 3496 5246 ad
3532 5203 3758 5262 congre-

2113 5275 2374 5346 gandum
2407 5272 2621 5329 electos
2641 5290 2803 5344 suos,
2831 5292 2866 5331 a
2886 5277 3139 5333 summis
3160 5277 3465 5346 caelorum,
3484 5295 3674 5352 usque
3695 5276 3761 5332 ad

2115 5363 2394 5419 terminos
2426 5379 2650 5432 eorum,
2684 5368 2740 5417 et
2770 5366 3211 5436 congregabunt
3240 5373 3374 5423 ante
3388 5384 3531 5425 eum
3564 5380 3761 5424 omnes

2113 5455 2335 5523 gentes,
2372 5454 2427 5504 et
2456 5452 2787 5521 segregabit
2816 5468 2914 5507 eos
2945 5453 3018 5508 ab
3050 5454 3320 5522 invicem,
3372 5455 3534 5513 sicut
3568 5459 3764 5530 pastor

2113 5542 2380 5611 segregat
2406 5554 2540 5593 oves
2572 5539 2642 5594 ab
2674 5539 2855 5596 haedis
2887 5541 3105 5613 (Matth.
3139 5560 3267 5614 xxv,
3296 5546 3408 5617 31),
3435 5551 3549 5602 etc.

2183 5643 2366 5720 (1373)
2395 5644 2497 5700 Αῆ.
