3898 6406
328 404 446 461 715

1350 389 1685 450 ATTONIS
1733 387 2310 447 VEllCELLENSIS
2357 388 2707 450 EPISCOPI

3625 389 3750 447 716

411 559 429 582 α
467 539 709 586 Eramus
737 528 890 584 enim
923 530 979 581 et
1011 542 1116 580 nos
1146 523 1461 595 aliquando
1494 521 1859 592 insipientes,
1921 524 1976 573 et
2005 523 2056 587 Α
2087 519 2292 574 effudit
2321 537 2499 592 super
2530 537 2637 575 nos
2668 522 3035 575 abundanter
3066 537 3167 592 per
3195 521 3399 576 Jesum
3440 519 3750 574 Christum

335 619 674 677 increduli.»
697 618 778 672 Ne
800 617 1176 686 desperarent
1198 613 1819 672 correctionem,suum
1842 627 1972 679 pro-

333 711 498 782 ponit
527 706 856 778 exemplum
883 721 896 760 ξ
929 704 1048 758 sive
1075 702 1215 773 quia
1233 707 1288 756 et
1309 717 1414 755 nos
1438 701 1603 768 tales,
1629 697 1839 768 inquit,
1865 697 1974 751 fui-

334 815 489 865 mus,
513 798 793 852 debemus
824 808 1046 856 eorum,
1079 791 1182 861 qui
1213 789 1359 844 tales
1389 792 1548 853 sunt,
1574 787 1974 860 insipientiam

332 890 482 943 ferre
512 885 816 958 patienter.
853 883 918 935 Et
949 881 1276 935 notandum
1307 876 1510 948 quales
1557 893 1662 931 nos
1711 876 1977 931 Christus

331 974 635 1040 invenerit,
665 971 750 1026 vel
774 969 976 1041 quales
999 967 1218 1035 fecerit,
1242 971 1443 1022 utnon
1466 966 1537 1020 de
1563 965 1780 1020 nostris
1802 964 1976 1019 meri-

331 1064 406 1120 tis
436 1076 861 1136 praesumanus,
894 1073 1000 1113 nec
1033 1057 1102 1111 de
1135 1060 1355 1111 naturae
1388 1056 1539 1109 bono
1564 1053 1903 1124 gloriemur.

405 1176 432 1203 ‹‹
465 1153 758 1213 Errantes,
789 1151 847 1202 et
875 1146 1193 1202 servientes
1219 1143 1546 1210 desideriis,
1580 1147 1638 1198 et
1667 1143 1977 1214 voluptati-

334 1244 444 1298 bus
469 1238 664 1306 variis,
697 1237 756 1291 in
790 1235 1036 1302 malitia,
1061 1238 1117 1289 et
1157 1234 1379 1288 invidia
1421 1236 1680 1305 agentes,
1712 1231 1978 1297 odibiles,

335 1332 596 1386 odientes
610 1325 879 1380 invicem.
908 1346 935 1372 »
951 1325 1094 1378 Ecce
1106 1323 1310 1394 quales
1325 1338 1565 1377 eramus
1587 1326 1719 1376 ante
1733 1320 1980 1391 gratiam

334 1435 437 1490 per
466 1416 633 1471 liberi
666 1414 892 1468 arbitrii
918 1412 1270 1467 libertatem.
1309 1410 1422 1464 Alii
1455 1410 1610 1464 hunc
1657 1410 1849 1464 locum
1903 1408 1983 1462 ita

337 1506 684 1576 istelligunt,
710 1507 775 1557 ut
803 1519 917 1558 non
950 1503 1020 1556 de
1051 1500 1228 1555 Paulo
1260 1505 1316 1554 et
1361 1499 1661 1570 apostolis,
1711 1499 1812 1552 sed
1871 1499 1982 1553 sub

338 1594 735 1666 apostolorum
767 1607 1015 1662 persona
1043 1590 1115 1644 de
1159 1589 1290 1644 aliis
1349 1589 1570 1643 dictum
1623 1592 1865 1658 putent:
1918 1591 1983 1641 ut

339 1683 629 1754 quomodo
661 1682 771 1736 sub
799 1697 1047 1750 persona
1078 1696 1205 1745 sua,
1239 1682 1294 1733 et
1323 1676 1547 1748 Apollo,
1581 1682 1639 1730 et
1661 1679 1886 1746 Cephea,
1911 1677 1981 1730 de

338 1771 785 1834 dissensiono,et
806 1768 1144 1831 schismate,
1159 1767 1314 1837 quod
1330 1766 1611 1835 arguebat
1627 1763 1978 1830 Corinthios,

340 1865 429 1915 est
459 1859 685 1913 locutus
707 1859 753 1926 (I
783 1857 899 1909 Cor.
934 1855 973 1924 1)
998 1879 1011 1920 ;
1035 1854 1118 1908 ita
1137 1855 1314 1908 etiam
1335 1853 1395 1907 in
1422 1851 1691 1924 praesenti
1715 1851 1862 1915 loco,
1897 1869 1980 1919 se,

340 1953 397 2002 et
427 1945 721 2018 apostolos
748 1943 1085 2009 nominans,
1107 1957 1330 2006 omnes,
1355 1941 1455 2011 qui
1481 1941 1539 1993 in
1563 1939 1790 1994 Christo
1811 1940 1987 1994 credi-

339 2037 566 2103 derant,
601 2031 804 2104 quales
838 2031 1055 2084 fuerint
1085 2035 1221 2083 ante
1251 2028 1748 2099 regenerationem
1773 2026 1986 2081 lavacri

337 2122 550 2189 vitalis,
584 2120 922 2176 ostenderit.
953 2118 1140 2172 Simul
1172 2123 1368 2172 autem
1399 2121 1455 2172 et
1503 2115 1806 2170 humilitas
1857 2116 1985 2185 ejus

341 2215 431 2267 est
462 2208 825 2275 admiranda,
857 2207 1010 2276 quod
1035 2207 1093 2260 in
1119 2222 1352 2260 omnem
1376 2204 1984 2274 humilitatem,justi-

341 2296 779 2368 tiamquelegis,
803 2295 965 2366 quasi
993 2293 1427 2366 quisquilias,et
1445 2298 1832 2365 purgamenta
1846 2309 1982 2347 con-

345 2386 603 2458 tempsit,
628 2389 780 2440 recte
794 2401 856 2439 se
872 2383 998 2438 sine
1016 2382 1245 2438 Christo
1263 2383 1417 2437 vitiis
1441 2383 1715 2438 omnibus
1738 2381 1988 2437 servisse

349 2473 708 2530 memorarit.

418 2585 447 2614 «
483 2565 625 2618 Cum
657 2565 852 2616 autem
884 2559 1232 2631 benignitas,
1265 2563 1322 2614 et
1351 2560 1690 2614 humanitas
1721 2557 1992 2630 apparuit

350 2650 670 2708 Salvatoris
697 2649 882 2704 nostri
904 2648 1003 2704 Dei
1030 2664 1175 2703 :non
1189 2664 1257 2702 ex
1280 2647 1553 2718 operibus
1569 2647 1836 2717 justitiae,
1863 2663 1987 2718 quae

249 2759 270 2780 ο
348 2741 592 2796 fecimus
607 2755 710 2792 nos
733 2739 979 2808 (1377).»
1005 2739 1138 2799 Quae
1163 2752 1267 2790 nos
1281 2734 1471 2790 Judaei
1495 2735 1988 2805 fecimus,quanto

349 2829 539 2899 magis
569 2825 835 2896 gentiles,
867 2823 967 2894 qui
998 2824 1174 2894 ligno,
1209 2829 1266 2878 et
1295 2823 1473 2892 lapidi
1533 2824 1875 2878 servierunt.
1922 2824 1990 2876 Et

347 2916 673 2971 notandum
696 2913 850 2984 quod
874 2912 954 2966 ait
975 2912 1308 2983 Apostolus,
1335 2912 1606 2982 quianon
1628 2930 1694 2966 ex
1715 2912 1988 2983 operibus

338 3003 580 3074 justitia:
613 3001 804 3057 salvos
837 3018 942 3056 nos
972 3000 1139 3068 fecit;
1165 3001 1302 3071 quia
1325 2999 1502 3056 nullis
1525 3001 1741 3055 nostris
1764 3000 1988 3056 meritis

345 3109 553 3148 sumus
586 3089 796 3147 salvati
829 3091 898 3144 de
928 3088 1053 3144 sola
1106 3088 1508 3144 misericordia
1557 3089 1984 3160 Redemptoris.

345 3177 1226 3250 Conticescantpraecipitatores,
1252 3178 1439 3249 magis
1453 3194 1629 3249 quam
1654 3179 1986 3234 defensores

342 3268 510 3325 liberi
539 3267 785 3323 arbitrii.

419 3382 447 3408 ‹‹
478 3355 810 3412 Secundum
843 3371 1011 3410 suam
1044 3354 1503 3410 misericordiam
1535 3355 1729 3411 salvos
1761 3373 1865 3412 nos
1899 3357 1985 3412 fe-

348 3446 443 3500 cit.
472 3466 498 3493 »
532 3444 866 3499 Secundum
899 3460 1068 3498 suam
1101 3441 1582 3510 misericordiam,
1619 3461 1745 3515 quae
1780 3462 1884 3500 nos
1926 3447 1983 3500 in

349 3533 508 3589 omni
540 3548 710 3603 opere
739 3532 890 3586 bono
922 3535 976 3584 et
1005 3531 1280 3601 praavenit
1310 3531 1671 3602 inspirando,
1695 3537 1751 3586 et
1782 3534 1988 3589 subse-

349 3622 551 3693 quitur
580 3620 932 3691 adjuvando,
964 3636 1080 3675 non
1112 3621 1435 3675 secundum
1465 3620 1839 3690 industriam,
1901 3622 1988 3677 vel

345 3709 607 3766 laborem
640 3712 928 3764 nostrum.

426 3821 455 3848 «
484 3799 592 3853 Per
621 3797 918 3852 lavacrum
953 3797 1430 3867 regenerationis.
1461 3819 1480 3846 η
1536 3797 1991 3868 Regeneratione

346 3887 450 3943 illa
471 3888 540 3942 de
563 3903 680 3958 qua
700 3885 986 3940 Dominus
1000 3884 1138 3939 dicit
1163 3902 1176 3939 :
1208 3907 1227 3933 ιι
1255 3884 1378 3940 Nisi
1401 3885 1533 3956 quis
1555 3891 1793 3942 renatus
1817 3888 1991 3943 fuerit

345 3993 414 4032 ex
444 3993 597 4047 aqua
621 3979 678 4030 et
707 3974 927 4046 Spiritu
958 3977 1181 4043 sancto,
1216 3990 1330 4028 non
1363 3974 1627 4029 introibit
1653 3975 1709 4030 in
1743 3992 1988 4048 regnum

345 4065 624 4120 caelorum
658 4066 834 4131 (Joan.
871 4080 953 4130 IlI,
988 4062 1065 4132 3).
1095 4084 1122 4110 ››

420 4177 440 4203 α
479 4153 545 4208 Et
574 4151 962 4208 renovationis
995 4151 1251 4222 Spiritus
1277 4151 1488 4216 sancti,
1516 4174 1543 4201 ››
1592 4153 1662 4207 de
1694 4169 1810 4224 qua
1837 4156 1988 4226 Apo-

342 4241 529 4297 stolus
561 4242 672 4297 alio
699 4240 824 4296 loco
858 4240 998 4294 dicit
1023 4257 1036 4294 :
1064 4263 1091 4288 ‹‹
1120 4239 1500 4295 Renovamini
1525 4242 1748 4312 Spiritu
1777 4245 1988 4300 mentis

339 4336 562 4396 vestrae,
595 4336 652 4386 et
683 4328 904 4384 induite
939 4345 1152 4383 novum
1185 4328 1510 4400 hominem,
1539 4330 1641 4400 qui
1665 4334 1987 4389 secundum

341 4419 524 4474 Deum
557 4423 783 4474 creatus
813 4422 901 4473 est
932 4417 1145 4489 (Ephes.
1180 4435 1255 4484 1v,
1287 4419 1380 4486 23)
1402 4440 1427 4466 n
1462 4437 1474 4473 :
1525 4420 1642 4474 Ista
1694 4423 1988 4479 renovatio

340 4523 455 4562 non
484 4507 542 4560 in
575 4524 690 4562 uno
724 4511 1018 4561 momento
1042 4507 1124 4571 fit,
1150 4507 1301 4561 sicut
1323 4507 1380 4561 in
1404 4507 1699 4578 baptismo
1725 4528 1839 4566 uno
1863 4529 1986 4568 mo-

341 4600 536 4652 mento
570 4596 632 4650 ﬁt
663 4596 931 4651 remissio
963 4595 1227 4650 omnium
1272 4600 1661 4667 peccatorum.

413 4707 442 4733 ‹‹
475 4685 653 4748 Quem
685 4684 891 4739 effudit
913 4684 970 4737 in
1005 4684 1171 4738 nobis
1205 4685 1438 4740 abunde
1475 4703 1573 4757 per
1600 4687 1807 4743 Jesum
1829 4689 1986 4744 Chri-

339 4777 495 4829 stum
512 4773 863 4828 Salvatorem
887 4776 1173 4826 nostrum.
1199 4793 1226 4821 ››
1255 4772 1476 4828 Nomen
1501 4774 1985 4850 ell'usionislargi-

335 4865 512 4917 tatem
529 4862 848 4934 gratiarum
871 4859 1164 4929 signiﬁcat
1185 4861 1242 4913 in
1271 4859 1600 4919 hanredibus
1614 4865 1754 4919 Novi
1778 4868 1979 4922 Testa-

337 4951 539 5017 menti,
573 4950 887 5021 plusquam
921 4947 978 5000 in
1012 4947 1305 5017 prioribus
1328 4949 1532 5020 justis.

403 5040 590 5107 (1378)
621 5036 970 5108 Diligentius
1011 5037 1411 5104 attendamus,
1449 5043 1506 5093 et
1534 5040 1895 5098 inveniemus
1918 5044 1976 5098 in

332 5127 601 5196 praesenti
636 5124 1448 5195 capitulomanifestissimam
1475 5127 1841 5184 Trinitatem.
1865 5132 1977 5186 Re-

326 5214 583 5285 nignitas
615 5214 829 5284 quippe
860 5217 1031 5283 atque
1062 5213 1369 5267 clementia
1415 5215 1726 5271 Salvatoris
1791 5221 1972 5275 nostri

320 5301 445 5367 Dei,
477 5319 592 5355 non
624 5301 866 5356 alterius
899 5319 1074 5372 quam
1113 5301 1206 5355 Dei
1262 5302 1469 5371 Patris,
1524 5319 1626 5372 per
1673 5304 1969 5364 lavacrum

318 5389 858 5460 regenerationis,et
879 5389 1271 5446 renovationis
1294 5389 1546 5460 Spiritus
1565 5393 1776 5460 sancti,
1793 5412 1964 5467 quem

391 5514 709 5584 nam)A.

420 5584 578 5642 1378)
609 5586 690 5642 Ih.

420 5585 555 5638 1378
609 5586 690 5642 1h.

394 5585 578 5742 E1379;
607 5658 703 5716 Αῆ.

2084 608 2438 664 Salvatorem
2498 614 2789 674 nostrum,
2841 609 3188 679 justiﬁcavit
3242 626 3347 664 nos
3424 609 3480 663 in
3561 609 3752 663 vitam

2085 701 2382 753 aeternam.
2419 697 2589 753 Salus
2615 698 2977 752 credentium
3039 697 3385 769 mysterium
3437 697 3752 753 Trinitatis

2088 790 2195 841 est.

2159 877 2344 944 (1379)
2376 898 2403 924 ‹‹
2437 875 2510 930 Ut
2533 875 2843 945 justificati
2873 876 3066 946 gratia
3107 876 3365 948 ipsius.»
3420 877 3753 932 Adverten-

2089 965 2230 1019 dum
2263 965 2418 1036 quod
2451 965 2638 1036 gratia
2666 963 2825 1020 illius
2866 964 3288 1035 justiﬁcamur,
3341 982 3456 1022 non
3513 965 3755 1021 meritis

2089 1054 2327 1109 nostris.

2164 1163 2191 1192 ‹‹
2222 1141 2488 1198 Haeredes
2520 1143 2710 1198 simus
2741 1143 3063 1197 secundum
3096 1159 3261 1214 spem
3305 1143 3433 1198 vitae
3488 1147 3748 1198 aeternae.

2092 1230 2356 1286 Haeredes
2383 1230 2620 1302 quidem
2655 1230 2777 1297 Dei,
2815 1231 3144 1286 coheredes
3199 1236 3394 1287 autem
3444 1231 3689 1286 Christi.
3723 1254 3752 1279 n

2094 1319 2266 1387 (Rom.
2297 1321 2350 1385 8,
2385 1320 2495 1386 17).
2527 1323 2593 1374 Et
2614 1319 2934 1374 notandum
2961 1320 3114 1390 quod
3135 1321 3458 1375 secundum
3485 1320 3755 1392 gratiam

2094 1407 2720 1478 Deiljustiﬁcamur,vel
2741 1408 2997 1463 hmredes
3015 1409 3306 1463 efﬁcimur
3327 1410 3454 1464 vitae
3478 1413 3751 1475 internae;

2094 1512 2208 1549 non
2241 1497 2566 1550 secundum
2624 1495 2916 1551 carnalem
2967 1497 3390 1562 haereditatem,
3443 1502 3507 1551 ut
3553 1497 3756 1553 Judaei

2094 1588 2404 1637 autumant
2436 1600 2450 1639 :
2479 1602 2665 1655 neque
2697 1585 3026 1639 secundum
3088 1586 3298 1641 merita
3344 1592 3565 1656 nostra,
3613 1603 3758 1656 qua:

2093 1677 2262 1726 antea
2291 1673 2443 1727 bona
2500 1690 2614 1728 non
2659 1673 2999 1740 habuimus,
3054 1681 3118 1729 ut
3175 1674 3476 1746 Pelagiani
3538 1692 3757 1745 super-

2093 1760 2284 1813 biunt.

2167 1871 2194 1897 ‹‹
2234 1849 2446 1903 Fidelis
2477 1865 2666 1903 sermo
2706 1854 2829 1903 est:
2891 1854 2948 1903 et
2999 1850 3069 1904 de
3120 1851 3210 1905 his
3255 1851 3380 1905 volo
3429 1856 3486 1906 te
3537 1850 3758 1906 confir-

2095 1952 2273 2002 mare,
2304 1942 2367 1990 ut
2387 1941 2590 2010 curent
2610 1937 2780 1991 bonis
2803 1938 3075 2008 operibus
3098 1955 3346 2009 praeesse
3367 1940 3468 2010 qui
3495 1941 3754 1994 credunt

2095 2023 2229 2077 Deo.
2264 2024 2391 2078 Haec
2423 2006 2569 2079 sunt
2593 2026 2744 2080 bona
2784 2006 2855 2079 et
2892 2026 3058 2082 utilia
3100 2006 3515 2082 hominibus.»
3562 2029 3755 2099 (1380)

2095 2112 2231 2181 Hoc,
2258 2114 2411 2183 quod
2440 2115 2540 2180 ait,
2573 2113 2763 2168 ﬁdelis
2793 2131 3011 2182 sermo,
3054 2116 3125 2170 ad
3161 2116 3464 2187 superiora
3487 2117 3755 2188 jungen-

2096 2201 2239 2255 dum
2270 2207 2378 2269 est,
2419 2201 2479 2256 in
2541 2203 2756 2274 quibus
2805 2204 3204 2275 praemiserat:
3259 2228 3285 2252 ‹‹
3322 2204 3394 2258 Ut
3433 2205 3757 2274 justiﬁcati

2096 2291 2284 2361 ipsius
2315 2295 2522 2362 gratia,
2557 2292 2816 2347 haeredes
2842 2293 3169 2348 efﬁciamur
3201 2295 3526 2348 secundum
3578 2311 3754 2366 spem

2096 2378 2222 2432 vita:
2252 2385 2496 2434 aeternae.
2526 2404 2546 2431 n
2586 2380 2814 2452 Dignus
2847 2381 3002 2435 enim
3037 2381 3149 2436 ﬁde
3181 2398 3360 2452 super
3404 2382 3758 2439 haereditate

2098 2467 2194 2522 Dei
2228 2484 2441 2535 sermo,
2471 2473 2528 2522 et
2560 2486 2735 2540 super
2765 2486 2868 2541 spe
2897 2470 3022 2524 vita:
3052 2474 3278 2525 aternaa
3329 2471 3534 2543 (1381).
3581 2471 3756 2528 Unde

2098 2560 2324 2628 oportet
2354 2558 2423 2612 de
2445 2557 2540 2613 his
2563 2573 2677 2612 non
2700 2558 2968 2628 dubium,
2993 2575 3108 2613 non
3137 2563 3445 2615 timentem
3467 2564 3522 2616 et
3551 2561 3750 2632 ipsam

2098 2646 2352 2711 credere,
2398 2651 2473 2713 et,
2535 2651 2601 2700 ut
2645 2647 2885 2702 credant
2931 2648 3140 2718 caeteri,
3201 2649 3566 2704 conﬁrmare.
3618 2650 3751 2706 Non

2098 2735 2291 2790 solum
2325 2739 2541 2804 autem,
2566 2735 2668 2789 sed
2691 2735 2880 2790 ethoc
2902 2752 3037 2790 cum
3061 2738 3285 2791 caeteris
3308 2736 3402 2792 his
3424 2739 3523 2809 qui
3545 2738 3753 2794 volue-

2098 2823 2215 2877 rint
2243 2824 2495 2888 credere,
2540 2825 3008 2879 conﬁrmandum
3053 2830 3159 2880 est.
3212 2827 3574 2897 Quapropter
3623 2828 3747 2882 ait:

2105 2933 2132 2965 α
2162 2913 2229 2966 Et
2260 2913 2329 2966 de
2361 2912 2453 2967 his
2484 2913 2610 2968 volo
2641 2918 2697 2967 te
2754 2913 3121 2969 confirmare.
3153 2937 3174 2963 ι
3231 2915 3336 2979 Qui
3387 2921 3579 2970 autem
3632 2916 3751 2971 ista

2097 3017 2230 3056 vera
2253 3016 2380 3056 esse
2401 3001 2770 3071 crediderint,
2803 3019 3037 3057 necesse
3059 3007 3146 3057 est
3169 3008 3232 3058 ut
3254 3019 3454 3058 curam
3493 3003 3753 3059 habeant

2096 3091 2385 3145 bonorum
2417 3107 2683 3162 operum,
2719 3107 2818 3162 per
2848 3107 2974 3162 quae
3009 3092 3318 3147 haereditas
3351 3093 3472 3159 Dei,
3503 3095 3560 3148 et
3611 3109 3752 3164 spes

2095 3178 2221 3232 vita:
2249 3187 2610 3250 praeparatur
2639 3183 2887 3234 aeternae.

2176 3289 2194 3315 ι
2230 3266 2449 3322 Stultas
2480 3272 2675 3322 autem
2712 3268 3084 3340 quaestiones,
3139 3274 3195 3324 et
3243 3253 3640 3342 genealogias,
3695 3277 3754 3327 et

2099 3356 2518 3424 contentiones,
2551 3360 2608 3411 et
2660 3373 2888 3430 pugnas
2938 3356 3084 3430 legis
3126 3359 3355 3414 devita:
3405 3364 3543 3415 sunt
3589 3360 3749 3415 enim

2098 3444 2337 3500 inutiles
2369 3451 2425 3500 et
2451 3462 2632 3500 vana}.
2666 3468 2693 3495 ››
2756 3446 2919 3509 Quod
2981 3450 3174 3502 autem
3227 3449 3309 3503 ait
3343 3465 3355 3503 :
3407 3469 3435 3498 «
3467 3448 3751 3504 Genealo-

2097 3535 2243 3606 gias,
2269 3538 2325 3589 et
2343 3535 2762 3602 contentiones,
2789 3540 2845 3590 et
2866 3535 3045 3603 rixas,
3065 3553 3192 3607 quae
3225 3537 3467 3592 veniunt
3490 3553 3559 3592 ex
3590 3537 3746 3610 lege,

2099 3623 2310 3679 devita.
2333 3641 2358 3672 η
2389 3623 2618 3694 proprie
2641 3623 2836 3694 pulsat
2853 3625 3110 3692 Judzeos,
3132 3625 3231 3695 qui
3258 3625 3316 3680 in
3335 3641 3399 3682 eo
3423 3643 3485 3681 se
3518 3627 3751 3695 jactant

2099 3718 2153 3766 et
2184 3715 2396 3782 putant
2427 3711 2571 3784 legis
2604 3712 2816 3768 habere
2842 3713 3132 3780 notitiam,
3168 3713 3218 3769 si
3248 3715 3490 3770 nomina
3511 3719 3753 3771 teneant

2100 3798 2496 3870 singulorum;
2524 3817 2649 3871 qua:
2674 3802 2812 3872 quia
2831 3802 3079 3858 barbara
3100 3809 3258 3874 sunt,
3284 3809 3340 3860 et
3360 3803 3749 3877 etymologiae

2099 3905 2301 3944 eorum
2325 3906 2440 3944 non
2463 3889 2752 3957 novimus,
2779 3890 3124 3964 plerumque
3145 3897 3414 3966 corrupte
3441 3894 3748 3965 proferun-

2099 3984 2197 4033 tur
2225 3995 2259 4033 a
2289 3979 2480 4033 nobis.
2514 3979 2581 4033 Et
2613 3979 2661 4034 si
2694 3981 2841 4036 forte
2884 3982 3209 4038 erravimus
3253 3983 3313 4037 in
3368 3988 3636 4049 accentu,
3692 3984 3750 4038 in

2099 4067 2454 4132 extensione,
2487 4071 2542 4123 et
2573 4068 2850 4124 brevitate
2881 4069 3139 4142 syllabis,
3172 4070 3258 4127 vel
3290 4071 3486 4127 brevia
3531 4073 3750 4144 produ-

2100 4161 2316 4226 centes,
2368 4155 2454 4211 vel
2513 4158 2796 4228 producta
2852 4159 3201 4228 breviantes,
3259 4160 3450 4216 solent
3501 4161 3747 4218 irridere

2101 4262 2206 4301 nos
2265 4245 2591 4316 imperitia,
2661 4247 2912 4303 maxime
2997 4248 3056 4304 in
3137 4249 3622 4322 aspirationibus,
3700 4256 3756 4307 et

2100 4334 2455 4405 quibusdam
2513 4351 2648 4390 cum
2709 4353 2915 4392 rasura
2972 4337 3188 4410 linguae
3271 4339 3479 4396 litteris
3555 4341 3753 4412 profe-

2100 4423 2318 4479 rendis.

2173 4536 2201 4563 ‹‹
2231 4512 2574 4568 Ilazreticum
2609 4513 2907 4572 hominem
2939 4521 3072 4588 post
3102 4534 3281 4573 unam
3315 4522 3372 4574 et
3427 4520 3748 4575 secundam

2017 4624 2064 4688 D
2099 4602 2521 4672 correptionem
2554 4603 2762 4675 devita,
2798 4603 2986 4660 sciens
3018 4605 3156 4676 quia
3187 4607 3503 4663 subversus
3535 4612 3624 4664 est
3645 4610 3747 4680 qui

2095 4690 2384 4760 ejusmodi
2416 4695 2504 4746 est
2533 4695 2589 4745 et
2620 4692 2924 4764 delinquit,
2960 4710 3095 4749 cum
3129 4696 3207 4750 sit
3238 4696 3471 4768 proprio
3517 4696 3746 4767 judicio

2094 4779 2592 4835 condemnatus.»
2630 4780 2865 4853 Legitur
2893 4781 2949 4836 in
2986 4783 3285 4840 codicibus
3315 4786 3494 4856 (quod
3540 4802 3743 4842 verum

2092 4884 2244 4938 papa
2275 4884 2506 4939 quoque
2536 4870 2891 4926 Athanasius
2924 4873 3230 4944 approbat)
3284 4896 3311 4923 (ι
3348 4878 3478 4945 post
3538 4891 3740 4943 unam,

2091 4961 2147 5010 et
2171 4956 2411 5012 alteram
2446 4959 2871 5030 correptionem
2899 4980 2910 5029 ;
2945 4981 2970 5012 ι»
3000 4963 3154 5032 quod
3187 4962 3410 5018 scilicet
3431 4979 3547 5018 non
3571 4965 3737 5019 suffi-

2089 5045 2200 5099 ciat
2234 5050 2469 5100 tantum
2501 5047 2679 5102 semel
2713 5065 2845 5103 eum
2867 5050 3099 5120 corripi,
3124 5050 3209 5105 vel
3233 5052 3615 5118 commoneri,
3641 5053 3742 5124 qui

2087 5133 2281 5206 aliquo
2314 5135 2390 5188 sit
2410 5136 2759 5206 depravatus
2789 5155 3002 5204 errore,
3038 5140 3136 5193 sed
3172 5145 3228 5194 et
3258 5141 3516 5196 secunda
3560 5140 3611 5194 ei
3662 5141 3742 5196 sit

2085 5223 2416 5277 adhibenda
2448 5224 2729 5292 doctrina,
2764 5232 2821 5281 et
2853 5227 2911 5281 in
2966 5245 3063 5282 ore
3095 5229 3368 5294 duorum,
3415 5229 3502 5284 vel
3554 5230 3735 5286 trium

2081 5313 2321 5366 testium
2355 5316 2468 5366 stet
2499 5329 2670 5369 omne
2700 5317 2964 5371 verbum.
3000 5320 3186 5383 Quare
3218 5323 3413 5373 autem
3441 5322 3573 5389 post
3618 5319 3738 5390 pri-

2081 5418 2235 5456 mam
2271 5405 2327 5456 et
2383 5407 2702 5458 secundam
2759 5407 3184 5477 correptionem
3235 5407 3580 5464 devitandus
3638 5408 3736 5478 sit,

2147 5524 2443 5594 (unmla

2111 5597 2330 5729 ἐξῇ)
2357 5595 2563 5669 Verba,
2595 5598 2875 5672 ngnm...
2941 5609 3191 5678 aetemaz,
3253 5602 3314 5662 in
3373 5601 3490 5660 imo
3542 5620 3730 5680 marg.
