3898 6404
139 443 258 502 717

757 442 1170 502 EXPOSlTlU
1219 442 1291 501 ΙΝ
1345 444 1775 504 EPlS'l‘OLAS
1823 445 2077 505 PAULI.
2126 476 2202 490 —
2241 445 2316 504 ΙΝ
2365 445 2616 508 EPIST.
2664 449 2766 507 AD
2811 449 2965 508 TlT.

3455 452 3571 511 718

141 573 337 628 reddit
368 589 604 639 causas,
637 573 837 627 dicens
865 589 876 626 :
912 595 937 620 ‹‹
964 575 1127 639 Quod
1163 575 1485 630 subversus
1517 579 1604 630 est
1649 576 1808 644 ojus—
1841 581 1891 646 Α
1928 577 2082 630 unde
2110 576 2259 643 Tito,
2287 580 2348 631 ut
2378 577 2652 632 viaticum
2686 595 2800 633 non
2831 578 3184 635 habentibus
3217 579 3571 653 largiretur?

143 663 304 717 modi
339 666 395 717 et.
430 667 654 733 peccat,
700 679 835 716 cum
897 662 972 716 sit
1033 664 1351 734 semetipso
1407 665 1806 718 damnatus.»

145 753 257 818 Qui
290 752 452 806 enim
488 752 691 819 semel,
725 752 931 821 bisque
973 760 1301 823 correptus,
1359 756 1560 808 audito
1619 771 1810 808 errore

145 858 277 910 suo,
312 857 430 894 non
463 840 589 894 vult
618 840 1050 910 corrigi,errare
1083 842 1336 896 asstimat
1387 841 1808 913 corrigentem;

147 935 204 985 et
240 947 270 986 e
303 929 598 985 contrario
631 946 692 984 se
741 930 812 983 ad
857 945 1107 1000 pugnas,
1168 935 1225 985 et
1267 931 1469 1002 jurgia
1499 932 1810 986 verborum

148 1035 530 1090 parans,eum
564 1017 687 1073 vult
713 1017 1050 1072 lucrifacere
1078 1037 1109 1072 a
1131 1036 1246 1090 quo
1272 1021 1812 1092 docetur.Propter-

148 1126 218 1163 ea
248 1125 382 1163 vero
436 1125 470 1162 a
523 1108 841 1178 semetipso
888 1108 1112 1162 dicetur
1144 1125 1272 1163 esse
1304 1110 1640 1176 damnatus,
1675 1109 1814 1181 quia

151 1197 492 1266 fornicator,
526 1195 775 1263 adulter,
812 1195 1127 1262 homicida,
1161 1204 1216 1252 et
1248 1204 1453 1253 caetera
1495 1199 1653 1268 vitia,
1713 1215 1814 1269 per

151 1287 486 1342 sacerdotes
505 1287 575 1340 de
593 1285 848 1341 Ecclesia
862 1286 1267 1356 propelluntur
1290 1306 1302 1354 ;
1333 1287 1581 1343 haeretici
1615 1293 1812 1342 autem

151 1376 210 1430 in
243 1375 472 1446 seipsos
502 1375 857 1430 sententiam
888 1375 1103 1444 ferunt,
1129 1393 1235 1430 suo
1261 1376 1498 1432 arbitrio
1515 1377 1586 1432 de
1629 1375 1815 1430 Eccle-

152 1464 240 1519 sia
272 1465 647 1531 recedentes;
683 1481 810 1535 quae
857 1464 1096 1530 recesio,
1147 1465 1388 1536 propriae
1446 1465 1812 1520 conscientiae

151 1553 386 1608 videtur
417 1569 545 1608 esse
576 1553 1059 1608 damnatio.lnler
1073 1553 1338 1608 hazresim
1354 1559 1410 1610 et
1431 1554 1687 1610 schisma
1707 1555 1813 1609 hoc

153 1659 282 1697 esse
316 1643 700 1712 arbitrantur,
736 1643 890 1712 quod
923 1642 1157 1698 luerosis
1203 1660 1539 1713 perversum
1601 1645 1815 1715 dogma

153 1731 370 1785 habeat
394 1729 684 1797 ;schisma
708 1738 944 1802 propter
977 1732 1368 1803 episcopalem
1387 1733 1812 1788 dissensionem

155 1820 228 1874 ab
252 1819 511 1874 Ecclesia
540 1823 881 1891 separetur:
916 1821 1070 1891 quod
1111 1821 1350 1891 quidem
1413 1822 1471 1875 in
1526 1822 1814 1893 principio

154 1909 356 1980 aliqua
386 1925 454 1964 ex
488 1914 650 1980 parte
682 1907 927 1979 intelligi
973 1914 1180 1980 potest.
1241 1912 1524 1965 Czeterum
1586 1910 1814 1966 nullum

1922 665 2103 719 Solvit
2130 665 2274 719 hanc
2309 666 2714 736 quaestionem,
2748 672 2805 722 et
2835 667 3002 738 quasi
3039 668 3181 723 nihil
3232 670 3340 724 sibi
3389 687 3567 741 oppo-

1924 759 2117 819 natur,
2153 754 2335 823 elidit,
2389 756 2633 809 dicendo
2670 772 2681 809 :
2717 779 2743 804 ‹‹
2805 756 3042 811 Discant
3100 764 3293 813 autem
3354 759 3569 814 nostris

1921 842 2089 897 bonis
2121 843 2394 914 operibus
2428 861 2670 916 praeesse
2691 845 2748 898 in
2770 846 3114 901 necessariis
3138 847 3566 917 usibus,utnon

1922 933 2270 991 infructuosi
2303 933 2438 988 sint.
2477 956 2504 981 »
2533 933 2774 990 Nostros
2804 950 2943 988 suos
2975 934 3156 1005 (1382)
3186 939 3370 1003 vocat,
3393 935 3569 1007 quiin

1921 1021 2149 1076 Christo
2173 1022 2562 1089 crediderunt,
2597 1023 2695 1094 qui
2730 1021 2868 1093 quia
2915 1021 3127 1078 Christi
3178 1028 3364 1090 erant,
3419 1029 3574 1079 recte

1922 1116 1980 1164 et
2029 1110 2185 1165 Pauli
2243 1115 2300 1165 et
2357 1111 2470 1166 Titi
2550 1109 2832 1182 appellari
2905 1112 3298 1166 merebantur.
3359 1112 3569 1180 Habes,

1922 1198 2137 1269 inquit,
2171 1199 2228 1254 in
2261 1198 2579 1271 discipulos
2613 1200 3140 1270 potestatem,doce
3173 1216 3270 1254 eos
3297 1217 3412 1255 non
3445 1216 3573 1256 esse

1924 1287 2342 1355 infructuosos,
2372 1289 2472 1342 sed
2503 1287 2869 1356 evangelistis
2902 1293 2959 1342 et
3015 1287 3351 1359 apostolicis
3405 1289 3568 1358 viris,

1924 1376 2024 1446 qui
2058 1376 2225 1432 bonis
2258 1377 2532 1448 operibus
2566 1377 2844 1440 serviunt,
2879 1376 3248 1444 ministrare;
3282 1382 3340 1432 et
3397 1377 3572 1432 mini-

1925 1470 2130 1530 strare,
2169 1482 2284 1520 non
2316 1465 2374 1520 in
2389 1464 2842 1536 quibuscumque
2864 1465 3187 1532 causis,sed
3208 1465 3268 1519 in
3303 1481 3570 1521 necessa-

1925 1553 2063 1609 riis:
2099 1553 2380 1609 habentes
2411 1553 2627 1625 quippe
2653 1553 2871 1608 victum
2905 1557 2962 1608 et
3007 1553 3438 1622 vestimentum,
3481 1554 3573 1610 his

1924 1643 2180 1698 contenti
2239 1660 2447 1698 sumus
2470 1644 2514 1714 (ι
2548 1645 2678 1697 Tim.
2740 1660 2814 1709 vx,
2873 1643 2965 1713 8):
2999 1647 3055 1697 et
3085 1642 3185 1713 qui
3217 1642 3421 1698 altario
3451 1660 3572 1698 ser-

1924 1731 2109 1797 viunt,
2143 1731 2214 1786 de
2245 1730 2445 1785 alterio
2477 1731 2679 1785 vivunt
2710 1731 2756 1801 (I
2779 1730 2900 1786 Cor.
2935 1747 3012 1797 ιχ,
3047 1731 3133 1801 13)
3167 1748 3181 1798 ;
3218 1735 3275 1786 et
3305 1731 3405 1801 qui
3437 1747 3568 1802 par-

1924 1819 2132 1892 ticipes
2166 1819 2522 1891 spiritalium
2555 1823 2891 1875 nostrorum
2948 1818 3083 1873 facti
3141 1823 3302 1889 sunt,
3361 1819 3577 1874 debent

1925 1909 2097 1963 nobis
2128 1925 2236 1964 sua
2266 1908 2617 1980 participare
2649 1907 2924 1963 carnalia.
2958 1907 3023 1962 Et
3054 1923 3126 1962 ne
3185 1906 3430 1964 forsitan
3487 1907 3574 1963 vel

153 1969 420 2054 sch‘isma
451 1969 567 2053 nhn
602 1997 711 2052 sibi
744 1969 1001 2068 aliquam
1033 1999 1202 2070 ﬁngit
1242 1999 1532 2067 hreresim,
1570 2006 1633 2055 ut
1663 2006 1816 2056 recte
1849 1969 1898 2034 B
1926 1969 2442 2069 EpistolamTauli
2479 1969 2566 2050 vel
2628 2000 2977 2067 prreceptum
3038 1994 3151 2050 Titi
3211 1995 3375 2050 facile
3432 2011 3576 2051 cono

153 2090 224 2143 ab
253 2086 514 2143 Ecclesia
545 2087 857 2142 recessisse
885 2087 1167 2143 videatur.

231 2201 250 2225 ι
289 2178 437 2232 Cum
472 2175 686 2231 misero
717 2176 788 2230 ad
848 2180 904 2231 te
959 2180 1260 2244 Arteman,
1321 2176 1408 2232 vel
1465 2177 1813 2249 Tychicum,

152 2267 372 2321 festina
403 2265 473 2320 ad
509 2281 603 2320 me
624 2265 819 2319 venire
856 2264 1179 2336 Nicopolim
1209 2282 1221 2318 :
1278 2265 1358 2320 ibi
1418 2265 1575 2320 enim
1635 2264 1816 2320 statui

149 2355 478 2410 hiemare.»
510 2354 657 2417 Quia
670 2369 806 2425 ergo
821 2358 951 2424 post
969 2353 1420 2409 fundamentum
1444 2353 1694 2409 aliarum
1710 2355 1816 2409 Ec-

149 2443 476 2499 clesiarum
511 2443 879 2497 necessarius
905 2447 1029 2498 erat
1059 2443 1357 2514 Titus,qui
1381 2443 1691 2498 aediﬁcium
1718 2460 1813 2497 su-

154 2536 546 2606 perstrueret,
580 2530 780 2586 scribit
811 2532 882 2601 ei,
918 2536 980 2586 ut
1011 2548 1144 2586 cum
1175 2535 1475 2602 Arteman,
1501 2531 1585 2588 vel
1615 2531 1818 2603 Tychi-

151 2640 319 2689 cum,
353 2638 538 2676 unum
581 2620 797 2676 scilicet
826 2638 856 2675 e
886 2621 1136 2688 duobus,
1171 2620 1270 2691 qui
1304 2637 1503 2675 secum
1566 2622 1815 2686 fuerant,

151 2714 388 2768 Cretam
423 2707 1063 2780 misisset,impleturos
1099 2708 1290 2763 locum
1323 2709 1614 2779 ejus,ipse
1654 2708 1818 2762 Nico-

156 2799 341 2872 polim
373 2799 620 2863 veniret,
653 2797 729 2851 ibi
763 2814 824 2851 se
849 2797 1247 2852 hiematurum
1298 2813 1427 2852 esse
1457 2801 1815 2851 contestans.

153 2895 234 2944 Ex
267 2905 384 2958 quo
417 2891 695 2958 paternos
727 2885 891 2940 Pauli
925 2885 982 2939 in
1014 2890 1318 2941 Cretenses
1341 2887 1657 2956 probemus
1689 2887 1820 2940 affe-

153 2975 1120 3046 ctus,NecessariumhabetTitum
1145 2975 1202 3028 in
1230 2974 1524 3046 Evangelii
1557 2974 1820 3030 ministe-

153 3067 312 3123 rium
342 3091 355 3133 ;
390 3072 585 3120 tamen
621 3081 733 3118 non
765 3080 900 3118 eum
935 3067 1066 3118 ante
1100 3064 1170 3116 ad
1202 3063 1818 3130 sevultvenire,nisiin

155 3158 353 3212 locum
383 3157 512 3226 ejus
540 3157 810 3208 Artemas
839 3152 924 3208 vel
955 3152 1244 3224 Tychicus
1296 3168 1600 3206 successor
1647 3151 1819 3205 adve-

155 3247 372 3303 nerint.
409 3241 704 3315 Nicopolis
740 3243 868 3313 ipsa
898 3247 1009 3309 est,
1042 3260 1167 3313 quae
1217 3243 1288 3297 ob
1339 3240 1643 3295 victoriam
1698 3246 1818 3294 Au-

155 3335 342 3407 gusti,
377 3330 1468 3405 quodibiAntoniumCleopatramque
1507 3328 1818 3401 snperarit,
1853 3337 1896 3403 (ς

157 3441 377 3481 nomen
410 3422 652 3493 accepit.

245 3537 274 3564 ‹‹
309 3517 520 3568 Zenam
568 3509 1000 3586 legisperitum,
1034 3513 1089 3563 et
1116 3507 1319 3579 Apollo
1369 3506 1618 3562 sollicite
1677 3524 1820 3578 pra:-

160 3603 353 3667 mitte,
389 3606 451 3656 ut
482 3599 630 3655 nihil
665 3597 781 3653 illis
813 3598 982 3652 desit.
1021 3620 1046 3646 ››
1081 3597 1193 3652 Iste
1225 3601 1282 3651 et
1312 3595 1541 3667 Apollo,
1575 3595 1646 3650 de
1705 3611 1822 3666 quo

161 3698 220 3748 et
249 3691 322 3746 ad
355 3688 688 3745 Corinthios
720 3686 998 3741 scribitur
1021 3695 1046 3741 :'
1071 3710 1095 3735 ‹‹
1127 3686 1545 3756 Unusquisque
1568 3689 1822 3738 vestrum

167 3780 350 3836 dicit:
383 3781 498 3851 Ego
531 3793 665 3832 sum
694 3775 878 3845 Pauli,
908 3791 1013 3846 ego
1039 3774 1374 3845 Apollo,ego
1407 3773 1611 3846 Cephm
1645 3773 1824 3844 (ICor.

169 3889 207 3938 ι,
245 3871 355 3939 12).
393 3889 419 3916 ››
457 3866 588 3921 Fuit
621 3870 815 3919 autem
851 3863 939 3916 vir
967 3863 1398 3918 Alexandrinus
1460 3879 1528 3917 ex
1583 3861 1826 3930 Judaais,

167 3957 340 4013 valde
370 3958 652 4027 eloquens
683 3957 739 4009 et
769 3953 1060 4025 perfectus
1093 3951 1152 4006 in
1197 3951 1321 4024 lege
1381 3952 1690 4022 episcopus
1721 3950 1828 4005 Co-

170 4046 529 4102 rinthiorum
559 4062 571 4112 ;
605 4059 781 4114 quem
815 4040 1620 4114 propterdissensiones,qure
1646 4039 1703 4092 in
1727 4038 1832 4093 Co-

170 4135 390 4192 rinthio
423 4133 688 4200 erant,ad
709 4131 960 4186 vicinam
985 4129 1243 4185 insulam
1267 4133 1493 4184 Cretam
1519 4145 1652 4184 cum
1684 4128 1834 4183 Zena

174 4225 322 4297 legis
355 4225 592 4278 doctore
626 4221 954 4293 putandum
987 4224 1076 4275 est
1107 4220 1537 4285 transfretasse,
1571 4223 1627 4272 et
1669 4215 1833 4271 Pauli

175 4312 463 4386 Epistola,
497 4310 1123 4380 dissensionibusque!)
1159 4307 1572 4363 Corinthiorta:
1611 4308 1839 4361 fuerant

175 4403 546 4475 temperatis,
581 4417 818 4455 rursum
847 4398 1190 4454 Corinthum
1237 4397 1566 4452 ravertisse.
1624 4396 1837 4450 Zenam

174 4510 314 4548 vero
345 4491 493 4564 legis
525 4491 845 4553 doctorem,
879 4489 949 4542 de
980 4486 1094 4542 alio
1137 4485 1449 4557 Scripturae
1509 4483 1655 4550 loco,
1706 4483 1842 4554 quis

179 4583 380 4649 fuerit,
414 4598 529 4635 non
562 4595 880 4651 possumus
915 4575 1126 4640 dicere,
1164 4575 1274 4630 nisi
1300 4574 1410 4629 hoc
1428 4573 1843 4643 tantum,quod

180 4677 238 4728 et
270 4672 395 4744 ipse
428 4668 788 4741 apostolicus
819 4666 926 4734 vir,
962 4665 1018 4720 id
1054 4661 1648 4768 Operis,quodApoll‘o
1680 4677 1840 4768 efer-
1879 4703 1925 4768 D

181 4762 371 4830 cebat,
415 4758 706 4824 habuerit,
743 4755 956 4811 Christi
989 4752 1277 4807 Ecclesias
1311 4751 1672 4806 exstruendi.
1697 4751 1845 4805 Prae-

181 4850 327 4922 cipit
357 4849 558 4919 itaque
587 4846 714 4900 Tito
749 4849 832 4910 ut,
866 4843 1142 4916 quoniam
1175 4842 1244 4895 de
1275 4841 1444 4897 Creta
1472 4841 1544 4895 ad
1568 4839 1849 4895 Graeciam

1925 2090 2252 2141 temnerent
2305 2085 2700 2141 infructuosos
2731 2089 2916 2154 vocat,
2945 2083 3283 2155 quicunque
3327 2099 3577 2156 evange-

1925 2173 2076 2230 listis
2109 2191 2224 2229 non
2257 2172 2737 2229 ministraverint.

1997 2320 2024 2346 «
2059 2297 2331 2353 Salutant
2361 2302 2417 2352 te
2448 2297 2549 2368 qui
2582 2311 2811 2351 mecum
2841 2299 2983 2350 sunt
3015 2312 3239 2352 omnes.
3274 2318 3302 2347 »
3337 2296 3439 2351 Vel
3490 2313 3580 2352 so-

1926 2385 2031 2442 lita
2059 2386 2484 2442 consuetudine
2514 2401 2658 2440 usus
2691 2389 2799 2454 est,
2837 2388 2900 2438 ut
2931 2384 3127 2439 Titum
3161 2385 3232 2440 ab
3262 2385 3577 2456 ,omnibus,

1927 2476 2027 2546 qui
2059 2492 2259 2531 secum
2291 2480 2471 2540 eraat,
2504 2474 2722 2528 diceret
2753 2472 3016 2543 salutari,
3049 2473 3137 2528 vel
3169 2477 3319 2530 certe
3348 2474 3581 2546 proprie

1927 2565 1985 2619 in
2021 2565 2242 2632 Titum,
2276 2564 2434 2635 quod
2490 2563 2625 2617 talis
2683 2567 2855 2627 esset,
2917 2567 2980 2616 ut
3023 2579 3283 2617 amorem
3335 2568 3580 2633 georum,

1929 2653 2195 2724 quicum
2240 2652 2418 2707 Paulo
2476 2656 2661 2716 erant,
2721 2649 2986 2706 omnium
3062 2656 3400 2706 mereretur.
3461 2651 3582 2706 Ma-

1929 2760 2044 2814 gna
2073 2759 2204 2797 vero
2240 2741 2368 2796 laus
2399 2741 2515 2795 Titi
2547 2757 2649 2811 per
2690 2739 2937 2794 Paulum
2997 2739 3068 2794 ab
3128 2739 3403 2794 omnibus
3433 2739 3587 2795 salu-

1928 2831 2061 2886 tari.

2007 2969 2026 2993 «
2065 2944 2269 3000 Saluta
2301 2961 2421 3009 eos,
2454 2943 2555 3014 qni
2588 2959 2694 2998 nos
2725 2946 2928 2997 amant
2959 2943 3020 2997 in
3052 2943 3186 2998 ﬁde.
3223 2964 3250 2991 »
3283 2943 3339 2998 Si
3367 2943 3582 3012 omnis,

1931 3035 2030 3106 qui
2065 3038 2241 3101 amat,
2276 3037 2501 3088 amaret
2530 3032 2588 3085 in
2622 3032 2753 3098 ﬁde,
2789 3035 2844 3086 et
2891 3047 3006 3085 non
3046 3036 3243 3086 essent
3299 3031 3419 3097 alii,
3481 3033 3581 3102 qui

1931 3123 2152 3193 absque
2184 3123 2296 3176 ﬁde
2325 3120 2962 3192 diligerent,nunquam
2986 3119 3203 3174 Paulus
3223 3121 3294 3174 ad
3317 3135 3579 3177 amorem

1932 3213 2106 3266 ﬁdem
2141 3209 2534 3282 apposuisset,
2575 3208 2812 3263 dicens:
2849 3229 2876 3257 ‹‹
2933 3206 3132 3263 Saluta
3188 3225 3308 3274 eos,
3343 3209 3442 3280 qui
3472 3226 3581 3265 nos

1937 3304 2138 3356 amant
2169 3299 2228 3354 in
2259 3298 2390 3352 ﬁde.
2429 3319 2456 3346 »
2485 3299 2700 3351 Amant
2747 3296 2963 3368 quippe
3022 3301 3080 3352 et
3135 3304 3353 3352 matres
3403 3295 3577 3369 ﬁlios,

1939 3391 2021 3444 ita
2054 3393 2118 3443 ut
2144 3391 2390 3443 mortem
2423 3402 2527 3458 pro
2558 3385 2641 3441 eis
2664 3389 2933 3457 oppetere
2962 3385 3081 3440 sint
3103 3387 3445 3457 paratas,sed
3468 3404 3584 3443 non

1936 3482 2142 3533 amant
2170 3477 2232 3532 in
2282 3476 2432 3541 ﬁde;
2484 3489 2695 3528 uxores
2743 3473 3010 3540 maritos,
3055 3474 3274 3544 quibus
3306 3475 3588 3546 frequen-

1936 3566 2166 3622 tissime
2200 3561 2708 3628 commoriuntur;
2743 3561 2844 3618 sed
2879 3577 3045 3617 amor
3071 3561 3156 3616 illi
3185 3578 3297 3618 non
3322 3563 3455 3618 ﬁdei
3477 3569 3586 3620 est.

1937 3655 2072 3712 Sola
2104 3657 2442 3710 sanctorum
2475 3650 2707 3705 dilectio
2737 3649 2797 3704 in
2831 3650 2946 3706 ﬁde
2975 3649 3186 3721 diligit,
3221 3651 3279 3705 in
3329 3655 3586 3720 tantum,

1937 3749 2002 3800 ut
2031 3741 2260 3799 etiamsi
2291 3740 2409 3809 ille,
2443 3740 2541 3811 qui
2576 3738 2866 3811 diligitur,
2920 3738 3177 3794 inﬁdelis
3234 3739 3331 3805 sit,
3387 3743 3584 3795 tamen

1938 3838 2179 3891 sanctus
2235 3829 2294 3884 in
2374 3830 2487 3883 ﬁde
2546 3845 2680 3883 cum
2739 3827 2963 3899 diligat,
3015 3829 3341 3883 secundum
3401 3828 3589 3883 illud:

1940 3947 1967 3972 ‹‹
2003 3921 2214 3976 Omnia
2269 3923 2463 3973 vestra
2522 3917 2581 3971 in
2641 3917 2755 3971 ﬁde
2818 3917 3128 3986 {charitote}
3187 3918 3331 3972 ﬁant
3358 3922 3412 3986 (Ι
3459 3920 3590 3974 Cor.

1940 4028 2057 4078 xvi,
2093 4010 2201 4075 14).
2238 4029 2266 4055 ››
2299 4011 2366 4059 Et
2423 4003 2599 4060 alibi:
2637 4025 2664 4053 ‹‹
2725 4003 2960 4075 Diligite
3016 4004 3288 4060 inimicos
3345 4010 3592 4071 vestros,

1944 4103 2095 4171 (Luc.
2128 4114 2206 4167 v1,
2229 4096 2342 4165 32),
2375 4093 2574 4165 Diligit
2604 4097 2844 4148 sanctus
2875 4091 3144 4148 inimicos
3175 4109 3334 4160 suos,
3377 4098 3434 4148 et
3463 4093 3593 4148 ideo

1944 4190 2004 4244 in
2039 4189 2151 4242 ﬁde
2182 4185 2391 4256 diligit,
2423 4183 2564 4254 quia
2592 4181 2775 4238 credit
2807 4182 2865 4236 in
2897 4198 3056 4250 eum,
3079 4182 3178 4254 qui
3202 4181 3598 4254 pollicitusest

1947 4295 2010 4334 se
2042 4293 2144 4349 pro
2159 4272 2481 4346 expletione
2505 4270 2764 4326 mandati
2788 4270 3212 4326 retributurum
3235 4287 3363 4326 esse
3386 4286 3598 4326 merce-

1949 4367 2104 4422 dem.

2029 4505 2049 4530 α
2086 4478 2284 4535 Gratia
2315 4477 2414 4532 Dei
2438 4493 2570 4531 cum
2605 4473 2902 4530 omnibus.
2952 4475 3158 4528 Amen.
3196 4495 3222 4522 ››
3281 4475 3599 4530 Sciendum

1955 4570 2110 4644 quod
2143 4569 2200 4623 in
2232 4567 2446 4622 Grzecis
2475 4563 2871 4619 codicibusita
2893 4561 3177 4634 scriptum
3211 4568 3297 4619 est
3323 4581 3335 4619 :
3363 4563 3608 4619 «Gratia

1957 4676 2090 4716 cum
2105 4655 2381 4712 omnibus
2395 4653 2612 4720 vobis,»
2638 4655 2704 4706 ut
2725 4667 2827 4706 nec
2856 4671 2881 4705 ι
2898 4651 3190 4718 Domini,»
3206 4668 3309 4707 nec
3329 4671 3350 4700 α
3367 4652 3551 4708 nostri
3580 4674 3606 4700 ››

1959 4749 2017 4803 ἱη
2051 4745 2217 4801 libris
2248 4744 2468 4798 feratur
2497 4739 2872 4796 authenticis.
2921 4745 2984 4794 In
3043 4756 3354 4796 commune
3411 4742 3609 4812 itaque

1959 4836 2197 4901 sanctis,
2225 4838 2402 4904 atque
2435 4827 2828 4895 credentibus,
2859 4829 2988 4884 Tito
3018 4833 3074 4884 et
3095 4829 3443 4900 caeteris,qui
3475 4844 3609 4884 cum

1961 4943 2027 4981 eo
2057 4928 2240 4991 erant,
2293 4922 2649 4991 imprecatur
2705 4917 2913 4989 gratia.
2979 4918 3048 4971 Et
3104 4918 3395 4988 quomodo
3455 4918 3615 4972 Isaac

1963 5011 2294 5086 patriarcha
2323 5007 2621 5064 benedixit
2649 5005 2836 5061 ﬁlium
2870 5021 3045 5061 suum
3078 5005 3256 5061 Jacob
3286 5005 3419 5077 (Gen
3438 5022 3615 5076 xxvn,

1962 5102 2169 5172 27-29),
2203 5104 2258 5156 et
2287 5099 2414 5170 ipse
2445 5097 2621 5152 Jacob
2681 5095 2990 5150 duodecim
3064 5093 3433 5150 Patriarchas
3464 5094 3616 5166 (Gen.

1965 5209 2116 5257 xmx,
2154 5191 2303 5260 1-28)
2334 5206 2348 5244 :
2380 5184 2648 5259 Apostoli
2682 5200 2933 5256 quoque,
2956 5183 3198 5238 domum
3224 5183 3621 5254 ingredientes

1967 5281 2274 5336 dicebant:
2317 5300 2336 5325 ι
2374 5276 2492 5332 Pax
2525 5274 2661 5329 huic
2692 5272 2892 5328 domui
2939 5269 3150 5342 (Matth.
3181 5287 3236 5337 x,
3272 5271 3379 5342 15).
3417 5293 3444 5320 ››
3475 5274 3542 5326 Et
3573 5271 3622 5326 si

1969 5369 2148 5441 digna
2171 5370 2295 5422 erat
2326 5366 2563 5429 domus,
2595 5362 3000 5434 requiescebat
3029 5377 3142 5432 pax
3187 5375 3390 5415 eorum
3449 5376 3628 5432 super

1970 5474 2138 5523 eam;
2173 5455 2224 5511 si
2256 5470 2387 5508 vero
2418 5469 2480 5507 se
2511 5451 2823 5506 exhibebat
2853 5449 3179 5522 indignam,
3233 5449 3630 5505 revertebatur

184 4937 517 5010 navigaturi
553 4939 740 5004 erant,
806 4951 919 4988 non
977 4949 1075 4988 eos
1136 4931 1312 4986 faciat
1375 4929 1634 4985 sitarciis
1697 4929 1850 4983 indi-

188 5046 345 5103 gere,
382 5027 481 5082 sed
517 5025 731 5080 habere
762 5039 830 5078 ea
869 5039 996 5093 qua:
1057 5021 1127 5075 ad
1185 5019 1464 5075 viaticum
1524 5016 1855 5074 necessaria

190 5122 356 5174 sunt.

272 5226 294 5255 ι
329 5205 570 5260 Discant
588 5205 783 5258 autem
805 5204 862 5255 et
884 5197 1100 5254 nostris
1123 5197 1292 5253 bonis
1312 5198 1587 5269 operibus
1610 5211 1856 5268 praeesse

193 5297 265 5352 ad
302 5312 449 5350 usus
493 5289 875 5359 necessarios,
938 5292 1002 5343 ut
1060 5304 1175 5342 non
1249 5287 1369 5341 sint
1425 5285 1858 5340 infructuosi.»

193 5391 384 5457 Supra
409 5383 669 5438 dixerat:
708 5402 734 5429 ‹‹
771 5378 985 5434 Zenam
1021 5375 1168 5448 legis
1201 5376 1519 5442 doctorem,
1571 5379 1626 5429 et
1656 5371 1859 5444 Apollo

198 5473 446 5531 sollicite
477 5470 790 5544 praemitte,
828 5473 890 5523 ut
923 5465 1068 5522 nihil
1103 5463 1216 5519 illis
1249 5465 1420 5518 desit.
1460 5486 1488 5512 »
1520 5463 1668 5528 Quia
1725 5477 1861 5533 ergo
1970 5474 2138 5523 eam;
2173 5463 2224 5511 si
2256 5470 2387 5547 vero
2418 5463 2823 5547 se-exmbenat
2853 5463 3179 5547 Indignam,
3209 5463 3440 5547 Areverte.

199 5568 427 5637 poterat
458 5536 714 5616 suboriri
748 5556 975 5612 occulta
1007 5552 1401 5626 responsio,ut
1425 5570 1538 5606 non
1563 5553 1863 5607 tamTitus
1973 5546 2045 5602 ad
2066 5542 2298 5637 eos-qui
2323 5556 2450 5637 eam
2480 5540 2710 5637 fuerant
2731 5537 3151 5637 imprecatijta
3171 5537 3488 5637 et‘n‘uncin
3511 5536 3630 5591 ﬁne

199 5625 388 5728 quam.
438 5649 784 5724 quicunque
841 5625 1119 5718 EplStOlEBi
1167 5642 1349 5697 lector
1379 5639 1488 5694 hoc
1521 5640 1773 5708 diceret;
1807 5645 1866 5697 et
1974 5631 2246 5708 Epistolas
2276 5645 2394 5686 sua:
2412 5625 2727 5700 Apostolus
2748 5627 2998 5700 gratiam
3021 5626 3388 5684 credentibus
3411 5625 3625 5701 impro-

271 5761 460 5841 (1382)
494 5759 558 5817 In
592 5758 789 5828 autog.
822 5752 1085 5824 usus,sed
1114 5765 1241 5808 suos
1272 5765 1341 5806 ex
1361 5747 1492 5804 divo
1516 5747 1866 5818 Hieronymo
1905 5744 2219 5825 legendum
2247 5736 2664 5813 comperimus.
