3898 6414
202 451 318 518 721

757 455 1177 520 EXPOSITIO
1221 458 1300 519 IN
1348 457 1771 521 EPISTOLAS
1817 459 2077 524 PAULI.
2111 497 2188 508 —
2220 467 2294 524 IN
2341 467 2589 530 EPIST.
2638 472 2741 533 AD
2790 473 3108 535 PHILEM.

3531 479 3646 537 7‘22

202 591 510 660 laudatur,
532 590 607 648 de
637 589 1039 679 apostolorum
1063 592 1326 663 exemplo
1347 593 1622 662 sumitur,
1648 598 1706 650 et
1736 595 1871 650 inde
1900 595 1956 662 Α
1990 597 2333 671 caeterisque
2383 617 2486 673 per
2534 603 2804 671 Paulum,
2839 605 2970 678 plus
3020 607 3324 666 charitatis
3367 615 3642 679 meretur,

205 682 433 736 bonum
467 681 569 748 sit,
606 679 747 752 quia
777 679 848 734 de
879 678 1095 735 Christi
1129 680 1288 736 fonte
1322 682 1592 737 ducatur.

277 793 307 821 ‹‹
331 769 632 826 Gaudium
653 769 810 825 enim
835 784 1118 841 magnum
1139 768 1402 836 habui,et
1417 772 1875 830 consolationem

201 861 263 915 in
296 859 588 916 charitate
618 863 724 914 tua
750 877 762 925 ;
799 858 940 931 quia
968 859 1195 915 viscera
1221 865 1558 918 sanctorum
1587 864 1878 934 requieve-

201 954 341 1005 runt
381 965 485 1020 per
526 953 608 1015 te,
654 948 854 1002 frater.
891 971 913 1000 ι
977 946 1218 1004 Plenius
1255 948 1530 1021 inculcat,
1565 957 1622 1007 et
1652 954 1872 1024 edocet,

201 1055 385 1112 quare
416 1037 670 1094 dixerit:
709 1057 737 1090 α
767 1037 999 1093 Gratias
1030 1053 1138 1110 ago
1171 1042 1287 1094 Deo
1321 1055 1470 1106 meo,
1497 1058 1728 1113 semper
1758 1061 1874 1099 me-

202 1128 456 1184 moriam
491 1127 579 1182 tui
612 1126 835 1182 faciens
866 1127 926 1182 in
959 1127 1327 1184 orationibus
1361 1129 1525 1184 meis.
1555 1153 1583 1179 »
1615 1131 1871 1204 Dignum

200 1218 497 1289 siquidem
517 1221 643 1272 erat
661 1232 832 1288 agere
851 1216 1072 1288 gratias
1086 1216 1199 1272 Deo
1221 1235 1452 1289 semper
1470 1235 1571 1290 pro
1591 1219 1872 1278 charitate

201 1306 586 1374 Philemonis,
621 1305 722 1377 qui
757 1292 1055 1360 internum
1089 1307 1287 1362 cordis
1319 1308 1611 1377 affectum,
1647 1314 1704 1365 et
1736 1327 1868 1382 pro-

204 1396 422 1452 fundos
446 1395 634 1450 animi
658 1398 1000 1451 sanctorum
1026 1410 1293 1451 recessus
1315 1397 1688 1469 suscipiendo
1711 1399 1872 1456 refri-

199 1488 524 1559 geraverat.

268 1599 297 1625 «
331 1576 579 1646 Propter
605 1574 761 1645 quod
791 1572 1040 1629 multam
1066 1574 1344 1629 fiduciam
1372 1575 1596 1630 habens
1620 1575 1679 1631 in
1708 1577 1868 1633 Chri-

197 1669 289 1720 sto
312 1664 458 1720 Jesu
490 1663 831 1736 imperandi
863 1662 973 1717 tibi
997 1663 1150 1734 quod
1184 1664 1255 1718 ad
1290 1680 1412 1718 rem
1445 1665 1774 1734 pertinent:
1811 1670 1868 1721 et

194 1758 436 1826 propter
457 1752 819 1808 charitatem
850 1752 1040 1824 magis
1063 1752 1324 1819 obsecro,
1350 1769 1483 1808 cum
1511 1753 1592 1809 sis
1616 1754 1770 1821 talis,
1801 1759 1867 1810 ut

195 1842 418 1899 Paulus
441 1857 638 1912 senex,
668 1857 825 1896 nunc
853 1845 1050 1896 autem
1074 1845 1131 1896 et
1161 1842 1392 1898 vinctus
1412 1844 1545 1898 Jesu
1573 1843 1808 1899 Christi.
1834 1867 1860 1894 »

193 1932 401 1989 Multis
434 1931 836 1986 Philemonem
871 1929 1148 1986 laudibus
1179 1934 1314 1986 ante
1353 1933 1695 2004 praemissis,
1728 1949 1862 1989 cum

193 2038 287 2077 res
309 2020 450 2077 talis
478 2019 572 2089 sit,
599 2036 701 2092 pro
724 2037 840 2091 qua
865 2023 1180 2091 rogaturus
1201 2024 1313 2088 est,
1337 2038 1462 2092 quae
1486 2026 1541 2077 et
1563 2023 1864 2094 praestanti

192 2112 274 2167 sit
326 2109 512 2180 utilis,
546 2113 605 2164 et
653 2109 904 2180 roganti,
938 2113 1166 2180 poterat
1198 2109 1416 2165 Paulus
1457 2111 1646 2183 magis
1678 2111 1862 2184 impe-

193 2216 329 2255 rare
360 2215 539 2272 quam
574 2202 790 2271 petere.
815 2199 925 2253 Sed
957 2197 1068 2253 hoc
1101 2215 1169 2254 ex
1199 2199 1415 2254 fiducia
1445 2199 1544 2255 illa
1573 2201 1862 2267 veniebat,

191 2289 354 2361 quod
385 2287 488 2360 qui
516 2291 685 2343 tanta
715 2287 787 2342 ob
812 2286 1113 2342 Christum
1138 2303 1313 2360 opera
1343 2292 1724 2361 perpetrarat,
1752 2288 1864 2344 uti-

191 2394 314 2450 que
337 2377 533 2449 impar
558 2377 650 2432 sui
684 2376 744 2430 in
777 2377 1003 2432 cateris
1025 2392 1154 2432 esse
1184 2393 1300 2432 non
1333 2381 1579 2448 poterat.
1603 2379 1709 2432 Sed
1743 2377 1867 2432 vult

189 2466 388 2539 magis
414 2470 630 2539 petere,
658 2482 836 2537 quam
855 2465 1084 2536 jubere,
1109 2466 1317 2538 grandi
1345 2467 1596 2538 petentis
1619 2465 1866 2522 auctori-

187 2561 318 2612 tate
353 2554 675 2628 proposita,
711 2571 813 2626 per
842 2570 1022 2626 quam
1057 2558 1116 2610 et
1147 2555 1456 2625 Apostolus
1488 2556 1775 2623 obsecrat,
1809 2561 1865 2611 et

194 2661 402 2717 senex,
424 2648 482 2700 et
502 2645 890 2700 vinctusJesu
911 2643 1146 2699 Christi.
1163 2645 1378 2699 Totum
1403 2650 1597 2701 autem
1621 2663 1724 2716 pro
1748 2662 1862 2716 quo

193 2740 384 2808 rogat,
407 2734 555 2789 illud
579 2737 690 2790 est.
707 2734 1018 2789 Onesimus
1044 2749 1247 2789 servus
1264 2733 1644 2799 Philemonis,
1661 2735 1861 2807 fugam

193 2825 354 2880 furto
373 2823 717 2892 cumulans,
733 2823 1004 2894 quaedam
1027 2823 1105 2878 rei
1127 2824 1462 2878 domesticae
1481 2841 1603 2879 com
1615 2825 1826 2896 pilarat
1847 2845 1859 2880 :

191 2914 292 2968 hic
320 2929 572 2986 pergens
605 2911 676 2966 ad
701 2911 953 2976 Italiam,
979 2927 1050 2966 ne
1083 2913 1154 2966 de
1186 2911 1451 2983 proximo
1477 2913 1704 2970 facilius
1736 2932 1865 2986 pos-

194 3008 289 3059 set
311 3002 698 3075 apprehendi,
719 3000 1028 3072 pecuniam
1047 3001 1270 3056 domini
1296 3018 1398 3074 per
1422 3002 1710 3058 luxuriam
1737 3021 1864 3074 pro-

193 3093 458 3163 degerat.
493 3091 612 3147 Hoc
648 3107 716 3146 ne
762 3090 897 3162 quis
938 3093 1104 3162 putet
1145 3094 1382 3156 temere,
1417 3096 1472 3145 et
1521 3096 1585 3146 ut
1634 3091 1795 3160 libet,
1831 3112 1865 3149 a

195 3182 370 3238 nobis
391 3181 618 3246 fictum,
644 3179 700 3234 in
725 3179 1112 3250 sequentibus
1136 3179 1343 3234 discat.
1364 3180 1679 3251 Nunquam
1703 3183 1861 3237 enim

192 3269 418 3327 Paulus
449 3269 702 3325 diceret:
736 3291 764 3318 «
793 3268 848 3322 Si
880 3267 1021 3339 quid
1048 3268 1246 3323 nocuit
1270 3267 1512 3334 tibi,aut
1536 3269 1727 3337 debet,
1753 3269 1860 3325 hoc

192 3359 344 3416 mihi
373 3359 605 3431 imputa
637 3375 650 3414 :
706 3373 812 3429 ego
844 3357 1064 3413 Paulus
1098 3358 1308 3429 scripsi
1340 3372 1472 3413 mea
1503 3375 1679 3414 manu
1709 3376 1721 3426 ;
1755 3375 1860 3432 ego
1892 3339 1934 3407 C

193 3449 442 3505 reddam
469 3464 481 3502 :
517 3466 542 3499 ιι
580 3448 697 3503 Nec
728 3463 981 3519 sponsor
1011 3447 1092 3502 rei
1123 3447 1288 3502 fieret
1320 3447 1548 3513 ablatae,
1571 3447 1682 3503 nisi
1711 3454 1866 3504 esset

192 3538 276 3605 id,
312 3537 471 3608 quod
524 3536 791 3592 ablatum
842 3537 1052 3604 fuerat,
1097 3535 1474 3607 dissipatum.
1512 3535 1613 3590 Hic
1659 3537 1860 3608 igitur,

192 3644 333 3683 cum
363 3626 436 3682 ob
460 3625 894 3682 confessionem
918 3623 1130 3680 Christi
1161 3623 1376 3680 Paulus
1401 3625 1593 3679 Romae
1617 3631 1772 3680 esset
1802 3625 1861 3680 in

195 3732 452 3782 carcere,
487 3714 736 3771 credidit
767 3715 826 3768 in
864 3714 1177 3768 Dominum
1206 3713 1430 3780 Jesum,
1465 3717 1521 3768 et
1560 3717 1630 3769 ab
1663 3730 1729 3769 eo
1764 3716 1861 3770 ba-

197 3807 475 3880 ptizatus,
497 3805 677 3878 digna
700 3803 1045 3877 pmnitentia
1066 3803 1331 3859 maculas
1351 3803 1478 3858 vitae
1502 3803 1712 3875 prioris
1737 3806 1865 3860 abs-

195 3894 373 3951 tersit
409 3911 422 3950 :
474 3894 534 3948 in
574 3899 832 3960 tantum,
865 3897 930 3947 ut
962 3893 1277 3963 Apostolus
1308 3893 1705 3947 conversionis
1734 3895 1862 3964 ejus

195 3983 372 4040 testis
397 3983 580 4048 ﬁeret,
608 3982 708 4055 qui
737 3982 1037 4054 quondam
1068 3981 1302 4037 Petrum
1333 3981 1720 4054 increpuerat,
1747 4000 1860 4038 non

195 4076 356 4129 recto
383 4072 530 4145 pede
553 4071 613 4126 in
645 4069 942 4143 Evangelii
971 4070 1211 4126 veritate
1236 4070 1601 4141 gradientem
1627 4071 1764 4141 (Gal.
1801 4089 1860 4142 ιι,

197 4164 310 4229 lt).
337 4164 640 4228 Quantum
667 4160 845 4232 igitur
869 4159 940 4215 ad
965 4164 1290 4230 peccatum,
1313 4163 1370 4214 et
1390 4160 1462 4214 ad
1487 4159 1713 4215 facinus
1739 4177 1864 4232 per-

192 4253 369 4320 tinet,
401 4251 560 4322 quod
592 4249 864 4305 homines
896 4248 1135 4317 laeserit,
1157 4248 1384 4304 veniam
1419 4266 1536 4304 non
1569 4254 1858 4318 meretur;

190 4346 488 4414 quantum
515 4355 650 4395 vero
670 4339 739 4394 ad
753 4337 1013 4411 Apostoli
1035 4338 1580 4410 testimonium,qui
1597 4340 1708 4395 scit
1725 4357 1860 4395 eum

190 4431 369 4504 plene
420 4445 554 4486 esse
602 4443 972 4495 conversum,
1007 4427 1213 4498 grandi
1255 4428 1512 4500 pondere
1550 4429 1857 4500 premitur,

188 4519 297 4594 qui
331 4521 596 4592 rogatur,
620 4521 686 4572 ut
715 4517 816 4588 qui
849 4517 920 4572 de
951 4532 1115 4572 servo
1138 4516 1378 4588 fugitivo
1401 4520 1577 4588 atque
1609 4523 1858 4590 raptore,

190 4608 474 4666 minister
504 4605 770 4678 Apostoli
803 4605 992 4661 factus
1023 4609 1168 4661 erat.
1210 4605 1393 4676 (Quod
1453 4609 1649 4668 autem
1700 4606 1857 4663 aliud

1990 703 2166 758 quam
2199 689 2316 744 odii
2349 696 2482 747 ante
2522 701 2837 752 meruerat.
2873 697 3033 753 Unde
3083 699 3166 755 ait
3199 716 3212 754 :

2061 798 2088 825 «
2122 776 2288 834 Nunc
2314 784 2511 835 autem
2542 786 2599 837 et
2628 783 2732 839 tibi
2766 789 2823 840 et
2853 786 2997 842 mihi
3030 786 3213 844 utilis.
3242 810 3272 838 »
3304 788 3551 845 Domino
3580 790 3639 846 in

1986 881 2052 920 eo
2101 865 2283 934 utilis,
2319 869 2456 940 quia
2507 876 2705 942 posset
2754 873 2931 930 Paulo
2985 876 3200 932 servire
3245 894 3348 949 pro
3399 877 3635 933 domino

1985 970 2130 1023 suo;
2167 957 2346 1012 Paulo
2377 975 2510 1016 vero
2541 961 2600 1015 in
2632 977 2698 1017 eo
2731 962 2916 1031 utilis,
2949 965 3087 1036 quia
3123 965 3224 1021 illo
3275 967 3335 1021 in
3383 983 3634 1036 carcere,

1983 1042 2354 1121 vinculisque
2383 1047 2638 1117 detento,
2671 1054 2868 1121 posSet
2915 1056 2972 1108 et
3019 1053 3077 1108 in
3119 1053 3426 1126 Evangelio
3458 1054 3632 1110 mini-

1983 1135 2192 1190 strare.

2057 1244 2084 1272 «
2114 1227 2197 1280 Tu
2219 1228 2413 1280 autem
2439 1225 2702 1295 illum,id
2728 1234 2834 1295 est,
2854 1234 2918 1286 ut
2940 1247 3070 1288 mea
3089 1231 3312 1288 viscera
3333 1233 3633 1306 suscipe.»

1980 1310 2220 1366 Viscera
2271 1313 2605 1385 significant
2653 1316 2950 1374 internum
3001 1321 3192 1376 cordis
3239 1323 3532 1389 affectum,
3578 1326 3636 1378 et

1979 1398 2214 1470 plenam
2239 1417 2307 1456 ex
2339 1401 2535 1459 animo
2562 1404 2946 1477 voluntatem,
2970 1425 3104 1464 cum
3135 1413 3323 1465 totum
3348 1410 3634 1483 quidquid

1979 1487 2039 1542 in
2074 1489 2243 1545 nobis
2274 1494 2384 1558 est,
2413 1492 2734 1565 suscipitur
2763 1511 2796 1550 a
2825 1499 3044 1568 rogato.
3068 1497 3247 1552 Aliter
3266 1504 3486 1565 autem,
3509 1516 3634 1556 om-

1979 1591 2084 1632 nes
2115 1576 2305 1645 liberi,
2338 1579 2562 1634 viscera
2593 1585 2735 1636 sunt
2781 1582 3163 1656 intelligenda
3193 1588 3524 1656 parentum.

2050 1688 2078 1715 «
2113 1669 2295 1731 Quem
2327 1684 2435 1740 ego
2464 1668 2763 1725 volueram
2794 1687 3022 1727 mecum
3051 1673 3320 1740 retinere,
3348 1678 3414 1730 ut
3442 1691 3545 1746 pro
3575 1678 3632 1729 te

1977 1754 2122 1809 mihi
2163 1755 2519 1812 ministraret
2567 1759 2628 1813 in
2681 1760 2932 1817 vinculis
2982 1761 3298 1834 Evangelii.
3335 1785 3363 1811 »
3412 1763 3630 1819 Idcirco

1974 1842 2162 1898 filium
2196 1861 2393 1914 suum,
2428 1851 2484 1902 et
2538 1848 2730 1903 tilium
2782 1848 3174 1918 vinculorum,
3208 1854 3264 1905 et
3294 1850 3630 1907 ministrum

1972 1932 2267 2006 Evangelii
2300 1935 2358 1989 in
2391 1935 2644 1992 vinculis
2675 1937 3000 2005 constituti,
3036 1938 3313 2008 inculcat,
3341 1943 3516 2012 atque
3547 1956 3632 1996 re-

1979 2022 2176 2094 plicat,
2203 2027 2268 2078 ut
2293 2023 2598 2081 Philemon
2630 2025 2728 2081 ille
2761 2029 3094 2099 prudenter,
3118 2032 3176 2085 et
3207 2029 3628 2100 dispensatorie

1975 2114 2204 2166 tantum
2231 2113 2288 2167 ln
2318 2114 2652 2184 praefatione
2673 2115 2970 2180 laudatus,
2995 2134 3110 2172 non
3135 2119 3375 2173 auderet
3394 2133 3627 2189 negare,

1977 2215 2049 2254 ne
2081 2201 2205 2255 suis
2237 2200 2511 2258 laudibus
2538 2203 2830 2258 videretur
2859 2203 3159 2275 indignus.

2049 2311 2075 2337 «
2109 2288 2242 2344 Sine
2273 2290 2516 2346 consilio
2548 2296 2745 2347 autem
2780 2296 2881 2348 tuo
2914 2292 3060 2348 nihil
3091 2293 3249 2349 volui
3282 2295 3510 2351 facere:
3547 2297 3631 2351 uti

1976 2393 2048 2432 ne
2078 2377 2233 2432 velut
2263 2393 2332 2434 ex
2363 2380 2711 2436 necessitate
2741 2382 2960 2437 bonum
2994 2385 3163 2438 tuum
3196 2388 3373 2452 esset,
3399 2385 3500 2439 sed
3532 2401 3630 2441 vo-

1973 2465 2319 2522 luntarium.
2345 2489 2373 2516 ››
2408 2468 2602 2524 Potuit
2624 2469 2823 2541 itaque
2845 2471 3145 2542 apostolus
3168 2472 3384 2529 Paulus
3407 2473 3630 2545 absque

1973 2554 2272 2610 voluntate
2286 2555 2646 2613 Philemonis
2660 2559 3003 2615 Onesimum
3019 2560 3130 2616 sibi
3157 2561 3212 2616 in
3236 2561 3630 2618 ministerium

1975 2647 2296 2712 retentare;
2333 2647 2432 2701 sed
2465 2647 2514 2701 si
2547 2647 2655 2702 hoc
2677 2648 2802 2703 sine
2826 2648 3182 2706 Philemonis
3216 2651 3513 2706 voluntate
3545 2651 3625 2706 fe-

1973 2734 2169 2800 cisset,
2206 2735 2424 2790 bonum
2458 2736 2696 2808 quidem
2734 2742 2858 2792 erat
2890 2739 3038 2807 ejus,
3072 2740 3173 2794 sed
3214 2756 3329 2794 non
3360 2741 3628 2797 volunta-

1975 2823 2323 2887 rium.Quod
2349 2829 2544 2880 autem
2569 2843 2683 2880 non
2708 2829 2832 2881 erat
2851 2825 3268 2895 voluntarium,
3288 2826 3399 2883 alio
3418 2837 3626 2900 genere

1972 2914 2327 2983 arguebatur
2356 2930 2470 2968 non
2502 2929 2630 2970 esse
2664 2916 2906 2970 bonum.
2942 2914 3097 2970 Nihil
3139 2915 3356 2988 quippe
3405 2917 3623 2972 bonum

1973 3001 2086 3056 dici
2122 3005 2330 3073 potest,
2367 3003 2477 3058 nisi
2511 3003 2665 3073 quod
2700 3003 3030 3058 ultroneum
3066 3008 3174 3058 est.
3210 3005 3290 3059 Ex
3329 3023 3444 3075 quo
3476 3008 3628 3076 Apo-

1970 3089 2106 3146 stoli
2131 3090 2558 3145 consideranda
2585 3091 2919 3161 prudentia,
2945 3091 3046 3162 qui
3079 3091 3294 3148 idcirco
3318 3093 3626 3164 fugitivum

1978 3195 2208 3234 servum
2240 3179 2486 3233 remittit
2513 3179 2582 3234 ad
2612 3178 2941 3249 dominum,
2967 3183 3030 3234 ut
3052 3180 3236 3252 possit
3256 3181 3493 3238 domino
3521 3199 3627 3237 suo

1971 3269 2268 3340 prodesse,
2295 3267 2395 3338 qui
2421 3269 2696 3340 prodesse
2721 3285 2835 3323 non
2863 3273 3111 3341 poterat,
3136 3269 3186 3326 si
3207 3270 3446 3327 domino
3466 3274 3627 3327 tene-

1974 3361 2134 3413 retur
2163 3357 2422 3414 absente.

2049 3468 2076 3494 ‹‹
2109 3446 2371 3501 Forsitan
2396 3446 2522 3500 ideo
2540 3446 2875 3501 discessit.»
2900 3445 3144 3502 Pulchre
3162 3451 3360 3502 autem
3383 3448 3625 3515 addens,

1972 3558 2001 3584 «
2039 3534 2302 3601 forsitan,
2337 3557 2364 3583 »
2410 3535 2761 3591 sententiam
2810 3535 3178 3607 temperavit.
3211 3535 3446 3591 Occulta
3489 3542 3628 3592 sunt

1973 3624 2190 3696 quippe
2210 3623 2438 3694 judicia
2460 3625 2582 3690 Dei,
2599 3628 2655 3679 et
2676 3623 3052 3679 temerarium
3080 3628 3168 3679 est
3187 3625 3355 3695 quasi
3379 3625 3450 3679 de
3471 3629 3625 3680 certo

1975 3713 2373 3784 pronuntiare,
2399 3714 2555 3785 quod
2581 3711 2825 3768 dubium
2847 3717 2953 3767 est.
2985 3736 3011 3761 ‹‹
3039 3711 3382 3782 Forsitan,»
3411 3713 3622 3785 inquit,

1975 3826 2002 3852 «
2035 3802 2164 3858 ideo
2195 3801 2487 3870 discessit,
2518 3825 2539 3850 »
2577 3806 2768 3868 caute,
2791 3801 3393 3874 timide,trepidando,
3421 3808 3477 3858 et
3508 3820 3623 3858 non

1975 3895 2160 3946 totum
2186 3891 2297 3945 fixo
2321 3892 2528 3962 gradu,
2553 3906 2649 3955 ne,
2672 3891 2720 3944 si
2756 3907 2869 3945 non
2902 3893 3216 3962 posuisset,
3245 3913 3272 3940 ‹‹
3307 3891 3570 3960 forsitan,
3598 3914 3626 3941 »

1974 3980 2252 4034 omnibus
2283 3979 2465 4035 servis
2489 3979 2834 4050 fugiendum
2861 3984 3034 4047 esset,
3059 3983 3122 4033 ut
3143 3978 3403 4050 Apostoli
3426 3979 3629 4036 ﬁerent

1973 4068 2271 4139 discipuli.

2045 4182 2072 4207 ‹‹
2107 4159 2192 4213 Ad
2224 4157 2429 4213 horam
2475 4173 2508 4212 a
2547 4161 2622 4212 te.
2660 4179 2682 4208 ι
2720 4155 2884 4220 Quod
2918 4160 3136 4225 autem,
3175 4175 3197 4204 ι
3230 4157 3301 4212 ad
3334 4156 3559 4225 horam,
3598 4181 3618 4209 ι

1963 4247 2184 4319 junxit,
2219 4246 2424 4303 horam
2465 4262 2569 4317 pro
2616 4249 2878 4318 tempore
2909 4246 3192 4301 debemus
3222 4245 3503 4318 accipere.
3538 4247 3622 4302 Ad

1971 4336 2474 4408 comparationem
2529 4335 2687 4390 enim
2740 4335 3102 4402 aeternitatis,
3157 4351 3330 4390 omne
3390 4339 3622 4406 tempus

1971 4427 2140 4483 breve
2190 4429 2296 4480 est.

2044 4538 2071 4566 «
2106 4515 2178 4570 Ut
2200 4518 2482 4568 aeternum
2506 4511 2674 4566 illum
2698 4512 2986 4582 reciperes
3009 4529 3022 4567 :
3045 4513 3172 4582 jam
3197 4528 3309 4566 non
3334 4510 3487 4568 sicut
3508 4527 3623 4568 ser-

1968 4621 2130 4673 vum,
2153 4604 2253 4658 sed
2289 4618 2391 4673 pro
2421 4616 2587 4655 servo
2619 4599 3035 4656 charissimum
3068 4601 3326 4656 fratrem.
3351 4621 3378 4653 η
3413 4600 3624 4657 Nullus

191 4697 459 4755 habebat
485 4694 800 4768 Apostolus
826 4694 1246 4763 ministerium,
1263 4693 1376 4749 nisi
1394 4694 1684 4767 Evangelii
1703 4695 1862 4752 Chri-
1892 4710 1939 4775 D
1972 4699 2224 4750 zeternus
2246 4691 2526 4746 dominus
2549 4689 2698 4745 servi
2732 4690 2845 4744 sui.
2869 4691 3134 4746 Potestas
3157 4690 3373 4762 quippe
3395 4691 3545 4762 ejus,
3569 4695 3626 4746 et

191 4788 271 4844 sti
307 4787 450 4842 Jesu
475 4785 540 4855 ?)
567 4785 702 4840 Jam
735 4801 853 4839 non
894 4784 1061 4856 quasi
1112 4799 1147 4838 a
1193 4783 1460 4850 Domino,
1495 4785 1597 4840 sed
1629 4785 1798 4858 quasi
1829 4803 1863 4841 a
1974 4782 2284 4852 utriusque
2314 4777 2592 4848 conditio,
2627 4782 2812 4832 morte
2855 4778 3078 4833 finitur.
3111 4777 3424 4834 Onesimus
3468 4795 3622 4846 vero,

195 4891 510 4941 conservo,
567 4877 625 4929 et
676 4872 1126 4945 coevangelista,
1181 4873 1582 4944 ignosceretur
1634 4875 1706 4943 ei,
1757 4877 1859 4946 qui

197 4979 411 5022 servus
444 4966 606 5020 esset
637 4961 851 5018 Christi
882 4961 1176 5029 similiter,
1208 4964 1264 5017 et
1293 4961 1581 5018 minister.

271 5075 299 5103 ‹‹
336 5052 594 5109 Obsecro
615 5055 672 5107 te
704 5067 808 5124 pro
841 5067 970 5106 meo
1002 5050 1144 5116 ﬁlio,
1168 5067 1343 5122 quem
1364 5052 1534 5122 genui
1568 5052 1626 5106 in
1657 5052 1859 5107 vincu-

193 5144 295 5211 lis,
316 5141 619 5198 Onesimo.
639 5162 667 5192 »
692 5138 908 5196 Volens
928 5140 1244 5212 impetrare
1266 5141 1419 5212 quod
1444 5139 1722 5212 postulat,
1733 5141 1860 5211 jam

190 5249 314 5289 non
340 5249 445 5304 pro
479 5245 647 5287 servo
670 5228 1053 5300 Philemonis,
1081 5230 1182 5284 sed
1207 5246 1312 5301 pro
1340 5229 1456 5285 filio
1479 5247 1586 5287 suo
1617 5245 1680 5286 se
1701 5247 1860 5285 asse-

187 5324 272 5380 rit
301 5319 632 5393 deprecari,
667 5323 726 5374 et
755 5317 856 5374 illo
888 5317 1030 5386 ﬁlio,
1054 5335 1229 5390 quem
1260 5324 1542 5390 genuerat
1571 5319 1630 5373 in
1663 5319 1862 5375 vincu-

185 5413 267 5469 lis
308 5408 632 5482 Evangelii,
667 5407 778 5463 hoc
826 5411 936 5475 est,
969 5423 1098 5480 quae
1147 5423 1249 5478 pro
1294 5407 1506 5462 Christi
1550 5407 1860 5479 Evangelia

186 5500 548 5560 sustinebat.

262 5613 290 5640 ‹‹
327 5589 439 5656 Qui
471 5587 578 5642 tibi
612 5586 932 5659 aliquando
965 5585 1193 5642 inutilis
1227 5585 1354 5640 fuit.
1393 5608 1419 5632 ι)
1458 5585 1610 5654 Tibi,
1647 5584 1856 5656 inquit,

189 5680 301 5738 soli
331 5705 346 5747 ;
382 5695 500 5734 non
534 5676 797 5732 caeteris:
835 5693 993 5732 nunc
1023 5693 1052 5732 e
1085 5675 1374 5731 contrario
1407 5674 1676 5730 utilitatis
1707 5690 1860 5728 com-

185 5769 524 5846 paratione,
559 5783 680 5840 qua
721 5770 781 5823 et
824 5765 939 5839 ipsi
970 5764 1231 5833 domino,
1263 5768 1320 5822 et
1350 5763 1525 5821 Paulo
1558 5763 1719 5820 utilis
1749 5768 1858 5831 est,

1971 4872 2068 4942 qui
2101 4888 2168 4926 ex
2201 4870 2314 4924 lide
2345 4868 2559 4924 Christi
2595 4869 2782 4923 tactus
2812 4871 3065 4924 aeternus
3095 4872 3201 4935 est,
3236 4872 3451 4923 aeterno
3484 4868 3624 4922 Phi-

1972 4959 2211 5024 lemoni,
2236 4959 2376 5031 quia
2407 4958 2466 5012 in
2489 4956 2787 5012 Christum
2811 4962 2866 5012 et
2895 4958 3019 5028 ipse
3042 4957 3386 5025 crediderat,
3411 4956 3621 5028 spiritu

1971 5048 2261 5106 libertatis
2294 5047 2693 5119 accepto,jam
2727 5063 2842 5102 non
2873 5062 3076 5102 servus
3107 5046 3208 5102 sed
3243 5045 3422 5101 frater
3452 5046 3625 5118 coepit

1971 5155 2120 5206 esse,
2153 5139 2225 5193 de
2275 5153 2460 5207 servo,
2493 5136 2672 5190 frater
2698 5134 3108 5203 charissimus,
3141 5136 3318 5191 frater
3347 5138 3621 5201 aeternus,

1971 5234 2184 5284 mterno
2217 5231 2274 5282 et
2303 5225 2414 5298 ipsi
2445 5223 2741 5296 Apostolo,
2765 5223 3119 5296 dominoque
3150 5241 3276 5290 suo,
3304 5223 3394 5279 cui
3426 5224 3626 5280 Onesi-

1972 5335 2158 5384 mum,
2178 5319 2241 5371 ut
2261 5315 2456 5370 carnis
2483 5317 2615 5368 ante
2638 5312 2916 5382 conditio,
2933 5312 3120 5368 multo
3144 5313 3399 5386 amplius
3423 5317 3626 5385 postea

1971 5407 2214 5479 spiritus
2246 5403 2578 5475 copulabat.
2606 5403 2672 5456 Et
2700 5405 2838 5455 tunc
2868 5402 3128 5474 quidem,
3153 5403 3388 5474 quando
3419 5406 3544 5458 erat
3572 5401 3624 5457 ei

1971 5496 2274 5564 subjectus
2306 5493 2365 5548 in
2399 5507 2592 5557 carne,
2620 5508 2734 5546 non
2757 5496 2880 5546 erat
2911 5491 2960 5545 ei
2986 5494 3232 5563 junctus
3265 5493 3323 5546 in
3352 5492 3621 5557 Domino;

1972 5601 2127 5639 nunc
2151 5586 2344 5636 autem
2367 5585 2423 5634 et
2448 5579 2505 5633 in
2534 5595 2708 5633 carne
2733 5579 2779 5633 ei
2798 5579 3045 5649 junctus
3065 5587 3172 5649 est,
3195 5581 3330 5636 etin
3355 5579 3620 5636 Domino.

1973 5674 2048 5728 Ex
2081 5688 2196 5743 quo
2220 5669 2610 5738 intelligimus
2633 5685 2889 5736 servum,
2919 5669 3020 5742 qui
3043 5669 3356 5726 crediderit
3386 5670 3442 5722 in
3465 5667 3625 5722 Chri-

1971 5767 2083 5830 sto,
2110 5758 2329 5831 duplici
2351 5757 2586 5816 domino
2609 5775 2716 5814 suo
2745 5757 2869 5830 lege
2889 5758 3230 5830 constringi,
3256 5762 3322 5814 ut
3352 5757 3402 5812 ei
3426 5761 3482 5812 et
3501 5769 3624 5808 car-
