3898 6404
139 462 263 524 725

737 461 1160 525 EXPOSI'I‘IO
1204 463 1280 524 IN
1330 460 1759 524 EPISTOLAS
1805 461 2062 524 PAULI.
2096 495 2173 509 -—
2200 464 2280 525 IN
2325 465 2574 528 EPIST.
2623 467 2727 527 AD
2777 466 3012 528 HEBR.

3471 469 3592 531 726

144 611 446 652 memores
468 597 654 652 estote
674 595 1044 652 vinculorum
1069 613 1356 652 meorum.
1379 615 1407 648 ι
1437 596 1494 651 Si
1520 600 1717 651 autem
1748 611 1813 650 ex
1847 601 1893 664 Α
1929 601 2142 652 vestro.
2179 621 2206 648 »
2237 599 2383 655 Cum
2415 599 2570 654 enim
2596 599 2655 654 in
2704 600 2912 671 spiritu
2956 598 3141 671 gratia
3173 599 3370 656 divina
3394 600 3590 669 fuerit,

145 703 209 742 eo
242 685 468 758 aliquis
502 703 621 741 non
646 689 811 757 putat
839 684 1058 757 pariter
1078 687 1510 758 scriptas,quod
1544 687 1615 740 ad
1638 685 1830 740 Colos-

145 792 354 832 seuscs
391 791 581 846 pauca
621 774 742 828 sint
791 774 1051 841 nomina,
1105 792 1229 846 qua:
1274 775 1369 829 hic
1420 792 1533 829 non
1567 775 1828 829 ferantur

147 865 430 936 ascripta,
464 864 614 919 sciat
637 881 750 918 non
786 880 991 919 omnes
1018 866 1294 920 omnibus
1317 870 1420 919 aut
1445 865 1666 919 amicos
1699 879 1826 918 esse

145 960 244 1009 aut
273 960 453 1009 notos
481 978 496 1020 ;
529 958 588 1008 et
617 952 776 1007 aliud
839 953 1123 1024 privatam
1151 947 1229 1009 ad
1286 970 1472 1008 unum
1503 952 1822 1022 hominem,

147 1042 305 1097 aliud
341 1041 646 1113 publicam
674 1043 746 1096 ad
779 1043 1114 1098 universam
1149 1042 1468 1098 Ecclesiam
1498 1041 1824 1113 Epistolam

151 1131 292 1186 fieri.
329 1130 440 1194 Qui
484 1131 561 1185 sit
614 1135 810 1186 autem
859 1131 1186 1203 Epaphras,
1231 1131 1606 1202 concaptivus
1637 1129 1822 1190 Pauli,

148 1236 210 1274 ex
239 1237 309 1276 eo
341 1220 501 1291 quod
535 1219 630 1274 hic
679 1220 948 1274 additum
998 1225 1110 1286 est,
1151 1243 1170 1268 α
1225 1220 1284 1274 in
1332 1220 1562 1275 Christo
1591 1220 1757 1287 Jesu,
1795 1240 1822 1267 ››

145 1325 472 1380 possumus
507 1307 796 1380 suspicari
830 1309 1030 1364 eadem
1060 1325 1194 1364 eum
1238 1309 1433 1364 Roma:
1466 1325 1568 1380 pro
1596 1307 1822 1363 Christo

141 1397 379 1452 vincula
396 1397 916 1469 sustinuisse,quze
944 1398 1194 1453 Paulus:
1225 1404 1283 1453 et
1303 1398 1560 1453 vinctum
1585 1397 1820 1462 Christi,

141 1487 219 1541 ita
251 1486 559 1558 captivum
613 1503 847 1559 quoque
879 1487 1009 1557 ejus
1065 1488 1325 1558 potuisse
1355 1486 1490 1541 dici.
1526 1489 1640 1541 Aut
1669 1491 1820 1540 certe

140 1578 217 1631 ita
249 1577 411 1647 quod
444 1575 660 1631 nobilis
693 1581 749 1630 et
795 1576 918 1648 ipse
950 1575 1025 1631 sit
1055 1576 1112 1630 in
1156 1575 1457 1647 apostolis,
1503 1580 1568 1629 ut
1595 1576 1818 1629 Andro-

139 1667 316 1720 nicus
348 1669 405 1719 et
460 1666 639 1729 Julia,
675 1653 746 1720 de
776 1666 993 1736 quibus
1025 1665 1095 1720 ad
1130 1665 1424 1720 Romanos
1453 1681 1465 1719 :
1502 1685 1530 1712 »
1559 1663 1820 1718 Salutate

136 1754 550 1809 Andronicum
606 1758 662 1808 et
717 1752 936 1809 Juliam
999 1759 1276 1825 cognatos
1337 1758 1392 1808 et
1449 1752 1818 1823 concaptivos

137 1861 330 1911 meos,
365 1843 469 1915 qui
503 1848 645 1898 sunt
667 1841 893 1898 nobiles
925 1841 982 1896 in
1011 1841 1313 1914 apostolis,
1349 1842 1448 1914 qui
1481 1846 1536 1898 et
1565 1845 1698 1897 ante
1724 1858 1818 1896 me

136 1935 381 1990 fuerunt
402 1933 463 1987 in
488 1931 720 1987 Christo
745 1933 923 2002 (Rom.
948 1949 1064 1997 xvr,
1091 1932 1166 2002 7).
1199 1954 1227 1980 »
1261 1931 1386 1986 Hzec
1417 1931 1489 1986 de
1521 1930 1812 2002 Epaphra.

137 2023 431 2078 Craterum
491 2026 901 2092 cooperatores
959 2020 1276 2093 Evangelii,
1337 2026 1392 2075 et
1449 2019 1816 2075 vinculorum

147 2127 422 2180 suorum,
473 2126 608 2164 cum
662 2111 732 2165 ad
787 2109 1186 2165 Philemonem
1236 2107 1557 2180 Epistolam
1597 2109 1815 2164 scribe-

144 2207 254 2268 ret,
286 2199 552 2254 Marcum
597 2197 784 2270 ponit,
835 2215 1008 2270 quem
1059 2202 1198 2270 puto
1249 2197 1540 2270 Evangelii
1573 2198 1814 2269 scripto-

144 2305 268 2344 rem
295 2289 571 2359 (138-i),et
584 2288 1111 2358 Aristarchum,cuj
1124 2305 1190 2342 us
1211 2305 1388 2358 supra
1403 2287 1646 2342 fecimus
1662 2303 1817 2341 men-

141 2377 394 2446 tionem)
427 2380 484 2430 et
512 2380 776 2440 Demam,
813 2375 882 2430 de
913 2391 1027 2446 quo
1058 2375 1116 2429 in
1150 2375 1262 2430 alio
1292 2375 1418 2430 loco
1451 2375 1626 2430 dicit:
1661 2398 1687 2422 ‹‹
1715 2375 1818 2429 De-

141 2482 272 2521 mas
311 2481 406 2519 me
437 2463 852 2536 dereliquit(ll
881 2465 1017 2522 Tim.
1043 2482 1116 2532 ιν,
1149 2465 1226 2535 9),
1253 2487 1280 2513 ››
1303 2469 1358 2519 et
1391 2465 1607 2519 Lucam
1640 2464 1818 2518 medi-

137 2571 308 2623 cum,
344 2553 447 2624 qui
482 2552 858 2625 Evangelium
893 2557 950 2608 et
979 2558 1143 2608 actus
1175 2553 1574 2624 apostolorum
1624 2552 1816 2608 Eccle-

141 2644 243 2698 siis
280 2642 601 2698 scribendo
630 2641 893 2697 tradidit.
948 2643 1249 2705 Quomodo
1298 2642 1452 2698 enim
1488 2641 1755 2712 apostoli,
1788 2659 1818 2696 e

142 2731 546 2803 piscatoribus
561 2729 1162 2802 piscium,piscatores
1180 2730 1482 2785 hominum
1501 2731 1630 2785 facti
1649 2737 1816 2798 sunt;

143 2822 219 2876 ita
244 2821 371 2884 hic,
407 2819 477 2875 de
511 2820 738 2876 medico
795 2836 1131 2891 corporum,
1194 2821 1252 2874 in
1289 2821 1582 2875 medicum
1613 2838 1818 2876 versus

148 2916 234 2966 est
267 2909 640 2975 animarum,
674 2910 743 2964 de
776 2925 891 2980 quo
924 2913 981 2964 et
1028 2909 1084 2964 in
1110 2908 1222 2964 alio
1254 2909 1379 2964 loco
1413 2909 1588 2964 dicit:
1625 2933 1651 2958 ‹‹
1687 2910 1819 2964 Misi

145 3018 275 3056 cum
316 2998 420 3054 illo
455 2999 719 3068 fratrem,
752 2998 922 3068 cujus
982 2997 1110 3054 laus
1142 3003 1229 3054 est
1284 2999 1342 3053 in
1375 2998 1685 3070 Evangelio
1720 3017 1820 3070 per

147 3105 351 3145 omnes
386 3085 682 3143 Ecclesiae
730 3089 822 3158 (11
874 3087 995 3143 Cor.
1056 3105 1176 3156 VIII,
1224 3089 1352 3158 18);
1413 3108 1440 3136 ››
1473 3089 1641 3157 cujus
1675 3088 1822 3143 liber

150 3179 622 3251 quotiescunque
656 3176 870 3249 legitur
898 3177 957 3233 in
991 3177 1445 3248 Ecclesia,toties
1477 3178 1604 3247 ejus
1633 3177 1816 3231 medi-

147 3272 273 3324 cina
301 3284 425 3323 non
461 3271 671 3322 cessat.

220 3378 242 3406 ι
268 3357 477 3413 Gratia
501 3355 737 3411 Domini
766 3355 952 3412 nostri
1000 3355 1139 3411 Jesu
1180 3354 1388 3410 Christi
1437 3369 1570 3409 cum
1603 3354 1813 3426 spiritu
1843 3337 1888 3404 C

1936 689 2123 741 totum
2140 686 2436 742 hominem
2464 689 2604 743 facit
2622 688 3336 759 spiritalem,utadha3reat
3348 691 3593 747 Domino

1936 779 2130 829 mente
2161 782 2216 830 et
2247 794 2506 848 corpore,
2529 783 2585 832 et
2617 778 2692 831 im
2707 777 3008 849 pleaturin
3040 795 3104 833 eo
3129 780 3280 849 quod
3307 779 3592 850 scriptum

1936 869 2060 918 est:
2128 886 2154 916 α
2210 865 2318 928 Qui
2376 866 2634 921 adhaeret
2683 868 2943 934 Domino,
3006 885 3160 922 unus
3207 868 3447 940 spiritus
3506 871 3596 923 est

1936 951 1981 1022 (Ι
2016 952 2134 1008 Cor.
2194 971 2270 1021 vr,
2335 957 2442 1025 17).
2479 978 2506 1003 ››
2560 956 2982 1028 Interpretatur
3038 961 3233 1011 autem
3265 957 3590 1012 secundum

1936 1043 2223 1110 Hebrreos,
2273 1043 2490 1099 Paulus
2546 1044 2948 1100 admirabilis:
3010 1045 3372 1114 Timotheus,
3416 1047 3593 1101 bene-

1937 1131 2121 1186 ficus:
2182 1132 2506 1199 Philemon,
2569 1135 2715 1189 mire
2762 1135 3036 1201 donatus,
3098 1135 3220 1190 sive
3277 1151 3341 1189 os
3399 1135 3590 1206 panis,

1933 1219 2005 1274 ab
2037 1236 2154 1284 ore,
2187 1238 2301 1274 non
2335 1222 2407 1276 ab
2458 1239 2626 1288 osse;
2658 1223 2862 1294 Appia,
2915 1223 3240 1289 continens,
3286 1229 3388 1278 aut
3417 1222 3594 1278 liber-

1934 1311 2021 1362 tas
2047 1309 2429 1380 ;Archippus,
2453 1311 2750 1381 longitudo
2770 1312 2990 1382 Operis;
3015 1313 3593 1384 Onesimus,respon-

1933 1397 2115 1452 dens:
2165 1398 2484 1468 Epaphras,
2546 1401 2809 1470 frugifer,
2869 1405 2946 1466 et,
2993 1401 3218 1466 videns,
3280 1402 3422 1465 sive,
3455 1417 3587 1456 suc-

1932 1502 2199 1541 crescens
2224 1505 2235 1552 ;
2274 1487 2524 1552 Marcus,
2550 1488 2823 1543 sublimis
2857 1490 3132 1544 mandato
3159 1489 3588 1556 ;Aristarchus,

1932 1590 2101 1629 mons
2131 1577 2324 1646 operis
2356 1577 2694 1647 amplioris;
2730 1577 2961 1648 Demas,
2995 1578 3214 1646 silens;
3251 1579 3591 1650 Lucas,ipse

1930 1679 2312 1735 consurgens.
2347 1667 2480 1731 Qua:
2515 1667 2732 1732 omnia,
2768 1667 2815 1722 si
2849 1668 3022 1738 juxta
3051 1669 3589 1739 interpretationem

1930 1769 2097 1806 suam
2127 1753 2484 1809 voluerimus
2517 1755 2860 1827 intelligere,
2885 1774 3001 1811 non
3032 1761 3119 1812 est
3142 1755 3378 1811 difficile
3409 1755 3595 1811 admi-

1930 1841 2197 1908 rabilem,
2221 1846 2396 1914 atque
2418 1843 2743 1898 beneficum
2761 1845 3047 1916 praecipue
3069 1846 3140 1900 ad
3155 1862 3288 1900 eum
3313 1845 3589 1914 scribere,

1929 1930 2020 1985 cui
2049 1931 2321 1986 universa
2351 1949 2628 1988 concessa
2659 1937 2798 1988 sunt
2846 1934 3004 1999 vitia,
3047 1937 3103 1988 et
3145 1949 3209 1988 os
3240 1936 3365 2004 ejus
3395 1938 3591 2006 pateat

1929 2021 2000 2074 ad
2035 2019 2327 2076 cmlestem
2360 2021 2819 2092 panem.Deinde
2842 2023 2910 2077 ad
2937 2023 3353 2089 continentem,
3377 2027 3432 2078 et
3453 2022 3592 2078 libe-

1929 2126 2077 2175 ram,
2106 2114 2162 2163 et
2193 2111 2261 2164 ad
2296 2109 2722 2182 longitudinem
2773 2111 3001 2181 operis;
3037 2111 3191 2182 quod
3224 2127 3528 2182 nunquam
3558 2129 3592 2167 a

1928 2202 2130 2254 sancto
2161 2197 2357 2254 labore
2405 2199 2668 2254 desistat.
2693 2199 2923 2254 Scribat
2970 2204 3164 2254 autem
3217 2216 3320 2270 pro
3368 2217 3454 2267 eo,
3490 2201 3590 2271 qui

1928 2287 2279 2359 respondeat
2308 2287 2644 2342 testimonio
2695 2305 2822 2356 suo,
2871 2304 3094 2343 necnon
3144 2305 3301 2352 eum,
3335 2289 3426 2342 cui
3457 2305 3586 2358 spe-

1929 2375 2152 2430 cialiter
2179 2374 2436 2446 Epistola
2467 2376 2792 2441 dedicatur,
2816 2375 3055 2430 salutari
3082 2377 3152 2431 ab
3181 2377 3445 2432 ubertate
3466 2393 3587 2431 cre-

1929 2469 2144 2520 scente.
2179 2465 2248 2518 Et
2279 2480 2366 2529 eo,
2391 2463 2487 2535 qui
2516 2465 2702 2520 factus
2726 2464 2802 2520 sit
2822 2480 2925 2535 per
2948 2465 3225 2520 mandata
3255 2463 3587 2531 sublimior,

1929 2552 2169 2623 illoque,
2195 2553 2296 2623 qui
2320 2569 2422 2623 per
2444 2553 2670 2623 majora
2690 2569 2864 2623 opera
2886 2553 2943 2607 in
2971 2557 3231 2608 montem
3254 2569 3441 2625 usque
3459 2571 3591 2610 suc-

1929 2641 2192 2710 creverit,
2221 2642 2292 2696 ab
2315 2658 2381 2696 eo
2406 2642 2764 2712 quoque,qui
2790 2642 3329 2712 posuitcustodiam
3353 2643 3437 2697 ori
3461 2660 3592 2708 suo,

1930 2735 1986 2785 et
2013 2730 2228 2785 ostium
2257 2730 2551 2784 munitum
2587 2730 2757 2784 labiis
2782 2731 2944 2786 suis:
2980 2731 3078 2800 qui
3103 2731 3318 2785 idcirco
3352 2731 3592 2786 forsitan

1930 2820 2136 2889 tacuit,
2160 2819 2300 2890 quia
2318 2820 2387 2873 ad
2405 2819 2701 2874 modicum
2724 2819 3499 2890 Apostolumdereliquerat.
3529 2823 3596 2875 Et

1930 2908 2001 2963 ad
2034 2912 2356 2963 extremum
2391 2907 2462 2962 ab
2521 2923 2610 2974 eo,
2664 2907 2760 2979 qui
2824 2925 2927 2979 per
2973 2924 3035 2963 se
3078 2908 3203 2979 ipse
3234 2925 3594 2980 consurgens

1932 2997 2191 3067 quotidie
2211 3001 2514 3067 augeatur,
2542 3011 2966 3067 processusque
2987 2996 3218 3061 habeat,
3241 2997 3382 3051 dum
3416 2999 3596 3052 Evan-

1930 3085 2080 3157 gelio
2113 3085 2241 3155 ejus
2272 3084 2430 3139 orbis
2460 3083 2758 3154 impletur,
2787 3083 2888 3154 qui
2920 3085 3091 3139 toties
3122 3085 3331 3140 crescit
3361 3086 3591 3156 quoties

1931 3173 2171 3230 auditus
2200 3172 2287 3228 vel
2318 3171 2504 3228 lectus
2538 3171 2731 3227 fuerit.

1930 3264 2173 3333 Explica
2230 3263 2310 3317 ad
2368 3263 2737 3317 Philemonem
2791 3263 2996 3332 scripta
3049 3264 3119 3317 ab
3177 3265 3364 3319 Roma.
3429 3265 3593 3321 Habet

2555 3367 2746 3406 versus
2765 3367 2954 3406 XXXIV.

215 3482 405 3554 (1384)
439 3483 568 3554 Ηίωο
601 3480 717 3554 divi
751 3481 1084 3554 Hieronymi
1118 3483 1277 3536 sunt.
1313 3479 1458 3535 Vide
1489 3483 1686 3536 tamen
1719 3496 1845 3551 qua)
1898 3477 1970 3534 ad
2027 3476 2244 3532 Coloss.
2278 3475 2350 3531 de
2383 3474 2494 3530 hoc
2542 3475 2756 3542 Marco,
2793 3474 2912 3531 sive
2952 3477 3194 3548 Joanne,
3231 3477 3445 3546 Marco,
3478 3476 3592 3532 alio

149 3555 216 3610 ab
248 3553 618 3626 evangelista
650 3553 1083 3609 adnotavimus.

1094 3782 1711 3877 EPISTOLA
1779 3782 1946 3876 AD
2017 3780 2676 3874 HEBRZEOS.

1214 4034 1473 4092 INCIPIT
1513 4033 1982 4091 CAPITULATIO
2022 4036 2118 4087 AD
2158 4031 2528 4086 HEBRIEOS.

220 4166 268 4219 1.
303 4161 456 4231 Quia
486 4161 548 4216 in
581 4159 922 4216 novissimis
955 4160 1164 4216 diebus
1194 4161 1364 4216 Pater
1394 4161 1473 4217 sit
1502 4159 1733 4216 locutus
1764 4158 1825 4214 in
1855 4160 1903 4225 D
1925 4156 2340 4229 jurejurando,
2370 4155 2527 4226 quod
2561 4154 2714 4210 sicut
2745 4155 3059 4210 anchoram
3092 4155 3411 4212 habemus:
3443 4161 3499 4211 et
3527 4159 3598 4213 de

153 4251 328 4308 Filio:
365 4251 468 4324 qui
501 4249 804 4323 splendor,
850 4253 905 4304 et
963 4249 1152 4321 figura
1195 4250 1536 4305 substantia:
1569 4249 1719 4305 sedit
1747 4248 1818 4304 ad

154 4341 444 4397 dexteram
475 4359 488 4396 :
522 4338 734 4394 melior
765 4336 990 4410 angelis
1021 4337 1282 4395 effectus.

217 4431 267 4484 2.
292 4428 680 4486 Observanda
702 4445 830 4499 qua":
857 4427 1292 4496 audivimus,ne
1310 4428 1452 4483 forte
1470 4427 1560 4482 effl
1572 4442 1816 4481 uamus:

152 4525 202 4573 et
224 4518 362 4590 quia
379 4519 564 4574 Jesus
589 4515 818 4572 modico
848 4532 1026 4587 quam
1051 4516 1241 4589 angeli
1265 4516 1593 4571 minoratus
1615 4519 1704 4570 est
1730 4531 1742 4569 :
1764 4519 1822 4569 et

155 4625 261 4663 non
295 4607 709 4663 confundetur
731 4606 939 4660 fratres
960 4621 1184 4672 vocare,
1217 4609 1282 4659 ut
1314 4621 1414 4676 per
1443 4608 1692 4660 mortem
1725 4604 1823 4657 dc-

155 4701 401 4753 strueret
434 4693 766 4761 diabolum,
797 4699 854 4749 et
884 4695 1047 4750 ﬁeret
1076 4694 1266 4750 fidelis
1298 4695 1574 4766 pontifex.

221 4787 272 4839 3.
333 4785 409 4841 Ut
461 4783 906 4839 consideremus
958 4781 1320 4854 Apostolum,
1366 4787 1424 4837 et
1483 4782 1826 4837 Pontiﬁcem

155 4874 377 4946 Jesum,
410 4873 519 4946 qui
553 4871 746 4927 ﬁdelis
805 4875 913 4937 est,
949 4872 1103 4927 sicut
1150 4875 1375 4943 Moyses
1427 4871 1485 4924 in
1518 4872 1692 4926 domo
1730 4887 1742 4925 :
1772 4874 1830 4925 et

155 4962 322 5020 hodie
355 4965 406 5019 si
439 4979 645 5019 vocem
671 4963 798 5033 ejus
835 4960 1140 5017 audieritis
1165 4979 1177 5017 :
1201 4965 1258 5017 et
1295 4965 1361 5016 ut
1393 4960 1734 5028 timeamus,
1756 4973 1828 5013 ne

159 5053 295 5110 forte
327 5051 738 5109 exacerbando
770 5068 887 5106 non
919 5051 1208 5106 intremus
1241 5051 1299 5105 in
1326 5050 1610 5121 requiem.

223 5143 274 5197 4.
307 5143 391 5199 De
423 5140 636 5214 requie
687 5140 966 5197 Sahbati:
1017 5145 1075 5195 et
1125 5141 1263 5212 quia
1307 5140 1518 5196 iterum
1552 5136 1830 5194 terminat

158 5231 307 5288 diem
333 5250 346 5288 :
383 5236 444 5288 et
469 5231 644 5286 vivus
675 5233 764 5286 est
793 5246 987 5285 sermo
1020 5229 1136 5285 Deo
1163 5245 1176 5284 :
1211 5234 1268 5284 et
1297 5229 1396 5302 qui
1423 5229 1598 5284 Jesus
1628 5226 1828 5282 Ponti-

160 5320 248 5376 fex
279 5337 544 5395 magnus
578 5335 924 5392 compassus
953 5323 1043 5375 est
1073 5318 1263 5374 nobis.

223 5412 276 5466 5.
318 5414 396 5468 De
429 5408 864 5466 Melchisedech
893 5427 906 5477 ;
940 5409 1037 5480 qui
1066 5409 1457 5480 perfectorum
1488 5410 1576 5461 est
1608 5403 1832 5460 solidus

161 5500 360 5556 cibus:
401 5506 461 5557 et
495 5498 778 5571 possibile
831 5503 942 5567 est,
997 5515 1117 5564 eos,
1170 5497 1272 5568 qui
1302 5495 1480 5552 semel
1513 5493 1832 5550 illuminati

165 5594 319 5660 sunt,
353 5589 624 5646 renovari
655 5605 668 5642 :
701 5592 759 5642 et
816 5589 889 5643 de
928 5591 1103 5655 terra,
1155 5603 1280 5657 quae
1332 5584 1479 5639 bibit
1511 5583 1834 5639 venientem

166 5694 338 5752 super
369 5695 438 5736 se
468 5679 747 5735 imbrem.

1935 4245 2493 4314 Melchisedech,ubi
2514 4244 2768 4300 occurrit
2783 4244 3028 4300 Abrahaa
3049 4263 3061 4300 :
3083 4246 3407 4300 secundum
3427 4247 3598 4316 cujus

1933 4335 2328 4391 sacerdotium
2359 4333 2537 4389 Jesus
2597 4333 2878 4388 innocens
2935 4332 3280 4404 impollutus
3309 4339 3507 4388 manet
3537 4335 3595 4389 in

1927 4429 2234 4479 aeternum.

2006 4514 2060 4566 7.
2094 4511 2240 4575 Quia
2269 4509 2413 4564 nihil
2446 4511 2517 4564 ad
2553 4509 2871 4581 perfectum
2897 4509 3140 4564 adduxit
3166 4509 3293 4566 lex:
3327 4515 3382 4566 et
3413 4510 3484 4566 de
3511 4516 3598 4568 ta-

1937 4600 2252 4656 bernaculo
2282 4614 2454 4654 vero:
2488 4603 2546 4654 et
2567 4598 2722 4668 quod
2757 4597 2875 4653 ait:
2910 4599 3050 4653 Ecce
3082 4599 3208 4654 dies
3227 4600 3487 4655 veniunt.

2006 4692 2059 4745 8.
2095 4689 2174 4744 De
2230 4686 2631 4752 tabernaculo,
2683 4692 2739 4741 et
2769 4703 2896 4757 quae
2953 4686 3012 4740 in
3063 4686 3190 4758 ipso
3235 4689 3506 4744 fuerunt:
3541 4693 3599 4744 et

1941 4779 2079 4852 quia
2105 4795 2219 4833 non
2253 4775 2497 4848 sanguis
2527 4776 2844 4846 hircorum,
2869 4776 2969 4831 sed
3001 4776 3245 4847 sanguis
3263 4776 3404 4831 Jesu
3425 4793 3600 4832 mun-

1938 4870 2037 4923 dat
2069 4868 2390 4933 eredentes,
2423 4870 2481 4920 et
2512 4864 2636 4920 sine
2667 4865 2954 4938 sanguine
2985 4882 3100 4920 non
3135 4865 3199 4918 fit
3231 4865 3520 4920 remissio.

2008 4960 2061 5011 9.
2096 4956 2240 5022 Quia
2271 4972 2386 5010 non
2418 4955 2477 5009 in
2509 4953 2861 5009 manufactis
2893 4953 3157 5008 introibit
3185 4954 3380 5020 Jesus,
3403 4954 3504 5008 sed
3536 4954 3596 5010 in

1938 5047 2174 5114 ccelum,
2236 5044 2742 5101 consummatione
2797 5042 3185 5098 saeculorum:
3241 5046 3298 5096 et
3348 5042 3488 5113 quia
3536 5044 3596 5098 in

1938 5135 2226 5209 legalibus
2257 5133 2468 5190 hostiis
2497 5131 2972 5189 commemoratio
3020 5131 3212 5200 fuerit,
3241 5147 3358 5186 non
3388 5147 3598 5187 emun-

1939 5227 2094 5283 datio
2129 5229 2536 5298 peccatorum:
2574 5226 2629 5276 et
2655 5221 2807 5292 quod
2857 5219 2973 5276 ait:
3024 5219 3313 5287 Hostiam,
3347 5225 3406 5275 et
3435 5219 3593 5277 obla-

1935 5316 2158 5372 tionem
2187 5311 2449 5369 noluisti.

2015 5407 2100 5460 10.
2133 5403 2279 5466 Quia
2308 5418 2440 5456 caro
2486 5398 2701 5455 Christi
2750 5397 3011 5454 velamen
3053 5398 3165 5454 sit:
3220 5404 3276 5454 et
3305 5399 3376 5454 de
3407 5399 3600 5471 bapti-

1944 5510 2108 5549 smo:
2142 5496 2197 5546 et
2228 5491 2368 5561 quia
2396 5486 2719 5544 voluntarie
2741 5488 3141 5558 peccantibus,
3174 5494 3230 5544 et
3259 5487 3468 5544 Filium
3498 5487 3597 5542 Dei

1946 5579 2427 5636 conculcantibus
2459 5575 2738 5631 terribilis
2758 5577 2869 5630 erit
2896 5578 3250 5648 exspectatio
3274 5576 3482 5648 judicii
3508 5591 3520 5630 :
3547 5579 3604 5630 et

1947 5673 2018 5727 de
2050 5668 2325 5734 Hebrmis,
2359 5666 2459 5738 qui
2489 5665 2699 5720 vinctis
2721 5667 3011 5738 compassi
3040 5671 3179 5722 sunt
3204 5684 3217 5724 :
3241 5673 3296 5722 et
3321 5664 3604 5737 patientia

235 5771 288 5825 6.
313 5769 396 5826 De
410 5767 703 5837 Hebraeis,
729 5768 886 5840 quod
911 5766 1392 5824 ministraverunt
1413 5762 1634 5821 sanctis
1659 5779 1672 5817 :
1693 5762 1840 5818 etde
1950 5759 2282 5818 necessaria
2310 5763 2420 5826 est,
2454 5756 2860 5829 donecjvcniat
2890 5756 2992 5828 qui
3021 5761 3301 5812 venturus
3333 5758 3439 5808 est.
