  <div class='ocr_page' id='page_1' title='image "/cluster/home/n/w/nwhite01/storage/ocr_20150623/134-135/uc1.31175013627537/371.png"; bbox 0 0 3898 6418; ppageno 0'>
   <div class='ocr_carea' id='block_1_1' title="bbox 316 469 432 525">
    <p class='ocr_par' dir='ltr' id='par_1_1' title="bbox 316 469 432 525">
     <span class='ocr_line' id='line_1_1' title="bbox 316 469 432 525; baseline 0 -2"><span class='ocrx_word' id='word_1_1' title='bbox 316 469 432 525; x_wconf 70' lang='lat'><strong>727</strong></span> 
     </span>
    </p>
   </div>
   <div class='ocr_carea' id='block_1_2' title="bbox 1349 458 2705 523">
    <p class='ocr_par' dir='ltr' id='par_1_2' title="bbox 1349 458 2705 523">
     <span class='ocr_line' id='line_1_2' title="bbox 1349 458 2705 523; baseline -0.001 -2"><span class='ocrx_word' id='word_1_2' title='bbox 1349 462 1682 523; x_wconf 82' lang='lat' dir='ltr'><strong>ATTONIS</strong></span> <span class='ocrx_word' id='word_1_3' title='bbox 1727 459 2258 521; x_wconf 76' lang='lat' dir='ltr'>VEItCELLENSl</span> <span class='ocrx_word' id='word_1_4' title='bbox 2272 461 2310 519; x_wconf 92' lang='lat' dir='ltr'>S</span> <span class='ocrx_word' id='word_1_5' title='bbox 2357 458 2705 520; x_wconf 83' lang='lat' dir='ltr'>EPISCOPI</span> 
     </span>
    </p>
   </div>
   <div class='ocr_carea' id='block_1_3' title="bbox 3624 459 3750 518">
    <p class='ocr_par' dir='ltr' id='par_1_3' title="bbox 3624 459 3750 518">
     <span class='ocr_line' id='line_1_3' title="bbox 3624 459 3750 518; baseline 0.008 -2"><span class='ocrx_word' id='word_1_6' title='bbox 3624 459 3750 518; x_wconf 77' lang='grc'>728</span> 
     </span>
    </p>
   </div>
   <div class='ocr_carea' id='block_1_4' title="bbox 396 591 3754 669">
    <p class='ocr_par' dir='ltr' id='par_1_4' title="bbox 396 591 3754 669">
     <span class='ocr_line' id='line_1_4' title="bbox 396 591 3754 669; baseline -0.001 -17"><span class='ocrx_word' id='word_1_7' title='bbox 396 598 479 652; x_wconf 94' lang='grc'>11.</span> <span class='ocrx_word' id='word_1_8' title='bbox 518 602 590 650; x_wconf 87' lang='lat' dir='ltr'>De</span> <span class='ocrx_word' id='word_1_9' title='bbox 623 597 734 651; x_wconf 84' lang='lat' dir='ltr'>ﬁde</span> <span class='ocrx_word' id='word_1_10' title='bbox 761 601 1096 652; x_wconf 88' lang='lat' dir='ltr'>sanctorum</span> <span class='ocrx_word' id='word_1_11' title='bbox 1122 595 1617 669; x_wconf 81' lang='lat' dir='ltr'>peregrinantium</span> <span class='ocrx_word' id='word_1_12' title='bbox 1643 594 1699 648; x_wconf 92' lang='lat' dir='ltr'>in</span> <span class='ocrx_word' id='word_1_13' title='bbox 1724 597 1974 660; x_wconf 85' lang='lat' dir='ltr'>terra,et</span> <span class='ocrx_word' id='word_1_14' title='bbox 2002 598 2056 664; x_wconf 76' lang='grc' dir='ltr'><strong>Α</strong></span> <span class='ocrx_word' id='word_1_15' title='bbox 2088 593 2157 647; x_wconf 92' lang='lat' dir='ltr'>ad</span> <span class='ocrx_word' id='word_1_16' title='bbox 2192 593 2490 648; x_wconf 83' lang='lat' dir='ltr'>ardentem</span> <span class='ocrx_word' id='word_1_17' title='bbox 2523 596 2801 661; x_wconf 91' lang='lat' dir='ltr'>montem,</span> <span class='ocrx_word' id='word_1_18' title='bbox 2837 593 2935 648; x_wconf 90' lang='lat' dir='ltr'>sed</span> <span class='ocrx_word' id='word_1_19' title='bbox 2973 592 3042 646; x_wconf 94' lang='lat' dir='ltr'>ad</span> <span class='ocrx_word' id='word_1_20' title='bbox 3087 593 3223 647; x_wconf 89' lang='lat' dir='ltr'>Sion</span> <span class='ocrx_word' id='word_1_21' title='bbox 3256 591 3654 658; x_wconf 82' lang='lat' dir='ltr'>accessimus;</span> <span class='ocrx_word' id='word_1_22' title='bbox 3694 598 3754 647; x_wconf 89' lang='lat' dir='ltr'>et</span> 
     </span>
    </p>
   </div>
   <div class='ocr_carea' id='block_1_5' title="bbox 321 685 1136 759">
    <p class='ocr_par' dir='ltr' id='par_1_5' title="bbox 321 685 1136 759">
     <span class='ocr_line' id='line_1_5' title="bbox 321 685 1136 759; baseline -0.002 -16"><span class='ocrx_word' id='word_1_23' title='bbox 321 686 785 759; x_wconf 77' lang='lat' dir='ltr'>exspectantium</span> <span class='ocrx_word' id='word_1_24' title='bbox 820 685 1136 741; x_wconf 88' lang='lat' dir='ltr'>civitatem.</span> 
     </span>
    </p>
   </div>
   <div class='ocr_carea' id='block_1_6' title="bbox 398 773 1978 841">
    <p class='ocr_par' dir='ltr' id='par_1_6' title="bbox 398 773 1978 841">
     <span class='ocr_line' id='line_1_6' title="bbox 398 773 1978 841; baseline -0.004 -10"><span class='ocrx_word' id='word_1_25' title='bbox 398 779 482 831; x_wconf 86' lang='grc'>12.</span> <span class='ocrx_word' id='word_1_26' title='bbox 516 781 595 832; x_wconf 92' lang='lat' dir='ltr'>De</span> <span class='ocrx_word' id='word_1_27' title='bbox 625 775 1122 841; x_wconf 83' lang='lat' dir='ltr'>tribulationibus,</span> <span class='ocrx_word' id='word_1_28' title='bbox 1185 778 1240 828; x_wconf 92' lang='lat' dir='ltr'>et</span> <span class='ocrx_word' id='word_1_29' title='bbox 1285 773 1572 829; x_wconf 83' lang='lat' dir='ltr'>mortibus</span> <span class='ocrx_word' id='word_1_30' title='bbox 1614 777 1978 839; x_wconf 89' lang='lat' dir='ltr'>sanctorum,</span> 
     </span>
    </p>
   </div>
   <div class='ocr_carea' id='block_1_7' title="bbox 325 861 1981 937">
    <p class='ocr_par' dir='ltr' id='par_1_7' title="bbox 325 861 1981 937">
     <span class='ocr_line' id='line_1_7' title="bbox 325 861 1981 937; baseline -0.005 -16"><span class='ocrx_word' id='word_1_31' title='bbox 325 881 577 937; x_wconf 89' lang='lat' dir='ltr'>quorum</span> <span class='ocrx_word' id='word_1_32' title='bbox 610 864 954 936; x_wconf 85' lang='lat' dir='ltr'>patientiam</span> <span class='ocrx_word' id='word_1_33' title='bbox 989 863 1203 918; x_wconf 90' lang='lat' dir='ltr'>imitari</span> <span class='ocrx_word' id='word_1_34' title='bbox 1239 879 1344 917; x_wconf 92' lang='lat' dir='ltr'>nos</span> <span class='ocrx_word' id='word_1_35' title='bbox 1374 865 1636 934; x_wconf 83' lang='lat' dir='ltr'>oportet:</span> <span class='ocrx_word' id='word_1_36' title='bbox 1665 865 1722 916; x_wconf 91' lang='lat' dir='ltr'>et</span> <span class='ocrx_word' id='word_1_37' title='bbox 1744 864 1806 915; x_wconf 91' lang='lat' dir='ltr'>ut</span> <span class='ocrx_word' id='word_1_38' title='bbox 1829 861 1981 931; x_wconf 90' lang='lat' dir='ltr'>aspi-</span> 
     </span>
    </p>
   </div>
   <div class='ocr_carea' id='block_1_8' title="bbox 326 949 1978 1025">
    <p class='ocr_par' dir='ltr' id='par_1_8' title="bbox 326 949 1978 1025">
     <span class='ocr_line' id='line_1_8' title="bbox 326 949 1978 1025; baseline -0.005 -14"><span class='ocrx_word' id='word_1_39' title='bbox 326 955 546 1011; x_wconf 83' lang='lat' dir='ltr'>cientes</span> <span class='ocrx_word' id='word_1_40' title='bbox 576 953 907 1025; x_wconf 80' lang='lat' dir='ltr'>passionem</span> <span class='ocrx_word' id='word_1_41' title='bbox 937 952 1100 1020; x_wconf 86' lang='lat' dir='ltr'>Jesu,</span> <span class='ocrx_word' id='word_1_42' title='bbox 1150 951 1210 1006; x_wconf 91' lang='lat' dir='ltr'>in</span> <span class='ocrx_word' id='word_1_43' title='bbox 1241 951 1524 1022; x_wconf 91' lang='lat' dir='ltr'>diciplina</span> <span class='ocrx_word' id='word_1_44' title='bbox 1561 956 1843 1022; x_wconf 88' lang='lat' dir='ltr'>tanquam</span> <span class='ocrx_word' id='word_1_45' title='bbox 1874 949 1978 1003; x_wconf 83' lang='lat' dir='ltr'>filii</span> 
     </span>
    </p>
   </div>
   <div class='ocr_carea' id='block_1_9' title="bbox 327 1058 787 1115">
    <p class='ocr_par' dir='ltr' id='par_1_9' title="bbox 327 1058 787 1115">
     <span class='ocr_line' id='line_1_9' title="bbox 327 1058 787 1115; baseline -0.007 -16"><span class='ocrx_word' id='word_1_46' title='bbox 327 1058 787 1115; x_wconf 83' lang='lat' dir='ltr'>perseveremus.</span> 
     </span>
    </p>
   </div>
   <div class='ocr_carea' id='block_1_10' title="bbox 401 1130 1982 1202">
    <p class='ocr_par' dir='ltr' id='par_1_10' title="bbox 401 1130 1982 1202">
     <span class='ocr_line' id='line_1_10' title="bbox 401 1130 1982 1202; baseline -0.005 -13"><span class='ocrx_word' id='word_1_47' title='bbox 401 1135 483 1189; x_wconf 89' lang='grc'><strong>13.</strong></span> <span class='ocrx_word' id='word_1_48' title='bbox 545 1132 616 1188; x_wconf 93' lang='lat' dir='ltr'>Ut</span> <span class='ocrx_word' id='word_1_49' title='bbox 672 1149 883 1186; x_wconf 92' lang='lat' dir='ltr'>manus</span> <span class='ocrx_word' id='word_1_50' title='bbox 933 1131 1181 1187; x_wconf 88' lang='lat' dir='ltr'>remissa</span> <span class='ocrx_word' id='word_1_51' title='bbox 1247 1130 1582 1202; x_wconf 85' lang='lat' dir='ltr'>erigamus:</span> <span class='ocrx_word' id='word_1_52' title='bbox 1644 1145 1871 1200; x_wconf 91' lang='lat' dir='ltr'>pacem,</span> <span class='ocrx_word' id='word_1_53' title='bbox 1925 1130 1982 1182; x_wconf 91' lang='lat' dir='ltr'>et</span> 
     </span>
    </p>
   </div>
   <div class='ocr_carea' id='block_1_11' title="bbox 329 1217 1980 1288">
    <p class='ocr_par' dir='ltr' id='par_1_11' title="bbox 329 1217 1980 1288">
     <span class='ocr_line' id='line_1_11' title="bbox 329 1217 1980 1288; baseline -0.005 -9"><span class='ocrx_word' id='word_1_54' title='bbox 329 1220 778 1279; x_wconf 88' lang='lat' dir='ltr'>sanctimoniam</span> <span class='ocrx_word' id='word_1_55' title='bbox 810 1224 1139 1276; x_wconf 87' lang='lat' dir='ltr'>sectantes:</span> <span class='ocrx_word' id='word_1_56' title='bbox 1177 1223 1234 1275; x_wconf 90' lang='lat' dir='ltr'>et</span> <span class='ocrx_word' id='word_1_57' title='bbox 1280 1220 1353 1274; x_wconf 92' lang='lat' dir='ltr'>de</span> <span class='ocrx_word' id='word_1_58' title='bbox 1383 1219 1568 1274; x_wconf 85' lang='lat' dir='ltr'>Esau:</span> <span class='ocrx_word' id='word_1_59' title='bbox 1595 1221 1652 1273; x_wconf 91' lang='lat' dir='ltr'>et</span> <span class='ocrx_word' id='word_1_60' title='bbox 1695 1217 1834 1288; x_wconf 87' lang='lat' dir='ltr'>quia</span> <span class='ocrx_word' id='word_1_61' title='bbox 1865 1232 1980 1270; x_wconf 89' lang='lat' dir='ltr'>non</span> 
     </span>
    </p>
   </div>
   <div class='ocr_carea' id='block_1_12' title="bbox 2089 681 3353 754">
    <p class='ocr_par' dir='ltr' id='par_1_12' title="bbox 2089 681 3353 754">
     <span class='ocr_line' id='line_1_12' title="bbox 2089 681 3353 754; baseline 0.001 -19"><span class='ocrx_word' id='word_1_62' title='bbox 2089 697 2202 735; x_wconf 91' lang='lat' dir='ltr'>non</span> <span class='ocrx_word' id='word_1_63' title='bbox 2235 687 2684 736; x_wconf 85' lang='lat' dir='ltr'>contemnamus</span> <span class='ocrx_word' id='word_1_64' title='bbox 2714 683 2786 736; x_wconf 89' lang='lat' dir='ltr'>de</span> <span class='ocrx_word' id='word_1_65' title='bbox 2817 681 2959 736; x_wconf 76' lang='lat' dir='ltr'>cmlo</span> <span class='ocrx_word' id='word_1_66' title='bbox 2991 681 3353 754; x_wconf 84' lang='lat' dir='ltr'>loquentem.</span> 
     </span>
    </p>
   </div>
   <div class='ocr_carea' id='block_1_13' title="bbox 2161 771 3754 842">
    <p class='ocr_par' dir='ltr' id='par_1_13' title="bbox 2161 771 3754 842">
     <span class='ocr_line' id='line_1_13' title="bbox 2161 771 3754 842; baseline -0.001 -17"><span class='ocrx_word' id='word_1_67' title='bbox 2161 773 2246 826; x_wconf 79' lang='grc'>14.</span> <span class='ocrx_word' id='word_1_68' title='bbox 2281 771 2352 826; x_wconf 91' lang='lat' dir='ltr'>Ut</span> <span class='ocrx_word' id='word_1_69' title='bbox 2383 787 2627 842; x_wconf 80' lang='lat' dir='ltr'>regnum</span> <span class='ocrx_word' id='word_1_70' title='bbox 2652 771 2953 826; x_wconf 90' lang='lat' dir='ltr'>immobile</span> <span class='ocrx_word' id='word_1_71' title='bbox 2976 771 3394 842; x_wconf 88' lang='lat' dir='ltr'>suscipiamus,</span> <span class='ocrx_word' id='word_1_72' title='bbox 3420 771 3562 842; x_wconf 88' lang='lat' dir='ltr'>quia</span> <span class='ocrx_word' id='word_1_73' title='bbox 3589 771 3754 826; x_wconf 89' lang='lat' dir='ltr'>Deus</span> 
     </span>
    </p>
   </div>
   <div class='ocr_carea' id='block_1_14' title="bbox 2088 858 3754 930">
    <p class='ocr_par' dir='ltr' id='par_1_14' title="bbox 2088 858 3754 930">
     <span class='ocr_line' id='line_1_14' title="bbox 2088 858 3754 930; baseline 0 -18"><span class='ocrx_word' id='word_1_74' title='bbox 2088 858 2242 930; x_wconf 87' lang='lat' dir='ltr'>ignis</span> <span class='ocrx_word' id='word_1_75' title='bbox 2263 875 2618 914; x_wconf 90' lang='lat' dir='ltr'>consumens</span> <span class='ocrx_word' id='word_1_76' title='bbox 2637 862 2810 913; x_wconf 81' lang='lat' dir='ltr'>estzet</span> <span class='ocrx_word' id='word_1_77' title='bbox 2831 859 2902 913; x_wconf 92' lang='lat' dir='ltr'>de</span> <span class='ocrx_word' id='word_1_78' title='bbox 2927 859 3296 923; x_wconf 88' lang='lat' dir='ltr'>charitate,et</span> <span class='ocrx_word' id='word_1_79' title='bbox 3319 858 3754 929; x_wconf 89' lang='lat' dir='ltr'>hospitalitate,</span> 
     </span>
    </p>
   </div>
   <div class='ocr_carea' id='block_1_15' title="bbox 2089 947 3757 1019">
    <p class='ocr_par' dir='ltr' id='par_1_15' title="bbox 2089 947 3757 1019">
     <span class='ocr_line' id='line_1_15' title="bbox 2089 947 3757 1019; baseline -0.001 -16"><span class='ocrx_word' id='word_1_80' title='bbox 2089 953 2149 1003; x_wconf 90' lang='lat' dir='ltr'>et</span> <span class='ocrx_word' id='word_1_81' title='bbox 2169 952 2294 1002; x_wconf 89' lang='lat' dir='ltr'>toro</span> <span class='ocrx_word' id='word_1_82' title='bbox 2321 947 2696 1003; x_wconf 89' lang='lat' dir='ltr'>immaculato</span> <span class='ocrx_word' id='word_1_83' title='bbox 2723 965 2734 1001; x_wconf 96' lang='lat'>:</span> <span class='ocrx_word' id='word_1_84' title='bbox 2761 952 2817 1003; x_wconf 91' lang='lat' dir='ltr'>et</span> <span class='ocrx_word' id='word_1_85' title='bbox 2834 949 2904 1004; x_wconf 89' lang='lat' dir='ltr'>de</span> <span class='ocrx_word' id='word_1_86' title='bbox 2924 947 3336 1019; x_wconf 65' lang='lat' dir='ltr'>praepositis,et</span> <span class='ocrx_word' id='word_1_87' title='bbox 3351 948 3489 1003; x_wconf 90' lang='lat' dir='ltr'>Jesu</span> <span class='ocrx_word' id='word_1_88' title='bbox 3514 948 3757 1003; x_wconf 89' lang='lat' dir='ltr'>Christo</span> 
     </span>
    </p>
   </div>
   <div class='ocr_carea' id='block_1_16' title="bbox 2089 1037 3571 1109">
    <p class='ocr_par' dir='ltr' id='par_1_16' title="bbox 2089 1037 3571 1109">
     <span class='ocr_line' id='line_1_16' title="bbox 2089 1037 3571 1109; baseline -0.001 -17"><span class='ocrx_word' id='word_1_89' title='bbox 2089 1037 2235 1107; x_wconf 89' lang='lat' dir='ltr'>heri,</span> <span class='ocrx_word' id='word_1_90' title='bbox 2268 1041 2323 1092; x_wconf 91' lang='lat' dir='ltr'>et</span> <span class='ocrx_word' id='word_1_91' title='bbox 2353 1037 2563 1092; x_wconf 89' lang='lat' dir='ltr'>hodie:</span> <span class='ocrx_word' id='word_1_92' title='bbox 2598 1041 2654 1092; x_wconf 91' lang='lat' dir='ltr'>et</span> <span class='ocrx_word' id='word_1_93' title='bbox 2683 1038 2754 1091; x_wconf 92' lang='lat' dir='ltr'>de</span> <span class='ocrx_word' id='word_1_94' title='bbox 2787 1037 2956 1103; x_wconf 91' lang='lat' dir='ltr'>escis,</span> <span class='ocrx_word' id='word_1_95' title='bbox 2991 1054 3118 1109; x_wconf 66' lang='lat' dir='ltr'>quae</span> <span class='ocrx_word' id='word_1_96' title='bbox 3156 1053 3268 1091; x_wconf 91' lang='lat' dir='ltr'>non</span> <span class='ocrx_word' id='word_1_97' title='bbox 3305 1042 3571 1108; x_wconf 87' lang='lat' dir='ltr'>prosunt.</span> 
     </span>
    </p>
   </div>
   <div class='ocr_carea' id='block_1_17' title="bbox 2162 1125 3756 1198">
    <p class='ocr_par' dir='ltr' id='par_1_17' title="bbox 2162 1125 3756 1198">
     <span class='ocr_line' id='line_1_17' title="bbox 2162 1125 3756 1198; baseline -0.001 -17"><span class='ocrx_word' id='word_1_98' title='bbox 2162 1127 2250 1181; x_wconf 81' lang='grc'>15.</span> <span class='ocrx_word' id='word_1_99' title='bbox 2287 1131 2362 1182; x_wconf 91' lang='lat' dir='ltr'>De</span> <span class='ocrx_word' id='word_1_100' title='bbox 2419 1125 2612 1192; x_wconf 87' lang='lat' dir='ltr'>altari,</span> <span class='ocrx_word' id='word_1_101' title='bbox 2666 1127 2824 1197; x_wconf 78' lang='lat' dir='ltr'>quod</span> <span class='ocrx_word' id='word_1_102' title='bbox 2885 1127 3204 1182; x_wconf 85' lang='lat' dir='ltr'>habemus:</span> <span class='ocrx_word' id='word_1_103' title='bbox 3270 1131 3328 1181; x_wconf 92' lang='lat' dir='ltr'>et</span> <span class='ocrx_word' id='word_1_104' title='bbox 3385 1127 3525 1198; x_wconf 87' lang='lat' dir='ltr'>quia</span> <span class='ocrx_word' id='word_1_105' title='bbox 3577 1127 3756 1181; x_wconf 76' lang='lat' dir='ltr'>Iesus</span> 
     </span>
    </p>
   </div>
   <div class='ocr_carea' id='block_1_18' title="bbox 2091 1215 3459 1286">
    <p class='ocr_par' dir='ltr' id='par_1_18' title="bbox 2091 1215 3459 1286">
     <span class='ocr_line' id='line_1_18' title="bbox 2091 1215 3459 1286; baseline 0.001 -16"><span class='ocrx_word' id='word_1_106' title='bbox 2091 1219 2255 1271; x_wconf 87' lang='lat' dir='ltr'>extra</span> <span class='ocrx_word' id='word_1_107' title='bbox 2285 1220 2476 1270; x_wconf 89' lang='lat' dir='ltr'>castra</span> <span class='ocrx_word' id='word_1_108' title='bbox 2507 1231 2717 1286; x_wconf 90' lang='lat' dir='ltr'>passus</span> <span class='ocrx_word' id='word_1_109' title='bbox 2748 1219 2873 1270; x_wconf 90' lang='lat' dir='ltr'>est:</span> <span class='ocrx_word' id='word_1_110' title='bbox 2910 1219 2966 1270; x_wconf 88' lang='lat' dir='ltr'>et</span> <span class='ocrx_word' id='word_1_111' title='bbox 3003 1215 3074 1270; x_wconf 92' lang='lat' dir='ltr'>de</span> <span class='ocrx_word' id='word_1_112' title='bbox 3108 1215 3459 1286; x_wconf 82' lang='lat' dir='ltr'>praepositis.</span> 
     </span>
    </p>
   </div>
   <div class='ocr_carea' id='block_1_19' title="bbox 1150 1387 2927 1451">
    <p class='ocr_par' dir='ltr' id='par_1_19' title="bbox 1150 1387 2927 1451">
     <span class='ocr_line' id='line_1_19' title="bbox 1150 1387 2927 1451; baseline -0.003 -1"><span class='ocrx_word' id='word_1_113' title='bbox 1150 1388 1707 1451; x_wconf 82' lang='lat' dir='ltr'>ARGUMENTUM</span> <span class='ocrx_word' id='word_1_114' title='bbox 1754 1389 1833 1448; x_wconf 86' lang='lat' dir='ltr'>IN</span> <span class='ocrx_word' id='word_1_115' title='bbox 1877 1387 2319 1448; x_wconf 86' lang='lat' dir='ltr'>EPISTOLAM</span> <span class='ocrx_word' id='word_1_116' title='bbox 2367 1389 2469 1446; x_wconf 90' lang='lat' dir='ltr'>AD</span> <span class='ocrx_word' id='word_1_117' title='bbox 2517 1387 2927 1448; x_wconf 68' lang='lat' dir='ltr'>HEBIUEOS.</span> 
     </span>
    </p>
   </div>
   <div class='ocr_carea' id='block_1_20' title="bbox 402 1537 1986 1612">
    <p class='ocr_par' dir='ltr' id='par_1_20' title="bbox 402 1537 1986 1612">
     <span class='ocr_line' id='line_1_20' title="bbox 402 1537 1986 1612; baseline -0.003 -15"><span class='ocrx_word' id='word_1_118' title='bbox 402 1540 624 1597; x_wconf 70' lang='lat' dir='ltr'>Hebraai</span> <span class='ocrx_word' id='word_1_119' title='bbox 656 1541 890 1612; x_wconf 89' lang='lat' dir='ltr'>proprio</span> <span class='ocrx_word' id='word_1_120' title='bbox 920 1541 1110 1612; x_wconf 86' lang='lat' dir='ltr'>gentis</span> <span class='ocrx_word' id='word_1_121' title='bbox 1143 1557 1259 1596; x_wconf 81' lang='lat' dir='ltr'>suae</span> <span class='ocrx_word' id='word_1_122' title='bbox 1302 1539 1584 1594; x_wconf 72' lang='lat' dir='ltr'>vocabulo</span> <span class='ocrx_word' id='word_1_123' title='bbox 1611 1537 1986 1611; x_wconf 89' lang='lat' dir='ltr'>appellaban-</span> 
     </span>
    </p>
   </div>
   <div class='ocr_carea' id='block_1_21' title="bbox 332 1627 1988 1702">
    <p class='ocr_par' dir='ltr' id='par_1_21' title="bbox 332 1627 1988 1702">
     <span class='ocr_line' id='line_1_21' title="bbox 332 1627 1988 1702; baseline -0.003 -18"><span class='ocrx_word' id='word_1_124' title='bbox 332 1633 447 1695; x_wconf 89' lang='lat' dir='ltr'>tur,</span> <span class='ocrx_word' id='word_1_125' title='bbox 483 1629 580 1702; x_wconf 90' lang='lat' dir='ltr'>qui</span> <span class='ocrx_word' id='word_1_126' title='bbox 614 1628 673 1684; x_wconf 91' lang='lat' dir='ltr'>in</span> <span class='ocrx_word' id='word_1_127' title='bbox 704 1628 934 1684; x_wconf 87' lang='lat' dir='ltr'>Christo</span> <span class='ocrx_word' id='word_1_128' title='bbox 959 1629 1332 1684; x_wconf 88' lang='lat' dir='ltr'>crediderunt</span> <span class='ocrx_word' id='word_1_129' title='bbox 1353 1644 1421 1683; x_wconf 84' lang='lat' dir='ltr'>ex</span> <span class='ocrx_word' id='word_1_130' title='bbox 1449 1627 1671 1682; x_wconf 69' lang='lat' dir='ltr'>Judaais</span> <span class='ocrx_word' id='word_1_131' title='bbox 1698 1652 1712 1694; x_wconf 85' lang='lat'><strong>;</strong></span> <span class='ocrx_word' id='word_1_132' title='bbox 1737 1642 1988 1698; x_wconf 90' lang='lat' dir='ltr'>quorum</span> 
     </span>
    </p>
   </div>
   <div class='ocr_carea' id='block_1_22' title="bbox 331 1715 1988 1789">
    <p class='ocr_par' dir='ltr' id='par_1_22' title="bbox 331 1715 1988 1789">
     <span class='ocr_line' id='line_1_22' title="bbox 331 1715 1988 1789; baseline -0.005 -13"><span class='ocrx_word' id='word_1_133' title='bbox 331 1717 603 1776; x_wconf 64' lang='lat' dir='ltr'>Ecclesiis</span> <span class='ocrx_word' id='word_1_134' title='bbox 635 1719 706 1773; x_wconf 91' lang='lat' dir='ltr'>ab</span> <span class='ocrx_word' id='word_1_135' title='bbox 737 1716 1011 1789; x_wconf 88' lang='lat' dir='ltr'>Apostolo</span> <span class='ocrx_word' id='word_1_136' title='bbox 1043 1717 1297 1773; x_wconf 72' lang='lat' dir='ltr'>fundatze</span> <span class='ocrx_word' id='word_1_137' title='bbox 1341 1720 1508 1772; x_wconf 88' lang='lat' dir='ltr'>erant</span> <span class='ocrx_word' id='word_1_138' title='bbox 1531 1732 1632 1788; x_wconf 92' lang='lat' dir='ltr'>per</span> <span class='ocrx_word' id='word_1_139' title='bbox 1655 1715 1988 1770; x_wconf 90' lang='lat' dir='ltr'>universam</span> 
     </span>
    </p>
   </div>
   <div class='ocr_carea' id='block_1_23' title="bbox 335 1803 1989 1878">
    <p class='ocr_par' dir='ltr' id='par_1_23' title="bbox 335 1803 1989 1878">
     <span class='ocr_line' id='line_1_23' title="bbox 335 1803 1989 1878; baseline -0.003 -16"><span class='ocrx_word' id='word_1_140' title='bbox 335 1807 623 1876; x_wconf 71' lang='lat' dir='ltr'>Judaeam,</span> <span class='ocrx_word' id='word_1_141' title='bbox 655 1807 726 1862; x_wconf 92' lang='lat' dir='ltr'>de</span> <span class='ocrx_word' id='word_1_142' title='bbox 784 1807 1000 1878; x_wconf 88' lang='lat' dir='ltr'>quibus</span> <span class='ocrx_word' id='word_1_143' title='bbox 1049 1805 1141 1861; x_wconf 92' lang='lat' dir='ltr'>hic</span> <span class='ocrx_word' id='word_1_144' title='bbox 1200 1807 1350 1861; x_wconf 90' lang='lat' dir='ltr'>idem</span> <span class='ocrx_word' id='word_1_145' title='bbox 1385 1805 1602 1861; x_wconf 88' lang='lat' dir='ltr'>Paulus</span> <span class='ocrx_word' id='word_1_146' title='bbox 1652 1805 1723 1859; x_wconf 91' lang='lat' dir='ltr'>ad</span> <span class='ocrx_word' id='word_1_147' title='bbox 1756 1803 1989 1858; x_wconf 86' lang='lat' dir='ltr'>Galatas</span> 
     </span>
    </p>
   </div>
   <div class='ocr_carea' id='block_1_24' title="bbox 338 1893 1992 1966">
    <p class='ocr_par' dir='ltr' id='par_1_24' title="bbox 338 1893 1992 1966">
     <span class='ocr_line' id='line_1_24' title="bbox 338 1893 1992 1966; baseline -0.001 -16"><span class='ocrx_word' id='word_1_148' title='bbox 338 1895 625 1963; x_wconf 85' lang='lat' dir='ltr'>scribens,</span> <span class='ocrx_word' id='word_1_149' title='bbox 683 1896 764 1950; x_wconf 88' lang='lat' dir='ltr'>ita</span> <span class='ocrx_word' id='word_1_150' title='bbox 806 1895 982 1951; x_wconf 90' lang='lat' dir='ltr'>dicit:</span> <span class='ocrx_word' id='word_1_151' title='bbox 1014 1918 1041 1945; x_wconf 88' lang='grc'>‹‹</span> <span class='ocrx_word' id='word_1_152' title='bbox 1103 1897 1276 1951; x_wconf 87' lang='lat' dir='ltr'>Eram</span> <span class='ocrx_word' id='word_1_153' title='bbox 1337 1900 1532 1950; x_wconf 90' lang='lat' dir='ltr'>autem</span> <span class='ocrx_word' id='word_1_154' title='bbox 1577 1895 1813 1966; x_wconf 89' lang='lat' dir='ltr'>ignotus</span> <span class='ocrx_word' id='word_1_155' title='bbox 1844 1893 1992 1949; x_wconf 83' lang='lat' dir='ltr'>facie</span> 
     </span>
    </p>
   </div>
   <div class='ocr_carea' id='block_1_25' title="bbox 340 1983 1987 2056">
    <p class='ocr_par' dir='ltr' id='par_1_25' title="bbox 340 1983 1987 2056">
     <span class='ocr_line' id='line_1_25' title="bbox 340 1983 1987 2056; baseline -0.002 -17"><span class='ocrx_word' id='word_1_156' title='bbox 340 1983 613 2040; x_wconf 90' lang='lat' dir='ltr'>Ecclesiis</span> <span class='ocrx_word' id='word_1_157' title='bbox 668 1984 902 2053; x_wconf 65' lang='lat' dir='ltr'>Judteae,</span> <span class='ocrx_word' id='word_1_158' title='bbox 960 2001 1090 2056; x_wconf 61' lang='lat' dir='ltr'>quae</span> <span class='ocrx_word' id='word_1_159' title='bbox 1145 1988 1307 2040; x_wconf 86' lang='lat' dir='ltr'>erant</span> <span class='ocrx_word' id='word_1_160' title='bbox 1368 1984 1425 2038; x_wconf 91' lang='lat' dir='ltr'>in</span> <span class='ocrx_word' id='word_1_161' title='bbox 1484 1983 1709 2040; x_wconf 87' lang='lat' dir='ltr'>Christo</span> <span class='ocrx_word' id='word_1_162' title='bbox 1751 1983 1894 2055; x_wconf 81' lang='lat' dir='ltr'>(Gal.</span> <span class='ocrx_word' id='word_1_163' title='bbox 1949 1999 1987 2048; x_wconf 74' lang='grc' dir='ltr'>ι,</span> 
     </span>
    </p>
   </div>
   <div class='ocr_carea' id='block_1_26' title="bbox 337 2072 1990 2146">
    <p class='ocr_par' dir='ltr' id='par_1_26' title="bbox 337 2072 1990 2146">
     <span class='ocr_line' id='line_1_26' title="bbox 337 2072 1990 2146; baseline -0.001 -20"><span class='ocrx_word' id='word_1_164' title='bbox 337 2073 450 2144; x_wconf 83' lang='grc'>22).</span> <span class='ocrx_word' id='word_1_165' title='bbox 485 2094 513 2122; x_wconf 89' lang='grc'><strong>››</strong></span> <span class='ocrx_word' id='word_1_166' title='bbox 548 2072 614 2127; x_wconf 85' lang='lat' dir='ltr'>Hi</span> <span class='ocrx_word' id='word_1_167' title='bbox 663 2090 797 2146; x_wconf 91' lang='lat' dir='ltr'>ergo</span> <span class='ocrx_word' id='word_1_168' title='bbox 840 2078 1201 2140; x_wconf 86' lang='lat' dir='ltr'>caeterorum,</span> <span class='ocrx_word' id='word_1_169' title='bbox 1261 2073 1361 2145; x_wconf 90' lang='lat' dir='ltr'>qui</span> <span class='ocrx_word' id='word_1_170' title='bbox 1410 2072 1704 2129; x_wconf 81' lang='lat' dir='ltr'>Christum</span> <span class='ocrx_word' id='word_1_171' title='bbox 1755 2089 1869 2127; x_wconf 89' lang='lat' dir='ltr'>non</span> <span class='ocrx_word' id='word_1_172' title='bbox 1903 2087 1990 2126; x_wconf 91' lang='lat' dir='ltr'>re-</span> 
     </span>
    </p>
   </div>
   <div class='ocr_carea' id='block_1_27' title="bbox 340 2160 1995 2234">
    <p class='ocr_par' dir='ltr' id='par_1_27' title="bbox 340 2160 1995 2234">
     <span class='ocr_line' id='line_1_27' title="bbox 340 2160 1995 2234; baseline 0.001 -18"><span class='ocrx_word' id='word_1_173' title='bbox 340 2167 636 2234; x_wconf 89' lang='lat' dir='ltr'>ceperunt,</span> <span class='ocrx_word' id='word_1_174' title='bbox 721 2162 1060 2218; x_wconf 67' lang='lat' dir='ltr'>Judaaorum</span> <span class='ocrx_word' id='word_1_175' title='bbox 1141 2163 1521 2219; x_wconf 90' lang='lat' dir='ltr'>acerbissima</span> <span class='ocrx_word' id='word_1_176' title='bbox 1589 2160 1995 2234; x_wconf 86' lang='lat' dir='ltr'>persecutione</span> 
     </span>
    </p>
   </div>
   <div class='ocr_carea' id='block_1_28' title="bbox 2098 1534 3765 1608">
    <p class='ocr_par' dir='ltr' id='par_1_28' title="bbox 2098 1534 3765 1608">
     <span class='ocr_line' id='line_1_28' title="bbox 2098 1534 3765 1608; baseline -0.001 -18"><span class='ocrx_word' id='word_1_177' title='bbox 2098 1535 2157 1591; x_wconf 91' lang='lat' dir='ltr'>in</span> <span class='ocrx_word' id='word_1_178' title='bbox 2193 1535 2566 1592; x_wconf 85' lang='lat' dir='ltr'>festinatione</span> <span class='ocrx_word' id='word_1_179' title='bbox 2617 1535 2927 1608; x_wconf 86' lang='lat' dir='ltr'>perterriti,</span> <span class='ocrx_word' id='word_1_180' title='bbox 2975 1535 3367 1592; x_wconf 86' lang='lat' dir='ltr'>Christianam</span> <span class='ocrx_word' id='word_1_181' title='bbox 3410 1534 3765 1606; x_wconf 83' lang='lat' dir='ltr'>religionem</span> 
     </span>
    </p>
   </div>
   <div class='ocr_carea' id='block_1_29' title="bbox 2099 1624 3765 1698">
    <p class='ocr_par' dir='ltr' id='par_1_29' title="bbox 2099 1624 3765 1698">
     <span class='ocr_line' id='line_1_29' title="bbox 2099 1624 3765 1698; baseline -0.002 -16"><span class='ocrx_word' id='word_1_182' title='bbox 2099 1627 2170 1682; x_wconf 88' lang='lat' dir='ltr'>ab</span> <span class='ocrx_word' id='word_1_183' title='bbox 2205 1626 2483 1698; x_wconf 87' lang='lat' dir='ltr'>apostolis</span> <span class='ocrx_word' id='word_1_184' title='bbox 2544 1625 2656 1682; x_wconf 90' lang='lat' dir='ltr'>sibi</span> <span class='ocrx_word' id='word_1_185' title='bbox 2716 1626 2996 1680; x_wconf 87' lang='lat' dir='ltr'>traditam</span> <span class='ocrx_word' id='word_1_186' title='bbox 3057 1626 3424 1682; x_wconf 90' lang='lat' dir='ltr'>deserebant.</span> <span class='ocrx_word' id='word_1_187' title='bbox 3460 1626 3571 1680; x_wconf 85' lang='lat' dir='ltr'>Hos</span> <span class='ocrx_word' id='word_1_188' title='bbox 3603 1624 3765 1678; x_wconf 90' lang='lat' dir='ltr'>Pau-</span> 
     </span>
    </p>
   </div>
   <div class='ocr_carea' id='block_1_30' title="bbox 2099 1713 3764 1786">
    <p class='ocr_par' dir='ltr' id='par_1_30' title="bbox 2099 1713 3764 1786">
     <span class='ocr_line' id='line_1_30' title="bbox 2099 1713 3764 1786; baseline -0.002 -16"><span class='ocrx_word' id='word_1_189' title='bbox 2099 1713 2192 1770; x_wconf 91' lang='lat' dir='ltr'>lus</span> <span class='ocrx_word' id='word_1_190' title='bbox 2223 1714 2522 1786; x_wconf 86' lang='lat' dir='ltr'>apostolus</span> <span class='ocrx_word' id='word_1_191' title='bbox 2583 1715 2989 1770; x_wconf 88' lang='lat' dir='ltr'>adhortatione</span> <span class='ocrx_word' id='word_1_192' title='bbox 3045 1733 3152 1770; x_wconf 90' lang='lat' dir='ltr'>sua</span> <span class='ocrx_word' id='word_1_193' title='bbox 3203 1716 3486 1770; x_wconf 89' lang='lat' dir='ltr'>roborans</span> <span class='ocrx_word' id='word_1_194' title='bbox 3529 1715 3599 1768; x_wconf 91' lang='lat' dir='ltr'>ad</span> <span class='ocrx_word' id='word_1_195' title='bbox 3637 1713 3764 1783; x_wconf 85' lang='lat' dir='ltr'>pri-</span> 
     </span>
    </p>
   </div>
   <div class='ocr_carea' id='block_1_31' title="bbox 2100 1801 3768 1871">
    <p class='ocr_par' dir='ltr' id='par_1_31' title="bbox 2100 1801 3768 1871">
     <span class='ocr_line' id='line_1_31' title="bbox 2100 1801 3768 1871; baseline -0.002 -14"><span class='ocrx_word' id='word_1_196' title='bbox 2100 1803 2316 1857; x_wconf 90' lang='lat' dir='ltr'>stinam</span> <span class='ocrx_word' id='word_1_197' title='bbox 2348 1806 2575 1857; x_wconf 86' lang='lat' dir='ltr'>revocat</span> <span class='ocrx_word' id='word_1_198' title='bbox 2634 1803 2808 1856; x_wconf 82' lang='lat' dir='ltr'>ﬁdem</span> <span class='ocrx_word' id='word_1_199' title='bbox 2865 1803 3128 1858; x_wconf 87' lang='lat' dir='ltr'>scribens</span> <span class='ocrx_word' id='word_1_200' title='bbox 3189 1803 3273 1858; x_wconf 90' lang='lat' dir='ltr'>eis</span> <span class='ocrx_word' id='word_1_201' title='bbox 3325 1803 3398 1857; x_wconf 88' lang='lat' dir='ltr'>ab</span> <span class='ocrx_word' id='word_1_202' title='bbox 3456 1801 3625 1857; x_wconf 83' lang='lat' dir='ltr'>Italia</span> <span class='ocrx_word' id='word_1_203' title='bbox 3660 1816 3768 1871; x_wconf 90' lang='lat' dir='ltr'>per</span> 
     </span>
    </p>
   </div>
   <div class='ocr_carea' id='block_1_32' title="bbox 2100 1888 3766 1962">
    <p class='ocr_par' dir='ltr' id='par_1_32' title="bbox 2100 1888 3766 1962">
     <span class='ocr_line' id='line_1_32' title="bbox 2100 1888 3766 1962; baseline -0.002 -17"><span class='ocrx_word' id='word_1_204' title='bbox 2100 1890 2499 1957; x_wconf 90' lang='lat' dir='ltr'>Timotheum,</span> <span class='ocrx_word' id='word_1_205' title='bbox 2535 1889 2752 1960; x_wconf 90' lang='lat' dir='ltr'>quibus</span> <span class='ocrx_word' id='word_1_206' title='bbox 2776 1891 3125 1962; x_wconf 73' lang='lat' dir='ltr'>prommium</span> <span class='ocrx_word' id='word_1_207' title='bbox 3151 1891 3392 1946; x_wconf 91' lang='lat' dir='ltr'>solitum</span> <span class='ocrx_word' id='word_1_208' title='bbox 3414 1891 3486 1946; x_wconf 91' lang='lat' dir='ltr'>de</span> <span class='ocrx_word' id='word_1_209' title='bbox 3518 1888 3766 1945; x_wconf 87' lang='lat' dir='ltr'>nomine</span> 
     </span>
    </p>
   </div>
   <div class='ocr_carea' id='block_1_33' title="bbox 2100 1977 3766 2050">
    <p class='ocr_par' dir='ltr' id='par_1_33' title="bbox 2100 1977 3766 2050">
     <span class='ocr_line' id='line_1_33' title="bbox 2100 1977 3766 2050; baseline -0.002 -15"><span class='ocrx_word' id='word_1_210' title='bbox 2100 1995 2206 2035; x_wconf 90' lang='lat' dir='ltr'>suo</span> <span class='ocrx_word' id='word_1_211' title='bbox 2237 1979 2365 2034; x_wconf 92' lang='lat' dir='ltr'>ideo</span> <span class='ocrx_word' id='word_1_212' title='bbox 2396 1978 2456 2033; x_wconf 92' lang='lat' dir='ltr'>in</span> <span class='ocrx_word' id='word_1_213' title='bbox 2487 1977 2596 2033; x_wconf 91' lang='lat' dir='ltr'>hac</span> <span class='ocrx_word' id='word_1_214' title='bbox 2651 1977 2906 2050; x_wconf 88' lang='lat' dir='ltr'>Epistola</span> <span class='ocrx_word' id='word_1_215' title='bbox 2948 1995 3065 2033; x_wconf 91' lang='lat' dir='ltr'>non</span> <span class='ocrx_word' id='word_1_216' title='bbox 3114 1978 3418 2050; x_wconf 67' lang='lat' dir='ltr'>praemisit,</span> <span class='ocrx_word' id='word_1_217' title='bbox 3454 1978 3598 2049; x_wconf 88' lang='lat' dir='ltr'>quia</span> <span class='ocrx_word' id='word_1_218' title='bbox 3629 1977 3766 2049; x_wconf 89' lang='lat' dir='ltr'>ipse</span> 
     </span>
    </p>
   </div>
   <div class='ocr_carea' id='block_1_34' title="bbox 2102 2065 3768 2140">
    <p class='ocr_par' dir='ltr' id='par_1_34' title="bbox 2102 2065 3768 2140">
     <span class='ocr_line' id='line_1_34' title="bbox 2102 2065 3768 2140; baseline -0.001 -17"><span class='ocrx_word' id='word_1_219' title='bbox 2102 2065 2434 2140; x_wconf 88' lang='lat' dir='ltr'>specialiter</span> <span class='ocrx_word' id='word_1_220' title='bbox 2465 2068 2536 2121; x_wconf 91' lang='lat' dir='ltr'>ad</span> <span class='ocrx_word' id='word_1_221' title='bbox 2570 2071 2774 2138; x_wconf 88' lang='lat' dir='ltr'>gentes</span> <span class='ocrx_word' id='word_1_222' title='bbox 2806 2068 3024 2123; x_wconf 90' lang='lat' dir='ltr'>missus</span> <span class='ocrx_word' id='word_1_223' title='bbox 3056 2071 3200 2136; x_wconf 91' lang='lat' dir='ltr'>erat,</span> <span class='ocrx_word' id='word_1_224' title='bbox 3235 2067 3424 2122; x_wconf 65' lang='lat' dir='ltr'>ozeteri</span> <span class='ocrx_word' id='word_1_225' title='bbox 3454 2083 3593 2122; x_wconf 92' lang='lat' dir='ltr'>vero</span> <span class='ocrx_word' id='word_1_226' title='bbox 3626 2082 3768 2137; x_wconf 85' lang='lat' dir='ltr'>apo-</span> 
     </span>
    </p>
   </div>
   <div class='ocr_carea' id='block_1_35' title="bbox 2103 2155 2628 2213">
    <p class='ocr_par' dir='ltr' id='par_1_35' title="bbox 2103 2155 2628 2213">
     <span class='ocr_line' id='line_1_35' title="bbox 2103 2155 2628 2213; baseline -0.004 0"><span class='ocrx_word' id='word_1_227' title='bbox 2103 2156 2237 2213; x_wconf 83' lang='lat' dir='ltr'>stoli</span> <span class='ocrx_word' id='word_1_228' title='bbox 2273 2157 2344 2212; x_wconf 88' lang='lat' dir='ltr'>ad</span> <span class='ocrx_word' id='word_1_229' title='bbox 2374 2155 2628 2212; x_wconf 66' lang='lat' dir='ltr'>Judaaos.</span> 
     </span>
    </p>
   </div>
   <div class='ocr_carea' id='block_1_36' title="bbox 1374 2329 2739 2393">
    <p class='ocr_par' dir='ltr' id='par_1_36' title="bbox 1374 2329 2739 2393">
     <span class='ocr_line' id='line_1_36' title="bbox 1374 2329 2739 2393; baseline -0.004 -1"><span class='ocrx_word' id='word_1_230' title='bbox 1374 2331 1667 2393; x_wconf 89' lang='lat' dir='ltr'>INCIPIT</span> <span class='ocrx_word' id='word_1_231' title='bbox 1709 2329 2125 2391; x_wconf 80' lang='lat' dir='ltr'>PROLOGUS</span> <span class='ocrx_word' id='word_1_232' title='bbox 2171 2331 2275 2389; x_wconf 90' lang='lat' dir='ltr'>AD</span> <span class='ocrx_word' id='word_1_233' title='bbox 2323 2329 2739 2390; x_wconf 66' lang='lat' dir='ltr'>HEBREOS.</span> 
     </span>
    </p>
   </div>
   <div class='ocr_carea' id='block_1_37' title="bbox 411 2476 3774 2552">
    <p class='ocr_par' dir='ltr' id='par_1_37' title="bbox 411 2476 3774 2552">
     <span class='ocr_line' id='line_1_37' title="bbox 411 2476 3774 2552; baseline -0 -18"><span class='ocrx_word' id='word_1_234' title='bbox 411 2483 477 2535; x_wconf 90' lang='lat' dir='ltr'>In</span> <span class='ocrx_word' id='word_1_235' title='bbox 502 2479 710 2551; x_wconf 89' lang='lat' dir='ltr'>primis</span> <span class='ocrx_word' id='word_1_236' title='bbox 731 2481 1046 2536; x_wconf 89' lang='lat' dir='ltr'>dicendum</span> <span class='ocrx_word' id='word_1_237' title='bbox 1069 2484 1370 2552; x_wconf 90' lang='lat' dir='ltr'>est,quare</span> <span class='ocrx_word' id='word_1_238' title='bbox 1393 2480 1694 2552; x_wconf 90' lang='lat' dir='ltr'>apostolus</span> <span class='ocrx_word' id='word_1_239' title='bbox 1709 2477 1995 2534; x_wconf 91' lang='lat' dir='ltr'>Paulusin</span> <span class='ocrx_word' id='word_1_240' title='bbox 2025 2481 2074 2544; x_wconf 88' lang='grc' dir='ltr'>Β</span> <span class='ocrx_word' id='word_1_241' title='bbox 2104 2477 2222 2532; x_wconf 83' lang='grc' dir='ltr'>Ηοο</span> <span class='ocrx_word' id='word_1_242' title='bbox 2255 2476 2314 2532; x_wconf 87' lang='lat' dir='ltr'>in</span> <span class='ocrx_word' id='word_1_243' title='bbox 2344 2476 2472 2549; x_wconf 85' lang='lat' dir='ltr'>ipso</span> <span class='ocrx_word' id='word_1_244' title='bbox 2503 2476 2738 2532; x_wconf 88' lang='lat' dir='ltr'>exordio</span> <span class='ocrx_word' id='word_1_245' title='bbox 2776 2476 3038 2532; x_wconf 90' lang='lat' dir='ltr'>scribens</span> <span class='ocrx_word' id='word_1_246' title='bbox 3061 2478 3212 2549; x_wconf 88' lang='lat' dir='ltr'>apud</span> <span class='ocrx_word' id='word_1_247' title='bbox 3249 2477 3518 2532; x_wconf 73' lang='lat' dir='ltr'>Hebraeos</span> <span class='ocrx_word' id='word_1_248' title='bbox 3551 2477 3774 2534; x_wconf 89' lang='lat' dir='ltr'>beatus</span> 
     </span>
    </p>
   </div>
   <div class='ocr_carea' id='block_1_38' title="bbox 345 2569 1998 2642">
    <p class='ocr_par' dir='ltr' id='par_1_38' title="bbox 345 2569 1998 2642">
     <span class='ocr_line' id='line_1_38' title="bbox 345 2569 1998 2642; baseline -0.002 -18"><span class='ocrx_word' id='word_1_249' title='bbox 345 2569 455 2625; x_wconf 82' lang='lat' dir='ltr'>hac</span> <span class='ocrx_word' id='word_1_250' title='bbox 486 2569 763 2642; x_wconf 88' lang='lat' dir='ltr'>Epistola,</span> <span class='ocrx_word' id='word_1_251' title='bbox 787 2586 966 2641; x_wconf 84' lang='lat' dir='ltr'>quam</span> <span class='ocrx_word' id='word_1_252' title='bbox 997 2570 1220 2626; x_wconf 65' lang='lat' dir='ltr'>Judaeis</span> <span class='ocrx_word' id='word_1_253' title='bbox 1244 2569 1505 2640; x_wconf 90' lang='lat' dir='ltr'>scripsit,</span> <span class='ocrx_word' id='word_1_254' title='bbox 1538 2585 1683 2637; x_wconf 88' lang='lat' dir='ltr'>quos</span> <span class='ocrx_word' id='word_1_255' title='bbox 1706 2569 1998 2631; x_wconf 69' lang='lat' dir='ltr'>Hebraeos,</span> 
     </span>
    </p>
   </div>
   <div class='ocr_carea' id='block_1_39' title="bbox 346 2655 2004 2725">
    <p class='ocr_par' dir='ltr' id='par_1_39' title="bbox 346 2655 2004 2725">
     <span class='ocr_line' id='line_1_39' title="bbox 346 2655 2004 2725; baseline -0.003 -11"><span class='ocrx_word' id='word_1_256' title='bbox 346 2663 405 2714; x_wconf 87' lang='lat' dir='ltr'>et</span> <span class='ocrx_word' id='word_1_257' title='bbox 434 2675 548 2714; x_wconf 90' lang='lat' dir='ltr'>non</span> <span class='ocrx_word' id='word_1_258' title='bbox 584 2658 876 2714; x_wconf 87' lang='lat' dir='ltr'>Israelitas</span> <span class='ocrx_word' id='word_1_259' title='bbox 921 2659 1103 2714; x_wconf 90' lang='lat' dir='ltr'>voluit</span> <span class='ocrx_word' id='word_1_260' title='bbox 1161 2658 1487 2725; x_wconf 90' lang='lat' dir='ltr'>nominare,</span> <span class='ocrx_word' id='word_1_261' title='bbox 1540 2673 1655 2711; x_wconf 91' lang='lat' dir='ltr'>non</span> <span class='ocrx_word' id='word_1_262' title='bbox 1691 2655 2004 2711; x_wconf 88' lang='lat' dir='ltr'>servaverit</span> 
     </span>
    </p>
   </div>
   <div class='ocr_carea' id='block_1_40' title="bbox 349 2745 2002 2815">
    <p class='ocr_par' dir='ltr' id='par_1_40' title="bbox 349 2745 2002 2815">
     <span class='ocr_line' id='line_1_40' title="bbox 349 2745 2002 2815; baseline -0.002 -12"><span class='ocrx_word' id='word_1_263' title='bbox 349 2763 574 2803; x_wconf 90' lang='lat' dir='ltr'>morem</span> <span class='ocrx_word' id='word_1_264' title='bbox 605 2762 804 2815; x_wconf 88' lang='lat' dir='ltr'>suum,</span> <span class='ocrx_word' id='word_1_265' title='bbox 835 2753 901 2802; x_wconf 91' lang='lat' dir='ltr'>ut</span> <span class='ocrx_word' id='word_1_266' title='bbox 949 2747 1036 2801; x_wconf 88' lang='lat' dir='ltr'>vel</span> <span class='ocrx_word' id='word_1_267' title='bbox 1078 2746 1427 2801; x_wconf 89' lang='lat' dir='ltr'>vocabulum</span> <span class='ocrx_word' id='word_1_268' title='bbox 1478 2745 1734 2801; x_wconf 87' lang='lat' dir='ltr'>nominis</span> <span class='ocrx_word' id='word_1_269' title='bbox 1767 2745 1880 2814; x_wconf 91' lang='lat' dir='ltr'>sui,</span> <span class='ocrx_word' id='word_1_270' title='bbox 1914 2746 2002 2800; x_wconf 91' lang='lat' dir='ltr'>vel</span> 
     </span>
    </p>
   </div>
   <div class='ocr_carea' id='block_1_41' title="bbox 351 2833 2002 2904">
    <p class='ocr_par' dir='ltr' id='par_1_41' title="bbox 351 2833 2002 2904">
     <span class='ocr_line' id='line_1_41' title="bbox 351 2833 2002 2904; baseline -0.001 -14"><span class='ocrx_word' id='word_1_271' title='bbox 351 2834 577 2890; x_wconf 90' lang='lat' dir='ltr'>ordinis</span> <span class='ocrx_word' id='word_1_272' title='bbox 607 2833 888 2890; x_wconf 82' lang='lat' dir='ltr'>scriberet</span> <span class='ocrx_word' id='word_1_273' title='bbox 917 2833 1282 2904; x_wconf 87' lang='lat' dir='ltr'>dignitatem.</span> <span class='ocrx_word' id='word_1_274' title='bbox 1322 2835 1445 2888; x_wconf 72' lang='lat' dir='ltr'>Haec</span> <span class='ocrx_word' id='word_1_275' title='bbox 1486 2851 1665 2889; x_wconf 87' lang='lat' dir='ltr'>causa</span> <span class='ocrx_word' id='word_1_276' title='bbox 1695 2839 1785 2888; x_wconf 88' lang='lat' dir='ltr'>est</span> <span class='ocrx_word' id='word_1_277' title='bbox 1811 2851 1823 2888; x_wconf 91' lang='lat'>:</span> <span class='ocrx_word' id='word_1_278' title='bbox 1849 2836 2002 2904; x_wconf 91' lang='lat' dir='ltr'>quod</span> 
     </span>
    </p>
   </div>
   <div class='ocr_carea' id='block_1_42' title="bbox 353 2921 2002 2992">
    <p class='ocr_par' dir='ltr' id='par_1_42' title="bbox 353 2921 2002 2992">
     <span class='ocr_line' id='line_1_42' title="bbox 353 2921 2002 2992; baseline -0.001 -14"><span class='ocrx_word' id='word_1_279' title='bbox 353 2923 426 2978; x_wconf 90' lang='lat' dir='ltr'>ad</span> <span class='ocrx_word' id='word_1_280' title='bbox 458 2938 558 2978; x_wconf 91' lang='lat' dir='ltr'>eos</span> <span class='ocrx_word' id='word_1_281' title='bbox 587 2921 809 2990; x_wconf 90' lang='lat' dir='ltr'>scribit,</span> <span class='ocrx_word' id='word_1_282' title='bbox 865 2922 964 2992; x_wconf 91' lang='lat' dir='ltr'>qui</span> <span class='ocrx_word' id='word_1_283' title='bbox 1015 2938 1084 2976; x_wconf 87' lang='lat' dir='ltr'>ex</span> <span class='ocrx_word' id='word_1_284' title='bbox 1132 2921 1581 2978; x_wconf 88' lang='lat' dir='ltr'>circumcisione</span> <span class='ocrx_word' id='word_1_285' title='bbox 1613 2922 2002 2989; x_wconf 87' lang='lat' dir='ltr'>crediderant,</span> 
     </span>
    </p>
   </div>
   <div class='ocr_carea' id='block_1_43' title="bbox 355 3009 2003 3083">
    <p class='ocr_par' dir='ltr' id='par_1_43' title="bbox 355 3009 2003 3083">
     <span class='ocr_line' id='line_1_43' title="bbox 355 3009 2003 3083; baseline 0 -18"><span class='ocrx_word' id='word_1_286' title='bbox 355 3009 525 3083; x_wconf 86' lang='lat' dir='ltr'>quasi</span> <span class='ocrx_word' id='word_1_287' title='bbox 581 3010 849 3082; x_wconf 84' lang='lat' dir='ltr'>gentium</span> <span class='ocrx_word' id='word_1_288' title='bbox 917 3010 1256 3082; x_wconf 84' lang='lat' dir='ltr'>Apostolus,</span> <span class='ocrx_word' id='word_1_289' title='bbox 1317 3015 1374 3065; x_wconf 90' lang='lat' dir='ltr'>et</span> <span class='ocrx_word' id='word_1_290' title='bbox 1431 3027 1547 3066; x_wconf 91' lang='lat' dir='ltr'>non</span> <span class='ocrx_word' id='word_1_291' title='bbox 1608 3012 2003 3066; x_wconf 66' lang='lat' dir='ltr'>Hebraeorum.</span> 
     </span>
    </p>
   </div>
   <div class='ocr_carea' id='block_1_44' title="bbox 355 3099 2007 3172">
    <p class='ocr_par' dir='ltr' id='par_1_44' title="bbox 355 3099 2007 3172">
     <span class='ocr_line' id='line_1_44' title="bbox 355 3099 2007 3172; baseline -0.002 -16"><span class='ocrx_word' id='word_1_292' title='bbox 355 3100 558 3156; x_wconf 89' lang='lat' dir='ltr'>Sciens</span> <span class='ocrx_word' id='word_1_293' title='bbox 587 3115 821 3171; x_wconf 89' lang='lat' dir='ltr'>quoque</span> <span class='ocrx_word' id='word_1_294' title='bbox 841 3115 1044 3154; x_wconf 92' lang='lat' dir='ltr'>eorum</span> <span class='ocrx_word' id='word_1_295' title='bbox 1067 3099 1427 3171; x_wconf 88' lang='lat' dir='ltr'>superbiam,</span> <span class='ocrx_word' id='word_1_296' title='bbox 1453 3115 1740 3172; x_wconf 92' lang='lat' dir='ltr'>suamque</span> <span class='ocrx_word' id='word_1_297' title='bbox 1766 3099 2007 3154; x_wconf 91' lang='lat' dir='ltr'>humili-</span> 
     </span>
    </p>
   </div>
   <div class='ocr_carea' id='block_1_45' title="bbox 353 3187 2010 3260">
    <p class='ocr_par' dir='ltr' id='par_1_45' title="bbox 353 3187 2010 3260">
     <span class='ocr_line' id='line_1_45' title="bbox 353 3187 2010 3260; baseline -0.001 -17"><span class='ocrx_word' id='word_1_298' title='bbox 353 3192 533 3244; x_wconf 90' lang='lat' dir='ltr'>tatem</span> <span class='ocrx_word' id='word_1_299' title='bbox 564 3188 689 3260; x_wconf 90' lang='lat' dir='ltr'>ipse</span> <span class='ocrx_word' id='word_1_300' title='bbox 721 3189 1157 3257; x_wconf 88' lang='lat' dir='ltr'>demonstrans,</span> <span class='ocrx_word' id='word_1_301' title='bbox 1180 3189 1459 3244; x_wconf 89' lang='lat' dir='ltr'>meritum</span> <span class='ocrx_word' id='word_1_302' title='bbox 1490 3188 1664 3243; x_wconf 76' lang='lat' dir='ltr'>officii</span> <span class='ocrx_word' id='word_1_303' title='bbox 1696 3187 1787 3244; x_wconf 90' lang='lat' dir='ltr'>sui</span> <span class='ocrx_word' id='word_1_304' title='bbox 1821 3187 2010 3243; x_wconf 90' lang='lat' dir='ltr'>noluit</span> 
     </span>
    </p>
   </div>
   <div class='ocr_carea' id='block_1_46' title="bbox 358 3275 2012 3347">
    <p class='ocr_par' dir='ltr' id='par_1_46' title="bbox 358 3275 2012 3347">
     <span class='ocr_line' id='line_1_46' title="bbox 358 3275 2012 3347; baseline -0.001 -15"><span class='ocrx_word' id='word_1_305' title='bbox 358 3277 665 3332; x_wconf 85' lang='lat' dir='ltr'>anteferre.</span> <span class='ocrx_word' id='word_1_306' title='bbox 710 3277 819 3331; x_wconf 92' lang='lat' dir='ltr'>Pro</span> <span class='ocrx_word' id='word_1_307' title='bbox 849 3292 915 3331; x_wconf 94' lang='lat' dir='ltr'>eo</span> <span class='ocrx_word' id='word_1_308' title='bbox 945 3277 1102 3347; x_wconf 91' lang='lat' dir='ltr'>quod</span> <span class='ocrx_word' id='word_1_309' title='bbox 1133 3278 1288 3347; x_wconf 90' lang='lat' dir='ltr'>apud</span> <span class='ocrx_word' id='word_1_310' title='bbox 1321 3277 1692 3332; x_wconf 78' lang='lat' dir='ltr'>Hebraeorum</span> <span class='ocrx_word' id='word_1_311' title='bbox 1725 3275 2012 3332; x_wconf 82' lang='lat' dir='ltr'>Ecclesias</span> 
     </span>
    </p>
   </div>
   <div class='ocr_carea' id='block_1_47' title="bbox 361 3364 2011 3437">
    <p class='ocr_par' dir='ltr' id='par_1_47' title="bbox 361 3364 2011 3437">
     <span class='ocr_line' id='line_1_47' title="bbox 361 3364 2011 3437; baseline -0.001 -17"><span class='ocrx_word' id='word_1_312' title='bbox 361 3365 531 3437; x_wconf 89' lang='lat' dir='ltr'>quasi</span> <span class='ocrx_word' id='word_1_313' title='bbox 559 3367 888 3420; x_wconf 90' lang='lat' dir='ltr'>destructor</span> <span class='ocrx_word' id='word_1_314' title='bbox 935 3364 1084 3437; x_wconf 88' lang='lat' dir='ltr'>legis</span> <span class='ocrx_word' id='word_1_315' title='bbox 1115 3365 1258 3420; x_wconf 87' lang='lat' dir='ltr'>falsa</span> <span class='ocrx_word' id='word_1_316' title='bbox 1290 3366 1623 3437; x_wconf 90' lang='lat' dir='ltr'>suspicione</span> <span class='ocrx_word' id='word_1_317' title='bbox 1662 3366 2011 3431; x_wconf 88' lang='lat' dir='ltr'>habebatur,</span> 
     </span>
    </p>
   </div>
   <div class='ocr_carea' id='block_1_48' title="bbox 360 3453 2013 3528">
    <p class='ocr_par' dir='ltr' id='par_1_48' title="bbox 360 3453 2013 3528">
     <span class='ocr_line' id='line_1_48' title="bbox 360 3453 2013 3528; baseline 0 -20"><span class='ocrx_word' id='word_1_318' title='bbox 360 3453 543 3510; x_wconf 89' lang='lat' dir='ltr'>voluit</span> <span class='ocrx_word' id='word_1_319' title='bbox 573 3453 745 3509; x_wconf 89' lang='lat' dir='ltr'>tacito</span> <span class='ocrx_word' id='word_1_320' title='bbox 805 3454 1041 3510; x_wconf 88' lang='lat' dir='ltr'>nomine</span> <span class='ocrx_word' id='word_1_321' title='bbox 1089 3455 1160 3509; x_wconf 90' lang='lat' dir='ltr'>de</span> <span class='ocrx_word' id='word_1_322' title='bbox 1216 3457 1420 3528; x_wconf 82' lang='lat' dir='ltr'>figuris</span> <span class='ocrx_word' id='word_1_323' title='bbox 1468 3455 1636 3525; x_wconf 89' lang='lat' dir='ltr'>legis,</span> <span class='ocrx_word' id='word_1_324' title='bbox 1684 3458 1742 3508; x_wconf 86' lang='lat' dir='ltr'>et</span> <span class='ocrx_word' id='word_1_325' title='bbox 1772 3453 2013 3509; x_wconf 87' lang='lat' dir='ltr'>veritate</span> 
     </span>
    </p>
   </div>
   <div class='ocr_carea' id='block_1_49' title="bbox 359 3541 2014 3612">
    <p class='ocr_par' dir='ltr' id='par_1_49' title="bbox 359 3541 2014 3612">
     <span class='ocr_line' id='line_1_49' title="bbox 359 3541 2014 3612; baseline -0.001 -15"><span class='ocrx_word' id='word_1_326' title='bbox 359 3541 572 3598; x_wconf 90' lang='lat' dir='ltr'>Christi</span> <span class='ocrx_word' id='word_1_327' title='bbox 599 3542 840 3597; x_wconf 90' lang='lat' dir='ltr'>reddere</span> <span class='ocrx_word' id='word_1_328' title='bbox 871 3542 1175 3612; x_wconf 89' lang='lat' dir='ltr'>rationem,</span> <span class='ocrx_word' id='word_1_329' title='bbox 1212 3561 1282 3598; x_wconf 90' lang='lat' dir='ltr'>ne</span> <span class='ocrx_word' id='word_1_330' title='bbox 1313 3543 1513 3598; x_wconf 91' lang='lat' dir='ltr'>odium</span> <span class='ocrx_word' id='word_1_331' title='bbox 1547 3543 1802 3598; x_wconf 89' lang='lat' dir='ltr'>nominis</span> <span class='ocrx_word' id='word_1_332' title='bbox 1825 3544 2014 3598; x_wconf 88' lang='lat' dir='ltr'>fronte</span> 
     </span>
    </p>
   </div>
   <div class='ocr_carea' id='block_1_50' title="bbox 365 3631 2015 3703">
    <p class='ocr_par' dir='ltr' id='par_1_50' title="bbox 365 3631 2015 3703">
     <span class='ocr_line' id='line_1_50' title="bbox 365 3631 2015 3703; baseline 0 -17"><span class='ocrx_word' id='word_1_333' title='bbox 365 3631 585 3703; x_wconf 83' lang='lat' dir='ltr'>praefati</span> <span class='ocrx_word' id='word_1_334' title='bbox 618 3631 794 3698; x_wconf 86' lang='lat' dir='ltr'>tituli,</span> <span class='ocrx_word' id='word_1_335' title='bbox 829 3631 1146 3688; x_wconf 89' lang='lat' dir='ltr'>utilitatem</span> <span class='ocrx_word' id='word_1_336' title='bbox 1177 3632 1508 3688; x_wconf 81' lang='lat' dir='ltr'>excluderet</span> <span class='ocrx_word' id='word_1_337' title='bbox 1538 3631 1826 3687; x_wconf 88' lang='lat' dir='ltr'>lectionis.</span> <span class='ocrx_word' id='word_1_338' title='bbox 1852 3631 2015 3694; x_wconf 87' lang='lat' dir='ltr'>Quod</span> 
     </span>
    </p>
   </div>
   <div class='ocr_carea' id='block_1_51' title="bbox 364 3718 2018 3792">
    <p class='ocr_par' dir='ltr' id='par_1_51' title="bbox 364 3718 2018 3792">
     <span class='ocr_line' id='line_1_51' title="bbox 364 3718 2018 3792; baseline -0.001 -18"><span class='ocrx_word' id='word_1_339' title='bbox 364 3719 462 3775; x_wconf 89' lang='lat' dir='ltr'>alii</span> <span class='ocrx_word' id='word_1_340' title='bbox 493 3718 578 3773; x_wconf 90' lang='lat' dir='ltr'>sic</span> <span class='ocrx_word' id='word_1_341' title='bbox 625 3719 996 3790; x_wconf 90' lang='lat' dir='ltr'>intelligunt:</span> <span class='ocrx_word' id='word_1_342' title='bbox 1059 3721 1211 3790; x_wconf 91' lang='lat' dir='ltr'>quod</span> <span class='ocrx_word' id='word_1_343' title='bbox 1255 3725 1563 3792; x_wconf 87' lang='lat' dir='ltr'>prepterea</span> <span class='ocrx_word' id='word_1_344' title='bbox 1613 3719 1824 3775; x_wconf 88' lang='lat' dir='ltr'>Paulus</span> <span class='ocrx_word' id='word_1_345' title='bbox 1847 3719 2018 3774; x_wconf 91' lang='lat' dir='ltr'>solita</span> 
     </span>
    </p>
   </div>
   <div class='ocr_carea' id='block_1_52' title="bbox 368 3807 2016 3880">
    <p class='ocr_par' dir='ltr' id='par_1_52' title="bbox 368 3807 2016 3880">
     <span class='ocr_line' id='line_1_52' title="bbox 368 3807 2016 3880; baseline 0 -18"><span class='ocrx_word' id='word_1_346' title='bbox 368 3807 792 3863; x_wconf 83' lang='lat' dir='ltr'>consuetudine</span> <span class='ocrx_word' id='word_1_347' title='bbox 834 3824 937 3862; x_wconf 89' lang='lat' dir='ltr'>nec</span> <span class='ocrx_word' id='word_1_348' title='bbox 983 3824 1196 3863; x_wconf 89' lang='lat' dir='ltr'>nomen</span> <span class='ocrx_word' id='word_1_349' title='bbox 1231 3826 1426 3879; x_wconf 89' lang='lat' dir='ltr'>suum,</span> <span class='ocrx_word' id='word_1_350' title='bbox 1459 3826 1562 3864; x_wconf 90' lang='lat' dir='ltr'>nec</span> <span class='ocrx_word' id='word_1_351' title='bbox 1586 3807 1832 3880; x_wconf 89' lang='lat' dir='ltr'>apostoli</span> <span class='ocrx_word' id='word_1_352' title='bbox 1854 3825 2016 3863; x_wconf 87' lang='lat' dir='ltr'>voca-</span> 
     </span>
    </p>
   </div>
   <div class='ocr_carea' id='block_1_53' title="bbox 369 3895 2013 3966">
    <p class='ocr_par' dir='ltr' id='par_1_53' title="bbox 369 3895 2013 3966">
     <span class='ocr_line' id='line_1_53' title="bbox 369 3895 2013 3966; baseline 0 -16"><span class='ocrx_word' id='word_1_353' title='bbox 369 3895 573 3950; x_wconf 91' lang='lat' dir='ltr'>bulum</span> <span class='ocrx_word' id='word_1_354' title='bbox 607 3895 1038 3966; x_wconf 69' lang='lat' dir='ltr'>prazposuisset,</span> <span class='ocrx_word' id='word_1_355' title='bbox 1064 3897 1201 3965; x_wconf 87' lang='lat' dir='ltr'>quia</span> <span class='ocrx_word' id='word_1_356' title='bbox 1224 3897 1292 3951; x_wconf 93' lang='lat' dir='ltr'>de</span> <span class='ocrx_word' id='word_1_357' title='bbox 1319 3896 1544 3952; x_wconf 85' lang='lat' dir='ltr'>Christo</span> <span class='ocrx_word' id='word_1_358' title='bbox 1569 3902 1690 3951; x_wconf 88' lang='lat' dir='ltr'>erat</span> <span class='ocrx_word' id='word_1_359' title='bbox 1722 3897 2013 3952; x_wconf 90' lang='lat' dir='ltr'>dicturus:</span> 
     </span>
    </p>
   </div>
   <div class='ocr_carea' id='block_1_54' title="bbox 367 3983 2021 4058">
    <p class='ocr_par' dir='ltr' id='par_1_54' title="bbox 367 3983 2021 4058">
     <span class='ocr_line' id='line_1_54' title="bbox 367 3983 2021 4058; baseline 0.002 -22"><span class='ocrx_word' id='word_1_360' title='bbox 367 4006 396 4034; x_wconf 85' lang='lat'><strong>«</strong></span> <span class='ocrx_word' id='word_1_361' title='bbox 429 3983 720 4039; x_wconf 89' lang='lat' dir='ltr'>Habentes</span> <span class='ocrx_word' id='word_1_362' title='bbox 743 4000 879 4056; x_wconf 90' lang='lat' dir='ltr'>ergo</span> <span class='ocrx_word' id='word_1_363' title='bbox 911 3986 1268 4056; x_wconf 75' lang='lat' dir='ltr'>pontificem,</span> <span class='ocrx_word' id='word_1_364' title='bbox 1296 3986 2021 4058; x_wconf 87' lang='lat' dir='ltr'>Sacerdotem,etAposto-—</span> 
     </span>
    </p>
   </div>
   <div class='ocr_carea' id='block_1_55' title="bbox 370 4073 2018 4130">
    <p class='ocr_par' dir='ltr' id='par_1_55' title="bbox 370 4073 2018 4130">
     <span class='ocr_line' id='line_1_55' title="bbox 370 4073 2018 4130; baseline 0.001 -4"><span class='ocrx_word' id='word_1_365' title='bbox 370 4073 494 4128; x_wconf 91' lang='lat' dir='ltr'>lum</span> <span class='ocrx_word' id='word_1_366' title='bbox 527 4073 912 4128; x_wconf 83' lang='lat' dir='ltr'>confessionis</span> <span class='ocrx_word' id='word_1_367' title='bbox 946 4088 1156 4129; x_wconf 64' lang='lat' dir='ltr'>nostrae</span> <span class='ocrx_word' id='word_1_368' title='bbox 1186 4075 1392 4129; x_wconf 87' lang='lat' dir='ltr'>Jesum</span> <span class='ocrx_word' id='word_1_369' title='bbox 1427 4093 1493 4130; x_wconf 75' lang='grc' dir='ltr'>υς</span> <span class='ocrx_word' id='word_1_370' title='bbox 1529 4091 1633 4130; x_wconf 88' lang='lat' dir='ltr'>nec</span> <span class='ocrx_word' id='word_1_371' title='bbox 1670 4075 1850 4130; x_wconf 83' lang='lat' dir='ltr'>fuisse</span> <span class='ocrx_word' id='word_1_372' title='bbox 1883 4091 2018 4129; x_wconf 90' lang='lat' dir='ltr'>con-</span> 
     </span>
    </p>
   </div>
   <div class='ocr_carea' id='block_1_56' title="bbox 371 4161 2018 4234">
    <p class='ocr_par' dir='ltr' id='par_1_56' title="bbox 371 4161 2018 4234">
     <span class='ocr_line' id='line_1_56' title="bbox 371 4161 2018 4234; baseline 0.002 -19"><span class='ocrx_word' id='word_1_373' title='bbox 371 4177 608 4231; x_wconf 86' lang='lat' dir='ltr'>gruum,</span> <span class='ocrx_word' id='word_1_374' title='bbox 643 4167 728 4231; x_wconf 90' lang='lat' dir='ltr'>ut,</span> <span class='ocrx_word' id='word_1_375' title='bbox 763 4161 861 4216; x_wconf 91' lang='lat' dir='ltr'>ubi</span> <span class='ocrx_word' id='word_1_376' title='bbox 893 4161 1161 4218; x_wconf 81' lang='lat' dir='ltr'>Christus</span> <span class='ocrx_word' id='word_1_377' title='bbox 1213 4163 1530 4234; x_wconf 85' lang='lat' dir='ltr'>Apostolus</span> <span class='ocrx_word' id='word_1_378' title='bbox 1561 4164 1846 4218; x_wconf 89' lang='lat' dir='ltr'>dicendus</span> <span class='ocrx_word' id='word_1_379' title='bbox 1875 4169 2018 4230; x_wconf 90' lang='lat' dir='ltr'>erat,</span> 
     </span>
    </p>
   </div>
   <div class='ocr_carea' id='block_1_57' title="bbox 375 4249 2022 4324">
    <p class='ocr_par' dir='ltr' id='par_1_57' title="bbox 375 4249 2022 4324">
     <span class='ocr_line' id='line_1_57' title="bbox 375 4249 2022 4324; baseline 0.003 -21"><span class='ocrx_word' id='word_1_380' title='bbox 375 4250 456 4305; x_wconf 90' lang='lat' dir='ltr'>ibi</span> <span class='ocrx_word' id='word_1_381' title='bbox 487 4249 664 4305; x_wconf 89' lang='lat' dir='ltr'>etiam</span> <span class='ocrx_word' id='word_1_382' title='bbox 692 4251 909 4306; x_wconf 86' lang='lat' dir='ltr'>Paulus</span> <span class='ocrx_word' id='word_1_383' title='bbox 939 4252 1240 4323; x_wconf 89' lang='lat' dir='ltr'>apostolus</span> <span class='ocrx_word' id='word_1_384' title='bbox 1272 4253 1770 4323; x_wconf 86' lang='lat' dir='ltr'>poneretur.Hanc</span> <span class='ocrx_word' id='word_1_385' title='bbox 1801 4255 2022 4324; x_wconf 86' lang='lat' dir='ltr'>Episto-</span> 
     </span>
    </p>
   </div>
   <div class='ocr_carea' id='block_1_58' title="bbox 372 4337 2021 4411">
    <p class='ocr_par' dir='ltr' id='par_1_58' title="bbox 372 4337 2021 4411">
     <span class='ocr_line' id='line_1_58' title="bbox 372 4337 2021 4411; baseline 0.002 -19"><span class='ocrx_word' id='word_1_386' title='bbox 372 4337 490 4392; x_wconf 89' lang='lat' dir='ltr'>lam</span> <span class='ocrx_word' id='word_1_387' title='bbox 525 4337 708 4393; x_wconf 85' lang='lat' dir='ltr'>fertur</span> <span class='ocrx_word' id='word_1_388' title='bbox 733 4337 1048 4409; x_wconf 87' lang='lat' dir='ltr'>Apostolus</span> <span class='ocrx_word' id='word_1_389' title='bbox 1075 4339 1146 4394; x_wconf 89' lang='lat' dir='ltr'>ad</span> <span class='ocrx_word' id='word_1_390' title='bbox 1179 4340 1448 4395; x_wconf 69' lang='lat' dir='ltr'>Hebraeos</span> <span class='ocrx_word' id='word_1_391' title='bbox 1489 4340 1878 4411; x_wconf 88' lang='lat' dir='ltr'>conscriptam</span> <span class='ocrx_word' id='word_1_392' title='bbox 1912 4345 2021 4396; x_wconf 89' lang='lat' dir='ltr'>He-</span> 
     </span>
    </p>
   </div>
   <div class='ocr_carea' id='block_1_59' title="bbox 371 4426 2019 4498">
    <p class='ocr_par' dir='ltr' id='par_1_59' title="bbox 371 4426 2019 4498">
     <span class='ocr_line' id='line_1_59' title="bbox 371 4426 2019 4498; baseline 0.003 -18"><span class='ocrx_word' id='word_1_393' title='bbox 371 4426 528 4481; x_wconf 72' lang='lat' dir='ltr'>braea</span> <span class='ocrx_word' id='word_1_394' title='bbox 558 4426 762 4498; x_wconf 87' lang='lat' dir='ltr'>lingua</span> <span class='ocrx_word' id='word_1_395' title='bbox 813 4427 1066 4484; x_wconf 86' lang='lat' dir='ltr'>misisse.</span> <span class='ocrx_word' id='word_1_396' title='bbox 1129 4429 1307 4498; x_wconf 88' lang='lat' dir='ltr'>Cujus</span> <span class='ocrx_word' id='word_1_397' title='bbox 1366 4445 1608 4484; x_wconf 88' lang='lat' dir='ltr'>sensum</span> <span class='ocrx_word' id='word_1_398' title='bbox 1669 4434 1725 4484; x_wconf 89' lang='lat' dir='ltr'>et</span> <span class='ocrx_word' id='word_1_399' title='bbox 1754 4430 2019 4486; x_wconf 87' lang='lat' dir='ltr'>ordinem</span> 
     </span>
    </p>
   </div>
   <div class='ocr_carea' id='block_1_60' title="bbox 371 4513 2019 4589">
    <p class='ocr_par' dir='ltr' id='par_1_60' title="bbox 371 4513 2019 4589">
     <span class='ocr_line' id='line_1_60' title="bbox 371 4513 2019 4589; baseline 0.002 -20"><span class='ocrx_word' id='word_1_400' title='bbox 371 4513 630 4569; x_wconf 87' lang='lat' dir='ltr'>retinens</span> <span class='ocrx_word' id='word_1_401' title='bbox 677 4514 861 4570; x_wconf 88' lang='lat' dir='ltr'>Lucas</span> <span class='ocrx_word' id='word_1_402' title='bbox 908 4516 1288 4588; x_wconf 89' lang='lat' dir='ltr'>evangelista,</span> <span class='ocrx_word' id='word_1_403' title='bbox 1350 4522 1482 4589; x_wconf 89' lang='lat' dir='ltr'>post</span> <span class='ocrx_word' id='word_1_404' title='bbox 1531 4533 1832 4573; x_wconf 82' lang='lat' dir='ltr'>excessum</span> <span class='ocrx_word' id='word_1_405' title='bbox 1865 4519 2019 4574; x_wconf 83' lang='lat' dir='ltr'>beati</span> 
     </span>
    </p>
   </div>
   <div class='ocr_carea' id='block_1_61' title="bbox 375 4601 2022 4677">
    <p class='ocr_par' dir='ltr' id='par_1_61' title="bbox 375 4601 2022 4677">
     <span class='ocr_line' id='line_1_61' title="bbox 375 4601 2022 4677; baseline 0.005 -23"><span class='ocrx_word' id='word_1_406' title='bbox 375 4601 634 4672; x_wconf 83' lang='lat' dir='ltr'>Apostoli</span> <span class='ocrx_word' id='word_1_407' title='bbox 668 4602 864 4658; x_wconf 81' lang='lat' dir='ltr'>Graeco</span> <span class='ocrx_word' id='word_1_408' title='bbox 913 4621 1184 4660; x_wconf 88' lang='lat' dir='ltr'>sermone</span> <span class='ocrx_word' id='word_1_409' title='bbox 1235 4606 1586 4673; x_wconf 90' lang='lat' dir='ltr'>composuit.</span> <span class='ocrx_word' id='word_1_410' title='bbox 1637 4611 1705 4661; x_wconf 87' lang='lat' dir='ltr'>Et</span> <span class='ocrx_word' id='word_1_411' title='bbox 1744 4612 1864 4662; x_wconf 91' lang='lat' dir='ltr'>tota</span> <span class='ocrx_word' id='word_1_412' title='bbox 1893 4608 2022 4677; x_wconf 84' lang='lat' dir='ltr'>ejus</span> 
     </span>
    </p>
   </div>
   <div class='ocr_carea' id='block_1_62' title="bbox 373 4689 2024 4764">
    <p class='ocr_par' dir='ltr' id='par_1_62' title="bbox 373 4689 2024 4764">
     <span class='ocr_line' id='line_1_62' title="bbox 373 4689 2024 4764; baseline 0.004 -20"><span class='ocrx_word' id='word_1_413' title='bbox 373 4689 617 4747; x_wconf 85' lang='lat' dir='ltr'>intentio</span> <span class='ocrx_word' id='word_1_414' title='bbox 651 4691 709 4746; x_wconf 90' lang='lat' dir='ltr'>in</span> <span class='ocrx_word' id='word_1_415' title='bbox 741 4691 852 4747; x_wconf 89' lang='lat' dir='ltr'>hac</span> <span class='ocrx_word' id='word_1_416' title='bbox 910 4693 1167 4763; x_wconf 86' lang='lat' dir='ltr'>Epistola</span> <span class='ocrx_word' id='word_1_417' title='bbox 1225 4695 1354 4761; x_wconf 79' lang='lat' dir='ltr'>fuit,</span> <span class='ocrx_word' id='word_1_418' title='bbox 1416 4701 1480 4750; x_wconf 89' lang='lat' dir='ltr'>ut</span> <span class='ocrx_word' id='word_1_419' title='bbox 1508 4696 1814 4764; x_wconf 70' lang='lat' dir='ltr'>Haabrazos,</span> <span class='ocrx_word' id='word_1_420' title='bbox 1847 4697 1906 4750; x_wconf 88' lang='lat' dir='ltr'>id</span> <span class='ocrx_word' id='word_1_421' title='bbox 1935 4701 2024 4751; x_wconf 90' lang='lat' dir='ltr'>est</span> 
     </span>
    </p>
   </div>
   <div class='ocr_carea' id='block_1_63' title="bbox 371 4781 2024 4850">
    <p class='ocr_par' dir='ltr' id='par_1_63' title="bbox 371 4781 2024 4850">
     <span class='ocr_line' id='line_1_63' title="bbox 371 4781 2024 4850; baseline 0.004 -16"><span class='ocrx_word' id='word_1_422' title='bbox 371 4784 604 4850; x_wconf 78' lang='lat' dir='ltr'>gentem</span> <span class='ocrx_word' id='word_1_423' title='bbox 629 4797 820 4848; x_wconf 89' lang='lat' dir='ltr'>suam,</span> <span class='ocrx_word' id='word_1_424' title='bbox 855 4781 926 4836; x_wconf 88' lang='lat' dir='ltr'>ad</span> <span class='ocrx_word' id='word_1_425' title='bbox 949 4782 1162 4838; x_wconf 89' lang='lat' dir='ltr'>Christi</span> <span class='ocrx_word' id='word_1_426' title='bbox 1189 4789 1530 4840; x_wconf 88' lang='lat' dir='ltr'>convocaret</span> <span class='ocrx_word' id='word_1_427' title='bbox 1559 4786 1732 4840; x_wconf 84' lang='lat' dir='ltr'>fidem</span> <span class='ocrx_word' id='word_1_428' title='bbox 1757 4803 1768 4840; x_wconf 89' lang='lat'>:</span> <span class='ocrx_word' id='word_1_429' title='bbox 1795 4791 1852 4840; x_wconf 90' lang='lat' dir='ltr'>et</span> <span class='ocrx_word' id='word_1_430' title='bbox 1883 4786 2024 4840; x_wconf 86' lang='lat' dir='ltr'>emi-</span> 
     </span>
    </p>
   </div>
   <div class='ocr_carea' id='block_1_64' title="bbox 372 4867 2022 4946">
    <p class='ocr_par' dir='ltr' id='par_1_64' title="bbox 372 4867 2022 4946">
     <span class='ocr_line' id='line_1_64' title="bbox 372 4867 2022 4946; baseline 0.004 -24"><span class='ocrx_word' id='word_1_431' title='bbox 372 4867 629 4925; x_wconf 86' lang='lat' dir='ltr'>nentiam</span> <span class='ocrx_word' id='word_1_432' title='bbox 660 4869 882 4942; x_wconf 65' lang='lat' dir='ltr'>gratiae,</span> <span class='ocrx_word' id='word_1_433' title='bbox 916 4887 1042 4941; x_wconf 64' lang='lat' dir='ltr'>qua:</span> <span class='ocrx_word' id='word_1_434' title='bbox 1077 4889 1176 4943; x_wconf 91' lang='lat' dir='ltr'>per</span> <span class='ocrx_word' id='word_1_435' title='bbox 1207 4872 1416 4927; x_wconf 87' lang='lat' dir='ltr'>Filium</span> <span class='ocrx_word' id='word_1_436' title='bbox 1449 4875 1588 4929; x_wconf 90' lang='lat' dir='ltr'>data</span> <span class='ocrx_word' id='word_1_437' title='bbox 1616 4879 1725 4941; x_wconf 90' lang='lat' dir='ltr'>est,</span> <span class='ocrx_word' id='word_1_438' title='bbox 1760 4892 1792 4928; x_wconf 89' lang='lat' dir='ltr'>a</span> <span class='ocrx_word' id='word_1_439' title='bbox 1822 4873 2022 4946; x_wconf 88' lang='lat' dir='ltr'>legali-</span> 
     </span>
    </p>
   </div>
   <div class='ocr_carea' id='block_1_65' title="bbox 374 4956 2022 5033">
    <p class='ocr_par' dir='ltr' id='par_1_65' title="bbox 374 4956 2022 5033">
     <span class='ocr_line' id='line_1_65' title="bbox 374 4956 2022 5033; baseline 0.004 -23"><span class='ocrx_word' id='word_1_440' title='bbox 374 4956 484 5012; x_wconf 88' lang='lat' dir='ltr'>bus</span> <span class='ocrx_word' id='word_1_441' title='bbox 506 4957 864 5014; x_wconf 89' lang='lat' dir='ltr'>discerneret</span> <span class='ocrx_word' id='word_1_442' title='bbox 899 4961 1150 5028; x_wconf 89' lang='lat' dir='ltr'>umbris,</span> <span class='ocrx_word' id='word_1_443' title='bbox 1187 4977 1313 5032; x_wconf 71' lang='lat' dir='ltr'>quze</span> <span class='ocrx_word' id='word_1_444' title='bbox 1335 4962 1617 5033; x_wconf 88' lang='lat' dir='ltr'>angelicis</span> <span class='ocrx_word' id='word_1_445' title='bbox 1641 4963 2022 5018; x_wconf 85' lang='lat' dir='ltr'>ministratio-</span> 
     </span>
    </p>
   </div>
   <div class='ocr_carea' id='block_1_66' title="bbox 375 5045 2026 5122">
    <p class='ocr_par' dir='ltr' id='par_1_66' title="bbox 375 5045 2026 5122">
     <span class='ocr_line' id='line_1_66' title="bbox 375 5045 2026 5122; baseline 0.004 -22"><span class='ocrx_word' id='word_1_446' title='bbox 375 5045 553 5102; x_wconf 81' lang='lat' dir='ltr'>nibus</span> <span class='ocrx_word' id='word_1_447' title='bbox 583 5047 821 5103; x_wconf 86' lang='lat' dir='ltr'>fuerunt</span> <span class='ocrx_word' id='word_1_448' title='bbox 852 5049 1120 5118; x_wconf 90' lang='lat' dir='ltr'>patribus</span> <span class='ocrx_word' id='word_1_449' title='bbox 1150 5051 1307 5104; x_wconf 66' lang='lat' dir='ltr'>vise.</span> <span class='ocrx_word' id='word_1_450' title='bbox 1358 5050 1578 5105; x_wconf 91' lang='lat' dir='ltr'>Idcirco</span> <span class='ocrx_word' id='word_1_451' title='bbox 1609 5051 1796 5122; x_wconf 91' lang='lat' dir='ltr'>primo</span> <span class='ocrx_word' id='word_1_452' title='bbox 1829 5052 2026 5122; x_wconf 88' lang='lat' dir='ltr'>posuit</span> 
     </span>
    </p>
   </div>
   <div class='ocr_carea' id='block_1_67' title="bbox 376 5133 2021 5210">
    <p class='ocr_par' dir='ltr' id='par_1_67' title="bbox 376 5133 2021 5210">
     <span class='ocr_line' id='line_1_67' title="bbox 376 5133 2021 5210; baseline 0.004 -24"><span class='ocrx_word' id='word_1_453' title='bbox 376 5133 968 5204; x_wconf 68' lang='lat' dir='ltr'>prophetasdiversis</span> <span class='ocrx_word' id='word_1_454' title='bbox 1000 5137 1190 5193; x_wconf 92' lang='lat' dir='ltr'>modis</span> <span class='ocrx_word' id='word_1_455' title='bbox 1223 5139 1489 5210; x_wconf 90' lang='lat' dir='ltr'>patribus</span> <span class='ocrx_word' id='word_1_456' title='bbox 1521 5138 1746 5195; x_wconf 89' lang='lat' dir='ltr'>locutos</span> <span class='ocrx_word' id='word_1_457' title='bbox 1775 5141 2021 5210; x_wconf 89' lang='lat' dir='ltr'>esse,di-</span> 
     </span>
    </p>
   </div>
   <div class='ocr_carea' id='block_1_68' title="bbox 379 5234 552 5278">
    <p class='ocr_par' dir='ltr' id='par_1_68' title="bbox 379 5234 552 5278">
     <span class='ocr_line' id='line_1_68' title="bbox 379 5234 552 5278; baseline 0.029 -4"><span class='ocrx_word' id='word_1_458' title='bbox 379 5234 552 5278; x_wconf 70' lang='grc'>081182</span> 
     </span>
    </p>
   </div>
   <div class='ocr_carea' id='block_1_69' title="bbox 447 5394 2021 5476">
    <p class='ocr_par' dir='ltr' id='par_1_69' title="bbox 447 5394 2021 5476">
     <span class='ocr_line' id='line_1_69' title="bbox 447 5394 2021 5476; baseline 0.01 -28"><span class='ocrx_word' id='word_1_459' title='bbox 447 5394 604 5464; x_wconf 77' lang='lat' dir='ltr'>(CAP.</span> <span class='ocrx_word' id='word_1_460' title='bbox 624 5399 692 5470; x_wconf 90' lang='grc' dir='ltr'>Ι.)</span> <span class='ocrx_word' id='word_1_461' title='bbox 723 5423 752 5451; x_wconf 85' lang='grc'>‹‹</span> <span class='ocrx_word' id='word_1_462' title='bbox 782 5401 1117 5472; x_wconf 87' lang='lat' dir='ltr'>Multifarie,</span> <span class='ocrx_word' id='word_1_463' title='bbox 1145 5405 1467 5476; x_wconf 84' lang='lat' dir='ltr'>multisque</span> <span class='ocrx_word' id='word_1_464' title='bbox 1491 5406 1680 5462; x_wconf 92' lang='lat' dir='ltr'>modis</span> <span class='ocrx_word' id='word_1_465' title='bbox 1703 5408 1842 5463; x_wconf 91' lang='lat' dir='ltr'>olim</span> <span class='ocrx_word' id='word_1_466' title='bbox 1869 5409 2021 5463; x_wconf 84' lang='lat' dir='ltr'>Deus</span> 
     </span>
    </p>
   </div>
   <div class='ocr_carea' id='block_1_70' title="bbox 378 5480 2015 5581">
    <p class='ocr_par' dir='ltr' id='par_1_70' title="bbox 378 5480 2015 5581">
     <span class='ocr_line' id='line_1_70' title="bbox 378 5480 2015 5581; baseline 0.01 -47"><span class='ocrx_word' id='word_1_467' title='bbox 378 5480 626 5581; x_wconf 75' lang='lat' dir='ltr'>loquens</span> <span class='ocrx_word' id='word_1_468' title='bbox 659 5489 925 5557; x_wconf 88' lang='lat' dir='ltr'>patribus</span> <span class='ocrx_word' id='word_1_469' title='bbox 980 5494 1197 5548; x_wconf 84' lang='lat' dir='ltr'>nostris</span> <span class='ocrx_word' id='word_1_470' title='bbox 1238 5497 1252 5562; x_wconf 86' lang='lat'>(</span> <span class='ocrx_word' id='word_1_471' title='bbox 1297 5497 1420 5564; x_wconf 70' lang='lat'>38:3)</span> <span class='ocrx_word' id='word_1_472' title='bbox 1451 5496 1504 5548; x_wconf 90' lang='lat' dir='ltr'>in</span> <span class='ocrx_word' id='word_1_473' title='bbox 1541 5497 1875 5566; x_wconf 88' lang='lat' dir='ltr'>prophetis:</span> <span class='ocrx_word' id='word_1_474' title='bbox 1916 5515 2015 5550; x_wconf 91' lang='lat' dir='ltr'>no-</span> 
     </span>
    </p>
   </div>
   <div class='ocr_carea' id='block_1_71' title="bbox 379 5577 2021 5640">
    <p class='ocr_par' dir='ltr' id='par_1_71' title="bbox 379 5577 2021 5640">
     <span class='ocr_line' id='line_1_71' title="bbox 379 5577 2021 5640; baseline 0.008 -15"><span class='ocrx_word' id='word_1_475' title='bbox 379 5577 620 5628; x_wconf 75' lang='lat' dir='ltr'>wssime</span> <span class='ocrx_word' id='word_1_476' title='bbox 642 5577 848 5634; x_wconf 87' lang='lat' dir='ltr'>diebus</span> <span class='ocrx_word' id='word_1_477' title='bbox 872 5580 1002 5636; x_wconf 88' lang='lat' dir='ltr'>istis</span> <span class='ocrx_word' id='word_1_478' title='bbox 1025 5581 1256 5636; x_wconf 86' lang='lat' dir='ltr'>locutus</span> <span class='ocrx_word' id='word_1_479' title='bbox 1280 5597 1367 5638; x_wconf 85' lang='lat' dir='ltr'>est</span> <span class='ocrx_word' id='word_1_480' title='bbox 1395 5584 1562 5639; x_wconf 88' lang='lat' dir='ltr'>nobis</span> <span class='ocrx_word' id='word_1_481' title='bbox 1587 5586 1643 5638; x_wconf 89' lang='lat' dir='ltr'>in</span> <span class='ocrx_word' id='word_1_482' title='bbox 1675 5585 1814 5640; x_wconf 77' lang='lat' dir='ltr'>Filio</span> <span class='ocrx_word' id='word_1_483' title='bbox 1836 5603 1960 5640; x_wconf 88' lang='lat' dir='ltr'>suo.</span> <span class='ocrx_word' id='word_1_484' title='bbox 1995 5610 2021 5633; x_wconf 87' lang='grc'>››</span> 
     </span>
    </p>
   </div>
   <div class='ocr_carea' id='block_1_72' title="bbox 454 5711 1452 5793">
    <p class='ocr_par' dir='ltr' id='par_1_72' title="bbox 454 5711 1452 5793">
     <span class='ocr_line' id='line_1_72' title="bbox 454 5711 1452 5793; baseline 0.018 -30"><span class='ocrx_word' id='word_1_485' title='bbox 454 5711 636 5786; x_wconf 86' lang='grc'>(1385)</span> <span class='ocrx_word' id='word_1_486' title='bbox 664 5717 872 5776; x_wconf 73' lang='lat' dir='ltr'>Nostris</span> <span class='ocrx_word' id='word_1_487' title='bbox 902 5721 1072 5793; x_wconf 83' lang='lat' dir='ltr'>Vulg.</span> <span class='ocrx_word' id='word_1_488' title='bbox 1109 5740 1224 5779; x_wconf 90' lang='lat' dir='ltr'>non</span> <span class='ocrx_word' id='word_1_489' title='bbox 1257 5724 1452 5780; x_wconf 87' lang='lat' dir='ltr'>habet.</span> 
     </span>
    </p>
   </div>
   <div class='ocr_carea' id='block_1_73' title="bbox 2115 2566 3770 2634">
    <p class='ocr_par' dir='ltr' id='par_1_73' title="bbox 2115 2566 3770 2634">
     <span class='ocr_line' id='line_1_73' title="bbox 2115 2566 3770 2634; baseline 0.001 -14"><span class='ocrx_word' id='word_1_490' title='bbox 2115 2566 2349 2634; x_wconf 91' lang='lat' dir='ltr'>Paulus,</span> <span class='ocrx_word' id='word_1_491' title='bbox 2384 2567 2530 2621; x_wconf 89' lang='lat' dir='ltr'>bene</span> <span class='ocrx_word' id='word_1_492' title='bbox 2579 2567 2723 2621; x_wconf 85' lang='lat' dir='ltr'>satis</span> <span class='ocrx_word' id='word_1_493' title='bbox 2777 2571 3013 2621; x_wconf 83' lang='lat' dir='ltr'>exortus</span> <span class='ocrx_word' id='word_1_494' title='bbox 3070 2571 3178 2621; x_wconf 91' lang='lat' dir='ltr'>est.</span> <span class='ocrx_word' id='word_1_495' title='bbox 3238 2566 3485 2622; x_wconf 89' lang='lat' dir='ltr'>Dicendo</span> <span class='ocrx_word' id='word_1_496' title='bbox 3529 2573 3770 2622; x_wconf 86' lang='lat' dir='ltr'>autem:</span> 
     </span>
    </p>
   </div>
   <div class='ocr_carea' id='block_1_74' title="bbox 2117 2655 3770 2727">
    <p class='ocr_par' dir='ltr' id='par_1_74' title="bbox 2117 2655 3770 2727">
     <span class='ocr_line' id='line_1_74' title="bbox 2117 2655 3770 2727; baseline 0.004 -23"><span class='ocrx_word' id='word_1_497' title='bbox 2117 2677 2144 2704; x_wconf 84' lang='lat'>«</span> <span class='ocrx_word' id='word_1_498' title='bbox 2177 2655 2510 2719; x_wconf 87' lang='lat' dir='ltr'>Multifarie,</span> <span class='ocrx_word' id='word_1_499' title='bbox 2547 2655 2866 2726; x_wconf 90' lang='lat' dir='ltr'>multisque</span> <span class='ocrx_word' id='word_1_500' title='bbox 2898 2655 3110 2720; x_wconf 89' lang='lat' dir='ltr'>modis,</span> <span class='ocrx_word' id='word_1_501' title='bbox 3150 2678 3170 2704; x_wconf 79' lang='grc' dir='ltr'><strong><em>α</em></strong></span> <span class='ocrx_word' id='word_1_502' title='bbox 3199 2655 3453 2711; x_wconf 83' lang='lat' dir='ltr'>ostendit</span> <span class='ocrx_word' id='word_1_503' title='bbox 3487 2657 3770 2727; x_wconf 91' lang='lat' dir='ltr'>quoniam</span> 
     </span>
    </p>
   </div>
   <div class='ocr_carea' id='block_1_75' title="bbox 2116 2743 3773 2817">
    <p class='ocr_par' dir='ltr' id='par_1_75' title="bbox 2116 2743 3773 2817">
     <span class='ocr_line' id='line_1_75' title="bbox 2116 2743 3773 2817; baseline 0 -19"><span class='ocrx_word' id='word_1_504' title='bbox 2116 2760 2221 2798; x_wconf 89' lang='lat' dir='ltr'>nec</span> <span class='ocrx_word' id='word_1_505' title='bbox 2243 2743 2353 2814; x_wconf 91' lang='lat' dir='ltr'>ipsi</span> <span class='ocrx_word' id='word_1_506' title='bbox 2376 2743 2668 2815; x_wconf 81' lang='lat' dir='ltr'>prophetae</span> <span class='ocrx_word' id='word_1_507' title='bbox 2693 2745 2941 2815; x_wconf 83' lang='lat' dir='ltr'>gratiam</span> <span class='ocrx_word' id='word_1_508' title='bbox 2966 2743 3150 2798; x_wconf 89' lang='lat' dir='ltr'>Deum</span> <span class='ocrx_word' id='word_1_509' title='bbox 3174 2744 3404 2800; x_wconf 81' lang='lat' dir='ltr'>videndi</span> <span class='ocrx_word' id='word_1_510' title='bbox 3432 2760 3773 2817; x_wconf 87' lang='lat' dir='ltr'>promerue-</span> 
     </span>
    </p>
   </div>
   <div class='ocr_carea' id='block_1_76' title="bbox 2117 2831 3778 2903">
    <p class='ocr_par' dir='ltr' id='par_1_76' title="bbox 2117 2831 3778 2903">
     <span class='ocr_line' id='line_1_76' title="bbox 2117 2831 3778 2903; baseline 0.001 -17"><span class='ocrx_word' id='word_1_511' title='bbox 2117 2836 2292 2886; x_wconf 89' lang='lat' dir='ltr'>runt:</span> <span class='ocrx_word' id='word_1_512' title='bbox 2331 2833 2484 2902; x_wconf 90' lang='lat' dir='ltr'>quod</span> <span class='ocrx_word' id='word_1_513' title='bbox 2520 2848 2690 2886; x_wconf 89' lang='lat' dir='ltr'>nemo</span> <span class='ocrx_word' id='word_1_514' title='bbox 2713 2831 2951 2886; x_wconf 91' lang='lat' dir='ltr'>illorum</span> <span class='ocrx_word' id='word_1_515' title='bbox 2983 2832 3320 2900; x_wconf 89' lang='lat' dir='ltr'>vidit,sicut</span> <span class='ocrx_word' id='word_1_516' title='bbox 3353 2831 3447 2888; x_wconf 90' lang='lat' dir='ltr'>ille</span> <span class='ocrx_word' id='word_1_517' title='bbox 3477 2837 3586 2903; x_wconf 89' lang='lat' dir='ltr'>cst,</span> <span class='ocrx_word' id='word_1_518' title='bbox 3620 2833 3778 2888; x_wconf 92' lang='lat' dir='ltr'>sicut</span> 
     </span>
    </p>
   </div>
   <div class='ocr_carea' id='block_1_77' title="bbox 2118 2920 3775 2994">
    <p class='ocr_par' dir='ltr' id='par_1_77' title="bbox 2118 2920 3775 2994">
     <span class='ocr_line' id='line_1_77' title="bbox 2118 2920 3775 2994; baseline -0.001 -16"><span class='ocrx_word' id='word_1_519' title='bbox 2118 2921 2256 2978; x_wconf 89' lang='lat' dir='ltr'>alibi</span> <span class='ocrx_word' id='word_1_520' title='bbox 2290 2920 2510 2975; x_wconf 89' lang='lat' dir='ltr'>dictum</span> <span class='ocrx_word' id='word_1_521' title='bbox 2543 2926 2664 2975; x_wconf 89' lang='lat' dir='ltr'>est:</span> <span class='ocrx_word' id='word_1_522' title='bbox 2709 2943 2734 2969; x_wconf 78' lang='grc' dir='ltr'><strong>(ί</strong></span> <span class='ocrx_word' id='word_1_523' title='bbox 2769 2921 2883 2992; x_wconf 88' lang='lat' dir='ltr'>Ego</span> <span class='ocrx_word' id='word_1_524' title='bbox 2916 2921 3170 2977; x_wconf 89' lang='lat' dir='ltr'>visiones</span> <span class='ocrx_word' id='word_1_525' title='bbox 3204 2921 3693 2994; x_wconf 87' lang='lat' dir='ltr'>multiplicavi,et</span> <span class='ocrx_word' id='word_1_526' title='bbox 3719 2923 3775 2976; x_wconf 91' lang='lat' dir='ltr'>in</span> 
     </span>
    </p>
   </div>
   <div class='ocr_carea' id='block_1_78' title="bbox 2120 3009 3779 3082">
    <p class='ocr_par' dir='ltr' id='par_1_78' title="bbox 2120 3009 3779 3082">
     <span class='ocr_line' id='line_1_78' title="bbox 2120 3009 3779 3082; baseline -0.001 -17"><span class='ocrx_word' id='word_1_527' title='bbox 2120 3027 2298 3065; x_wconf 90' lang='lat' dir='ltr'>manu</span> <span class='ocrx_word' id='word_1_528' title='bbox 2333 3009 2750 3081; x_wconf 89' lang='lat' dir='ltr'>prophetarum</span> <span class='ocrx_word' id='word_1_529' title='bbox 2783 3009 3165 3065; x_wconf 89' lang='lat' dir='ltr'>assimulatus</span> <span class='ocrx_word' id='word_1_530' title='bbox 3199 3011 3379 3082; x_wconf 82' lang='lat'>(1386)</span> <span class='ocrx_word' id='word_1_531' title='bbox 3416 3027 3588 3077; x_wconf 88' lang='lat' dir='ltr'>sum;</span> <span class='ocrx_word' id='word_1_532' title='bbox 3625 3035 3646 3061; x_wconf 73' lang='grc' dir='ltr'><strong><em>ι</em></strong></span> <span class='ocrx_word' id='word_1_533' title='bbox 3689 3011 3779 3064; x_wconf 89' lang='lat' dir='ltr'>Fi-</span> 
     </span>
    </p>
   </div>
   <div class='ocr_carea' id='block_1_79' title="bbox 2119 3097 3780 3168">
    <p class='ocr_par' dir='ltr' id='par_1_79' title="bbox 2119 3097 3780 3168">
     <span class='ocr_line' id='line_1_79' title="bbox 2119 3097 3780 3168; baseline -0.001 -14"><span class='ocrx_word' id='word_1_534' title='bbox 2119 3099 2263 3154; x_wconf 88' lang='lat' dir='ltr'>lium</span> <span class='ocrx_word' id='word_1_535' title='bbox 2296 3103 2494 3153; x_wconf 89' lang='lat' dir='ltr'>autem</span> <span class='ocrx_word' id='word_1_536' title='bbox 2523 3097 2890 3168; x_wconf 86' lang='lat' dir='ltr'>unigenitum</span> <span class='ocrx_word' id='word_1_537' title='bbox 2915 3098 3151 3168; x_wconf 87' lang='lat' dir='ltr'>vidisse,</span> <span class='ocrx_word' id='word_1_538' title='bbox 3176 3102 3549 3154; x_wconf 75' lang='lat' dir='ltr'>constetesse</span> <span class='ocrx_word' id='word_1_539' title='bbox 3586 3099 3780 3154; x_wconf 89' lang='lat' dir='ltr'>mani-</span> 
     </span>
    </p>
   </div>
   <div class='ocr_carea' id='block_1_80' title="bbox 2121 3187 3780 3260">
    <p class='ocr_par' dir='ltr' id='par_1_80' title="bbox 2121 3187 3780 3260">
     <span class='ocr_line' id='line_1_80' title="bbox 2121 3187 3780 3260; baseline 0.001 -17"><span class='ocrx_word' id='word_1_540' title='bbox 2121 3189 2356 3244; x_wconf 87' lang='lat' dir='ltr'>festum.</span> <span class='ocrx_word' id='word_1_541' title='bbox 2394 3187 2710 3242; x_wconf 90' lang='lat' dir='ltr'>Considera</span> <span class='ocrx_word' id='word_1_542' title='bbox 2738 3187 3347 3258; x_wconf 90' lang='lat' dir='ltr'>prudenter.Primum</span> <span class='ocrx_word' id='word_1_543' title='bbox 3375 3205 3439 3242; x_wconf 90' lang='lat' dir='ltr'>ex</span> <span class='ocrx_word' id='word_1_544' title='bbox 3472 3189 3780 3260; x_wconf 86' lang='lat' dir='ltr'>prophetis</span> 
     </span>
    </p>
   </div>
   <div class='ocr_carea' id='block_1_81' title="bbox 2121 3275 3776 3348">
    <p class='ocr_par' dir='ltr' id='par_1_81' title="bbox 2121 3275 3776 3348">
     <span class='ocr_line' id='line_1_81' title="bbox 2121 3275 3776 3348; baseline 0.002 -18"><span class='ocrx_word' id='word_1_545' title='bbox 2121 3275 2502 3330; x_wconf 84' lang='lat' dir='ltr'>eminentiam</span> <span class='ocrx_word' id='word_1_546' title='bbox 2534 3275 2698 3330; x_wconf 90' lang='lat' dir='ltr'>nisus</span> <span class='ocrx_word' id='word_1_547' title='bbox 2730 3282 2818 3330; x_wconf 87' lang='lat' dir='ltr'>est</span> <span class='ocrx_word' id='word_1_548' title='bbox 2850 3277 3420 3348; x_wconf 88' lang='lat' dir='ltr'>approbare.Deinde</span> <span class='ocrx_word' id='word_1_549' title='bbox 3451 3276 3630 3332; x_wconf 91' lang='lat' dir='ltr'>veluti</span> <span class='ocrx_word' id='word_1_550' title='bbox 3663 3278 3776 3333; x_wconf 91' lang='lat' dir='ltr'>hoc</span> 
     </span>
    </p>
   </div>
   <div class='ocr_carea' id='block_1_82' title="bbox 2123 3365 3782 3438">
    <p class='ocr_par' dir='ltr' id='par_1_82' title="bbox 2123 3365 3782 3438">
     <span class='ocr_line' id='line_1_82' title="bbox 2123 3365 3782 3438; baseline 0.001 -18"><span class='ocrx_word' id='word_1_551' title='bbox 2123 3381 2418 3432; x_wconf 87' lang='lat' dir='ltr'>concesso,</span> <span class='ocrx_word' id='word_1_552' title='bbox 2453 3365 2666 3420; x_wconf 87' lang='lat' dir='ltr'>astruit</span> <span class='ocrx_word' id='word_1_553' title='bbox 2695 3369 2751 3419; x_wconf 89' lang='lat' dir='ltr'>et</span> <span class='ocrx_word' id='word_1_554' title='bbox 2793 3366 3134 3437; x_wconf 89' lang='lat' dir='ltr'>pronuntiat</span> <span class='ocrx_word' id='word_1_555' title='bbox 3182 3367 3460 3437; x_wconf 90' lang='lat' dir='ltr'>quoniam</span> <span class='ocrx_word' id='word_1_556' title='bbox 3495 3365 3615 3422; x_wconf 91' lang='lat' dir='ltr'>illis</span> <span class='ocrx_word' id='word_1_557' title='bbox 3648 3368 3782 3438; x_wconf 86' lang='lat' dir='ltr'>qui-</span> 
     </span>
    </p>
   </div>
   <div class='ocr_carea' id='block_1_83' title="bbox 2124 3453 3780 3527">
    <p class='ocr_par' dir='ltr' id='par_1_83' title="bbox 2124 3453 3780 3527">
     <span class='ocr_line' id='line_1_83' title="bbox 2124 3453 3780 3527; baseline 0.002 -19"><span class='ocrx_word' id='word_1_558' title='bbox 2124 3455 2257 3508; x_wconf 90' lang='lat' dir='ltr'>dem</span> <span class='ocrx_word' id='word_1_559' title='bbox 2282 3471 2383 3525; x_wconf 89' lang='lat' dir='ltr'>per</span> <span class='ocrx_word' id='word_1_560' title='bbox 2405 3453 2718 3525; x_wconf 87' lang='lat' dir='ltr'>prophetas</span> <span class='ocrx_word' id='word_1_561' title='bbox 2742 3453 2974 3510; x_wconf 89' lang='lat' dir='ltr'>locutus</span> <span class='ocrx_word' id='word_1_562' title='bbox 3003 3460 3109 3524; x_wconf 90' lang='lat' dir='ltr'>est,</span> <span class='ocrx_word' id='word_1_563' title='bbox 3141 3455 3347 3510; x_wconf 88' lang='lat' dir='ltr'>deinde</span> <span class='ocrx_word' id='word_1_564' title='bbox 3370 3471 3472 3526; x_wconf 91' lang='lat' dir='ltr'>per</span> <span class='ocrx_word' id='word_1_565' title='bbox 3495 3456 3741 3527; x_wconf 87' lang='lat' dir='ltr'>angelos</span> <span class='ocrx_word' id='word_1_566' title='bbox 3766 3475 3780 3524; x_wconf 90' lang='lat'>;</span> 
     </span>
    </p>
   </div>
   <div class='ocr_carea' id='block_1_84' title="bbox 2127 3541 3781 3614">
    <p class='ocr_par' dir='ltr' id='par_1_84' title="bbox 2127 3541 3781 3614">
     <span class='ocr_line' id='line_1_84' title="bbox 2127 3541 3781 3614; baseline 0.002 -18"><span class='ocrx_word' id='word_1_567' title='bbox 2127 3543 2416 3614; x_wconf 87' lang='lat' dir='ltr'>siquidem</span> <span class='ocrx_word' id='word_1_568' title='bbox 2448 3547 2504 3596; x_wconf 90' lang='lat' dir='ltr'>et</span> <span class='ocrx_word' id='word_1_569' title='bbox 2535 3542 2724 3612; x_wconf 88' lang='lat' dir='ltr'>angeli</span> <span class='ocrx_word' id='word_1_570' title='bbox 2759 3541 2935 3598; x_wconf 91' lang='lat' dir='ltr'>locuti</span> <span class='ocrx_word' id='word_1_571' title='bbox 2985 3547 3126 3598; x_wconf 89' lang='lat' dir='ltr'>sunt</span> <span class='ocrx_word' id='word_1_572' title='bbox 3154 3543 3406 3599; x_wconf 74' lang='lat' dir='ltr'>Judceis:</span> <span class='ocrx_word' id='word_1_573' title='bbox 3441 3561 3507 3598; x_wconf 90' lang='lat' dir='ltr'>ac</span> <span class='ocrx_word' id='word_1_574' title='bbox 3537 3544 3584 3598; x_wconf 91' lang='lat' dir='ltr'>si</span> <span class='ocrx_word' id='word_1_575' title='bbox 3619 3545 3781 3600; x_wconf 81' lang='lat' dir='ltr'>dice-</span> 
     </span>
    </p>
   </div>
   <div class='ocr_carea' id='block_1_85' title="bbox 2127 3632 3784 3704">
    <p class='ocr_par' dir='ltr' id='par_1_85' title="bbox 2127 3632 3784 3704">
     <span class='ocr_line' id='line_1_85' title="bbox 2127 3632 3784 3704; baseline 0.002 -18"><span class='ocrx_word' id='word_1_576' title='bbox 2127 3637 2251 3686; x_wconf 90' lang='lat' dir='ltr'>ret:</span> <span class='ocrx_word' id='word_1_577' title='bbox 2285 3632 2432 3696; x_wconf 89' lang='lat' dir='ltr'>Quid</span> <span class='ocrx_word' id='word_1_578' title='bbox 2484 3649 2788 3703; x_wconf 88' lang='lat' dir='ltr'>magnum,</span> <span class='ocrx_word' id='word_1_579' title='bbox 2851 3632 2897 3686; x_wconf 90' lang='lat' dir='ltr'>si</span> <span class='ocrx_word' id='word_1_580' title='bbox 2951 3632 3265 3703; x_wconf 87' lang='lat' dir='ltr'>prophetas</span> <span class='ocrx_word' id='word_1_581' title='bbox 3319 3632 3482 3688; x_wconf 90' lang='lat' dir='ltr'>misit</span> <span class='ocrx_word' id='word_1_582' title='bbox 3514 3633 3784 3704; x_wconf 86' lang='lat' dir='ltr'>patribus</span> 
     </span>
    </p>
   </div>
   <div class='ocr_carea' id='block_1_86' title="bbox 2128 3720 3783 3795">
    <p class='ocr_par' dir='ltr' id='par_1_86' title="bbox 2128 3720 3783 3795">
     <span class='ocr_line' id='line_1_86' title="bbox 2128 3720 3783 3795; baseline 0.002 -21"><span class='ocrx_word' id='word_1_583' title='bbox 2128 3720 2346 3776; x_wconf 88' lang='lat' dir='ltr'>nostris</span> <span class='ocrx_word' id='word_1_584' title='bbox 2369 3721 2395 3774; x_wconf 85' lang='lat'><strong>?</strong></span> <span class='ocrx_word' id='word_1_585' title='bbox 2418 3720 2598 3776; x_wconf 83' lang='lat' dir='ltr'>Nobis</span> <span class='ocrx_word' id='word_1_586' title='bbox 2619 3721 2773 3776; x_wconf 89' lang='lat' dir='ltr'>enim</span> <span class='ocrx_word' id='word_1_587' title='bbox 2800 3721 2993 3793; x_wconf 90' lang='lat' dir='ltr'>ipsum</span> <span class='ocrx_word' id='word_1_588' title='bbox 3019 3722 3319 3792; x_wconf 92' lang='lat' dir='ltr'>proprium</span> <span class='ocrx_word' id='word_1_589' title='bbox 3346 3722 3554 3776; x_wconf 86' lang='lat' dir='ltr'>Filium</span> <span class='ocrx_word' id='word_1_590' title='bbox 3578 3723 3783 3795; x_wconf 88' lang='lat' dir='ltr'>unige-</span> 
     </span>
    </p>
   </div>
   <div class='ocr_carea' id='block_1_87' title="bbox 2132 3807 3784 3882">
    <p class='ocr_par' dir='ltr' id='par_1_87' title="bbox 2132 3807 3784 3882">
     <span class='ocr_line' id='line_1_87' title="bbox 2132 3807 3784 3882; baseline 0.002 -21"><span class='ocrx_word' id='word_1_591' title='bbox 2132 3807 2321 3862; x_wconf 91' lang='lat' dir='ltr'>nitum</span> <span class='ocrx_word' id='word_1_592' title='bbox 2354 3807 2536 3873; x_wconf 88' lang='lat' dir='ltr'>misit,</span> <span class='ocrx_word' id='word_1_593' title='bbox 2568 3812 2624 3862; x_wconf 90' lang='lat' dir='ltr'>et</span> <span class='ocrx_word' id='word_1_594' title='bbox 2655 3809 2970 3880; x_wconf 88' lang='lat' dir='ltr'>peripsum</span> <span class='ocrx_word' id='word_1_595' title='bbox 3001 3809 3366 3880; x_wconf 89' lang='lat' dir='ltr'>unigenitum</span> <span class='ocrx_word' id='word_1_596' title='bbox 3393 3809 3552 3882; x_wconf 91' lang='lat' dir='ltr'>loqui</span> <span class='ocrx_word' id='word_1_597' title='bbox 3575 3811 3784 3882; x_wconf 87' lang='lat' dir='ltr'>digna-</span> 
     </span>
    </p>
   </div>
   <div class='ocr_carea' id='block_1_88' title="bbox 2131 3897 3786 3970">
    <p class='ocr_par' dir='ltr' id='par_1_88' title="bbox 2131 3897 3786 3970">
     <span class='ocr_line' id='line_1_88' title="bbox 2131 3897 3786 3970; baseline 0 -18"><span class='ocrx_word' id='word_1_598' title='bbox 2131 3901 2227 3952; x_wconf 90' lang='lat' dir='ltr'>tus</span> <span class='ocrx_word' id='word_1_599' title='bbox 2259 3901 2363 3951; x_wconf 90' lang='lat' dir='ltr'>est.</span> <span class='ocrx_word' id='word_1_600' title='bbox 2399 3897 2514 3951; x_wconf 88' lang='lat' dir='ltr'>Nos</span> <span class='ocrx_word' id='word_1_601' title='bbox 2545 3913 2677 3952; x_wconf 88' lang='lat' dir='ltr'>vero</span> <span class='ocrx_word' id='word_1_602' title='bbox 2727 3897 2784 3951; x_wconf 92' lang='lat' dir='ltr'>in</span> <span class='ocrx_word' id='word_1_603' title='bbox 2831 3899 2940 3952; x_wconf 90' lang='lat' dir='ltr'>hoc</span> <span class='ocrx_word' id='word_1_604' title='bbox 2998 3899 3171 3952; x_wconf 86' lang='lat' dir='ltr'>etiam</span> <span class='ocrx_word' id='word_1_605' title='bbox 3219 3899 3551 3970; x_wconf 88' lang='lat' dir='ltr'>superiores</span> <span class='ocrx_word' id='word_1_606' title='bbox 3578 3900 3786 3955; x_wconf 85' lang='lat' dir='ltr'>existi-</span> 
     </span>
    </p>
   </div>
   <div class='ocr_carea' id='block_1_89' title="bbox 2134 3985 3783 4060">
    <p class='ocr_par' dir='ltr' id='par_1_89' title="bbox 2134 3985 3783 4060">
     <span class='ocr_line' id='line_1_89' title="bbox 2134 3985 3783 4060; baseline 0.001 -20"><span class='ocrx_word' id='word_1_607' title='bbox 2134 4002 2288 4057; x_wconf 85' lang='lat' dir='ltr'>mus,</span> <span class='ocrx_word' id='word_1_608' title='bbox 2311 3990 2367 4040; x_wconf 88' lang='lat' dir='ltr'>et</span> <span class='ocrx_word' id='word_1_609' title='bbox 2387 3985 2570 4040; x_wconf 88' lang='lat' dir='ltr'>multo</span> <span class='ocrx_word' id='word_1_610' title='bbox 2593 3987 2851 4058; x_wconf 90' lang='lat' dir='ltr'>amplius</span> <span class='ocrx_word' id='word_1_611' title='bbox 2875 3987 3161 4042; x_wconf 88' lang='lat' dir='ltr'>habemus</span> <span class='ocrx_word' id='word_1_612' title='bbox 3187 3988 3324 4060; x_wconf 88' lang='lat' dir='ltr'>quia</span> <span class='ocrx_word' id='word_1_613' title='bbox 3351 3988 3520 4043; x_wconf 87' lang='lat' dir='ltr'>nobis</span> <span class='ocrx_word' id='word_1_614' title='bbox 3544 3989 3783 4059; x_wconf 88' lang='lat' dir='ltr'>quidem</span> 
     </span>
    </p>
   </div>
   <div class='ocr_carea' id='block_1_90' title="bbox 2137 4073 3784 4146">
    <p class='ocr_par' dir='ltr' id='par_1_90' title="bbox 2137 4073 3784 4146">
     <span class='ocr_line' id='line_1_90' title="bbox 2137 4073 3784 4146; baseline 0.001 -16"><span class='ocrx_word' id='word_1_615' title='bbox 2137 4075 2416 4130; x_wconf 89' lang='lat' dir='ltr'>Dominus</span> <span class='ocrx_word' id='word_1_616' title='bbox 2437 4079 2525 4130; x_wconf 89' lang='lat' dir='ltr'>est</span> <span class='ocrx_word' id='word_1_617' title='bbox 2554 4073 2824 4143; x_wconf 82' lang='lat' dir='ltr'>locutus;</span> <span class='ocrx_word' id='word_1_618' title='bbox 2856 4075 2974 4130; x_wconf 91' lang='lat' dir='ltr'>illis</span> <span class='ocrx_word' id='word_1_619' title='bbox 2996 4082 3215 4146; x_wconf 85' lang='lat' dir='ltr'>autem,</span> <span class='ocrx_word' id='word_1_620' title='bbox 3246 4076 3392 4132; x_wconf 89' lang='lat' dir='ltr'>servi</span> <span class='ocrx_word' id='word_1_621' title='bbox 3421 4082 3474 4131; x_wconf 91' lang='lat' dir='ltr'>et</span> <span class='ocrx_word' id='word_1_622' title='bbox 3497 4077 3784 4143; x_wconf 87' lang='lat' dir='ltr'>conservi,</span> 
     </span>
    </p>
   </div>
   <div class='ocr_carea' id='block_1_91' title="bbox 2133 4164 3783 4236">
    <p class='ocr_par' dir='ltr' id='par_1_91' title="bbox 2133 4164 3783 4236">
     <span class='ocr_line' id='line_1_91' title="bbox 2133 4164 3783 4236; baseline 0.002 -18"><span class='ocrx_word' id='word_1_623' title='bbox 2133 4164 2240 4218; x_wconf 91' lang='lat' dir='ltr'>hoc</span> <span class='ocrx_word' id='word_1_624' title='bbox 2273 4167 2380 4232; x_wconf 89' lang='lat' dir='ltr'>est,</span> <span class='ocrx_word' id='word_1_625' title='bbox 2412 4164 2496 4218; x_wconf 88' lang='lat' dir='ltr'>vel</span> <span class='ocrx_word' id='word_1_626' title='bbox 2533 4165 2824 4235; x_wconf 70' lang='lat' dir='ltr'>propheta:</span> <span class='ocrx_word' id='word_1_627' title='bbox 2872 4164 2956 4219; x_wconf 85' lang='lat' dir='ltr'>vel</span> <span class='ocrx_word' id='word_1_628' title='bbox 2990 4165 3203 4236; x_wconf 82' lang='lat' dir='ltr'>angeli.</span> <span class='ocrx_word' id='word_1_629' title='bbox 3259 4167 3509 4220; x_wconf 85' lang='lat' dir='ltr'>Dicendo</span> <span class='ocrx_word' id='word_1_630' title='bbox 3545 4170 3742 4220; x_wconf 88' lang='lat' dir='ltr'>autem</span> <span class='ocrx_word' id='word_1_631' title='bbox 3771 4185 3783 4222; x_wconf 91' lang='lat'>:</span> 
     </span>
    </p>
   </div>
   <div class='ocr_carea' id='block_1_92' title="bbox 2133 4253 3783 4324">
    <p class='ocr_par' dir='ltr' id='par_1_92' title="bbox 2133 4253 3783 4324">
     <span class='ocr_line' id='line_1_92' title="bbox 2133 4253 3783 4324; baseline 0.002 -18"><span class='ocrx_word' id='word_1_632' title='bbox 2133 4277 2159 4301; x_wconf 81' lang='grc' dir='ltr'><em>υ</em></span> <span class='ocrx_word' id='word_1_633' title='bbox 2198 4253 2347 4306; x_wconf 82' lang='lat' dir='ltr'>Olim</span> <span class='ocrx_word' id='word_1_634' title='bbox 2391 4259 2447 4308; x_wconf 89' lang='lat' dir='ltr'>et</span> <span class='ocrx_word' id='word_1_635' title='bbox 2503 4253 2839 4310; x_wconf 86' lang='lat' dir='ltr'>novissimis</span> <span class='ocrx_word' id='word_1_636' title='bbox 2898 4255 3124 4322; x_wconf 86' lang='lat' dir='ltr'>diebus,</span> <span class='ocrx_word' id='word_1_637' title='bbox 3190 4278 3216 4303; x_wconf 87' lang='grc'><strong>››</strong></span> <span class='ocrx_word' id='word_1_638' title='bbox 3269 4255 3532 4310; x_wconf 89' lang='lat' dir='ltr'>insinuat</span> <span class='ocrx_word' id='word_1_639' title='bbox 3592 4255 3783 4324; x_wconf 86' lang='lat' dir='ltr'>nobis,</span> 
     </span>
    </p>
   </div>
   <div class='ocr_carea' id='block_1_93' title="bbox 2135 4341 3786 4415">
    <p class='ocr_par' dir='ltr' id='par_1_93' title="bbox 2135 4341 3786 4415">
     <span class='ocr_line' id='line_1_93' title="bbox 2135 4341 3786 4415; baseline 0.001 -19"><span class='ocrx_word' id='word_1_640' title='bbox 2135 4341 2318 4397; x_wconf 90' lang='lat' dir='ltr'>multo</span> <span class='ocrx_word' id='word_1_641' title='bbox 2347 4342 2403 4396; x_wconf 91' lang='lat' dir='ltr'>in</span> <span class='ocrx_word' id='word_1_642' title='bbox 2436 4343 2626 4397; x_wconf 89' lang='lat' dir='ltr'>medio</span> <span class='ocrx_word' id='word_1_643' title='bbox 2658 4350 2918 4414; x_wconf 91' lang='lat' dir='ltr'>tempore</span> <span class='ocrx_word' id='word_1_644' title='bbox 2969 4348 3361 4412; x_wconf 89' lang='lat' dir='ltr'>percurrente,</span> <span class='ocrx_word' id='word_1_645' title='bbox 3397 4344 3633 4415; x_wconf 91' lang='lat' dir='ltr'>quando</span> <span class='ocrx_word' id='word_1_646' title='bbox 3656 4345 3786 4414; x_wconf 88' lang='lat' dir='ltr'>jam</span> 
     </span>
    </p>
   </div>
   <div class='ocr_carea' id='block_1_94' title="bbox 2135 4431 3788 4503">
    <p class='ocr_par' dir='ltr' id='par_1_94' title="bbox 2135 4431 3788 4503">
     <span class='ocr_line' id='line_1_94' title="bbox 2135 4431 3788 4503; baseline 0.002 -18"><span class='ocrx_word' id='word_1_647' title='bbox 2135 4431 2379 4503; x_wconf 85' lang='lat' dir='ltr'>proximi</span> <span class='ocrx_word' id='word_1_648' title='bbox 2418 4448 2654 4486; x_wconf 90' lang='lat' dir='ltr'>eramus</span> <span class='ocrx_word' id='word_1_649' title='bbox 2677 4433 2746 4486; x_wconf 88' lang='lat' dir='ltr'>ad</span> <span class='ocrx_word' id='word_1_650' title='bbox 2783 4449 3010 4503; x_wconf 75' lang='lat' dir='ltr'>pmnam</span> <span class='ocrx_word' id='word_1_651' title='bbox 3036 4450 3049 4499; x_wconf 92' lang='lat'><strong>;</strong></span> <span class='ocrx_word' id='word_1_652' title='bbox 3078 4434 3311 4503; x_wconf 88' lang='lat' dir='ltr'>quando</span> <span class='ocrx_word' id='word_1_653' title='bbox 3339 4432 3539 4487; x_wconf 89' lang='lat' dir='ltr'>omnia</span> <span class='ocrx_word' id='word_1_654' title='bbox 3567 4433 3788 4488; x_wconf 88' lang='lat' dir='ltr'>charis-</span> 
     </span>
    </p>
   </div>
   <div class='ocr_carea' id='block_1_95' title="bbox 2135 4521 3785 4593">
    <p class='ocr_par' dir='ltr' id='par_1_95' title="bbox 2135 4521 3785 4593">
     <span class='ocr_line' id='line_1_95' title="bbox 2135 4521 3785 4593; baseline 0.001 -19"><span class='ocrx_word' id='word_1_655' title='bbox 2135 4525 2292 4575; x_wconf 87' lang='lat' dir='ltr'>mata</span> <span class='ocrx_word' id='word_1_656' title='bbox 2325 4522 2705 4592; x_wconf 89' lang='lat' dir='ltr'>quieverunt;</span> <span class='ocrx_word' id='word_1_657' title='bbox 2742 4522 2975 4593; x_wconf 90' lang='lat' dir='ltr'>quando</span> <span class='ocrx_word' id='word_1_658' title='bbox 3032 4539 3165 4593; x_wconf 90' lang='lat' dir='ltr'>spes</span> <span class='ocrx_word' id='word_1_659' title='bbox 3217 4521 3424 4577; x_wconf 88' lang='lat' dir='ltr'>salutis</span> <span class='ocrx_word' id='word_1_660' title='bbox 3471 4521 3634 4576; x_wconf 88' lang='lat' dir='ltr'>nulla</span> <span class='ocrx_word' id='word_1_661' title='bbox 3655 4523 3785 4592; x_wconf 87' lang='lat' dir='ltr'>jam</span> 
     </span>
    </p>
   </div>
   <div class='ocr_carea' id='block_1_96' title="bbox 2132 4611 3784 4682">
    <p class='ocr_par' dir='ltr' id='par_1_96' title="bbox 2132 4611 3784 4682">
     <span class='ocr_line' id='line_1_96' title="bbox 2132 4611 3784 4682; baseline 0 -18"><span class='ocrx_word' id='word_1_662' title='bbox 2132 4614 2285 4676; x_wconf 88' lang='lat' dir='ltr'>erat;</span> <span class='ocrx_word' id='word_1_663' title='bbox 2315 4611 2548 4680; x_wconf 85' lang='lat' dir='ltr'>quando</span> <span class='ocrx_word' id='word_1_664' title='bbox 2570 4611 2642 4664; x_wconf 90' lang='lat' dir='ltr'>ab</span> <span class='ocrx_word' id='word_1_665' title='bbox 2665 4611 2938 4666; x_wconf 90' lang='lat' dir='ltr'>omnibus</span> <span class='ocrx_word' id='word_1_666' title='bbox 2962 4611 3220 4666; x_wconf 90' lang='lat' dir='ltr'>minores</span> <span class='ocrx_word' id='word_1_667' title='bbox 3243 4627 3372 4667; x_wconf 89' lang='lat' dir='ltr'>esse</span> <span class='ocrx_word' id='word_1_668' title='bbox 3393 4613 3784 4682; x_wconf 85' lang='lat' dir='ltr'>putabamur;</span> 
     </span>
    </p>
   </div>
   <div class='ocr_carea' id='block_1_97' title="bbox 2134 4698 3786 4771">
    <p class='ocr_par' dir='ltr' id='par_1_97' title="bbox 2134 4698 3786 4771">
     <span class='ocr_line' id='line_1_97' title="bbox 2134 4698 3786 4771; baseline 0.001 -19"><span class='ocrx_word' id='word_1_669' title='bbox 2134 4704 2275 4752; x_wconf 90' lang='lat' dir='ltr'>tunc</span> <span class='ocrx_word' id='word_1_670' title='bbox 2305 4698 2620 4768; x_wconf 88' lang='lat' dir='ltr'>ampliores</span> <span class='ocrx_word' id='word_1_671' title='bbox 2646 4699 2974 4754; x_wconf 81' lang='lat' dir='ltr'>existimus.</span> <span class='ocrx_word' id='word_1_672' title='bbox 2994 4700 3592 4756; x_wconf 87' lang='lat' dir='ltr'>Animadvertendum</span> <span class='ocrx_word' id='word_1_673' title='bbox 3629 4701 3786 4771; x_wconf 91' lang='lat' dir='ltr'>quod</span> 
     </span>
    </p>
   </div>
   <div class='ocr_carea' id='block_1_98' title="bbox 2134 4787 3786 4860">
    <p class='ocr_par' dir='ltr' id='par_1_98' title="bbox 2134 4787 3786 4860">
     <span class='ocr_line' id='line_1_98' title="bbox 2134 4787 3786 4860; baseline 0.002 -20"><span class='ocrx_word' id='word_1_674' title='bbox 2134 4807 2163 4836; x_wconf 85' lang='lat'><strong>«</strong></span> <span class='ocrx_word' id='word_1_675' title='bbox 2198 4787 2256 4840; x_wconf 93' lang='lat' dir='ltr'>in</span> <span class='ocrx_word' id='word_1_676' title='bbox 2294 4809 2319 4835; x_wconf 87' lang='grc'><strong>››</strong></span> <span class='ocrx_word' id='word_1_677' title='bbox 2354 4788 2709 4859; x_wconf 63' lang='lat' dir='ltr'>praepositio,</span> <span class='ocrx_word' id='word_1_678' title='bbox 2744 4789 2916 4843; x_wconf 79' lang='lat' dir='ltr'>etiam</span> <span class='ocrx_word' id='word_1_679' title='bbox 2951 4806 3051 4860; x_wconf 87' lang='lat' dir='ltr'>pro</span> <span class='ocrx_word' id='word_1_680' title='bbox 3088 4811 3114 4839; x_wconf 84' lang='lat'><strong>«</strong></span> <span class='ocrx_word' id='word_1_681' title='bbox 3144 4807 3248 4860; x_wconf 90' lang='lat' dir='ltr'>per</span> <span class='ocrx_word' id='word_1_682' title='bbox 3283 4812 3308 4838; x_wconf 91' lang='grc'><strong>››</strong></span> <span class='ocrx_word' id='word_1_683' title='bbox 3336 4788 3786 4860; x_wconf 83' lang='lat' dir='ltr'>accipitur.Non</span> 
     </span>
    </p>
   </div>
   <div class='ocr_carea' id='block_1_99' title="bbox 2132 4875 3788 4949">
    <p class='ocr_par' dir='ltr' id='par_1_99' title="bbox 2132 4875 3788 4949">
     <span class='ocr_line' id='line_1_99' title="bbox 2132 4875 3788 4949; baseline 0.001 -18"><span class='ocrx_word' id='word_1_684' title='bbox 2132 4875 2286 4931; x_wconf 88' lang='lat' dir='ltr'>enim</span> <span class='ocrx_word' id='word_1_685' title='bbox 2308 4875 2488 4931; x_wconf 86' lang='lat' dir='ltr'>dixit:</span> <span class='ocrx_word' id='word_1_686' title='bbox 2519 4900 2545 4926; x_wconf 91' lang='grc'><strong>‹‹</strong></span> <span class='ocrx_word' id='word_1_687' title='bbox 2571 4876 2839 4932; x_wconf 90' lang='lat' dir='ltr'>Christus</span> <span class='ocrx_word' id='word_1_688' title='bbox 2863 4877 3090 4932; x_wconf 90' lang='lat' dir='ltr'>locutus</span> <span class='ocrx_word' id='word_1_689' title='bbox 3114 4884 3221 4941; x_wconf 90' lang='lat' dir='ltr'>est,</span> <span class='ocrx_word' id='word_1_690' title='bbox 3246 4903 3266 4929; x_wconf 79' lang='grc'><strong>»</strong></span> <span class='ocrx_word' id='word_1_691' title='bbox 3295 4876 3564 4949; x_wconf 90' lang='lat' dir='ltr'>quamvis</span> <span class='ocrx_word' id='word_1_692' title='bbox 3587 4877 3788 4948; x_wconf 86' lang='lat' dir='ltr'>ipsum</span> 
     </span>
    </p>
   </div>
   <div class='ocr_carea' id='block_1_100' title="bbox 2133 4965 3788 5036">
    <p class='ocr_par' dir='ltr' id='par_1_100' title="bbox 2133 4965 3788 5036">
     <span class='ocr_line' id='line_1_100' title="bbox 2133 4965 3788 5036; baseline 0.001 -18"><span class='ocrx_word' id='word_1_693' title='bbox 2133 4965 2395 5020; x_wconf 90' lang='lat' dir='ltr'>locutum</span> <span class='ocrx_word' id='word_1_694' title='bbox 2457 4971 2839 5020; x_wconf 85' lang='lat' dir='ltr'>constetesse</span> <span class='ocrx_word' id='word_1_695' title='bbox 2898 4967 3319 5033; x_wconf 87' lang='lat' dir='ltr'>manifestum;</span> <span class='ocrx_word' id='word_1_696' title='bbox 3372 4967 3471 5022; x_wconf 89' lang='lat' dir='ltr'>sed</span> <span class='ocrx_word' id='word_1_697' title='bbox 3505 4967 3788 5036; x_wconf 89' lang='lat' dir='ltr'>quoniam</span> 
     </span>
    </p>
   </div>
   <div class='ocr_carea' id='block_1_101' title="bbox 2135 5055 3789 5127">
    <p class='ocr_par' dir='ltr' id='par_1_101' title="bbox 2135 5055 3789 5127">
     <span class='ocr_line' id='line_1_101' title="bbox 2135 5055 3789 5127; baseline 0.002 -19"><span class='ocrx_word' id='word_1_698' title='bbox 2135 5055 2327 5109; x_wconf 88' lang='lat' dir='ltr'>adhuc</span> <span class='ocrx_word' id='word_1_699' title='bbox 2377 5055 2588 5109; x_wconf 74' lang='lat' dir='ltr'>animae</span> <span class='ocrx_word' id='word_1_700' title='bbox 2651 5072 2874 5123; x_wconf 90' lang='lat' dir='ltr'>eorum,</span> <span class='ocrx_word' id='word_1_701' title='bbox 2937 5057 3153 5127; x_wconf 91' lang='lat' dir='ltr'>quibus</span> <span class='ocrx_word' id='word_1_702' title='bbox 3210 5055 3521 5125; x_wconf 90' lang='lat' dir='ltr'>scribebat,</span> <span class='ocrx_word' id='word_1_703' title='bbox 3567 5055 3789 5111; x_wconf 82' lang='lat' dir='ltr'>debiles</span> 
     </span>
    </p>
   </div>
   <div class='ocr_carea' id='block_1_102' title="bbox 2135 5143 3786 5217">
    <p class='ocr_par' dir='ltr' id='par_1_102' title="bbox 2135 5143 3786 5217">
     <span class='ocr_line' id='line_1_102' title="bbox 2135 5143 3786 5217; baseline 0 -19"><span class='ocrx_word' id='word_1_704' title='bbox 2135 5147 2319 5211; x_wconf 89' lang='lat' dir='ltr'>erant,</span> <span class='ocrx_word' id='word_1_705' title='bbox 2353 5147 2410 5198; x_wconf 90' lang='lat' dir='ltr'>et</span> <span class='ocrx_word' id='word_1_706' title='bbox 2443 5145 2692 5198; x_wconf 90' lang='lat' dir='ltr'>necdum</span> <span class='ocrx_word' id='word_1_707' title='bbox 2727 5149 2994 5216; x_wconf 88' lang='lat' dir='ltr'>poterant</span> <span class='ocrx_word' id='word_1_708' title='bbox 3019 5145 3264 5216; x_wconf 88' lang='lat' dir='ltr'>pleniter</span> <span class='ocrx_word' id='word_1_709' title='bbox 3296 5145 3366 5200; x_wconf 89' lang='lat' dir='ltr'>de</span> <span class='ocrx_word' id='word_1_710' title='bbox 3397 5143 3626 5200; x_wconf 89' lang='lat' dir='ltr'>Christo</span> <span class='ocrx_word' id='word_1_711' title='bbox 3660 5162 3786 5217; x_wconf 87' lang='lat' dir='ltr'>per-</span> 
     </span>
    </p>
   </div>
   <div class='ocr_carea' id='block_1_103' title="bbox 2058 5217 3787 5305">
    <p class='ocr_par' dir='ltr' id='par_1_103' title="bbox 2058 5217 3787 5305">
     <span class='ocr_line' id='line_1_103' title="bbox 2058 5217 3787 5305; baseline 0.005 -23"><span class='ocrx_word' id='word_1_712' title='bbox 2058 5217 2103 5280; x_wconf 86' lang='lat' dir='ltr'>D</span> <span class='ocrx_word' id='word_1_713' title='bbox 2135 5233 2343 5304; x_wconf 86' lang='lat' dir='ltr'>cipere,</span> <span class='ocrx_word' id='word_1_714' title='bbox 2379 5232 2523 5286; x_wconf 83' lang='lat' dir='ltr'>dixit</span> <span class='ocrx_word' id='word_1_715' title='bbox 2555 5234 2708 5305; x_wconf 93' lang='lat' dir='ltr'>quod</span> <span class='ocrx_word' id='word_1_716' title='bbox 2742 5234 2896 5288; x_wconf 91' lang='lat' dir='ltr'>Deus</span> <span class='ocrx_word' id='word_1_717' title='bbox 2947 5252 3048 5304; x_wconf 89' lang='lat' dir='ltr'>per</span> <span class='ocrx_word' id='word_1_718' title='bbox 3091 5234 3296 5288; x_wconf 85' lang='lat' dir='ltr'>Filium</span> <span class='ocrx_word' id='word_1_719' title='bbox 3350 5250 3524 5289; x_wconf 90' lang='lat' dir='ltr'>suum</span> <span class='ocrx_word' id='word_1_720' title='bbox 3557 5233 3787 5290; x_wconf 87' lang='lat' dir='ltr'>locutus</span> 
     </span>
    </p>
   </div>
   <div class='ocr_carea' id='block_1_104' title="bbox 2138 5321 3787 5393">
    <p class='ocr_par' dir='ltr' id='par_1_104' title="bbox 2138 5321 3787 5393">
     <span class='ocr_line' id='line_1_104' title="bbox 2138 5321 3787 5393; baseline 0.001 -16"><span class='ocrx_word' id='word_1_721' title='bbox 2138 5326 2228 5377; x_wconf 89' lang='lat' dir='ltr'>est</span> <span class='ocrx_word' id='word_1_722' title='bbox 2259 5321 2446 5376; x_wconf 90' lang='lat' dir='ltr'>nobis.</span> <span class='ocrx_word' id='word_1_723' title='bbox 2498 5321 2640 5376; x_wconf 87' lang='lat' dir='ltr'>Vide</span> <span class='ocrx_word' id='word_1_724' title='bbox 2691 5323 2981 5393; x_wconf 86' lang='lat' dir='ltr'>quomodo</span> <span class='ocrx_word' id='word_1_725' title='bbox 3032 5339 3410 5378; x_wconf 90' lang='lat' dir='ltr'>communem</span> <span class='ocrx_word' id='word_1_726' title='bbox 3458 5323 3598 5376; x_wconf 88' lang='lat' dir='ltr'>facit</span> <span class='ocrx_word' id='word_1_727' title='bbox 3641 5323 3787 5378; x_wconf 88' lang='lat' dir='ltr'>hanc</span> 
     </span>
    </p>
   </div>
   <div class='ocr_carea' id='block_1_105' title="bbox 2135 5409 3784 5483">
    <p class='ocr_par' dir='ltr' id='par_1_105' title="bbox 2135 5409 3784 5483">
     <span class='ocr_line' id='line_1_105' title="bbox 2135 5409 3784 5483; baseline 0.002 -21"><span class='ocrx_word' id='word_1_728' title='bbox 2135 5426 2396 5473; x_wconf 86' lang='lat' dir='ltr'>causam,</span> <span class='ocrx_word' id='word_1_729' title='bbox 2431 5415 2484 5464; x_wconf 90' lang='lat' dir='ltr'>ct</span> <span class='ocrx_word' id='word_1_730' title='bbox 2515 5427 2576 5464; x_wconf 85' lang='lat' dir='ltr'>se</span> <span class='ocrx_word' id='word_1_731' title='bbox 2610 5409 2803 5480; x_wconf 90' lang='lat' dir='ltr'>ipsum</span> <span class='ocrx_word' id='word_1_732' title='bbox 2839 5413 3119 5482; x_wconf 75' lang='lat' dir='ltr'>apostolis</span> <span class='ocrx_word' id='word_1_733' title='bbox 3151 5413 3351 5466; x_wconf 85' lang='lat' dir='ltr'>ordine</span> <span class='ocrx_word' id='word_1_734' title='bbox 3380 5411 3503 5483; x_wconf 89' lang='lat' dir='ltr'>pari</span> <span class='ocrx_word' id='word_1_735' title='bbox 3539 5414 3784 5482; x_wconf 91' lang='lat' dir='ltr'>conjun-</span> 
     </span>
    </p>
   </div>
   <div class='ocr_carea' id='block_1_106' title="bbox 2135 5500 3783 5568">
    <p class='ocr_par' dir='ltr' id='par_1_106' title="bbox 2135 5500 3783 5568">
     <span class='ocr_line' id='line_1_106' title="bbox 2135 5500 3783 5568; baseline 0.004 -18"><span class='ocrx_word' id='word_1_736' title='bbox 2135 5501 2240 5568; x_wconf 80' lang='lat' dir='ltr'>git,</span> <span class='ocrx_word' id='word_1_737' title='bbox 2275 5500 2511 5554; x_wconf 89' lang='lat' dir='ltr'>dicens:</span> <span class='ocrx_word' id='word_1_738' title='bbox 2548 5524 2574 5547; x_wconf 88' lang='grc'><em>‹‹</em></span> <span class='ocrx_word' id='word_1_739' title='bbox 2632 5501 2879 5555; x_wconf 87' lang='lat' dir='ltr'>Locutus</span> <span class='ocrx_word' id='word_1_740' title='bbox 2938 5507 3026 5554; x_wconf 89' lang='lat' dir='ltr'>est</span> <span class='ocrx_word' id='word_1_741' title='bbox 3068 5503 3234 5555; x_wconf 82' lang='lat' dir='ltr'>nobis</span> <span class='ocrx_word' id='word_1_742' title='bbox 3294 5501 3351 5554; x_wconf 92' lang='lat' dir='ltr'>in</span> <span class='ocrx_word' id='word_1_743' title='bbox 3387 5500 3528 5555; x_wconf 81' lang='lat' dir='ltr'>Filio</span> <span class='ocrx_word' id='word_1_744' title='bbox 3592 5519 3721 5556; x_wconf 90' lang='lat' dir='ltr'>suo.</span> <span class='ocrx_word' id='word_1_745' title='bbox 3760 5525 3783 5548; x_wconf 74' lang='grc' dir='ltr'><strong>ν</strong></span> 
     </span>
    </p>
   </div>
   <div class='ocr_carea' id='block_1_107' title="bbox 2138 5586 3253 5658">
    <p class='ocr_par' dir='ltr' id='par_1_107' title="bbox 2138 5586 3253 5658">
     <span class='ocr_line' id='line_1_107' title="bbox 2138 5586 3253 5658; baseline 0.004 -20"><span class='ocrx_word' id='word_1_746' title='bbox 2138 5586 2263 5640; x_wconf 74' lang='lat' dir='ltr'>Filii</span> <span class='ocrx_word' id='word_1_747' title='bbox 2299 5587 2514 5658; x_wconf 89' lang='lat' dir='ltr'>quippe</span> <span class='ocrx_word' id='word_1_748' title='bbox 2540 5605 2749 5642; x_wconf 86' lang='lat' dir='ltr'>nomen</span> <span class='ocrx_word' id='word_1_749' title='bbox 2784 5605 3096 5644; x_wconf 86' lang='lat' dir='ltr'>commune</span> <span class='ocrx_word' id='word_1_750' title='bbox 3128 5596 3253 5644; x_wconf 84' lang='lat' dir='ltr'>est:</span> 
     </span>
    </p>
   </div>
   <div class='ocr_carea' id='block_1_108' title="bbox 2208 5729 2994 5801">
    <p class='ocr_par' dir='ltr' id='par_1_108' title="bbox 2208 5729 2994 5801">
     <span class='ocr_line' id='line_1_108' title="bbox 2208 5729 2994 5801; baseline -0.001 -16"><span class='ocrx_word' id='word_1_751' title='bbox 2208 5729 2390 5801; x_wconf 59' lang='lat'>(1386)</span> <span class='ocrx_word' id='word_1_752' title='bbox 2425 5729 2590 5799; x_wconf 80' lang='lat' dir='ltr'>Vulg.</span> <span class='ocrx_word' id='word_1_753' title='bbox 2631 5731 2994 5786; x_wconf 64' lang='lat' dir='ltr'>assimilatas.</span> 
     </span>
    </p>
   </div>
  </div>
