3898 6400
131 461 258 520 729

729 461 1147 522 EXPOSITIO
1191 462 1270 521 IN
1317 429 1745 524 EPISTULAS
1792 459 2049 524 PAULI.
2084 491 2162 504 —
2191 459 2269 520 IN
2315 461 2566 521 EPIST.
2611 460 2714 521 AD
2759 448 2996 520 HEBR.

3448 457 3570 517 730

210 593 324 649 Ubi
357 594 515 648 enim
549 593 823 666 proprius
854 594 1184 667 inteligitur
1217 595 1694 668 Filius,superior
1719 599 1808 650 est
1836 593 1890 660 Α
1921 593 1991 647 ad
2024 594 2582 649 demonstrationem
2617 592 2794 648 trium
2827 607 3230 664 personarum,
3273 589 3374 662 qui
3405 587 3568 645 scili-

135 689 196 740 et
226 683 648 741 excellentior:
689 709 708 733 ι
745 685 928 749 Quem
961 686 1268 741 constituit
1323 686 1616 741 hazredem
1675 687 1806 741 uni-

134 789 476 841 versorum,
514 796 542 822 »
577 773 634 828 id
666 779 775 842 est,
811 775 992 831 totius
1024 776 1252 830 mundi.
1285 777 1408 831 Non
1434 777 1560 847 jam
1619 779 1806 849 portio

142 863 379 918 Domini
434 867 663 919 tantum
716 865 922 930 Jacob,
954 870 1012 920 et
1062 883 1199 937 pars
1259 867 1386 937 ejus
1445 866 1644 934 Israel,
1705 868 1804 922 sed

140 970 353 1009 omnes
403 954 648 1009 omnino
699 955 964 1010 nationes
998 955 1150 1024 ghoc
1208 963 1319 1018 est,
1369 956 1581 1012 Filium
1630 975 1804 1013 suum

139 1041 460 1098 Dominum
478 1046 749 1097 nostrum
767 1041 1057 1098 haeredem
1079 1044 1804 1099 constituituniversorum

137 1131 296 1186 sicut
327 1129 386 1184 in
417 1131 664 1186 Actibus
710 1131 1110 1201 apostolorum
1165 1133 1371 1187 Petrus
1416 1131 1696 1204 loquitur,
1747 1133 1805 1187 di

139 1237 279 1276 cens
315 1238 328 1275 :
368 1240 395 1271 α
427 1221 497 1274 Et
529 1221 844 1275 Dominum
877 1237 1034 1288 eum,
1071 1225 1126 1276 et
1156 1221 1454 1277 Christum
1487 1222 1642 1277 Deus
1675 1222 1810 1277 fecit

140 1310 278 1380 (Act.
314 1327 377 1377 11,
408 1310 521 1381 36).
556 1331 584 1359 ››
621 1309 877 1365 Haeredis
924 1315 1119 1365 autem
1182 1311 1372 1365 utitur
1429 1311 1688 1376 nomine,
1742 1314 1807 1366 ut

145 1397 228 1452 ibi
259 1397 505 1469 quidem
538 1415 643 1470 per
671 1399 782 1454 hoc
815 1402 1063 1466 astruat,
1097 1404 1154 1454 et
1185 1400 1455 1455 ostendat
1486 1401 1636 1470 quod
1673 1415 1807 1472 pro-

147 1487 317 1559 prius
350 1488 428 1542 sit
452 1488 719 1552 Filius,et
750 1489 904 1559 quod
921 1488 1339 1544 dominationis
1371 1489 1455 1543 illi
1487 1489 1649 1544 nulla
1669 1506 1805 1544 con-

145 1577 342 1648 tingat
371 1578 642 1633 amissio.
681 1578 895 1634 Deinde
925 1579 996 1633 ad
1029 1578 1236 1633 altiora
1258 1595 1588 1634 sermonem
1619 1578 1807 1634 tendit

146 1667 398 1722 dicendo
429 1685 442 1722 :
479 1689 505 1715 «
542 1667 648 1721 Per
677 1683 854 1738 quem
887 1668 1020 1723 fecit
1049 1672 1105 1723 et
1135 1667 1402 1736 saecula,»
1441 1673 1505 1722 ut
1539 1667 1807 1722 ostende-

145 1762 233 1812 ret
262 1756 540 1811 eumdem
572 1756 912 1812 novissimis
937 1756 1141 1812 diebus
1165 1757 1393 1813 venisse
1423 1758 1482 1811 in
1517 1757 1805 1812 mundum

144 1862 248 1918 per
277 1862 456 1917 quem
493 1845 685 1900 factus
706 1851 796 1900 est
828 1847 1110 1915 mundus,
1174 1847 1644 1918 magnitudinem
1677 1846 1806 1916 ejus

1917 687 2008 738 cet
2037 683 2098 739 in
2129 684 2284 755 igne,
2317 687 2374 738 et
2404 685 2683 755 splendor
2729 688 2786 738 et
2833 681 2990 738 calor
3033 686 3140 736 est.
3171 680 3336 736 Unde
3390 679 3565 736 etiam

1917 773 2226 844 subjungit
2257 789 2271 827 :

1987 883 2015 910 ι(
2051 861 2155 925 Qui
2181 866 2269 918 est
2302 862 2490 935 ﬁgura
2521 862 2864 918 substantias
2888 863 3074 934 ejus.»
3106 861 3321 933 Figura
3350 862 3568 932 quippe

1917 950 2099 1007 altera
2129 956 2218 1006 est
2256 954 2326 1008 ab
2375 969 2461 1021 eo,
2517 954 2684 1022 cujus
2733 951 3000 1007 enuntiat
3053 951 3300 1006 formam
3339 968 3352 1018 ;
3385 949 3568 1005 altera

1919 1045 2137 1108 autem,
2173 1059 2286 1096 non
2319 1042 2376 1097 in
2408 1043 2708 1109 omnibus,
2739 1043 2838 1096 sed
2871 1041 3193 1096 secundum
3227 1055 3562 1111 personam.

1917 1129 2061 1184 Nam
2095 1135 2150 1187 et
2179 1131 2274 1186 hic
2307 1133 2495 1204 ﬁgura
2525 1131 2877 1204 aequalitatis
2910 1130 3148 1185 omnino
3172 1129 3388 1202 praebet
3418 1127 3566 1183 indi-

1916 1217 2074 1273 cium
2109 1221 2179 1275 ad
2214 1221 2381 1289 illud,
2416 1223 2585 1292 cujus
2617 1222 2804 1293 ﬁgura
2827 1219 3222 1291 suspicionem
3258 1217 3343 1274 vel
3375 1233 3563 1290 prava

1917 1306 2419 1365 dissimilitudinis
2453 1311 2650 1382 procul
2679 1310 2860 1365 dubio
2893 1326 3008 1364 non
3033 1307 3384 1380 recipit.Hoc
3405 1307 3563 1362 enim

1919 1400 2170 1472 ﬁguram
2203 1399 2367 1466 dixit,
2403 1401 2556 1471 quod
2592 1399 2703 1454 alio
2735 1399 2859 1454 loco
2892 1398 3141 1453 formam
3174 1395 3563 1467 nominat,ubl

1918 1488 1998 1544 ait
2032 1505 2044 1544 :
2077 1511 2104 1538 ‹‹
2141 1489 2248 1552 Qui
2281 1506 2416 1543 cum
2447 1489 2505 1543 in
2542 1490 2729 1544 forma
2758 1489 2859 1544 Dei
2891 1490 3041 1543 esset
3073 1487 3498 1558 (Philipp.n,7.).
3532 1507 3560 1536 »

1917 1577 2125 1633 Forma
2154 1578 2309 1633 enim
2343 1577 2480 1646 illic,
2514 1582 2569 1634 et
2599 1579 2788 1651 ﬁgura
2818 1576 2910 1632 hic
2959 1593 3137 1632 unam
3196 1576 3452 1632 declarat
3474 1591 3563 1631 es-

1917 1668 2116 1721 sentia:
2148 1667 2563 1739 aequalitatem.

1989 1779 2017 1807 «
2052 1757 2414 1829 Portansque
2445 1758 2642 1813 omnia
2669 1757 2844 1812 verbo
2872 1757 3106 1812 virtutis
3138 1772 3275 1811 suze.
3308 1778 3328 1804 ι
3365 1754 3423 1810 id
3456 1758 3563 1825 est,

1915 1845 2573 1917 gubernans,siquidem
2606 1846 2961 1910 cadentia,et
2974 1847 3039 1900 ad
3057 1843 3310 1900 nihilum
3327 1845 3567 1900 tenden-

144 1935 599 2006 ostendens,qui
635 1935 744 1989 fuit
770 1935 911 1990 Novi
945 1936 1303 1991 Testamenti
1339 1935 1489 1991 lator
1519 1939 1575 1990 et
1606 1939 1808 1991 auctor
1837 1970 1885 2034 Β
1914 1934 2433 1993 tiacontinet.Non
2457 1936 2612 1991 enim
2636 1936 2835 1991 minus
2850 1938 2939 1991 est
2960 1934 3259 1990 continere
3278 1934 3565 1989 mundum

148 2024 255 2081 Ubi
289 2041 449 2079 nunc
481 2029 623 2079 sunt
653 2025 754 2095 qui
787 2024 994 2080 dicunt
1026 2043 1037 2092 ;
1074 2026 1210 2080 Erat
1239 2027 1473 2097 quando
1506 2042 1619 2080 non
1653 2025 1808 2081 erat?

147 2113 308 2178 Quod
335 2113 495 2168 enim
526 2113 885 2185 evangelista
904 2114 1162 2170 Joannes
1185 2115 1328 2170 dicit
1360 2131 1371 2169 :
1411 2136 1439 2164 ‹‹
1471 2115 1681 2170 Omnia
1707 2132 1811 2187 per

145 2202 344 2275 ipsum
379 2203 536 2259 facta
567 2205 708 2258 sunt
736 2203 926 2273 (Joan.
958 2220 997 2270 1,
1032 2205 1108 2270 3),
1146 2226 1170 2250 »
1233 2203 1341 2258 hoc
1373 2203 1482 2258 iste
1513 2204 1806 2277 signiﬁca-

141 2292 241 2359 vit,
276 2290 526 2346 dicendo
563 2309 576 2346 :
611 2314 639 2341 «
675 2291 786 2346 Per
817 2308 994 2363 quem
1027 2293 1164 2347 fecit
1214 2297 1274 2348 et
1318 2291 1552 2348 saecula.
1589 2315 1617 2341 »
1648 2294 1809 2349 Unde

141 2380 318 2435 etiam
349 2379 462 2435 iste
493 2384 551 2435 et
583 2383 718 2435 ante
749 2380 950 2435 omnia
981 2380 1216 2448 szecula,
1248 2384 1306 2435 et
1365 2381 1632 2452 opiﬁcem
1673 2399 1808 2438 eum

141 2485 272 2525 esse
303 2469 586 2524 declarat.
622 2469 758 2524 Post
788 2469 930 2536 haec,
967 2469 1326 2541 quibusdam
1358 2471 1642 2541 gradibus
1695 2471 1808 2528 ele-

143 2563 357 2631 ganter
389 2562 582 2627 utens,
614 2559 878 2630 pervenit
907 2560 975 2614 ad
1021 2559 1102 2624 id,
1157 2560 1314 2632 quod
1374 2559 1649 2616 omnibus
1681 2561 1810 2617 istis

140 2665 271 2720 quae
307 2665 491 2718 supra
521 2647 692 2712 dixit,
727 2647 914 2702 multo
947 2648 1138 2721 magis
1199 2653 1288 2703 est
1317 2654 1374 2704 et
1404 2650 1688 2717 insonuit,
1721 2650 1809 2706 di-

140 2753 331 2792 cens:
367 2759 396 2786 ‹‹
429 2736 537 2800 Qui
581 2741 670 2792 est
705 2737 982 2808 splendor
1041 2737 1259 2809 gloriaa,
1320 2744 1377 2793 et
1431 2741 1620 2811 ﬁgura
1669 2741 1806 2795 sub-

141 2826 378 2882 stantia;
409 2827 934 2897 ejus,portansque
976 2827 1175 2881 omnia
1206 2828 1381 2884 verbo
1410 2829 1646 2884 virtutis
1669 2846 1808 2897 suzs,

147 2915 958 2990 purgationmnpeccatorum
991 2916 1266 2972 faciens.»
1299 2918 1644 2972 Multaenim
1678 2935 1813 2973 vera

148 3006 222 3061 de
258 3007 372 3060 Deo
401 3003 815 3078 intelligimus,
850 3022 978 3076 qua;
1010 3005 1169 3076 loqui
1213 3005 1446 3078 penitus
1504 3024 1616 3062 non
1653 3006 1811 3062 vale-

149 3111 308 3150 mus.
343 3093 532 3149 Multa
560 3093 702 3150 item
734 3095 1053 3165 loquimur,
1089 3100 1146 3149 et
1204 3111 1272 3150 ea
1327 3096 1653 3167 intelligere
1696 3114 1810 3152 non

149 3199 366 3240 sumus
397 3183 593 3238 idonei
630 3199 642 3236 ;
677 3183 837 3238 verbi
869 3183 1060 3256 gratia
1091 3185 1232 3255 quia
1263 3185 1482 3256 ubique
1515 3191 1605 3240 est
1635 3190 1810 3253 Deus,

146 3272 396 3339 scimus,
429 3273 728 3344 quomodo
761 3271 982 3345 ubique
1014 3272 1111 3339 sit,
1143 3273 1441 3328 intellectu
1504 3291 1618 3330 non
1651 3275 1808 3346 capi-

1919 2039 2096 2094 quam
2147 2041 2362 2082 creare.
2415 2026 2546 2095 Sed,
2602 2025 2651 2080 si
2719 2028 2946 2097 oportet
3005 2022 3224 2096 aliquid
3285 2021 3566 2077 audacius

1918 2114 2330 2181 dicere,adhuc
2359 2114 2614 2186 amplius
2644 2117 2904 2169 est.Nam
2937 2113 2997 2168 in
3032 2111 3296 2168 faciendo
3329 2110 3564 2183 quidem

1919 2221 1986 2259 ex
2017 2203 2196 2259 nullis
2249 2203 2636 2272 exstantibus,
2699 2219 2894 2260 rerum
2953 2201 3217 2257 essentia:
3275 2201 3568 2273 productae

1920 2297 2096 2360 sunt;
2131 2293 2190 2347 in
2223 2292 2570 2348 continendo
2601 2309 2755 2363 vero,
2790 2309 2857 2348 ea
2888 2309 3013 2363 quae
3043 2291 3196 2346 facta
3227 2294 3466 2358 sunt,ne
3496 2289 3568 2346 ad

1921 2382 2170 2438 nihilum
2205 2381 2984 2449 redeant,continentur.Hic
3013 2397 3150 2454 ergo
3183 2382 3323 2436 dum
3357 2395 3568 2451 regun-

1917 2477 2033 2536 tur,
2069 2477 2123 2526 et
2164 2471 2235 2525 ad
2287 2470 2535 2525 invicem
2589 2469 2700 2526 sibi
2759 2470 3147 2542 repugnantia
3203 2471 3568 2540 coaptantur,

1922 2575 2202 2630 magnum
2225 2559 2458 2614 etvalde
2475 2557 3154 2630 mirabile,plurimseque
3167 2556 3402 2612 virtutis
3424 2557 3571 2612 indi-

1920 2649 2076 2703 cium
2109 2647 2457 2704 declaratur.
2493 2648 2746 2704 Dicendo
2777 2652 2972 2703 autem
2997 2671 3024 2698 «
3064 2651 3329 2720 portans,
3368 2668 3395 2695 ››
3429 2645 3570 2702 faci-

1921 2737 2144 2792 litatem
2178 2737 2510 2793 continendi
2535 2736 2716 2792 voluit
2748 2737 3209 2808 designare.Non
3237 2736 3392 2792 enim
3427 2735 3572 2789 dixit

1921 2829 2351 2900 gubernans,ex
2383 2826 2723 2898 metaphora
2737 2842 2938 2882 eorum
2959 2827 3059 2898 qui
3083 2826 3210 2881 sine
3240 2824 3572 2880 ullolabore

1921 2917 2105 2988 digito
2135 2916 2224 2972 vel
2259 2921 2492 2972 movent
2521 2915 2768 2987 aliquid,
2801 2914 2886 2970 vel
2927 2915 3209 2970 efﬁciunt.
3269 2913 3570 2978 Quomodo

1921 3006 2078 3064 enim
2110 3007 2365 3061 Joannes
2397 3006 2543 3060 dixit
2577 3022 2625 3060 :»
2659 3005 2820 3068 Quod
2854 3005 3072 3059 factum
3087 3007 3176 3059 est
3204 3004 3263 3058 in
3295 3003 3422 3074 ipso
3451 3001 3571 3056 vita

1921 3100 2045 3150 erat
2076 3097 2254 3164 (Joan.
2291 3112 2328 3162 Ι,
2363 3095 2440 3164 3),
2475 3117 2496 3145 ι
2542 3092 2743 3148 volens
2793 3109 2823 3147 a
2875 3093 3161 3147 creaturis
3210 3091 3574 3159 distinguere

1922 3183 2214 3239 universis
2246 3199 2259 3238 :
2296 3183 2452 3254 quod
2485 3180 3230 3250 cunctorumvitamipsum
3261 3197 3390 3236 esse
3412 3196 3575 3235 cons-

1927 3277 2015 3329 tat
2048 3299 2062 3342 ;
2095 3273 2178 3328 sic
2209 3273 2386 3328 etiam
2419 3271 2544 3343 ipse
2583 3270 2724 3325 dicit
2755 3288 2767 3338 ;
2802 3275 3046 3342 portans
3077 3269 3294 3325 omnia.
3328 3268 3454 3324 Non
3488 3269 3573 3323 si-

147 3377 287 3417 mus
321 3380 334 3417 :
370 3361 532 3417 item:
566 3361 855 3425 Quoniam
871 3361 1606 3435 estincorporeaquzedam
1627 3364 1816 3420 virtus
1847 3337 1889 3404 C
1929 3367 2027 3418 cut
2056 3362 2290 3434 pagani,
2327 3360 2425 3432 qui
2456 3377 2590 3416 eum
2624 3377 2656 3415 a
2685 3359 3019 3415 conditione
3077 3375 3272 3414 rerum
3302 3361 3361 3413 et
3389 3357 3579 3429 provi-

147 3469 281 3524 quas
303 3451 585 3506 omnibus
606 3453 697 3506 est
726 3467 904 3505 causa
933 3453 1497 3521 bonorum,scimus;
1523 3455 1818 3523 quomodo

144 3546 372 3606 autem,
407 3540 494 3595 vel
525 3556 655 3611 quas
687 3539 803 3594 ista
833 3541 929 3607 sit,
972 3541 1211 3611 penitus
1270 3541 1638 3612 ignoramus.
1673 3543 1817 3598 Ecce

143 3629 407 3685 dicimus
444 3629 516 3684 de
541 3645 610 3683 ea
640 3627 956 3698 aliquid,et
984 3645 1114 3683 eam
1147 3628 1473 3700 intelligere
1513 3647 1626 3685 non
1659 3630 1818 3686 vale-

147 3735 308 3774 mus.
347 3717 470 3773 Dixi
501 3717 721 3788 quippe
749 3716 892 3788 quia
925 3717 1143 3788 ubique
1173 3722 1281 3784 est,
1316 3719 1418 3773 sed
1453 3735 1568 3774 non
1599 3719 1818 3775 intelli-

148 3825 222 3881 go
259 3826 274 3875 ;
310 3807 462 3876 dico,
497 3806 632 3878 quia
657 3806 784 3862 sine
814 3806 1124 3878 principio,
1153 3809 1253 3862 sed
1287 3807 1561 3879 qualiter,
1595 3809 1818 3865 sit.non

149 3895 417 3968 intelligo
453 3913 466 3964 ;
499 3895 630 3950 dico
663 3895 944 3966 quoniam
977 3895 1183 3967 genuit
1226 3895 1436 3950 Filium
1472 3898 1544 3952 de
1574 3914 1636 3952 se
1667 3898 1816 3970 ipso,

151 3987 257 4043 sed
293 3984 490 4040 nescio
541 3984 796 4056 qualitsr
843 3984 954 4039 hoc
1013 3985 1313 4040 intellectu
1368 3986 1708 4056 percipiam,
1756 3993 1820 4043 ut

151 4075 392 4149 genitus
425 4091 540 4129 non
574 4074 652 4129 sit
683 4074 973 4145 posterior
1003 4075 1433 4146 genitori.Sunt
1461 4076 1638 4130 etiam
1671 4093 1820 4147 qure-

148 4166 313 4232 dam,
338 4180 467 4234 quae
493 4161 609 4217 dici
641 4179 760 4217 non
776 4164 1340 4233 possunt,quamvis
1371 4169 1567 4219 mente
1583 4165 1818 4236 capian-

149 4262 248 4310 tur
283 4271 295 4309 :
327 4251 580 4324 exempli
612 4252 820 4324 gratia,
861 4251 1137 4324 intelligit
1180 4269 1349 4308 mens
1381 4255 1482 4308 sed
1515 4271 1632 4309 non
1671 4254 1821 4311 valet

149 4345 348 4398 dicere
374 4357 386 4395 :
423 4341 679 4396 maxime
710 4345 906 4398 autem
933 4341 1031 4395 ubi
1065 4342 1136 4396 de
1166 4346 1280 4397 Deo
1305 4341 1567 4413 loquitur
1598 4341 1818 4414 aliquid

144 4432 235 4488 vel
271 4431 572 4498 audimus,
608 4430 691 4484 ita
721 4435 787 4486 ut
815 4430 995 4485 etiam
1029 4430 1227 4503 ipsum
1252 4431 1500 4485 Paulum
1531 4431 1728 4487 videas
1759 4433 1816 4486 in

146 4521 519 4595 quibusdam
553 4519 775 4575 talibus
807 4520 985 4575 rebus
1015 4519 1399 4590 iuﬁrmari,et
1431 4537 1544 4575 non
1574 4519 1821 4592 pleniter

147 4609 464 4683 explicare.
499 4609 788 4676 Quoniam
820 4625 1012 4682 neque
1069 4610 1139 4664 ad
1196 4608 1555 4682 loquendum
1617 4609 1820 4684 lingua

1927 3451 2126 3506 dentia
2156 3450 2362 3506 dicunt
2391 3465 2521 3505 esse
2543 3449 3116 3522 privatum.Dicendo
3147 3448 3303 3503 enim
3340 3465 3353 3503 :
3394 3469 3414 3496 α
3440 3445 3577 3502 Ver-

1928 3541 2001 3596 bo
2032 3540 2270 3595 virtutis
2301 3557 2444 3605 suae,
2487 3560 2515 3588 »
2569 3537 2941 3610 signiﬁcavit,
2993 3537 3148 3609 quod
3207 3537 3333 3592 sine
3378 3535 3579 3591 labore

1928 3633 2139 3686 cuncta
2169 3628 2482 3684 contineat.

2001 3721 2137 3775 Post
2165 3723 2384 3774 tantam
2421 3717 2628 3772 divinis
2647 3715 2973 3787 majestatis
2993 3715 3054 3770 in
3081 3714 3224 3771 Filio
3253 3714 3577 3771 claritatem

1922 3810 2048 3881 jam
2082 3825 2238 3864 nunc
2269 3809 2340 3864 ad
2356 3807 2748 3863 humilitatem
2765 3805 3184 3862 incarnationis
3197 3806 3325 3877 ejus
3343 3805 3582 3861 descen-

1929 3900 2034 3966 dit,
2069 3898 2271 3952 dicens
2306 3914 2319 3951 :
2361 3919 2382 3946 ι
2419 3897 2834 3969 Purgationem
2869 3901 3238 3968 peccatorum
3281 3895 3524 3951 faciens.
3548 3917 3576 3945 »

1932 3992 2242 4057 Postquam
2277 3985 2421 4040 dixit
2451 3986 2722 4057 superius
2751 3983 2856 4038 illa
2894 3999 3110 4055 magna
3156 3983 3437 4054 valdeque
3469 3984 3578 4038 mi-

1930 4077 2131 4142 randa,
2164 4074 2305 4129 dicit
2335 4091 2493 4128 nunc
2524 4078 2580 4128 et
2609 4073 2681 4127 de
2738 4089 2878 4127 cura
2937 4073 3086 4142 ejus,
3120 4088 3184 4126 ac
3245 4071 3582 4128 sollitudine

1930 4182 2108 4238 quam
2141 4164 2482 4220 hominibus
2513 4163 2683 4234 gerit.
2719 4163 2787 4216 Et
2834 4162 3104 4233 quamvis
3152 4160 3296 4217 illud
3347 4161 3576 4217 univer-

1930 4254 2051 4311 sale
2084 4256 2182 4321 sit,
2220 4253 2375 4326 quod
2424 4253 2626 4308 omnia
2676 4251 2937 4307 continet
2967 4252 2978 4306 l
3015 4255 3437 4307 vcrumtamem
3471 4251 3581 4307 hoc

1931 4344 2117 4399 multo
2148 4343 2405 4415 amplius
2437 4339 2892 4411 estuniversale,
2909 4345 3193 4412 quantum
3230 4340 3288 4394 in
3319 4340 3448 4412 ipso
3470 4345 3578 4409 est,

1929 4434 2085 4504 quod
2103 4434 2159 4487 in
2175 4449 2308 4488 eum
2323 4448 2527 4486 omnes
2541 4431 2932 4486 crediderunt.
2958 4429 3122 4484 Unde
3133 4430 3308 4484 etiam
3323 4428 3581 4486 Joannes

1929 4522 2070 4577 dicit
2100 4538 2113 4576 :
2151 4545 2179 4573 «
2201 4521 2333 4576 Vita
2363 4519 2744 4591 erat(lbid.,4)
2777 4537 2791 4587 ;
2829 4541 2856 4568 »
2879 4519 2978 4573 sed
3003 4517 3424 4590 providentiam
3450 4519 3579 4590 ejus

1928 4609 2551 4675 manil‘estans,iterum
2580 4606 3026 4679 dicit,quoniam
3058 4607 3359 4663 lumenest
3382 4624 3394 4662 :
3421 4631 3449 4658 «
3474 4609 3582 4664 Per

145 4698 604 4769 su!ﬁcit,neque
623 4699 693 4752 ad
718 4697 1166 4770 percipiendum
1199 4697 1823 4770 prmvaletintellectus
1853 4708 1899 4772 1)
1927 4701 2177 4773 ipsum,»
2216 4696 3117 4770 inquit,«lumen.Purgationem
3147 4697 3363 4752 faciens
3386 4711 3582 4769 pecca-

145 4791 218 4844 Et
250 4787 395 4859 quid
431 4787 564 4842 dico
595 4787 858 4857 linguam
889 4786 978 4842 vel
1010 4785 1401 4856 intellectum,
1433 4805 1568 4842 cum
1629 4806 1819 4862 neque

139 4880 279 4952 ipsa
309 4893 449 4950 pars
476 4876 696 4932 mentis
716 4875 1227 4947 eminentior,quze
1247 4875 1331 4931 eis
1349 4877 1535 4933 multo
1557 4879 1821 4949 superior

145 4973 243 5024 est
276 4967 503 5039 aliquid
533 4966 766 5037 integre
804 4965 960 5021 valet
1018 4966 1532 5038 comprehendere,
1581 4969 1816 5039 quando

143 5055 378 5127 aliquid
413 5055 486 5110 de
547 5053 856 5108 divinitate
912 5053 1224 5110 disseritur
1251 5055 1278 5110 ?
1307 5055 1344 5110 S
1375 5055 1533 5111 enim
1573 5073 1683 5128 pax
1717 5057 1816 5112 Dei

141 5145 522 5202 transcendit
553 5159 788 5199 omnem
825 5149 1081 5200 mentem
1141 5144 1372 5216 (Philip.
1430 5162 1504 5215 1v,
1535 5147 1613 5214 7),
1643 5151 1697 5200 et
1726 5163 1814 5213 ea,

142 5251 276 5308 qua
309 5236 643 5306 preparata
675 5237 816 5288 sunt
847 5233 1472 5305 diligentibuseum,in
1506 5251 1604 5289 cor
1633 5234 1815 5290 homi-

143 5325 240 5380 nis
275 5341 392 5380 uou
454 5323 788 5378 ascendunt
836 5323 884 5393 (ι
915 5324 1035 5379 Cor.
1075 5341 1137 5378 η.
1169 5324 1222 5394 9)
1271 5339 1283 5378 :
1316 5323 1500 5379 multo
1559 5323 1814 5394 amplius

136 5414 288 5487 ipse,
323 5413 425 5485 qui
461 5411 654 5485 pascit
689 5412 895 5484 (1387),
934 5415 1108 5480 Deus,
1141 5412 1242 5484 qui
1275 5415 1540 5468 omnium
1574 5417 1663 5468 est
1688 5414 1809 5484 opi-

135 5507 231 5559 fex
263 5520 490 5567 rerum,
522 5501 1020 5557 intestimabiliter
1051 5507 1283 5558 nostras
1300 5501 1683 5573 cogitationes
1709 5519 1810 5557 ex-

137 5595 383 5663 superat
417 5609 430 5659 ;
464 5607 566 5662 per
603 5590 979 5661 splendorem
1017 5592 1236 5663 quippe
1259 5591 1452 5662 gloriae
1485 5591 1809 5646 divinitatis

137 5683 402 5738 declaral
434 5679 782 5736 essentiam.
817 5679 914 5735 Sic
945 5681 1121 5738 etiam
1158 5697 1337 5737 unam
1395 5680 1654 5753 sumpsit
1685 5696 1806 5738 rem

201 5771 392 5844 (1387)
433 5771 702 5827 Fortasse
729 5786 844 5842 pax
872 5773 966 5827 sit.

1929 4796 2120 4846 torum
2159 4812 2186 4838 ››
2210 4794 2545 4843 nostrorum
2567 4789 2712 4854 ;duo
2739 4787 3006 4858 quaedam
3041 4787 3101 4841 in
3125 4786 3232 4841 hoc
3255 4784 3381 4841 loco
3404 4786 3580 4858 signi-

1931 4881 2065 4934 ﬁcat
2094 4880 2356 4948 majora:
2391 4877 2545 4949 quod
2579 4877 2650 4932 de
2682 4876 2850 4932 nobis
2881 4893 3081 4931 curam
3114 4874 3390 4948 gerat,vel
3421 4877 3574 4946 quod

1929 4971 2166 5040 peccata
2188 4965 2800 5032 nostramundaverit;
2826 4967 2883 5019 et
2905 4966 3057 5034 quod
3082 4963 3577 5035 persemetipsum

1927 5057 2036 5112 hoc
2064 5073 2212 5128 opus
2242 5053 2663 5128 impleverit.Et
2691 5052 2750 5108 in
2772 5053 2976 5109 multis
3008 5052 3418 5109 locisinvenies
3443 5071 3577 5109 cum

1925 5147 1985 5201 in
2009 5146 2120 5202 hoc
2133 5145 2387 5201 maxime
2414 5143 2907 5217 gloriantem,nou
2938 5141 3422 5215 solumquoniam
3448 5159 3578 5199 con-

1923 5236 2075 5292 versi
2128 5252 2336 5291 sumus
2368 5235 2438 5290 ad
2472 5234 2678 5303 Deum,
2731 5234 2830 5287 sed
2894 5233 3068 5288 etiam
3100 5231 3160 5287 in
3191 5249 3257 5287 eo
3288 5233 3442 5304 quod
3475 5250 3576 5306 per

1925 5326 2137 5382 Filium
2172 5325 2346 5380 fuerit
2374 5324 2533 5378 istud
2565 5322 2856 5377 effectum.
2881 5325 2949 5376 Et
2976 5339 3108 5378 vere
3152 5338 3436 5395 magnum
3468 5322 3578 5380 hoc

1921 5431 2140 5471 munus
2171 5418 2280 5480 est,
2314 5417 2371 5467 et
2404 5414 2599 5483 majus
2656 5413 2947 5480 effectum,
2984 5413 3123 5467 dum
3157 5413 3327 5469 nobis
3351 5415 3442 5468 est
3470 5428 3575 5489 per

1921 5504 2130 5558 Filium
2158 5501 2579 5557 contributum.

1997 5595 2129 5647 Post
2153 5592 2270 5645 haec
2291 5591 2597 5644 confestim
2620 5590 2690 5645 de
2712 5593 3138 5648 resurrectione
3162 5597 3335 5666 atque
3367 5609 3568 5648 ascen-

1920 5683 2083 5739 sione
2100 5683 2229 5754 ejus
2251 5679 2532 5736 instittuit
2549 5697 2656 5737 nos
2681 5681 2750 5737 ad
2768 5681 3567 5758 cazlestiaerigere,etintueri
