3898 6416
90 426 210 489 733

687 426 1097 489 EXPOSITIO
1142 429 1219 489 IN
1266 428 1697 489 EPISTOLAS
1744 426 2005 490 PAULI.
2040 458 2117 475 —
2158 386 2237 490 Il‘}
2270 429 2515 492 EPIST.
2563 429 2666 490 AD
2711 427 2946 490 HEBB.

3410 427 3529 486 ’134

168 582 196 610 ‹‹
230 559 317 615 Ad
350 558 567 615 Filium
600 564 797 617 autem
828 578 842 617 :
870 562 1045 618 Sedes
1075 567 1174 618 tua
1204 564 1359 620 Deus
1389 564 1449 619 in
1482 564 1763 618 saeculum
1792 562 1848 628 Α
1879 563 2015 620 filiis
2074 564 2200 634 Dei,
2249 565 2464 621 iterum
2516 565 2585 620 ad
2646 563 3029 620 aeternitatem
3087 558 3415 617 divinitatis
3470 558 3531 614 in

95 648 298 705 saeculi
329 650 507 721 (Psal.
540 667 691 719 κων,
724 653 801 723 7).
828 671 855 703 η
894 653 1127 709 Intuere
1173 655 1466 725 quomodo
1517 654 1762 723 dividat,

95 744 153 794 et
188 755 327 794 cum
360 744 588 809 quanta
616 739 878 798 claritate
908 748 1207 799 creaturas
1230 761 1264 799 a
1284 744 1424 799 Filio
1448 744 1762 799 discernat.

96 826 302 897 Neque
332 826 704 885 differentius
745 847 958 886 nomen
999 832 1332 904 appellabat
1364 832 1494 888 Filii
1527 850 1762 903 nomen,

99 916 149 971 si
182 917 453 985 ejusdem
478 923 639 974 esset
669 919 1138 991 signiﬁcationis.
1164 946 1189 972 «
1217 924 1415 992 Sedes,
1442 928 1565 989 tua,
1586 924 1761 989 Deus,

98 1005 158 1059 in
195 1005 480 1061 seculum
507 1006 726 1061 smculi.
754 1031 780 1058 »
807 1013 949 1064 Ecce
980 1010 1163 1066 habes
1184 1012 1345 1083 regni
1368 1011 1761 1083 signaculum.

99 1117 127 1142 ιι
161 1095 347 1167 Virga
389 1096 708 1167 aequitatis,
754 1120 780 1146 ››
829 1098 1045 1169 inquit,
1100 1122 1127 1148 «
1174 1100 1340 1172 virga
1388 1101 1551 1173 regni
1600 1102 1761 1156 tui.»

96 1186 241 1239 Ecce
273 1184 457 1240 habes
497 1189 557 1241 et
602 1185 763 1242 aliud
794 1187 1188 1259 signaculum.
1226 1190 1399 1261 Virga
1430 1208 1560 1245 vero
1592 1207 1764 1263 regu-

95 1271 215 1329 lam
247 1272 461 1329 divinze
483 1275 780 1347 significat
805 1279 1118 1348 aequitatis,
1143 1297 1272 1350 quae
1295 1281 1577 1336 veraciter
1605 1284 1765 1335 recta

97 1362 331 1433 dicitur,
362 1364 503 1436 quia
533 1364 699 1419 nulla
726 1367 1011 1437 pravitate
1042 1374 1332 1423 curvatur.
1363 1369 1536 1441 Virga
1565 1370 1762 1439 justos

98 1453 268 1523 regit,
303 1451 520 1524 impios
554 1456 837 1525 percutit;
872 1458 973 1510 sed
1008 1457 1129 1512 haec
1150 1458 1330 1529 virga,
1359 1459 1640 1514 fortitudo
1673 1464 1764 1514 est

100 1540 344 1605 invicta,
378 1543 627 1614 aequitas
672 1545 1021 1611 rectissima,
1052 1546 1389 1601 inflexibilis
1428 1547 1759 1619 disciplina.

97 1630 260 1685 Hanc
307 1631 465 1687 enim
516 1633 741 1703 virgam
791 1636 976 1707 regni,
1023 1636 1261 1692 honoris
1309 1636 1563 1709 insigne,
1598 1654 1761 1709 scep-

96 1724 258 1775 trum
294 1720 573 1777 dicebant
602 1723 955 1795 antiquitus,
980 1725 1360 1797 designantes
1390 1725 1449 1779 in
1483 1742 1551 1780 ea
1578 1726 1760 1780 virtu-

96 1813 227 1864 tum
264 1824 488 1881 regem,
522 1811 843 1867 Dominum
876 1812 1259 1870 Salvatorem.

1874 655 2076 709 eodem
2130 654 2272 709 Filio
2320 655 2420 710 Dei
2469 653 2754 710 convertit
2801 670 2862 708 se
2910 650 3218 724 apostolus
3264 648 3534 705 testimo-

1874 744 2041 798 nium
2088 743 2329 800 alterius
2378 743 2592 816 psalmi
2637 743 2849 799 dicere.
2879 742 2976 798 Ait
3006 741 3163 797 enim
3199 757 3212 795 :
3245 762 3273 789 ‹‹
3309 741 3366 793 et
3398 754 3411 792 :
3446 739 3530 793 Tu

1874 832 1931 887 in
1968 834 2278 905 principio,
2314 834 2578 903 Domine,
2620 839 2836 888 terram
2871 830 3155 887 fundasti.
3192 852 3220 880 »
3252 829 3334 884 Ne
3383 828 3532 882 forte

1873 922 2029 977 enim
2089 923 2367 991 audiens,
2420 947 2447 973 «
2497 937 2625 978 cum
2688 921 3012 977 introducit
3066 916 3529 990 Primogenitum

1872 1008 1931 1064 in
1992 1012 2193 1067 orbem
2254 1017 2442 1082 terrea,
2484 1034 2513 1063 »
2563 1016 2767 1083 postea
2823 1009 2907 1064 illi
2967 1009 3252 1064 donatum
3310 1022 3529 1061 munus

1872 1099 2195 1166 existimes,
2251 1102 2332 1156 ita
2382 1102 2691 1173 subjungit
2723 1117 2735 1155 :
2768 1122 2788 1150 ι
2824 1101 2892 1155 Et
2926 1114 2938 1153 :
2991 1097 3076 1151 Tu
3129 1097 3188 1151 in
3218 1093 3527 1165 principio,

1874 1192 2136 1261 Domine,
2196 1195 2411 1247 terram
2472 1189 2735 1246 fundasti
2793 1188 2967 1243 (Psal.
3028 1204 3103 1253 c1,
3159 1186 3273 1256 26).
3325 1206 3351 1233 »
3402 1183 3529 1237 Non

1874 1295 2051 1349 nunc,
2078 1281 2178 1335 sed
2215 1281 2287 1335 ab
2320 1280 2485 1335 initio
2514 1297 2616 1351 per
2644 1277 2966 1335 divinitatis
2997 1273 3339 1347 potentiam,
3365 1273 3531 1327 Crea-

1871 1371 1963 1424 tor
2005 1374 2141 1425 ante
2191 1374 2513 1438 creaturas,
2542 1370 2669 1424 sine
2699 1367 2894 1439 aliquo
2943 1364 3109 1420 initio
3161 1360 3529 1434 cognosceris

1872 1459 2187 1515 exstitisse.

1945 1572 1973 1599 «
2006 1550 2075 1603 Et
2124 1566 2301 1621 opera
2356 1564 2642 1604 manuum
2702 1552 2940 1601 tuarum
2999 1547 3139 1599 sunt
3189 1541 3389 1597 cceli.»
3425 1540 3530 1596 Hic

1872 1654 2107 1704 manus,
2141 1639 2421 1693 virtutem
2460 1636 2753 1708 jussionis
2792 1634 2894 1690 Dei
2927 1633 3212 1689 debemus
3243 1630 3526 1703 accipere.

1871 1726 2018 1781 Nam
2070 1727 2126 1780 in
2187 1726 2301 1783 alio
2355 1726 2482 1781 loco
2540 1725 2729 1780 dicit:
2765 1748 2791 1773 ‹‹
2827 1722 3116 1789 Quoniam
3174 1720 3302 1792 ipse
3357 1719 3528 1790 dixit,

1872 1820 1929 1870 et
1958 1815 2113 1869 facta
2142 1819 2311 1882 sunt;
2344 1815 2471 1887 ipse
2517 1813 2839 1877 mandavit,
2872 1816 2929 1867 et
2960 1814 3156 1866 creata
3185 1812 3326 1864 sunt
3356 1808 3528 1879 (Psal.

172 1922 201 1948 ‹‹
241 1898 501 1996 Dilexisti
533 1900 849 1971 justitiam,
884 1907 939 1956 et
968 1904 1140 1958 odisti
1176 1903 1602 1976 iniquitatem.»
1632 1904 1766 1975 Ipsa
1796 1935 1843 1999 B
1874 1920 2103 1970 CXLVIII,
2136 1906 2216 1976 5).

103 1992 193 2042 est
224 1987 390 2059 virga
439 1994 599 2044 recta
627 1994 686 2044 et
717 1991 1039 2046 dominatio
1071 1993 1527 2058 dominantium,
1571 2008 1767 2047 amare

95 2076 397 2147 justitiam
420 2082 478 2133 et
501 2079 698 2133 odisse
720 2079 1115 2151 iniquitatem.
1140 2083 1321 2137 Ncmo
1344 2082 1495 2136 enim
1521 2083 1767 2153 perfecte

103 2166 303 2237 diligit
330 2166 652 2237 justitiam,
677 2169 788 2223 nisi
810 2170 909 2242 qui
944 2175 1112 2226 actus
1144 2171 1433 2242 pessimos
1465 2171 1765 2226 abomina-

104 2261 218 2321 tur,
251 2255 346 2310 cui
374 2257 642 2312 veritatis
672 2275 838 2313 amor
867 2261 1067 2315 odium
1100 2265 1190 2316 est
1220 2260 1515 2315 falsitatis.

172 2346 289 2399 Sed
322 2345 462 2401 huic
485 2347 676 2402 amori
707 2348 986 2404 bonitatis
1018 2355 1075 2405 et
1100 2350 1233 2405 odio
1258 2350 1613 2422 iniquitatis,
1637 2368 1767 2423 quae

98 2434 350 2506 praemia
380 2436 503 2491 sint
529 2436 777 2505 reddita,
803 2438 1005 2492 subter
1034 2440 1292 2511 exponit,
1321 2440 1523 2495 dicens
1547 2458 1597 2495 :«
1634 2441 1766 2495 Pro-

99 2529 305 2595 pterea
335 2524 505 2580 unxit
533 2529 589 2580 te
620 2525 798 2593 Deus,
826 2527 981 2583 Deus
1014 2531 1170 2583 tuus.
1198 2551 1224 2576 »
1256 2529 1540 2599 Repetitio
1570 2534 1766 2584 autem

100 2614 237 2685 ista,
264 2614 424 2686 quod
458 2614 599 2669 dicit
632 2633 683 2670 :«
720 2618 892 2681 Deus,
919 2622 1127 2682 Deus,»
1153 2618 1508 2690 praeconium
1541 2636 1766 2689 magna:

99 2702 438 2759 dilectionis
461 2705 737 2761 ostendit.
761 2707 869 2761 Sed
898 2708 1191 2778 quomodo
1215 2712 1389 2774 Deus,
1412 2708 1582 2778 cujus
1607 2708 1767 2763 thro-

100 2808 215 2848 nus
274 2798 368 2847 eat
414 2793 474 2848 in
531 2793 812 2850 sarculum
867 2795 1087 2866 saeculi,
1120 2798 1364 2869 ungitur
1392 2814 1425 2851 a
1456 2798 1572 2852 Deo
1607 2813 1618 2851 :
1652 2796 1767 2852 nisi

100 2880 374 2937 Christus
402 2883 597 2950 Jrsus,
625 2882 725 2955 qui
755 2900 825 2938 ex
852 2883 982 2956 ipsa
1002 2885 1278 2940 unctione
1307 2885 1521 2942 Christi
1553 2902 1766 2941 nomen

99 2970 370 3043 accepit?
390 2972 664 3028 Chrisma
694 2974 931 3045 quippe,
966 2974 1196 3043 unctio;
1229 2975 1517 3041 Christus,
1554 2980 1768 3031 unctus

101 3059 344 3116 dicitur.
367 3060 591 3117 Unctus
614 3061 771 3117 enim
795 3062 1084 3129 Christus,
1100 3069 1157 3118 et
1179 3080 1372 3136 regem
1398 3064 1691 3135 signiﬁcat
1713 3067 1770 3119 et

102 3149 642 3222 sacerdotem,quia
663 3150 979 3223 dignitates
1002 3153 1125 3207 istae
1148 3155 1537 3208 sumebantur
1556 3168 1660 3224 per
1679 3169 1769 3207 sa-

101 3238 475 3294 cratissimas
520 3239 847 3297 unctiones.
869 3241 1014 3297 Nam
1047 3246 1104 3297 et
1135 3242 1330 3314 ipsum
1365 3259 1577 3297 nomen
1600 3240 1765 3297 Chri-

1948 1994 2125 2065 «Ipsi
2176 1994 2531 2066 peribunt.»
2584 1996 2830 2048 Pereunt
2875 1989 3031 2045 enim
3092 1988 3165 2044 ab
3221 2004 3287 2043 eo
3348 1989 3528 2054 statu,

1875 2081 1935 2136 in
1996 2100 2110 2154 quo
2170 2099 2328 2138 nunc
2386 2086 2557 2148 sunt,
2620 2081 2761 2135 dum
2829 2081 3136 2134 mutantur
3192 2078 3251 2131 in
3292 2072 3530 2130 ’melius

1876 2178 2174 2227 creaturae.
2216 2195 2241 2220 ι‹
2276 2173 2360 2226 Tu
2407 2176 2603 2226 autem
2654 2184 2984 2241 permanes.
3021 2189 3049 2215 »
3082 2166 3154 2221 Ut
3184 2165 3335 2219 sicut
3365 2168 3529 2219 aeter-

1877 2263 2117 2316 nitatem
2144 2260 2376 2317 Domini
2408 2260 2687 2324 ostendit,
2712 2263 3029 2328 antequam
3061 2259 3281 2311 crearet
3309 2252 3529 2324 omnia,

1876 2350 1961 2405 sic
1994 2355 2127 2422 post
2157 2349 2332 2406 cmlos
2378 2353 2658 2415 mutatos,
2690 2348 2886 2419 ipsum
2936 2344 3081 2400 dicit
3110 2343 3170 2398 in
3202 2340 3533 2414 majestatis

1877 2456 1998 2495 suae
2029 2439 2215 2512 gloria
2244 2455 2605 2512 permanere.
2637 2460 2657 2487 ο
2688 2438 2759 2491 Et
2788 2452 2992 2492 omnes
3023 2438 3088 2489 ut
3116 2432 3531 2487 vestimentum

1875 2533 2259 2584 veterascent.
2285 2551 2304 2576 ιο
2335 2530 2534 2600 Ipsum
2564 2526 2893 2591 veterascit,
2927 2523 3105 2595 quod,
3140 2537 3300 2577 more
3328 2519 3529 2588 vestis,

1877 2622 2164 2673 vetustate
2204 2617 2593 2684 consumitur,
2620 2616 2773 2671 sicut
2802 2630 2935 2669 caro
2982 2612 3247 2668 humana
3293 2612 3482 2664 morte
3512 2624 3528 2666 ς

1878 2724 2005 2779 quae
2055 2711 2252 2763 tamen
2304 2706 2517 2762 melius
2577 2705 2635 2760 in
2696 2702 3123 2760 resurrectione
3182 2697 3526 2754 mutabitur.

1875 2797 2117 2852 Addidit
2146 2813 2380 2868 quoque
2411 2813 2423 2851 :
2450 2818 2476 2845 «
2511 2796 2580 2849 Et
2609 2794 2767 2849 velut
2798 2792 3081 2847 amictum
3113 2787 3375 2844 mutabis
3405 2802 3527 2854 eos,

1877 2889 1934 2940 et
1965 2886 2375 2941 mutabuntur.
2403 2907 2432 2934 »
2462 2884 2625 2940 Sicut
2654 2881 2905 2954 quilibet
2947 2878 3228 2936 amictum
3269 2874 3530 2939 involvit,

1878 2979 2053 3045 atque
2084 2977 2399 3046 permutat,
2435 2972 2517 3028 sic
2548 2976 2606 3028 et
2634 2972 2829 3041 ipsum
2861 2968 3153 3024 mundum
3183 2965 3530 3020 immutatu-

1876 3080 1979 3119 rus
2028 3068 2118 3118 est
2164 3064 2370 3134 (1390),
2412 3065 2470 3117 et
2515 3060 2913 3117 conditionem
2960 3061 3017 3111 et
3064 3052 3532 3111 transformatio-

1877 3169 2035 3220 nem,
2068 3170 2195 3224 quae
2253 3152 2332 3206 sit
2374 3151 2432 3205 in
2488 3147 2721 3215 melius,
2755 3152 2876 3202 tam
2905 3143 3072 3200 facile
3132 3140 3343 3215 poterit
3395 3155 3531 3212 ope-

1878 3241 2018 3313 rari,
2051 3242 2205 3297 sicut
2246 3239 2494 3312 quilibet
2540 3237 2825 3294 amictum
2867 3233 3123 3289 involvat
3172 3236 3347 3304 atque
3395 3247 3531 3303 per-

101 3328 201 3391 sti,
222 3326 380 3383 sicut
408 3328 529 3397 iam
561 3329 784 3384 dictum
817 3334 929 3398 est,
952 3348 985 3384 a
1014 3304 1217 3385 sancto
1248 3332 1565 3386 chrismate
1592 3348 1767 3385 voca-
1799 3304 1842 3372 C
1880 3304 2088 3387 mutet.

100 3422 222 3472 tur.
268 3417 381 3472 Sed
416 3419 475 3472 in
506 3417 609 3473 illa
657 3423 868 3474 natura
913 3426 1128 3475 unctus
1158 3420 1394 3491 dicitur,
1427 3421 1486 3475 in
1518 3437 1636 3491 qua
1666 3436 1767 3491 per

100 3505 612 3577 dispensationem
646 3508 841 3563 carnis
876 3508 1059 3576 nasci,
1094 3515 1153 3565 et
1184 3510 1351 3577 mori,
1377 3515 1435 3565 et
1466 3526 1769 3581 resurgere

97 3596 394 3651 veraciter
449 3595 669 3651 dicitur
723 3597 1011 3653 Christus.
1061 3603 1342 3654 Caeterum
1400 3599 1588 3654 deitas
1640 3600 1770 3670 ejus

101 3684 276 3740 nullo
304 3701 568 3751 munere,
606 3685 766 3741 nullo
800 3687 1019 3743 honore
1050 3688 1306 3759 indiguit
1337 3689 1623 3759 adjuvari.

178 3797 207 3822 «
241 3774 383 3829 Oleo
418 3775 850 3833 exsultationis.
880 3799 906 3825 »
939 3777 1161 3849 duplici
1212 3779 1383 3833 modo
1434 3778 1768 3832 unctionem

104 3862 271 3918 illam
305 3868 572 3919 sanctam
607 3866 946 3936 provenisse
969 3866 1286 3935 significat.
1310 3868 1436 3922 Non
1467 3866 1662 3922 oleum
1693 3866 1772 3921 vi-

102 3952 301 4019 sibile,
335 3953 437 4008 sed
469 3952 721 4024 Spiritus
753 3954 940 4010 sancti
987 3956 1238 4028 gratiam
1285 3955 1667 4022 invisibilem,
1699 3956 1770 4010 de

104 4058 225 4113 qua
248 4042 457 4098 beatus
471 4046 680 4099 Petrus
703 4043 1004 4116 apostolus
1029 4044 1086 4098 in
1104 4044 1351 4100 Actibus
1370 4043 1770 4115 apostolorum

102 4135 183 4198 (x,
216 4131 332 4201 38),
357 4136 632 4199 testatur,
661 4133 859 4189 dicens
885 4149 933 4189 :«
963 4134 1171 4189 Jesum
1202 4134 1770 4206 Nazarenum,quem

103 4220 279 4275 unxit
309 4220 468 4276 Deus
507 4221 731 4293 Spiritu
776 4226 1000 4289 sancto,
1033 4226 1090 4278 et
1132 4223 1368 4278 virtute.
1396 4245 1424 4273 ››
1450 4226 1517 4277 Et
1546 4222 1604 4277 in
1638 4238 1770 4293 pro-

104 4308 306 4381 phetia
341 4325 353 4365 :
389 4330 416 4359 ‹‹
452 4310 648 4366 inveni
680 4312 857 4367 David
890 4328 1124 4367 servum
1159 4330 1378 4377 meum,
1413 4310 1538 4368 oleo
1570 4316 1771 4367 sancto

102 4415 236 4455 meo
270 4398 409 4454 unxi
441 4415 578 4455 eum
601 4401 774 4470 (Psal.
808 4418 1079 4465 LXXXVIII,
1109 4403 1184 4473 2),
1213 4425 1240 4451 ››
1274 4418 1377 4473 per
1406 4402 1597 4456 oleum
1631 4418 1770 4455 san-

101 4493 271 4544 ctum
321 4488 669 4560 signiﬁcans
719 4490 1003 4561 Spiritum
1053 4495 1349 4545 sanctum.
1404 4490 1537 4546 Sive
1596 4488 1771 4544 etiam

101 4576 304 4633 oleum
330 4577 542 4633 laetitia;
570 4576 656 4632 illi
680 4578 1047 4652 fuit,peccati
1079 4580 1372 4635 maculam
1397 4596 1512 4634 non
1536 4578 1769 4633 habere.

1953 3442 1981 3471 «
2011 3421 2094 3475 Tu
2128 3423 2323 3475 autem
2372 3418 2527 3473 idem
2576 3415 2702 3487 ipse
2745 3432 2828 3484 es,
2859 3417 2917 3469 et
2948 3411 3086 3467 anni
3132 3409 3219 3465 tui
3266 3425 3382 3464 non
3432 3408 3531 3462 de-

1879 3510 2098 3564 ﬁcient.
2133 3530 2161 3560 ››
2217 3508 2380 3563 Sicut
2435 3505 2594 3561 enim
2655 3503 2835 3575 Moysi
2896 3499 3117 3556 famulo
3175 3514 3282 3555 suo
3339 3495 3531 3551 dixit:

1880 3622 1908 3649 «
1944 3606 2059 3671 Ego
2110 3614 2242 3653 sum
2290 3596 2391 3669 qui
2442 3611 2575 3651 sum
2611 3611 2624 3650 :
2662 3615 2683 3643 ιι
2720 3592 2804 3649 sic
2858 3589 2988 3646 istis
3046 3589 3238 3644 tribus
3266 3583 3533 3642 versibus

1880 3688 2265 3745 commutatio
2326 3689 2627 3749 creaturae,
2671 3687 2725 3738 el
2785 3683 3083 3736 aeternitas
3136 3674 3367 3732 Domini
3425 3673 3536 3729 hoc

1882 3780 1942 3834 in
1974 3779 2101 3833 loco
2134 3794 2166 3832 a
2198 3775 2485 3848 PrOpheta
2528 3769 2862 3829 admirabili
2910 3767 3193 3824 brevitate
3242 3762 3540 3835 descripta

1881 3872 1989 3923 est.

1953 3957 2034 4011 De
2069 3953 2396 4026 majestatis
2439 3951 2648 4008 divinae
2680 3946 3000 4005 aeternitate
3029 3944 3090 4000 in
3124 3943 3290 4010 Filio,
3323 3942 3536 3998 iterum

1882 4045 2090 4100 beatus
2125 4042 2339 4099 Paulus
2379 4040 2451 4096 ad
2479 4035 2863 4095 humanitatis
2892 4034 3022 4105 ejus
3053 4030 3537 4105 glorificationem

1881 4149 2214 4191 sermonem
2261 4129 2490 4196 direxit,
2524 4128 2727 4184 dicens
2759 4144 2772 4182 :
2800 4146 2829 4176 «
2857 4124 2943 4179 Ad
2975 4138 3151 4195 quem
3201 4124 3401 4176 autem
3432 4136 3537 4174 an-

1880 4222 2147 4297 gelorum
2198 4220 2345 4276 dixit
2386 4217 2702 4290 aliquando
2735 4231 2749 4269 :
2783 4213 2929 4270 Sede
2960 4229 2994 4267 a
3021 4210 3241 4268 dextris
3281 4209 3429 4265 meis
3448 4211 3476 4263 ‘I
3509 4230 3537 4257 »

1883 4313 2055 4384 (Psal.
2081 4329 2192 4378 cxx,
2217 4310 2293 4381 1.)
2317 4308 2524 4365 Victori
2558 4303 2723 4369 Filio,
2749 4307 2805 4359 et
2837 4319 2940 4375 per
2969 4304 3235 4358 sanctam
3267 4297 3536 4353 incarna-

1880 4403 2101 4458 tionem
2132 4401 2312 4455 totius
2356 4395 2562 4453 mundi
2610 4390 3049 4465 triumphatori,
3082 4394 3215 4462 post
3243 4402 3535 4443 resurrec-

1881 4492 2060 4546 tionis
2090 4488 2339 4561 gloriam
2387 4481 2749 4541 honorabilis
2786 4480 3092 4537 coni‘essus
3120 4482 3375 4550 paterna:
3408 4491 3535 4531 ma-

1875 4580 2109 4653 jestatis
2140 4578 2402 4635 offertur.
2436 4578 2502 4628 ut
2544 4590 2646 4645 per
2682 4571 2840 4627 hunc
2871 4568 3050 4626 situm
3106 4570 3391 4639 suscepta:
3425 4566 3533 4620 hu-

102 4667 272 4723 Unde
303 4683 367 4723 se
400 4672 744 4724 sanctorum
795 4668 1152 4725 conscientia
1182 4685 1415 4740 semper
1461 4667 1769 4734 exhilarat,
1802 4674 1847 4738 D
1880 4667 2184 4725 manitatis
2215 4665 2401 4739 gloria
2430 4662 2776 4719 declaretur.
2807 4683 2835 4710 «
2869 4657 3071 4725 Quoad
3103 4672 3290 4728 usque
3321 4671 3536 4727 ponam

100 4756 346 4829 quando
377 4755 539 4812 nulla
571 4757 994 4814 recordationis
1025 4757 1340 4830 asperitate
1371 4758 1695 4813 mordetur.

178 4871 200 4895 ι
242 4847 363 4902 Prae
395 4846 786 4919 participibus
812 4847 990 4903 tuis.»
1010 4848 1144 4903 Ideo
1176 4852 1371 4903 autem
1403 4847 1626 4902 dictum
1660 4848 1770 4913 est,
1818 4830 1825 4837 ’

105 4960 125 4985 ι
163 4953 285 5010 prae
317 4935 710 5009 participibus
733 4936 910 5004 tuis,»
934 4938 1214 5009 quoniam
1246 4937 1398 4992 hanc
1421 4935 1776 4991 benedictio-

99 5042 236 5081 nem
273 5042 462 5098 supra
483 5041 661 5081 omne
691 5025 1020 5081 humanum
1054 5042 1264 5097 genus,
1293 5027 1413 5083 sive
1445 5045 1632 5099 reges,
1657 5031 1776 5087 sive

98 5118 444 5173 sacerdotes
494 5115 553 5170 in
588 5116 778 5171 Veteri
812 5116 1209 5184 Testamento,
1244 5119 1364 5174 sive
1410 5118 1589 5175 etiam
1637 5138 1776 5191 apo-

98 5206 286 5263 stolos
320 5210 381 5261 et
411 5208 708 5276 martyres
755 5205 815 5259 in
848 5205 1026 5270 Novo,
1060 5206 1426 5277 figurabatur
1457 5211 1773 5281 accepisse,

98 5300 154 5351 et
184 5299 409 5351 unctus
441 5291 831 5366 singulariter
860 5299 1099 5350 caeteros
1131 5312 1371 5367 ungere,
1405 5296 1461 5351 id
1496 5303 1603 5365 est,
1639 5315 1775 5354 san-

98 5385 359 5441 ctificare
404 5382 732 5439 debuisset.
769 5382 830 5438 In
867 5383 995 5456 ipso
1026 5383 1183 5439 enim
1219 5386 1348 5440 fons
1400 5389 1489 5441 est
1537 5387 1773 5442 benedi-

97 5475 330 5541 ctionis,
366 5490 400 5530 a
455 5488 594 5542 quo,
631 5475 803 5542 prout
853 5471 968 5543 ipsi
1016 5473 1205 5527 visum
1258 5474 1453 5545 fuerit,
1488 5492 1590 5545 per
1642 5476 1770 5531 uni-

97 5581 294 5621 versos
328 5562 558 5619 electos
592 5564 853 5616 emanat.
1246 5578 1251 5582 ·

166 5655 305 5712 Post
343 5649 748 5709 humanitatis
793 5648 977 5722 igitur
1002 5650 1380 5721 excellentia},
1404 5669 1531 5726 quae
1564 5659 1775 5723 praeest

158 5762 356 5837 (1390)
389 5760 459 5818 In
492 5757 637 5815 Cod.
670 5756 1013 5830 iﬁzmaturus
1044 5762 1141 5817 est.

1878 4758 2151 4814 inimicos
2180 4762 2333 4811 tuos.
2362 4776 2388 4803 »
2421 4753 2584 4819 Quod
2631 4755 2828 4807 autem
2861 4766 2895 4805 a
2922 4750 3093 4807 Patre
3139 4743 3539 4816 subjiciuntur

1885 4848 2028 4905 Filio
2059 4845 2309 4910 inimici,
2342 4861 2458 4900 non
2490 4840 2896 4898 infirmitatem
2932 4836 3079 4902 Filii,
3113 4836 3214 4891 sed
3249 4833 3533 4890 unitatem

1887 4943 2131 5005 naturae,
2171 4952 2292 5007 qua
2343 4935 2404 4989 in
2453 4932 2633 4989 altero
2690 4930 2840 4985 alter
2893 4931 3187 4999 Operatur,
3220 4922 3535 4995 significat.

1888 5029 2035 5084 Nam
2065 5032 2121 5081 et
2144 5025 2324 5080 Filius
2356 5021 2599 5094 subjicit
2623 5019 2895 5075 inimicos
2928 5015 3107 5086 Patri,
3134 5014 3274 5086 quia
3305 5012 3536 5067 Patrem

1887 5116 2168 5174 clarificat
2210 5130 2389 5187 super
2433 5117 2674 5167 terram.
2705 5133 2725 5158 α
2761 5105 3091 5164 Scabellum
3142 5103 3357 5175 pedum
3408 5105 3537 5156 tuo-

1886 5223 2041 5262 rum.
2070 5228 2097 5255 »
2131 5205 2237 5260 Per
2267 5203 2445 5276 pedes
2476 5204 2670 5257 autem
2718 5195 2972 5264 Domini,
3000 5193 3291 5250 stabilitas
3321 5196 3540 5248 aeterna

1886 5295 2276 5368 significatur,
2325 5291 2425 5347 ubi
2478 5288 2595 5358 ille,
2644 5293 2931 5357 tanquam
2982 5281 3246 5355 vestigiis
3303 5280 3535 5354 positis,

1884 5385 2045 5443 omni
2078 5382 2349 5456 potentiae
2400 5397 2518 5435 sua:
2564 5377 2777 5433 virtute
2824 5372 3111 5431 consistit.
3135 5372 3237 5429 His
3286 5370 3535 5445 pedibus

1883 5478 2112 5531 constat
2140 5488 2269 5527 esse
2299 5467 2658 5534 subdendos,
2682 5465 2781 5537 qui
2811 5463 3072 5536 quotidie
3093 5462 3369 5519 vitiorum
3395 5476 3535 5517 con-

1882 5565 2182 5622 trarietate
2230 5557 2529 5627 derelicta,
2572 5559 2944 5611 revertuntur
2987 5553 3059 5609 ad
3108 5551 3446 5618 Dominum,
3478 5553 3536 5605 ct

1881 5660 2165 5727 tanquam
2198 5646 2521 5706 scabellum
2553 5645 2826 5720 pedibus,
2858 5644 2941 5701 ita
2984 5644 3114 5714 ejus
3160 5640 3533 5715 praedicatio-
