3898 6406
414 431 524 497 735

1426 398 1764 508 AT’l‘thlS
1811 445 2399 509 VERCELLENSIS
2445 446 2799 511 EPISCOPI

3699 448 3803 511 736

409 572 585 631 nibus
612 573 993 635 inclinantur.
1025 578 1160 636 Sine
1190 580 1367 638 dubio
1414 583 1485 639 de
1530 582 1649 639 illis
1679 583 1937 641 inimicis
1969 584 2053 640 di-
2084 579 2139 646 Α
2168 579 2281 635 bus
2312 579 2508 637 verbis
2555 580 2880 653 explicavit,
2908 576 3153 636 dicendo
3182 595 3233 637 :«
3261 578 3318 635 Si
3365 578 3524 638 enim
3573 580 3672 653 qui
3720 596 3805 654 per

408 662 507 733 cit,
561 665 664 737 qui
713 668 975 725 conversi
1031 670 1102 725 ad
1162 670 1457 727 dexteram
1516 672 1898 729 collocantur.
1930 675 2057 730 Non

407 750 503 809 hic
532 753 875 814 adverbium
915 778 937 807 α
970 775 1297 832 quousque,
1331 783 1359 811 ››
1390 761 1641 833 alicujus
1668 765 1954 837 temporis
1986 766 2059 820 fi-

408 842 540 933 dem
590 845 774 919 (1391)
834 847 1120 920 designat,
1176 851 1276 905 sed
1336 852 1677 933 aeternitatis
1737 856 2056 927 potentiam

410 930 795 991 demonstrat.

480 1044 508 1071 «
542 1020 746 1079 Nonne
781 1041 986 1081 omnes
1034 1032 1174 1083 sunt
1204 1030 1689 1088 administratorii
1722 1035 1967 1106 spiritus
1996 1036 2056 1091 in

410 1110 805 1167 ministerium
855 1114 1022 1170 missi
1072 1123 1309 1190 propter
1354 1137 1475 1188 eos,
1508 1123 1606 1193 qui
1655 1122 2057 1180 haereditatem

409 1197 649 1269 capiunt
677 1199 934 1258 salutis?
958 1224 986 1253 ››
1018 1207 1097 1261 Ac
1144 1206 1194 1262 si
1244 1208 1463 1265 diceret
1495 1226 1507 1267 :
1542 1211 1791 1285 Angelos
1842 1214 2058 1269 consti-

406 1287 521 1343 tuit
552 1289 878 1357 ministros,
903 1291 1115 1350 Filium
1170 1301 1365 1353 autem
1409 1299 1479 1354 ad
1514 1300 1807 1357 dexteram
1860 1304 2059 1358 sedere

407 1375 562 1447 fecit,
611 1380 766 1449 quod
817 1380 966 1437 nulli
1019 1400 1283 1455 unquam
1343 1387 1686 1460 angelorum
1748 1392 2055 1447 concessit.

404 1464 549 1522 Nam
581 1472 639 1523 et
670 1468 852 1525 Filius
884 1472 1107 1529 missus
1142 1479 1253 1542 est,
1285 1477 1385 1531 sed
1438 1495 1550 1533 non
1584 1479 1738 1535 sicut
1770 1480 2056 1548 minister,

407 1570 597 1627 neque
620 1557 966 1627 perfunctus
988 1562 1303 1631 cujuslibet
1328 1566 1558 1634 ofﬁciis,
1580 1569 1679 1623 sed
1705 1568 1857 1624 sicut
1878 1570 2060 1625 Filius

406 1644 778 1717 unigenitus;
816 1649 999 1705 Filius
1030 1668 1183 1719 vero,
1218 1654 1370 1710 sicut
1404 1657 1684 1713 Dominus
1718 1657 1926 1725 salvat;
1963 1659 2057 1713 isti

404 1749 561 1805 vero,
595 1735 749 1791 sicut
778 1738 949 1808 servi,
983 1739 1222 1797 salvatis
1255 1759 1357 1814 per
1386 1745 1560 1799 fidem
1588 1746 1943 1802 deserviunt.
1978 1747 2060 1801 Si-

408 1821 648 1893 quidem
680 1841 784 1895 pro
815 1830 1019 1883 nostra
1061 1828 1253 1885 salute
1297 1832 1601 1889 ministros
1632 1838 1859 1890 constat
1889 1835 2059 1890 effec-

2167 667 2409 740 angelos
2440 668 2633 726 dictus
2662 674 2751 725 est
2776 685 2992 725 sermo.
3016 687 3041 719 ι
3071 669 3323 734 Quidam
3346 670 3550 725 dicunt
3580 672 3730 742 quod
3756 672 3802 727 in

2167 756 2275 812 hoc
2308 757 2432 814 loco
2463 758 2701 831 Moysen
2750 763 2973 832 tangat,
3008 775 3075 815 eo
3106 760 3262 831 quod
3298 759 3646 832 Decalogum
3677 759 3804 833 legis

2167 844 2228 901 in
2260 850 2457 902 monte
2486 847 2641 901 Sinai
2675 864 2708 902 a
2736 847 2984 902 Domino
3014 846 3323 919 acceperit,
3353 846 3508 902 sicut
3536 845 3653 902 illic
3680 848 3803 903 scri-

2168 937 2334 1005 ptum
2366 939 2455 990 est
2486 952 2499 989 :
2525 958 2553 984 ‹‹
2589 936 2817 1008 Moyses
2863 936 3231 1008 loquebatur,
3264 935 3550 992 Dominus
3581 952 3803 1009 respon-

2168 1022 2342 1078 debat
2370 1023 2645 1095 ei;(E.r0d.
2676 1041 2795 1095 XIX,
2825 1026 2912 1095 19)
2939 1041 2950 1079 :
2978 1047 3007 1075 »
3038 1030 3094 1080 et
3122 1023 3263 1080 alibi
3296 1041 3308 1080 :
3340 1048 3360 1073 α
3398 1025 3512 1081 Lex
3540 1041 3643 1097 per
3669 1026 3805 1099 Moy-

2168 1127 2268 1167 sen
2302 1112 2440 1168 data
2472 1118 2560 1169 est
2589 1115 2767 1186 (Joan.
2794 1132 2833 1180 ι,
2860 1115 2978 1183 17);
3005 1136 3033 1166 »
3066 1114 3167 1170 sed
3198 1113 3292 1169 hic
3320 1130 3424 1186 per
3451 1112 3686 1187 angelos
3714 1114 3801 1170 da-

2166 1205 2286 1255 tam
2319 1217 2447 1257 esse
2478 1202 2644 1258 docet
2684 1202 2999 1275 Apostolus
3032 1218 3045 1257 :
3081 1219 3217 1258 nam
3260 1206 3318 1259 et
3364 1202 3420 1257 in
3474 1202 3717 1275 epistola
3743 1203 3800 1258 ad

2169 1289 2407 1346 Galatas
2439 1294 2640 1359 m,29,
2678 1292 2857 1347 simili
2908 1292 3081 1347 modo
3127 1292 3270 1347 dicit
3296 1308 3343 1348 τι
3381 1292 3676 1365 Disposita
3720 1309 3806 1364 per

2169 1379 2407 1452 angelos
2440 1380 2501 1435 in
2528 1398 2705 1436 manu
2729 1381 3087 1437 Mediatoris.
3112 1401 3139 1431 ››
3166 1385 3232 1436 Et
3261 1381 3476 1437 iterum
3503 1381 3561 1437 in
3585 1382 3804 1436 Actibus

2169 1469 2569 1541 apostolorum
2601 1488 2701 1535 vn,
2733 1472 2803 1524 53
2835 1488 2849 1527 :
2881 1493 2901 1520 α
2941 1470 3262 1542 Accepistis
3304 1470 3491 1543 legem
3542 1469 3603 1525 in
3652 1487 3805 1526 man-

2169 1558 2320 1613 datis
2354 1558 2720 1630 angelorum,
2744 1564 2802 1615 et
2827 1577 2943 1616 non
2973 1559 3343 1616 custoditis.»
3374 1561 3441 1615 Et
3473 1559 3692 1631 ubique
3723 1574 3805 1630 per

2168 1648 2408 1719 angelos
2439 1649 2636 1703 datam
2669 1665 2797 1704 esse
2838 1647 3110 1720 plurimis
3150 1649 3482 1705 ostenditur
3509 1647 3674 1704 locis.
3706 1652 3805 1703 Aut

2168 1736 2309 1807 quia
2339 1738 2409 1792 de
2439 1737 2715 1792 omnibus
2774 1737 2887 1806 his,
2922 1754 3049 1809 quae
3099 1738 3182 1803 in,
3210 1737 3403 1793 Veteri
3449 1738 3800 1793 Testamento

2168 1826 2323 1881 dicta
2349 1826 2438 1881 vel
2488 1827 2640 1881 facta
2688 1830 2846 1895 sunt,
2873 1830 2975 1887 aut
3018 1831 3175 1882 certe
3220 1826 3359 1898 quia
3408 1827 3565 1882 Deus
3613 1825 3800 1881 eratin

406 1914 521 1978 tos,
555 1913 825 1983 quamvis
856 1915 1025 1972 nobis
1057 1920 1387 1989 superiores
1437 1922 1586 1989 sint;
1619 1927 1814 1978 tamen
1849 1923 1920 1979 ad
1955 1940 2055 1979 no-
2090 1950 2137 2015 Β
2170 1914 2414 1987 angeliS,
2440 1938 2468 1965 ι(
2502 1916 2690 2015 fecit-18
2712 1920 2800 1971 est
2820 1916 3027 1970 ﬁrmus
3049 1916 3255 1985 (1393).
3285 1938 3305 1964 ι
3333 1915 3483 2015 quid
3515 1919 3609 2015 est
3637 1915 3798 2015 [atlas

408 2000 591 2054 stram
644 2000 892 2057 salutem
944 2004 1337 2063 ministerium
1386 2010 1660 2066 exhibent
1705 2028 1718 2067 :
1765 2013 2057 2084 siquidem

407 2090 464 2144 et
493 2087 813 2147 functionis
863 2093 1123 2150 officium
1174 2095 1317 2152 illud
1369 2098 1649 2167 declarat,
1679 2117 1812 2156 nam
1867 2102 2059 2173 angeli

408 2176 603 2235 Grmce
632 2178 931 2253 dicuntur,
957 2183 1179 2255 Latine,
1211 2189 1418 2243 nuntii.
1451 2189 1693 2261 Propter
1713 2206 1821 2246 nos
1842 2191 2061 2263 ubique

410 2267 761 2338 mittuntur;
794 2275 1029 2345 propter
1070 2290 1177 2330 nos
1225 2275 1523 2346 laborant;
1558 2283 1795 2351 propter
1824 2297 1930 2337 nos
1962 2280 2059 2336 de-

408 2360 683 2426 currunt;
715 2359 885 2415 nobis
916 2377 1024 2417 suo
1056 2362 1381 2436 funguntur
1401 2366 1610 2423 ofﬁcio.
1637 2369 1705 2423 Et
1734 2368 1945 2424 harum
1980 2386 2062 2425 re-

411 2450 543 2500 rum
575 2448 854 2519 exemplis
885 2448 1037 2520 pleni
1072 2457 1211 2508 sunt
1251 2453 1385 2509 libri
1414 2455 1638 2513 Veteris
1670 2462 1726 2513 et
1748 2457 1886 2514 Novi
1919 2460 2059 2514 Tes-

408 2534 678 2591 tamenti.
710 2536 859 2592 Nam
904 2543 961 2594 et
1005 2541 1340 2611 pastoribus
1388 2544 1580 2617 angeli
1629 2547 2060 2618 evangelizave-

410 2626 550 2678 runt
570 2624 718 2696 (Luc.
743 2643 805 2694 II,
828 2627 886 2697 9)
912 2646 925 2684 :
958 2633 1015 2684 et
1044 2631 1113 2685 ad
1162 2631 1411 2688 Mariam
1444 2634 1689 2705 angelus
1719 2636 1877 2691 venit
1908 2636 2060 2697 (Luc.

412 2729 452 2778 ι,
483 2713 573 2784 28)
604 2718 700 2769 :et
726 2714 868 2771 talia
899 2717 1086 2774 multa
1114 2719 1172 2774 in
1205 2719 1417 2776 divinis
1448 2722 1700 2794 legimus
1722 2723 2060 2795 Scripturis.

414 2800 602 2857 Simul
633 2801 810 2859 etiam
844 2807 900 2860 et
929 2821 1130 2861 eorum
1171 2808 1438 2865 sublevat
1476 2814 1722 2877 mentes,
1749 2813 2064 2869 ostendens

413 2889 696 2946 honorem
729 2893 899 2951 nobis
939 2911 973 2950 a
1013 2895 1130 2951 Deo
1161 2896 1483 2968 plurimum
1515 2901 1932 2957 condonatum.
1972 2905 2061 2957 In-

412 2978 659 3052 telligite
704 2980 886 3053 igitur
916 3000 1071 3039 nunc
1101 2989 1357 3056 quantus
1406 2989 1575 3045 nobis
1607 2990 1793 3046 honor
1844 2992 2061 3063 existit,

412 3070 479 3123 ut
507 3066 659 3125 sicut
683 3071 755 3126 ad
787 3072 1027 3143 amicos,
1061 3074 1141 3131 ita
1182 3077 1489 3135 ministros
1522 3080 1761 3152 angelos
1792 3098 1930 3137 suos
1962 3098 2065 3137 no-

412 3156 504 3213 bis
535 3157 788 3216 destinet
814 3160 988 3218 Deus.

485 3245 643 3318 (CAP.
668 3246 761 3319 II.)
792 3249 895 3306 His
926 3251 1007 3307 ita
1035 3251 1386 3312 introductis
1417 3258 1488 3313 de
1517 3258 1861 3330 angelorum
1895 3258 2068 3314 mini-

413 3335 612 3404 sterio,
637 3353 741 3408 per
769 3354 917 3411 quos
948 3340 1124 3397 etiam
1155 3342 1287 3415 ipsa
1314 3344 1414 3400 lux
1444 3321 1777 3403 ministrata
1802 3352 1910 3415 est,
1934 3364 2068 3405 mox
2097 3321 2140 3389 α

414 3424 721 3495 subjunxit
740 3426 811 3482 de
832 3428 1174 3487 excellentia
1193 3432 1412 3504 gratias,
1437 3451 1565 3507 quas
1596 3453 1700 3508 per
1729 3437 1829 3492 Dei
1858 3437 2064 3492 Filium

412 3512 583 3568 nobis
616 3513 796 3570 allata
825 3521 935 3585 est,
975 3517 1177 3576 dicens
1210 3538 1222 3577 :
1256 3542 1279 3569 α
1312 3522 1623 3595 Propterea
1666 3526 2066 3582 abundantius

413 3606 642 3674 oportet
670 3620 778 3660 nos
818 3605 1124 3663 observare
1172 3626 1240 3666 ea
1287 3628 1415 3683 quas
1464 3613 1851 3669 audivimus:
1879 3617 2067 3680 Quare

417 3711 446 3742 ‹‹
477 3691 878 3749 abundantius
904 3718 931 3745 ››
962 3696 1147 3752 dixit?
1177 3699 1293 3754 Hoc
1321 3704 1411 3755 est
1439 3718 1617 3772 quam
1661 3702 1721 3757 in
1753 3702 1880 3775 lege
1911 3703 2064 3758 sole-

411 3778 647 3836 bamus.
683 3783 791 3837 Sed
842 3800 1056 3841 nomen
1101 3785 1247 3859 legis
1277 3789 1551 3858 obticuit;
1586 3807 1723 3846 nam
1772 3792 1831 3847 in
1880 3797 2069 3848 astru-

416 3868 608 3924 ctione
638 3887 746 3926 sua
774 3873 1156 3930 manifestum
1205 3876 1313 3932 hoc
1363 3878 1519 3934 facit.
1556 3881 1620 3934 Et
1668 3896 1849 3951 quare
1880 3881 2065 3937 abun-

415 3956 657 4015 dantius
685 3976 792 4017 nos
822 3967 1049 4033 oportet
1087 3964 1394 4023 observare
1423 3984 1491 4024 ea
1525 3985 1655 4040 quae
1687 3970 2020 4026 audivimus
2040 3971 2068 4026 ?

414 4046 619 4104 Nonne
643 4051 700 4104 et
720 4048 822 4106 illa
845 4051 939 4107 Dei
961 4056 1120 4121 sunt,
1141 4059 1200 4110 et
1220 4055 1372 4111 ista?
1391 4080 1419 4107 «
1442 4058 1854 4114 Abundantius
1879 4083 1900 4113 ι
1930 4076 2067 4131 ergo

417 4135 583 4205 dixit,
602 4142 705 4193 aut
725 4155 902 4211 quam
930 4140 1200 4199 solebant
1228 4144 1285 4198 in
1311 4145 1454 4217 lege,
1481 4150 1581 4202 aut
1612 4153 1786 4214 certe,
1810 4148 2068 4220 amplius

417 4240 533 4282 non
579 4242 925 4300 comparens
974 4230 1354 4305 absit(1302).
1385 4236 1494 4290 Sed
1545 4239 1683 4307 quia
1730 4253 1834 4308 per
1883 4237 2069 4293 multa

414 4319 683 4388 tempora
737 4333 1021 4390 magnum
1053 4323 1207 4394 apud
1266 4339 1363 4379 eos
1422 4325 1788 4381 auctoritatis
1840 4327 2070 4398 pondus

412 4407 598 4462 Vetus
618 4405 873 4463 habebat
886 4408 1361 4482 Testamentum;
1384 4412 1505 4469 haec
1526 4414 1894 4486 autem,quia
1913 4417 2071 4471 velut

418 4509 568 4550 nova
591 4492 710 4551 illis
740 4497 1105 4567 dicebantur,
1128 4516 1200 4556 ne
1224 4503 1690 4575 contemptibilis
1711 4505 2067 4576 judicarent,

418 4584 705 4654 ostendit;
738 4601 805 4641 ex
826 4587 1209 4657 abundantia,
1238 4592 1516 4663 quoniam
1542 4592 1664 4648 haec
1690 4593 1949 4665 amplius
1975 4594 2072 4650 oh-

2173 2004 2421 2059 firmus?
2458 2003 2740 2060 Videlicet
2786 2020 2979 2071 verus,
3011 2008 3298 2077 tanquam
3348 2004 3589 2073 diceret,
3640 2000 3798 2058 ﬁdelis

2172 2092 2233 2148 in
2264 2097 2524 2165 tempore
2554 2097 2903 2166 opportuno.

2249 2201 2271 2230 ι
2306 2183 2374 2238 Et
2402 2183 2595 2239 omnis
2636 2181 3028 2256 praevaricatio
3076 2186 3133 2238 et
3180 2179 3580 2238 inobedientia
3609 2179 3797 2252 accepit

2164 2274 2391 2344 justam
2415 2271 2814 2327 retributionis
2838 2272 3186 2327 mercedem.
3210 2293 3238 2322 »
3262 2271 3379 2325 Hoc
3400 2274 3491 2325 est
3512 2271 3652 2342 quia
3679 2267 3796 2324 nihil

2172 2361 2457 2417 remansit
2503 2360 2780 2427 inultum,
2831 2359 2950 2416 sive
2999 2360 3153 2432 quod
3205 2358 3500 2431 promisit,
3533 2359 3653 2415 sive
3697 2373 3795 2430 quis

2172 2450 2586 2507 comminando
2620 2450 2791 2519 dixit;
2827 2453 3059 2515 cuncta,
3083 2467 3210 2521 quae
3245 2448 3527 2521 praedicta
3556 2453 3708 2516 sunt,
3730 2462 3796 2502 εον

2172 2541 2327 2612 cepit
2348 2541 2572 2611 justam
2600 2540 2886 2595 mercedis
2919 2537 3385 2594 retributionem.
3411 2539 3601 2604 Quare
3631 2540 3795 2592 autem

2173 2630 2339 2700 dixit,
2365 2629 2652 2684 mercedis
2678 2628 3145 2699 retributionem,
3170 2642 3305 2683 cum
3330 2641 3555 2683 merces
3585 2626 3641 2681 in
3672 2626 3794 2681 bono

2174 2718 2310 2791 poni
2360 2716 2580 2773 soleat?
2611 2717 2722 2773 Sed
2771 2717 2883 2772 iste
2935 2733 3063 2771 mos
3121 2720 3211 2772 est
3268 2713 3654 2787 Apostolo,ut
3705 2728 3795 2768 non

2176 2823 2451 2878 magnam
2483 2805 2792 2861 verborum
2842 2804 3056 2860 habeat
3105 2804 3414 2873 rationem,
3447 2805 3550 2860 sed
3599 2802 3793 2859 indiﬂ‘e-

2175 2901 2391 2961 renter,
2417 2895 2505 2950 vel
2538 2911 2664 2967 quae
2695 2894 2754 2950 in
2779 2895 2933 2949 bono
2955 2894 3254 2960 dicuntur,
3278 2893 3363 2949 vel
3395 2910 3526 2965 quas
3558 2892 3617 2948 in
3646 2889 3792 2954 malo,

2176 3003 2278 3059 pro
2313 2984 2593 3040 alterutro
2626 3000 2869 3056 ponere;
2904 2982 3058 3039 sicut
3089 2982 3228 3038 alibi
3260 2982 3408 3038 dixit
3440 3000 3453 3038 :
3482 3006 3508 3033 «
3544 2985 3607 3039 ln
3635 2979 3793 3052 capti-

2172 3075 2353 3133 vitate
2386 3073 2712 3146 redigentes
2744 3090 2979 3129 omnem
3024 3089 3267 3130 sensum
3313 3073 3385 3129 ad
3433 3071 3791 3129 obediendum

2175 3164 2405 3221 Christo
2438 3164 2508 3235 (II
2537 3163 2661 3220 Cor.
2693 3180 2749 3233 x,
2780 3164 2923 3235 5);»
2958 3162 3038 3219 ita
3068 3166 3125 3219 et
3155 3161 3250 3219 hic
3281 3184 3310 3213 «
3342 3161 3630 3219 mercedis
3659 3157 3793 3216 retri-

2178 3254 2503 3311 butionem.
2530 3275 2557 3301 n

2254 3364 2274 3391 σ
2300 3342 2371 3398 Et
2393 3341 2687 3413 quomodo
2712 3357 2817 3397 nos
2837 3341 3208 3413 effugiemus,
3234 3340 3283 3395 si
3307 3342 3538 3396 tantam
3561 3336 3791 3411 neglexe-

2176 3430 2362 3487 rimus
2393 3430 2738 3487 salutem?»
2770 3430 2878 3485 Per
2923 3427 3046 3485 haec
3097 3429 3274 3485 verba
3320 3426 3469 3485 satis
3519 3427 3793 3501 signiﬁcat,

2177 3520 2315 3593 quia
2346 3537 2461 3575 non
2495 3525 2620 3575 erat
2666 3523 2834 3575 tanta
2883 3518 3044 3575 salus
3091 3517 3151 3574 in
3193 3518 3386 3574 Veteri
3432 3518 3793 3579 Testamento,

2177 3614 2402 3683 quanta
2431 3615 2521 3666 est
2550 3610 2610 3665 in
2641 3608 2851 3681 gratia,
2879 3625 3059 3682 quam
3085 3608 3185 3664 Dei
3208 3606 3393 3664 Filius
3413 3606 3585 3664 nobis
3609 3602 3794 3662 attulit.

2175 3701 2300 3755 Non
2332 3699 2490 3755 enim
2514 3699 2684 3755 nobis
2713 3714 2870 3754 nunc
2915 3697 3068 3753 sicut
3097 3696 3238 3766 illis,
3259 3702 3428 3753 terra;
3451 3695 3693 3760 divitias,
3715 3690 3793 3749 sed

2176 3787 2303 3845 coeli
2335 3787 2581 3861 gloriam
2614 3787 2907 3860 promittit
2928 3792 3099 3843 Deus.
3125 3787 3252 3845 Non
3282 3786 3587 3842 victoriam
3617 3786 3683 3840 de
3709 3786 3791 3836 ter-

2177 3864 2334 3934 renis
2366 3877 2657 3947 hostibus,
2691 3877 2789 3933 sed
2824 3877 2895 3932 de
2926 3872 3333 3948 spiritualibus
3366 3873 3662 3932 concessit.
3694 3870 3791 3927 Non

2177 3970 2357 4024 vitam
2391 3966 2702 4023 infeliciter
2741 3969 3105 4038 pereuntem,
3139 3966 3241 4021 sed
3285 3971 3626 4037 perpetuam
3657 3966 3793 4017 aeter-

2178 4055 2390 4112 naliter
2420 4056 2656 4111 donavit
2680 4056 2932 4110 beatam.
2956 4054 3083 4110 Haec
3111 4054 3328 4126 quippe
3359 4053 3560 4109 omnia
3584 4050 3795 4108 breviter

2176 4144 2490 4211 intimavit,
2534 4145 2736 4200 dicens
2762 4160 2774 4197 :
2800 4166 2827 4193 «
2850 4144 2909 4199 Si
2941 4147 3168 4199 tantam
3198 4142 3627 4215 neglexerimus
3666 4135 3793 4194 salu-

2177 4238 2319 4290 tem.
2350 4256 2377 4282 »
2418 4233 2638 4288 Deinde
2686 4231 3247 4305 supereminentiam
3296 4247 3525 4299 eorum,
3553 4244 3670 4302 qua:
3713 4237 3793 4296 per

2183 4324 2279 4380 Dei
2313 4322 2526 4379 Filium
2579 4322 2739 4377 dicta
2785 4324 2943 4393 sunt,
2982 4320 3253 4392 adjunxit
3278 4338 3292 4377 :
3316 4341 3343 4370 «
3369 4322 3525 4389 Quae,
3549 4333 3672 4374 cum
3703 4309 3792 4368 ini-

2178 4413 2326 4469 tium
2358 4412 2683 4483 accepisset
2728 4409 2988 4466 enarrari
3019 4425 3123 4482 per
3166 4408 3508 4477 Dominum,
3534 4430 3561 4458 »
3582 4406 3680 4462 hoc
3705 4403 3789 4463 est.

2179 4503 2252 4559 ab
2283 4502 2410 4575 ipso
2443 4501 2603 4557 fonte
2633 4500 2755 4556 haec
2785 4517 2912 4572 qua:
2956 4497 3231 4566 dicimus,
3255 4498 3587 4554 habuerunt
3613 4485 3789 4575 princi:

2180 4572 2366 4665 pium.
2400 4591 2527 4647 Non
2575 4590 2731 4645 enim
2783 4606 2911 4661 quae
2942 4587 3196 4644 dicimus
3252 4587 3325 4643 ab
3377 4585 3697 4643 hominibus
3720 4572 3789 4632 vel

419 4688 650 4729 servare
681 4674 986 4744 debemus,
1019 4694 1146 4749 quae
1188 4695 1291 4751 per
1332 4682 1427 4737 Dei
1470 4681 1681 4737 Filium
1712 4683 2071 4750 audivimus,
2104 4688 2151 4753 D
2183 4682 2360 4737 etiam
2393 4680 2466 4735 ab
2497 4678 2721 4751 angelis
2749 4676 2915 4734 illata
2944 4681 3103 4749 sunt,
3135 4677 3239 4733 sed
3268 4676 3395 4748 ipse
3424 4674 3597 4732 Filius
3624 4669 3789 4739 unige-

417 4778 594 4833 quam
617 4778 685 4819 ea
704 4780 832 4836 quae
854 4781 957 4837 per
976 4766 1214 4839 angelos
1237 4769 1394 4825 dicta
1414 4776 1749 4840 sunt,more
1770 4788 1876 4828 suo
1900 4789 2069 4828 suam
2108 4806 2121 4820 ε

415 4851 535 4908 illis
565 4854 931 4926 conjungens
954 4872 1289 4928 personam,
1313 4858 1370 4913 in
1395 4876 1461 4915 eo
1487 4862 1641 4931 quod
1665 4861 1829 4931 dixit,
1859 4883 1880 4911 α
1907 4862 2072 4916 audi-

412 4941 611 4999 vimus
644 4961 658 5000 :
686 4963 707 4994 ι
745 4947 803 4999 et
830 4943 967 5000 inde
997 4950 1236 5002 secutus
1267 4948 1535 5019 adjunxit
1566 4966 1579 5003 :
1608 4969 1637 4999 «
1666 4966 1740 5005 ne
1772 4950 1915 5004 forte
1944 4966 2073 5021 per-

417 5030 755 5104 effluamus,
777 5055 805 5085 »
839 5034 950 5090 hoc
980 5040 1088 5101 est,
1111 5052 1183 5091 ne
1214 5036 1458 5092 forsitan
1492 5054 1820 5110 pereamus,
1854 5055 1927 5094 ne
1960 5041 2073 5094 for-

418 5121 575 5176 sitan
607 5123 972 5192 excidamus,
1005 5124 1211 5182 nolens
1240 5126 1312 5181 ab
1345 5125 1564 5181 auditis
1612 5142 1715 5196 per
1764 5126 1964 5182 inania
1993 5127 2075 5182 ef-

418 5207 599 5265 ﬂuere
627 5212 996 5268 audientium
1045 5231 1329 5270 sensum:
1359 5215 1512 5285 quod
1547 5213 1724 5270 etiam
1775 5215 2073 5288 sequenti-

494 5317 676 5395 (_139_1)
708 5320 771 5373 In
812 5320 940 5374 cod.
972 5323 1303 5395 temporibus
1351 5321 1534 5391 fidem.
1571 5321 1840 5378 Fortasse
1886 5323 2071 5395 ﬁnem,

424 5386 801 5464 cuirefertur
830 5386 1147 5460 aeternitas,
1179 5410 1309 5464 quae
1340 5386 1628 5464 sequitur.

493 5459 677 5529 (1392)
708 5462 971 5537 Fortasse
996 5480 1008 5518 :
1042 5469 1138 5519 aut
1166 5459 1309 5521 certe
1337 5459 1577 5537 amplius
1608 5483 1626 5518 :
1656 5481 1765 5519 non
1795 5465 1936 5536 quod
1964 5482 2076 5521 non

420 5545 741 5604 comparens
768 5535 931 5599 absit,
963 5540 1097 5604 etc.,
1118 5537 1174 5590 id
1208 5543 1317 5603 est,
1339 5554 1408 5593 ne
1430 5535 1831 5593 inducerentur
1858 5539 2076 5593 credere

421 5602 591 5677 Deum
637 5603 848 5677 abesse,
892 5608 1026 5677 quia
1072 5602 1312 5677 amplius
1359 5626 1472 5664 non
1515 5613 1811 5677 comparet.
1853 5610 2074 5665 Sensus

422 5671 578 5727 enim
607 5671 772 5729 valde
802 5671 1121 5732 obscurior.

493 5743 681 5819 (1393)
710 5748 928 5805 Sensus
977 5748 1071 5804 hic
1121 5747 1422 5823 aliquanto
1476 5750 1800 5807 obscurior.
1832 5750 2076 5807 Videtur

2181 4771 2342 4826 nitus
2374 4768 2543 4825 nobis
2574 4785 2642 4825 ea
2671 4766 3010 4841 impertivit.

2252 4882 2281 4910 «
2317 4859 2397 4913 Ab
2430 4858 2514 4914 eis
2553 4857 2654 4929 qui
2687 4854 3019 4922 audierunt,
3049 4854 3111 4909 in
3157 4871 3264 4911 nos
3296 4854 3631 4910 confirmata
3656 4849 3746 4912 est,
3766 4862 3785 4890 »

2184 4948 2295 5003 hoc
2325 4951 2436 5017 est,
2460 4945 2560 5019 qui
2595 4962 2629 5001 a
2659 4944 2903 5001 Domino
2934 4944 3267 5015 audierunt,
3299 4944 3413 5017 ipsi
3445 4958 3548 4999 nos
3578 4931 3786 5013 propriis

2183 5018 2683 5094 conﬁrmaverunt
2709 5035 3048 5091 virtutibus.
3073 5033 3235 5098 Quod
3268 5032 3445 5089 etiam
3477 5036 3648 5086 Lucas
3673 5018 3786 5119 dixit

2183 5127 2242 5182 in
2266 5125 2552 5200 principio
2574 5123 2872 5197 Evangelii
2896 5123 2988 5180 sui
3012 5141 3065 5179 τι(
3088 5123 3252 5180 Sicut
3274 5121 3633 5179 tradiderunt
3651 5112 3785 5169 nobis

2184 5216 2287 5288 qui
2318 5215 2390 5270 ab
2421 5214 2591 5269 initio
2622 5212 2735 5285 ipsi
2761 5213 3052 5283 viderunt,
3085 5215 3143 5268 et
3172 5211 3428 5267 ministri
3458 5208 3676 5265 fuerunt
3699 5213 3787 5257 ser-

2183 5326 2383 5378 tamen
2425 5319 2922 5392 interpretandus,
2957 5318 3060 5391 qui
3106 5334 3209 5392 per
3233 5317 3475 5392 angelos
3505 5308 3787 5392 di‘ctus‘esl

2183 5335 2383 5378 tamen
2425 5335 2922 5392 interpretandus,
2957 5335 3060 5391 qui
3106 5335 3209 5392 per
3238 5335 3310 5374 an
3356 5335 3475 5374 8108
3505 5335 3680 5371 αιοιυε
3720 5335 3783 5387 em

2182 5410 2359 5450 sermo
2387 5396 2565 5465 factus
2595 5396 2707 5465 est
2732 5392 2961 5465 ﬁrmus,
2995 5394 3099 5445 aut
3124 5390 3286 5465 quia
3313 5335 3671 5465 geomnibus
3697 5378 3783 5465 hit}.

2184 5483 2312 5538 quae
2358 5450 2417 5519 in
2461 5463 2665 5542 _Veteri
2697 5450 3403 5542 Testamento_d_icta,_vel
3429 5536 3437 5542 ι
3463 5461 3608 5542 facta
3641 5450 3781 5542 ἐξίει,

2187 5522 2422 5592 tirmum
2456 5536 2674 5591 factum
2713 5535 2896 5589 fuisse
2926 5538 3177 5602 constat,
3212 5522 3353 5604 quia
3382 5536 3447 5587 ut
3476 5530 3620 5604 infra
3641 5522 3782 5604 hfbéj

2185 5613 2300 5679 tur,
2334 5607 2592 5679 fideliter,
2612 5607 2930 5679 rveriﬁcata
2956 5610 3129 5679 sunt;
3159 5595 3261 5661 aut
3287 5609 3460 5669 certe,
3493 5603 3621 5675 quia
3660 5595 3782 5651 Deus

2184 5678 2309 5736 erat
2338 5680 2397 5735 in
2428 5678 2678 5751 angelis,
2711 5678 2919 5735 ﬁrmus
2948 5678 3139 5734 factus
3168 5682 3277 5735 est.
