3898 6442
103 442 218 500 737-

699 436 1115 497 EXPOSITIO
1165 439 1237 498 IN
1290 439 1716 499 EPISTULAS
1765 440 2022 499 PAULI.
2059 471 2135 483 —
2167 441 2241 500 IN
2291 441 2538 502 EPIST.
2586 444 2691 502 AD
2738 442 2970 505 HEBR.

3412 450 3531 512 738

111 569 294 626 monis
326 569 480 640 (Luc.
517 587 553 640 ι,
586 569 709 641 2).»
737 589 766 620 ι
793 570 856 623 Ιη
873 569 1582 641 nos,inquit,conlirmata
1602 576 1712 635 est,
1736 593 1762 617 ››
1795 575 1846 640 Α
1876 588 1994 640 vm,
2028 572 2122 642 5):
2161 594 2186 620 ››
2219 575 2331 627 Cur
2357 589 2471 627 non
2506 573 2701 644 ipsum
2737 590 2950 629 nomen
3008 575 3310 647 Prophetas
3363 583 3523 636 ante-

108 659 320 715 credita
351 663 445 714 est
478 663 657 730 atque
689 659 982 730 perfecta;
1018 675 1144 729 qure
1178 659 1360 723 salus,
1412 677 1537 730 quae
1593 660 1763 715 nobis

109 765 209 822 per
231 748 513 804 eumdem
564 747 779 803 Filium
811 747 946 803 data
979 753 1086 817 est,
1121 753 1424 820 permanet
1480 749 1538 803 in
1591 753 1763 803 aeter-

111 854 272 894 num.

179 949 208 976 «
237 926 434 983 Etiam
465 925 654 997 (1394)
686 927 1054 981 contestante
1086 925 1201 981 Deo
1234 926 1418 999 signis
1464 931 1521 983 et
1564 926 1764 999 prodi-

110 1017 244 1091 giis(
255 1016 438 1087 1395),
473 1019 531 1071 et
547 1014 724 1071 variis
740 1013 1082 1070 virtutibus.
1109 1036 1138 1064 ››
1156 1014 1457 1079 Quomodo
1483 1016 1764 1071 testiﬁca-

110 1107 368 1162 turDeus
381 1106 408 1160 ?
421 1106 551 1161 Non
570 1105 743 1161 verbo
758 1120 946 1176 neque
958 1105 1224 1175 voce,sed
1244 1105 1560 1161 virtutibus
1573 1110 1628 1160 et
1641 1121 1769 1176 pro-

110 1193 492 1268 digiis;simul
513 1193 691 1250 etiam
705 1192 1071 1248 afﬂuentiam
1089 1192 1432 1265 significans
1445 1194 1766 1266 gratiarum

110 1302 234 1358 quae
265 1301 386 1340 non
417 1286 589 1339 erant
617 1281 773 1354 apud
806 1283 1101 1353 antiquos,
1135 1297 1324 1353 neque
1363 1287 1530 1338 tanta
1576 1282 1767 1356 signa,

109 1390 297 1446 neque
327 1377 452 1429 tam
486 1372 718 1428 diversa
739 1371 1025 1444 prodigia,
1052 1375 1271 1442 quanta
1299 1371 1434 1427 data
1451 1377 1589 1426 sunt
1615 1376 1770 1443 post-

109 1480 284 1534 quam
315 1461 683 1535 glorilicatus
709 1464 798 1515 est
816 1460 1011 1515 Jesus.
1037 1459 1303 1515 Ostendit
1325 1477 1460 1533 ergo
1485 1460 1624 1532 quia
1651 1476 1766 1514 non

106 1552 461 1624 simpliciter
484 1554 574 1606 est
602 1548 720 1605 illis
752 1549 1063 1619 creditum,
1098 1551 1199 1604 sed
1230 1566 1332 1621 per
1353 1550 1524 1620 signa
1553 1554 1609 1604 ct
1637 1565 1768 1620 pro-

108 1643 290 1714 digia.
326 1642 398 1696 Et
429 1645 561 1712 post
618 1639 727 1693 hoc
783 1637 1030 1694 intulit:
1087 1640 1218 1692 «Et
1278 1637 1532 1708 Spiritus
1583 1638 1768 1693 sancti

106 1728 994 1794 distributionibus,secundum
1025 1744 1193 1782 suam
1217 1727 1598 1783 voluntatem.
1624 1751 1644 1775 ι
1678 1727 1767 1781 Di-

104 1821 252 1875 vina:
267 1835 405 1874 vero
427 1816 713 1874 voluntati
727 1821 902 1887 atque
923 1816 1166 1872 consilio
1185 1822 1398 1872 cuncta
1412 1817 1765 1883 contribuit;

105 1909 429 1979 divinoque
453 1907 717 1972 consilio,
741 1905 968 1961 velutsi
990 1905 1237 1960 diceret;
1273 1907 1402 1976 Ipse
1434 1906 1594 1961 novit
1627 1905 1766 1977 quid

106 1998 326 2070 cuique
359 1996 568 2069 prosit,
601 1995 687 2051 vel
710 1994 804 2049 cui
826 1995 965 2067 quid
995 1995 1071 2050 sit
1100 1996 1170 2050 ad
1204 1995 1606 2076 commodum,
1631 2012 1771 2066 qua-

103 2091 350 2161 propter
376 2086 503 2158 ipse
552 2085 800 2157 gratiam
863 2083 1182 2155 unicuique
1236 2084 1555 2140 distribuit.
1607 2085 1770 2148 Quod

104 2177 289 2233 etiam
325 2176 396 2230 ad
430 2173 764 2229 Corinthios
797 2172 951 2240 facit,
1015 2173 1254 2228 dicens:
1309 2195 1336 2222 «
1374 2178 1526 2228 Deus
1577 2173 1775 2245 posuit

104 2277 629 2337 unumquemque,
663 2261 816 2317 sicut
861 2261 1048 2316 voluit
1106 2261 1153 2332 (l
1186 2262 1307 2317 Cor.
1349 2279 1449 2329 xu,
1503 2263 1610 2332 18).
1648 2285 1676 2311 ››
1708 2263 1777 2316 Et

104 2357 364 2412 iterum:
400 2352 729 2424 Unicuique
774 2351 947 2406 datur
995 2350 1389 2406 manifestatio
1426 2351 1671 2423 spiritus
1705 2352 1774 2406 ad

106 2444 433 2500 utilitatem
471 2441 658 2512 (Ibid.,
693 2441 814 2511 7).»

184 2557 214 2584 ‹‹
251 2531 598 2589 Secundum
646 2528 1009 2585 voluntatem
1067 2529 1269 2599 ejus.»
1323 2529 1592 2585 Ostendit
1618 2532 1778 2603 ﬁergo

108 2623 454 2683 secundum
474 2619 834 2676 voluntatem
857 2619 959 2674 Dei
982 2619 1136 2674 dona
1157 2619 1477 2691 unicuique
1516 2621 1662 2687 dari,
1706 2635 1779 2675 ne

111 2717 175 2771 in
210 2710 557 2784 superbiam
580 2709 981 2772 subleventur,
1004 2724 1077 2763 ne
1096 2707 1779 2765 inﬂuenturventositate

105 2801 438 2877 jactantiaa,
454 2815 525 2855 ne
538 2798 787 2855 altitudo
805 2797 1068 2852 muneris
1083 2797 1777 2870 negligentioresefﬁciat.

112 2892 227 2958 Qui
260 2890 422 2948 enim
454 2891 786 2959 compotem
817 2904 879 2943 se
909 2886 1146 2942 virtutis
1177 2887 1493 2956 existimat,
1527 2906 1642 2944 non
1667 2889 1778 2945 sibi

113 2999 188 3038 ex
219 2979 418 3053 gratia
445 2976 751 3049 largientis
781 2974 1089 3031 advenisse
1120 2992 1338 3031 munus
1364 2976 1509 3031 illud
1535 2977 1779 3033 arbitra-

113 3078 238 3137 tur,
271 3069 378 3126 sed
405 3084 476 3123 ex
495 3083 738 3124 suorum
774 3065 967 3120 debito
1001 3064 1365 3120 meritorum.
1392 3065 1639 3121 Proinde
1671 3067 1780 3121 hu-

105 3158 385 3234 jusmodi
401 3156 579 3212 home
601 3155 1200 3212 inflaturventositate
1222 3155 1528 3226 superbiae.
1565 3155 1781 3210 Idcirco

113 3265 260 3323 ergo
293 3248 452 3304 Deus
484 3244 898 3301 convenienter
927 3247 1137 3299 cuncta
1167 3243 1489 3314 dispensat.
1525 3244 1686 3308 Quod
1721 3246 1780 3300 in

1874 661 2087 730 posuit,
2114 662 2212 716 sed
2237 663 2592 717 abscondit?
2617 663 2776 718 Facit
2797 664 2905 719 hoc
2922 665 3096 719 etiam
3122 667 3180 720 in
3204 667 3333 722 aliis
3357 669 3529 723 testi-

1875 749 2109 816 moniis,
2145 749 2295 804 sicut
2327 768 2506 822 supra
2536 751 2751 807 lectum
2783 758 2890 808 est.
2927 753 3208 810 Existimo
3233 757 3387 827 quod
3412 774 3528 814 non

1875 838 2308 903 abscondentis,
2335 840 2435 893 sed
2460 840 3076 908 ostendentisintuitu,
3101 845 3415 908 ostendens
3430 862 3530 903 eos

1877 926 2122 982 multam
2139 927 2352 983 habere
2378 929 2680 984 scientiam
2700 930 3232 1001 Scripturarum,ut
3253 951 3356 990 nec
3381 951 3530 1007 opus

1876 1017 2118 1092 haberet
2136 1033 2348 1072 nomen
2381 1018 2649 1088 posuisse
2679 1019 2947 1086 dicentis,
2979 1021 3081 1076 sed
3113 1021 3292 1078 veluti
3352 1025 3424 1081 de
3469 1042 3531 1081 re

1878 1106 2214 1174 manifesta,
2236 1108 2366 1162 etin
2389 1113 2666 1179 promptu
2691 1109 3013 1165 constituta
3034 1110 3338 1168 induceret
3362 1115 3530 1171 testi-

1878 1195 2095 1266 monia,
2128 1196 2406 1252 dicendo:
2445 1218 2473 1246 «
2503 1197 2650 1261 Quid
2681 1202 2772 1253 est
2795 1198 2995 1267 homo,
3026 1201 3181 1271 quod
3215 1217 3442 1259 memor
3467 1220 3530 1260 es

1879 1284 2185 1352 ejus‘IQuid
2208 1289 2298 1339 est
2319 1284 2546 1352 homo,»
2574 1302 2707 1340 cum
2731 1287 3008 1358 despectu
3023 1291 3528 1359 pronuntiandum

1877 1376 1986 1439 est,
2020 1373 2078 1426 id
2112 1377 2218 1439 est,
2251 1373 2474 1444 fragilis
2513 1379 2570 1430 et
2610 1376 2866 1431 caducus
2914 1378 3049 1432 Adae
3081 1394 3320 1450 sequax,
3365 1385 3424 1436 et
3469 1381 3529 1437 in

1877 1461 2056 1517 veteri
2087 1467 2320 1532 peccato
2350 1461 2608 1533 generali
2639 1464 2920 1533 pravitate
2973 1466 3296 1524 devinctus.
3339 1469 3528 1540 Hujus

1885 1568 2108 1605 memor
2137 1556 2226 1605 est
2259 1552 2564 1620 Dominus,
2595 1554 2830 1624 quando
2853 1555 2903 1609 ei
2938 1562 3173 1626 peccata
3205 1558 3452 1614 dimittit
3473 1566 3531 1615 et

1881 1639 2293 1694 misericordia:
2316 1657 2435 1694 suae
2465 1642 2618 1696 dona
2643 1641 2907 1711 largitur.
2937 1665 2963 1693 «
2997 1646 3111 1699 Aut
3133 1645 3314 1702 Filius
3337 1647 3529 1703 homi-

1883 1728 2281 1799 nis,quouiam
2303 1729 2509 1784 visitas
2523 1745 2656 1784 eum
2678 1731 2705 1783 ?
2722 1754 2746 1778 ››
2762 1731 2995 1801 Hicjam
3014 1750 3148 1788 voce
3167 1738 3528 1807 surgendum

1881 1822 2097 1888 est,pro
2121 1834 2185 1873 co
2208 1818 2363 1887 quod
2388 1818 2701 1872 Dominum
2725 1819 3020 1889 significat
3039 1822 3530 1896 Salvatorem,qui

1883 1923 1996 1960 non
2030 1910 2092 1959 ut
2122 1905 2624 1970 czeterimortales,
2649 1924 2715 1961 ex
2736 1908 2969 1962 duobus
2991 1909 3332 1968 hominibus
3357 1919 3530 1968 natus

1882 2001 1992 2060 est,
2026 1997 2127 2050 sed
2160 2012 2227 2050 ex
2253 1995 2470 2066 Spiritu
2504 2001 2708 2050 sancto
2741 2002 2796 2050 et
2827 1998 3005 2052 beatae
3053 1998 3246 2054 Mariae
3302 2019 3534 2072 semper

1881 2084 2126 2155 virginis
2152 2087 2626 2153 utero,tanquam
2649 2101 2904 2154 sponsus
2917 2086 2987 2140 de
3005 2086 3257 2157 glorioso
3272 2089 3532 2147 thalamo

1884 2172 2184 2243 processit.
2221 2173 2287 2226 Et
2308 2172 2614 2227 considera
2653 2173 2806 2242 quod
2839 2175 3110 2244 superius
3142 2177 3325 2232 dixit:
3353 2201 3380 2228 «
3414 2179 3532 2235 Me-

1885 2278 2015 2317 mor
2043 2278 2104 2316 es
2130 2277 2141 2314 ε
2167 2281 2194 2308 ››
2217 2261 2466 2330 subjecit
2514 2265 2733 2328 autem,
2764 2284 2791 2311 «
2812 2261 3034 2318 visitas.
3062 2285 3089 2312 n
3133 2267 3352 2322 Memor
3399 2268 3531 2338 fuit,

1887 2367 2020 2405 cum
2046 2349 2390 2420 patriarchis
2413 2350 2483 2403 de
2500 2348 2643 2403 coelo
2659 2349 2933 2404 misertus
2951 2357 3072 2409 est:
3096 2353 3369 2425 visitavit,
3398 2372 3534 2412 cum

1891 2463 1918 2491 ‹‹
1939 2439 2195 2493 Verbum
2221 2455 2352 2493 caro
2377 2440 2592 2492 factum
2619 2443 2776 2494 estet
2794 2439 3078 2495 habitavit
3096 2441 3156 2496 in
3172 2442 3530 2514 nobis(Joan.

1891 2548 1927 2596 1,
1962 2530 2071 2600 14).
2102 2550 2123 2577 ιι
2159 2527 2303 2582 Nam
2336 2527 2573 2583 visitare
2598 2527 2872 2593 dicimus,
2906 2530 3141 2599 quando
3175 2532 3437 2589 medicus
3461 2536 3535 2590 ad

1889 2619 2156 2673 infirmos
2179 2616 2524 2689 ingreditur,
2549 2616 2700 2686 quod
2724 2616 2783 2670 in
2807 2617 3058 2674 adventu
3085 2620 3314 2675 Domini
3336 2637 3537 2680 revera

1889 2711 2116 2764 constat
2145 2705 2474 2776 impletum.

1965 2817 1992 2847 «ι
2024 2795 2285 2850 Minuisti
2317 2811 2472 2849 eum.
2506 2814 2533 2846 η
2568 2794 2714 2848 Hinc
2761 2796 2883 2865 jam
2936 2797 3165 2852 Domini
3223 2799 3537 2857 Salvatoris

1891 2885 2196 2942 humilitas
2229 2889 2501 2939 narratur
2530 2888 2589 2938 et
2618 2884 2824 2955 gloria.
2883 2885 3206 2943 Minoratus
3237 2893 3327 2944 est
3355 2891 3538 2963 enim,

1891 2994 2004 3032 non
2059 2975 2404 3030 necessitate
2462 2972 2909 3040 ministratoria,
2967 2975 3068 3030 sed
3128 2977 3362 3046 pietatis
3419 2996 3540 3034 suae

1891 3069 2216 3137 spontanea
2246 3062 2544 3116 voluntate
2578 3078 2591 3116 :
2625 3061 2778 3117 sicut
2825 3063 3142 3132 Apostolus
3187 3065 3308 3121 ait:
3369 3089 3396 3115 α
3431 3069 3540 3123 se-

1893 3153 2209 3224 metipsum
2243 3150 2578 3221 exinanivit,
2610 3152 2858 3206 formam
2892 3151 3042 3206 servi
3071 3154 3364 3225 accipiens
3386 3156 3539 3227 (Phi-

1898 3244 1997 3315 lip.
2034 3261 2096 3309 II,
2129 3241 2206 3312 7).
2238 3263 2260 3289 υ

111 3318 387 3395 Ecclesia
417 3351 653 3407 quoque
684 3332 984 3406 provenire
1015 3332 1434 3405 conspicimus,
1466 3333 1607 3389 dum
1630 3333 1780 3390 alius
1813 3318 1856 3384 C
1965 3332 2242 3404 Sequitur
2271 3347 2282 3385 :
2337 3351 2364 3380 ‹‹
2399 3328 2574 3384 Paulo
2631 3327 2830 3385 minus
2858 3331 2932 3386 ab
2989 3331 3232 3403 angelis.
3257 3351 3284 3384 ι
3340 3333 3422 3390 Ex
3476 3351 3544 3390 ea

114 3428 370 3502 quidem
402 3425 580 3481 habet
611 3423 947 3479 facultatem
981 3423 1271 3479 sermonis
1320 3423 1390 3476 ad
1432 3422 1783 3494 docendum,

113 3518 280 3574 alius
304 3520 504 3571 autem
527 3529 719 3585 neque
737 3529 800 3568 os
823 3512 1047 3584 aperire
1066 3510 1235 3568 valet.
1261 3511 1383 3566 Non
1406 3513 1788 3568 contristetur

112 3607 258 3676 iste,
288 3605 392 3676 qui
423 3602 678 3659 similem
712 3619 827 3657 non
857 3601 1034 3656 habet
1079 3601 1348 3674 gratiam,
1405 3601 1598 3656 sciens
1649 3601 1789 3672 quia

113 3694 452 3765 unicuique
475 3693 652 3748 datur
675 3690 1072 3746 manifestatio
1090 3690 1334 3762 spiritus
1353 3690 1423 3745 ad
1450 3689 1784 3747 utilitatem.

116 3783 182 3839 Si
199 3783 364 3839 enim
387 3782 564 3837 homo
586 3779 1013 3852 paterfamilias
1034 3780 1194 3834 novit
1214 3779 1307 3834 cui
1327 3779 1626 3851 negotium
1651 3796 1788 3851 qua-

118 3885 365 3941 cunque
387 3867 758 3924 committere
779 3866 1197 3934 debeat,multo
1220 3866 1477 3939 amplius
1495 3869 1665 3934 Deus,
1689 3868 1788 3939 qui

119 3965 481 4016 cunctorum
505 3958 667 4014 novit
685 3962 909 4014 mentes
929 3957 1321 4028 hominum,et
1337 3955 1657 4012 scitomnia
1687 3974 1790 4012 an-

119 4055 374 4122 tequam
406 4048 572 4103 ﬁant.

199 4163 229 4188 «
263 4138 395 4193 Non
427 4136 586 4192 enim
619 4136 844 4209 angelis
876 4134 1129 4208 subjecit
1163 4135 1312 4190 Deus
1373 4135 1572 4190 orbem
1627 4139 1790 4190 terras

121 4228 429 4293 futurum,
454 4225 526 4280 de
543 4241 660 4296 quo
684 4224 1001 4296 loquimur.
1033 4246 1054 4272 ο
1077 4223 1354 4294 Nunquid
1373 4241 1508 4280 nam
1525 4225 1595 4279 de
1609 4223 1792 4279 altero

120 4318 271 4373 orbe
304 4315 623 4387 disputat?
642 4314 789 4369 Non.
816 4313 927 4369 Sed
952 4313 1022 4369 de
1044 4313 1174 4369 hoc.
1200 4317 1444 4386 Propter
1485 4313 1594 4368 hoc
1616 4314 1794 4369 etiam

118 4403 390 4470 addidit,
429 4422 455 4454 α
488 4403 558 4457 de
589 4419 706 4474 quo
727 4401 1047 4475 loquimur,
1070 4422 1097 4451 ››
1132 4417 1203 4457 ne
1227 4406 1485 4458 mentem
1509 4401 1795 4457 auditoris

115 4509 333 4551 errare
364 4490 900 4564 permitteret,dum
926 4489 1078 4545 alius
1099 4493 1474 4561 quaareretur.
1495 4491 1795 4554 Quomodo

115 4600 268 4657 ergo
290 4598 431 4638 eum
449 4582 716 4636 futurum
738 4584 905 4636 vocat
922 4579 1220 4634 ?Futurus
1240 4580 1457 4652 quippe
1470 4585 1594 4636 erat
1613 4580 1794 4648 orbis,

1896 3423 2186 3494 siquidem
2219 3423 2381 3492 parte
2411 3422 2644 3473 Greater
2661 3418 3003 3490 angelorum
3029 3422 3222 3477 minor
3241 3422 3430 3480 factus
3455 3429 3546 3480 est

1897 3511 2215 3584 angelis,ex
2241 3526 2358 3580 qua
2379 3523 2614 3564 crucem
2639 3524 2742 3578 pro
2766 3508 3074 3564 hominum
3100 3511 3548 3582 suscepit.Bene

1897 3606 2089 3664 autem
2122 3599 2287 3666 dixit,
2323 3621 2350 3649 «
2384 3597 2558 3669 paulo
2618 3597 2836 3665 minus,
2875 3621 2895 3646 η
2947 3599 3088 3669 quia
3139 3600 3249 3654 etsi
3298 3600 3547 3658 mortale

1899 3708 2109 3762 corpus
2141 3688 2484 3759 assumpsit,
2519 3692 2714 3743 tamen
2747 3693 3048 3759 peccatum
3075 3706 3189 3744 non
3213 3689 3438 3747 habuit.

1970 3803 1998 3830 «
2033 3779 2246 3843 Gloria,
2279 3785 2336 3832 et
2358 3777 2576 3832 honore
2609 3777 2900 3832 coronasti
2932 3793 3088 3833 eum.
3117 3800 3144 3826 ››
3180 3779 3407 3836 Honore
3451 3796 3548 3836 co-

1901 3873 2141 3925 ronatus
2173 3871 2281 3933 est,
2314 3882 2449 3922 cum
2482 3870 2614 3937 post
2643 3869 3131 3924 resurrectionem
3166 3873 3338 3936 Deus,
3372 3869 3432 3924 in
3483 3885 3550 3926 eo

1901 3958 2056 4030 quod
2088 3957 2262 4011 homo
2295 3956 2482 4010 factus
2512 3960 2621 4023 est,
2647 3955 2824 4011 nimis
2846 3955 3177 4012 mirabilem
3201 3958 3407 4013 mundi
3428 3974 3552 4014 cre-

1902 4048 2208 4103 dulitatem
2231 4044 2518 4101 exaltatus
2539 4044 2779 4116 accepit.
2815 4045 3010 4100 Gloria
3039 4052 3352 4102 coronatus
3382 4052 3472 4102 est
3492 4047 3552 4103 in

1903 4135 2329 4193 resurrectione
2351 4140 2407 4190 et
2421 4135 2847 4203 ascensione,et
2869 4134 3089 4191 honore
3105 4136 3164 4190 in
3177 4135 3554 4193 concessione

1904 4232 2157 4299 paternae
2188 4224 2536 4295 majestatis.

1983 4338 2010 4367 «
2041 4317 2108 4371 Et
2137 4313 2496 4370 constituisti
2528 4329 2663 4368 eum
2696 4329 2874 4384 super
2905 4329 3082 4384 opera
3112 4331 3398 4370 manuum
3430 4318 3556 4369 tua-

1906 4422 2060 4460 rum.
2084 4426 2112 4453 »
2137 4404 2417 4474 Superius
2449 4403 2520 4457 de
2547 4402 2732 4472 gloria
2763 4403 2912 4471 ejus,
2937 4407 2992 4457 et
3013 4403 3231 4458 honore
3253 4408 3557 4459 narratum

1908 4499 2015 4560 est,
2050 4509 2207 4548 nunc
2238 4493 2474 4563 ponitur
2500 4496 2557 4546 et
2579 4495 2857 4561 potestas,
2883 4495 2947 4545 ut
2969 4497 3323 4561 agnoscatur
3342 4491 3560 4548 Christi

1908 4582 2140 4639 Domini
2159 4581 2490 4652 majestatis
2513 4579 2941 4650 perfectissima
2962 4579 3287 4651 plenitudo.
3305 4581 3560 4638 Dicendo

117 4678 196 4729 ut
225 4673 417 4741 ﬁeret,
451 4671 562 4727 hoc
593 4673 703 4737 est,
739 4675 804 4726 ut
852 4669 1132 4726 crederet.
1193 4669 1358 4724 Hunc
1404 4685 1540 4743 ergo
1594 4670 1795 4725 orbem
1828 4695 1874 4758 Β
1908 4672 2086 4740 enim,
2119 4693 2145 4723 α
2175 4687 2352 4741 super
2374 4686 2551 4741 opera
2581 4685 2869 4724 manuum
2896 4674 3156 4740 tuarum,
3187 4691 3214 4722 ι)
3251 4671 3444 4727 omnis
3474 4670 3560 4726 illi

116 4763 432 4832 futurum,
456 4776 572 4815 non
597 4757 821 4832 angelis
844 4758 1066 4826 subdit,
1091 4759 1192 4815 sed
1218 4757 1465 4814 Christo.
1492 4759 1615 4814 Non
1639 4758 1796 4814 enim
1831 4757 1861 4758 7'
1906 4766 2177 4817 creatura
2207 4759 2472 4830 Subjecta
2499 4763 2879 4825 monstratur,
2917 4757 3054 4830 quia
3083 4757 3236 4812 sicut
3265 4777 3298 4814 a
3330 4758 3559 4814 Domini

116 4849 365 4924 angelis
397 4849 651 4906 salutem
684 4852 971 4915 nostram,
1005 4863 1132 4920 qua:
1166 4848 1485 4904 novissimo
1535 4852 1798 4919 tempore

116 4931 292 4995 facta
323 4941 416 4994 est
437 4937 493 4992 in
518 4937 679 5001 orbe,
702 4935 976 5006 subjecit,
1029 4951 1156 5006 quas
1187 4951 1222 4989 a
1253 4933 1551 5006 prophetis
1601 4936 1800 4990 futura

115 5044 264 5085 esse
287 5026 434 5083 olim
466 5026 745 5099 praedicta
774 5029 882 5091 est,
915 5025 1019 5080 sed
1051 5023 1172 5080 Filo
1196 5041 1322 5093 suo,
1349 5024 1421 5078 ad
1466 5040 1641 5095 quem
1694 5040 1803 5080 vox

114 5123 406 5191 paterna,
433 5115 590 5172 sicut
619 5113 894 5188 superius
939 5114 1409 5170 demonstratum
1441 5117 1548 5181 est,
1582 5112 1800 5180 sonuit,

114 5207 431 5263 dicens:«
454 5204 638 5260 Filius
685 5220 853 5259 meus
875 5219 937 5259 es
971 5207 1056 5270 tu,
1088 5219 1193 5275 ego
1254 5203 1427 5259 hodie
1484 5201 1659 5275 genui
1704 5207 1798 5258 te:

113 5294 380 5353 Postula
403 5311 438 5350 a
459 5310 576 5362 me,
595 5297 652 5349 et
671 5293 822 5349 dabo
843 5291 952 5347 tibi
969 5297 1173 5364 gentes
1192 5292 1586 5348 basreditatem
1612 5296 1799 5363 tuam,

113 5391 194 5443 et
218 5385 671 5458 possessionem
701 5386 867 5437 tuam
897 5381 1181 5437 terminos
1211 5384 1396 5436 terra.
1425 5402 1452 5429 »

207 5476 279 5531 Et
312 5475 424 5531 hoc
457 5471 821 5546 propheticis
852 5471 1164 5527 confirmat
1190 5469 1494 5542 exemplis,
1554 5469 1756 5524 dicens
1787 5487 1799 5526 :

112 5589 157 5619 α
201 5566 481 5621 Testatus
514 5567 606 5619 est
663 5563 726 5618 in
775 5561 1033 5633 quodam
1063 5561 1190 5617 loco
1224 5560 1380 5632 quis,
1413 5559 1802 5631 dicens(Psal.

209 5671 805 5746 (1394)7Part_ic.etiam
820 5669 880 5725 in
899 5667 1196 5746 Yulg.non
1208 5667 1548 5746 legitur,sed
1565 5667 1626 5746 in
1639 5670 1803 5746 textu

97 5739 588 5817 Ambrosiastri,
619 5759 656 5801 a
674 5757 793 5819 quo
825 5739 1045 5800 multa'
1067 5739 1323 5818 sparsim
1353 5744 1623 5817 excerpta
1643 5743 1800 5798 sunt.

1910 4868 2080 4922 opere
2112 4848 2257 4904 nihil
2282 4854 2371 4903 est
2391 4853 2719 4919 exceptum,
2748 4847 2831 4903 ita
2849 4864 2954 4903 nec
2975 4865 3008 4902 a
3034 4851 3320 4919 potestate
3341 4847 3560 4902 Christi

1911 4937 2130 5009 aliquid
2165 4938 2440 5009 probatur
2469 4952 2599 4992 esse
2633 4935 2912 4991 divisum.

1989 5048 2015 5079 α
2044 5027 2256 5083 Omnia
2279 5025 2585 5096 subjecisti
2616 5025 2728 5080 sub
2760 5026 3007 5096 pedibus
3039 5025 3166 5094 ejus
3197 5041 3209 5090 ;
3235 5023 3297 5078 in
3319 5040 3385 5079 eo
3403 5021 3560 5079 enim

1914 5117 2069 5189 quod
2085 5115 2283 5173 omnia
2295 5114 2716 5186 subjecit,nihil
2733 5114 2960 5168 dimisit
2973 5129 3089 5167 non
3105 5113 3437 5183 subjectum
3453 5112 3563 5169 ei.»

1914 5207 2170 5262 Dicendo
2201 5207 2358 5262 enim
2382 5205 2602 5268 omnia,
2627 5220 2730 5258 nec
2752 5208 2982 5257 terrena
2998 5201 3228 5257 videtur
3244 5203 3563 5273 excepisse,

1916 5313 2022 5352 nec
2053 5295 2326 5351 cmlestia.
2359 5295 2427 5349 Et
2459 5310 2632 5364 quem
2683 5292 2846 5364 prius
2879 5297 3118 5363 propter
3170 5291 3567 5347 humilitatem

1915 5386 2107 5441 carnis
2139 5383 2312 5455 paulo
2344 5383 2543 5436 minus
2574 5382 2648 5436 ab
2671 5379 2894 5452 angelis
2925 5381 3152 5436 dixerat
3195 5397 3325 5438 esse
3377 5381 3567 5436 mino-

1916 5480 2109 5536 ratum
2144 5477 2273 5544 post
2302 5471 2705 5526 ascensionem
2735 5469 2876 5525 dicit
2907 5470 3158 5541 pedibus
3187 5472 3317 5540 ejus
3371 5469 3572 5526 omnia

1915 5563 2100 5618 fuisse
2130 5561 2417 5631 subjecta,
2452 5564 2518 5614 ut
2571 5558 2688 5614 ista
2743 5558 3042 5616 distinctio
3099 5564 3157 5616 et
3206 5559 3572 5618 dubietatem

1987 5669 2172 5744 (1395)
2204 5666 2377 5742 Vulg.
2401 5668 2692 5743 portentis.
