3898 6416
372 461 491 521 739

371 590 767 647 titubantibus
797 588 1075 650 auferret,
1101 589 1156 640 et
1187 584 1432 656 gloriam
1478 587 1690 638 sanctae
1748 584 2017 639 incarna-
2048 584 2102 649 Α

373 679 549 736 tionis
581 679 933 733 ostenderet.
973 698 994 727 ι
1030 675 1151 729 Sub
1198 673 1445 745 pedibus
1480 695 1505 722 »ι
1562 672 1661 738 ait,
1715 679 1779 726 ut
1828 672 2021 727 omnis

374 773 641 825 creatura
672 767 878 822 merito
917 769 1112 837 ipsum
1170 762 1357 817 colere
1415 765 1594 831 atque
1653 762 1893 816 adorare
1938 761 2020 814 vi-

374 858 545 913 deatu
556 873 601 913 r.

446 968 473 995 ‹‹
507 946 672 1000 Nunc
702 948 896 998 autem
929 940 1178 995 necdum
1229 938 1494 992 videmus
1524 938 1724 993 omnia
1756 939 2022 1008 subjecta

374 1035 449 1091 ei.
485 1056 514 1084 »
544 1038 663 1087 Hoc
696 1032 895 1102 itaque
925 1029 1008 1083 ait
1036 1029 1105 1081 de
1151 1044 1264 1082 non
1323 1028 1699 1082 credentibus
1760 1028 1817 1081 in
1863 1043 2019 1096 eum,

374 1122 512 1195 quia
532 1121 782 1176 necdum
805 1116 1002 1172 omnia
1020 1115 1363 1187 Evangelica
1387 1116 1641 1169 obtinuit
1666 1115 2019 1186 praedicatio.

371 1210 649 1282 Superius
666 1206 829 1275 dixit,
864 1204 1010 1259 nihil
1043 1204 1260 1259 dimitti
1281 1204 1394 1258 sibi
1427 1221 1541 1258 non
1575 1204 1931 1273 subjectum,
1967 1207 2025 1257 et

372 1300 465 1354 hic
492 1295 982 1363 astruit,necdum
1006 1292 1205 1348 omnia
1227 1293 1494 1362 subjecta
1517 1292 1630 1347 sibi
1654 1292 1862 1357 videri,
1887 1291 2025 1361 quia

368 1386 488 1441 illic
518 1382 928 1450 universalem,
964 1382 1085 1437 sive
1104 1380 1521 1447 voluntariam,
1546 1380 1594 1435 si
1617 1381 1738 1436 sive
1757 1396 2022 1434 necessa-

368 1476 516 1531 riam
539 1472 969 1543 subjectionem
1009 1469 1315 1539 designat;
1340 1468 1435 1523 hic
1478 1473 1713 1523 tantum
1754 1467 2022 1523 volunta-

370 1567 539 1628 riam,
574 1578 691 1633 qua
722 1560 973 1616 ﬁdeliter
1003 1560 1186 1629 (1396)
1217 1559 1466 1613 credunt
1497 1558 1555 1611 in
1588 1574 1742 1611 eum.

442 1676 471 1702 «
502 1653 650 1707 Eum
665 1649 996 1719 autem,qui
1015 1648 1242 1702 modico
1267 1662 1447 1717 quam
1473 1645 1667 1717 angeli
1694 1644 2021 1699 minoratus

367 1746 475 1808 est,
508 1742 776 1796 videmus
792 1738 997 1793 Jesum
1022 1740 1258 1808 propter
1276 1735 1612 1807 passionem
1642 1735 1845 1789 mortis
1869 1736 2016 1805 ejus,

369 1825 1395 1902 gloria,ethonorecoronatummﬂic
1409 1823 1664 1878 ostendit
1678 1823 1816 1893 quia
1834 1822 2019 1895 gloria

366 1924 425 1974 et
455 1919 642 1974 honor
661 1932 802 1971 crux
824 1919 913 1969 est
942 1912 1174 1981 Christi,
1201 1929 1303 1984 pro
1335 1929 1451 1983 qua
1481 1911 1777 1966 modicum
1830 1912 2017 1966 mino-
2050 1950 2097 2014 Β

368 2012 531 2062 ratus
553 2011 643 2061 est
664 2005 734 2060 ab
758 2002 1161 2074 angelis,sicut
1184 2002 1306 2072 ipse
1326 2001 1606 2056 Dominus
1630 2017 1764 2055 eum
1788 2016 2022 2072 semper

365 2100 554 2162 vocat,
588 2094 787 2149 dicens
816 2109 828 2146 :
855 2114 883 2141 «
910 2092 979 2147 Ut
999 2090 1359 2163 gloriﬁcetur
1380 2089 1537 2144 ﬁlius
1562 2088 2016 2159 hominionan.

364 2201 527 2251 xvm,
568 2184 644 2254 4).
679 2205 699 2231 ι
734 2182 792 2236 Si
824 2180 924 2236 ille
953 2197 1040 2247 ea,
1077 2196 1203 2251 qua:
1246 2196 1349 2249 pro
1408 2178 1589 2233 servis
1644 2195 1856 2249 passus
1907 2184 2017 2245 est,

365 2272 614 2345 gloriam
645 2274 833 2339 vocat,
853 2269 1037 2324 multo
1055 2267 1335 2339 amplius,
1363 2272 1427 2322 tu
1449 2267 1645 2325 homo.
1670 2268 1906 2337 quando
1925 2284 2020 2339 pa-

366 2362 534 2428 teris,
563 2360 670 2415 tibi
702 2360 774 2415 ad
802 2357 1049 2430 gloriam
1081 2356 1370 2428 pertinere
1401 2356 1818 2426 sempiternam
1842 2356 2016 2410 dubi-

366 2455 491 2506 tare
521 2466 637 2504 non
669 2447 865 2503 debes.
900 2447 969 2501 Et
998 2446 1261 2500 addidit:
1300 2467 1322 2494 ι
1361 2445 1433 2499 Ut
1488 2444 1677 2514 gratia
1735 2444 1859 2514 Dei,
1913 2462 2015 2514 pro

367 2538 644 2595 omnibus
701 2539 964 2609 gustaret
1018 2538 1287 2589 mortem.
1320 2554 1349 2584 ››
1411 2537 1614 2603 Ipsum
1675 2549 1804 2587 vero
1883 2549 2017 2604 gra-

366 2629 511 2685 tiam
539 2624 885 2693 nominavit,
918 2624 1017 2695 qui
1048 2639 1151 2694 pro
1183 2621 1449 2677 omnium
1507 2621 1695 2675 salute
1754 2621 2017 2691 gustavit

368 2722 637 2773 mortem.
662 2715 787 2769 Non
820 2714 976 2768 enim
1010 2712 1334 2765 debebatur
1379 2708 1567 2774 nobis,
1602 2714 1670 2763 ut
1702 2709 1883 2763 Filius
1912 2710 2012 2764 Dei

366 2823 470 2879 pro
502 2803 670 2859 nobis
703 2804 966 2873 gustaret
996 2804 1266 2864 mortem,
1299 2799 1399 2852 sed
1459 2798 1647 2869 gratia
1698 2797 1804 2852 hoc
1856 2799 2011 2853 fecit.

366 2897 498 2967 Ipse
530 2892 766 2964 quidem
798 2906 901 2960 pro
933 2888 1209 2943 omnibus
1230 2891 1496 2941 mortuus
1519 2890 1626 2941 est.
1645 2886 1791 2949 Quid
1816 2891 2012 2941 autem

366 2986 413 3038 si
449 2998 563 3037 non
596 2996 799 3035 omnes
834 2976 1119 3032 credunt?
1150 2975 1247 3030 Ille
1279 2979 1474 3029 tamen
1507 2974 1660 3045 quod
1684 2992 1860 3029 suum
1892 2981 2014 3031 erat

364 3069 647 3143 implevit.
669 3067 909 3139 Proprie
934 3066 1080 3120 dixit
1111 3082 1123 3119 :
1163 3087 1183 3113 α
1216 3064 1474 3135 gustavit
1506 3068 1787 3118 mortem:
1819 3087 1839 3113 ι
1876 3065 2015 3134 quia

366 3160 523 3217 brevi
554 3164 814 3229 tempore
843 3156 902 3210 in
934 3153 1037 3209 illa
1066 3153 1196 3220 fuit,
1231 3158 1297 3208 ut
1328 3169 1395 3207 ea
1426 3152 1648 3207 devicta
1703 3154 2011 3208 confestim

367 3252 718 3319 resurgeret.

1401 451 1738 512 A’I‘TONIS
1785 452 2365 513 VERCELLENSIS
2415 452 2766 513 EPISCOPI

3675 452 3800 510 740

2204 607 2227 631 ‹‹
2267 587 2510 655 Propter
2540 599 2719 655 quam
2750 599 2989 638 causam
3020 598 3136 637 non
3170 580 3552 637 confunditur
3572 582 3792 636 fratres

2133 688 2232 727 eos
2264 690 2483 737 vocare,
2518 673 2737 727 dicens.
2774 696 2799 721 ››
2837 674 2896 726 ln
2930 689 2996 726 eo
3028 671 3205 736 enim,
3242 672 3393 742 quod
3447 670 3621 737 dixit,
3678 687 3794 725 non

2132 762 2425 816 erubescit
2457 762 2662 816 fratres
2695 779 2791 817 eos
2833 778 3058 824 vocare,
3120 762 3484 815 demonstrat
3534 776 3655 814 non
3716 759 3797 813 rei

2134 854 2352 904 natura:
2384 868 2531 917 esse,
2567 852 2667 905 sed
2703 850 3115 904 misericordiae
3146 851 3272 918 ejus
3297 866 3426 903 esse
3448 853 3713 915 tantum,
3739 852 3795 902 et

2132 938 2487 993 humilitatis
2521 938 2738 1008 multis,
2772 938 2869 1009 qui
2904 955 3008 992 nos
3042 940 3248 992 fratres
3278 936 3453 1009 elegit
3513 937 3656 991 sibi.
3721 937 3793 990 Et

2132 1026 2239 1080 hoc
2267 1027 2603 1098 prephetico
2628 1028 2881 1081 afﬁrmat
2899 1026 3253 1095 testimonio,
3278 1043 3349 1080 ne
3374 1026 3542 1096 quasi
3569 1042 3795 1079 novum

2134 1119 2456 1185 putaretur,
2492 1122 2545 1170 et
2566 1133 2677 1170 non
2702 1114 2890 1169 multo
2913 1121 3048 1170 ante
3074 1114 3437 1185 praedictum.
3472 1115 3567 1169 Ait
3590 1114 3790 1169 enim:

2139 1204 2460 1261 «Nuntiabo
2475 1221 2685 1259 nomen
2702 1209 2867 1258 tuum
2885 1204 3160 1259 fratribus
3176 1202 3796 1274 meis([’sal.xx1,23).»

2134 1294 2268 1348 Post
2290 1310 2514 1348 sacram
2540 1294 2868 1364 passionem
2884 1299 2938 1348 et
2957 1294 3464 1359 resurrectionem,
3491 1292 3636 1347 dicit
3659 1291 3799 1363 glo-

2132 1382 2279 1437 riam
2312 1382 2632 1437 divinitatis
2666 1388 2786 1438 toto
2817 1385 2953 1439 orbe
2983 1383 3359 1455 vulgandam.
3381 1381 3727 1436 «Nuntiabo
3770 1402 3798 1429 »ι

2132 1470 2287 1525 enim
2319 1471 2477 1537 dicit,
2514 1471 2569 1525 id
2606 1476 2693 1525 est
2724 1488 2961 1527 narrare
2978 1470 3452 1541 faciam,sicutin
3472 1468 3798 1541 Evangelia

2134 1560 2479 1615 mulieribus
2511 1560 2689 1615 dicit:
2721 1584 2748 1609 «
2784 1560 3095 1630 Ite,dicite,
3127 1560 3406 1614 fratribus
3421 1559 3567 1614 meis
3592 1560 3792 1626 (Marc.

2130 1665 2244 1715 xvx,
2272 1649 2348 1714 5).
2385 1671 2411 1697 ››
2439 1649 2668 1703 Fratres
2700 1654 2897 1703 autem
2930 1649 3226 1719 dicuntur,
3261 1649 3359 1719 qui
3419 1648 3683 1719 diligunt
3738 1652 3800 1701 et

2129 1735 2474 1807 diliguntur.
2509 1738 2576 1790 Et
2600 1737 2858 1791 addidit:
2895 1756 2915 1785 ι
2947 1739 3007 1791 In
3031 1738 3221 1792 medio
3244 1736 3795 1792 Ecclesiaelaudabo

2129 1828 2204 1878 te.
2233 1849 2254 1877 ι)
2294 1826 2354 1878 In
2391 1826 2579 1880 medio
2612 1832 2950 1880 sanctorum
2982 1826 3111 1880 laus
3144 1825 3375 1881 Domini
3406 1829 3647 1882 resonat
3681 1841 3789 1896 per

2128 1930 2286 1979 eum,
2320 1913 2418 1985 qui
2451 1915 2531 1967 ait
2564 1931 2577 1969 :
2615 1937 2640 1963 ‹‹
2672 1915 2957 1970 Conﬁteor
2987 1914 3113 1981 tibi,
3143 1919 3332 1982 Pater,
3366 1914 3612 1970 Domine
3648 1914 3785 1969 cceli

2132 2007 2187 2056 et
2208 2006 2394 2069 terrea,
2419 2002 2558 2073 quia
2581 2002 2937 2057 abscondisti
2962 2003 3082 2057 haec
3102 2020 3134 2057 a
3154 2002 3521 2073 sapientibus
3545 2006 3603 2058 et
3636 2020 3786 2075 pru-

2131 2090 2405 2146 dentibus
2443 2095 2499 2145 et
2526 2090 2788 2147 revelasti
2812 2108 2879 2146 ea
2895 2091 3154 2162 parvulis
3172 2092 3323 2162 (Luc.
3348 2109 3403 2159 x,
3426 2093 3539 2163 21).
3566 2077 3606 2141 ››⁴
3628 2093 3790 2148 Laus

2129 2180 2284 2233 enim
2316 2179 2547 2234 Domiui
2578 2197 2732 2247 vera,
2769 2197 2885 2235 non
2914 2179 3104 2235 solum
3136 2197 3252 2250 ore,
3283 2181 3383 2235 sed
3403 2180 3584 2236 etiam
3608 2182 3789 2237 corde

2130 2272 2187 2323 et
2218 2284 2389 2339 opere
2421 2268 2773 2339 perﬁcientis
2800 2274 3089 2340 praecepta
3118 2269 3347 2323 Domini
3380 2277 3676 2326 narratur.

2201 2380 2227 2405 «
2262 2358 2332 2412 Et
2362 2358 2571 2412 iterum
2598 2374 2611 2411 :
2641 2358 2759 2428 Ego
2782 2373 2914 2412 vero
2946 2358 3133 2412 ﬁdens
3165 2357 3223 2411 in
3247 2374 3379 2412 eum
3412 2359 3582 2428 (Psal.
3614 2377 3787 2424 xvm.

2126 2449 2201 2518 3).
2227 2468 2254 2497 ››
2282 2451 2359 2502 De
2382 2451 2653 2518 suscepto
2673 2446 2909 2500 homine
2938 2445 3047 2500 hoc
3068 2444 3291 2500 dictum
3325 2449 3433 2517 est,
3458 2447 3634 2518 cujus
3650 2464 3788 2503 con-

2128 2536 2366 2591 ﬁdentia
2395 2539 2518 2591 tota
2548 2536 2605 2589 in
2638 2535 2755 2589 Deo
2787 2538 2955 2589 Patre
2986 2550 3113 2589 esse
3134 2551 3249 2589 non
3269 2534 3515 2591 dubium
3538 2541 3629 2591 est
3661 2554 3675 2590 :
3702 2537 3785 2591 si-

2124 2628 2227 2679 cut
2258 2625 2316 2677 in
2350 2623 2657 2694 Evangelio
2690 2622 2815 2693 ipse
2845 2622 2948 2693 ait,
2980 2640 3083 2694 pro
3115 2622 3330 2694 quibus
3378 2622 3785 2695 supplicabat,

2126 2713 2351 2766 dicens:
2391 2711 2599 2775 «Volo,
2628 2714 2818 2778 Pater,
2843 2716 2907 2764 ut
2947 2711 3045 2765 ubi
3078 2728 3183 2782 ego
3217 2728 3370 2779 sum,
3404 2716 3459 2766 et
3501 2711 3600 2767 isti
3652 2714 3783 2769 sint

2126 2816 2356 2854 mecum
2390 2801 2566 2870 (Joan.
2598 2816 2734 2868 xvn,
2767 2799 2877 2870 24).
2906 2820 2933 2846 ››
2965 2799 3119 2861 Quos
3144 2800 3319 2855 etiam
3350 2800 3779 2859 conﬁdentiam

2125 2893 2190 2944 ut
2211 2889 2493 2943 haberent
2512 2888 2948 2955 exhortabatur,
2968 2889 3248 2944 dicendo:
3277 2890 3613 2959 «Conﬁdite,
3632 2893 3779 2963 quia

2125 2996 2227 3048 ego
2255 2978 2363 3031 vici
2397 2978 2683 3032 mundum
2715 2979 2903 3048 (Joan.
2927 2994 3041 3045 xw,
3074 2978 3188 3049 23).
3225 3001 3250 3027 ››

2201 3091 2221 3117 α
2259 3071 2327 3123 Et
2356 3085 2631 3123 rursum:
2666 3069 2808 3123 Ecce
2839 3085 2965 3139 ego,
2990 3068 3243 3140 etpueri,
3264 3086 3413 3141 quos
3435 3070 3583 3125 mihi
3612 3071 3779 3129 dedit

2124 3158 2277 3214 Deus
2307 3159 2443 3230 (1.9a.
2478 3175 2598 3228 VIII,
2620 3157 2729 3227 18).
2759 3180 2786 3206 »
2817 3160 2929 3212 lJoc
2950 3159 3355 3214 testimonium
3379 3160 3449 3215 de
3474 3161 3624 3216 Isaia
3648 3178 3782 3233 pro-

2126 3247 2261 3302 tulit
2284 3246 2689 3319 Apostolus,ad
2704 3246 3001 3301 Christum
3016 3251 3071 3302 et
3085 3248 3155 3303 ad
3180 3247 3478 3320 apostolos
3491 3250 3777 3319 referens,

440 3361 468 3388 «
502 3336 754 3393 Decebat
783 3333 938 3389 enim
971 3348 1128 3399 eum,
1172 3336 1407 3403 propter
1463 3347 1637 3402 quem
1684 3332 1903 3397 omnia,
1956 3336 2013 3387 et
2044 3312 2087 3379 (ἶ
2127 3353 2274 3407 quos
2294 3335 2939 3408 propterinnocentiam
2958 3353 3165 3407 pueros
3181 3337 3617 3394 nominavitzde
3643 3340 3779 3412 qui-

364 3444 470 3500 per
490 3440 665 3498 quem
687 3421 904 3489 omnia,
934 3419 1037 3491 qui
1058 3418 1274 3474 multos
1296 3418 1447 3474 ﬁlios
1474 3418 1531 3473 in
1554 3418 1801 3491 gloriam
1824 3421 2010 3475 addu-

362 3519 547 3584 xerat,
574 3516 872 3570 auctorem
906 3508 1113 3565 salutis
1144 3523 1347 3563 eorum
1377 3524 1481 3579 per
1510 3508 1841 3579 passionem
1873 3525 2010 3565 con-

363 3603 743 3670 summari;n
804 3600 862 3654 id
920 3602 1027 3668 est,
1082 3598 1357 3669 perﬁcere
1415 3597 1680 3651 omnium
1731 3597 2005 3653 salutem.

365 3715 394 3745 ‹‹
430 3697 668 3763 Propter
697 3704 872 3760 quem
904 3686 1122 3756 omnia,
1158 3707 1186 3735 »
1220 3686 1277 3739 id
1309 3689 1417 3751 est,
1451 3702 1552 3756 per
1579 3686 1707 3756 ejus
1739 3692 2005 3755 mortem,

364 3781 486 3838 sive
507 3796 634 3851 quas
656 3779 717 3833 in
730 3776 890 3831 caelis
911 3774 1195 3844 sunt,sive
1216 3789 1347 3844 quae
1369 3772 1427 3827 in
1467 3773 1657 3843 terris,
1686 3780 2011 3832 restaurata

361 3874 524 3939 sunt,
557 3884 662 3940 per
692 3880 867 3937 quem
897 3862 1073 3917 etiam
1106 3866 1164 3916 et
1192 3862 1392 3916 omnia
1420 3865 1613 3917 creata
1642 3867 1799 3918 sunt.
1833 3864 2007 3920 Vides

362 3963 647 4030 quantum
680 3958 770 4011 est
794 3954 853 4007 in
888 3950 1078 4006 medio
1112 3956 1400 4005 nostrum.
1437 3951 1503 4005 Et
1533 3950 1657 4022 ipse
1690 3951 1891 4023 Filius,
1952 3958 2009 4007 et

359 4065 468 4104 nos
499 4046 601 4101 filii
625 4062 638 4100 :
667 4043 764 4099 ille
796 4040 1088 4114 proprius,
1115 4056 1220 4094 nos
1253 4039 1529 4110 adoptivi,
1556 4041 1655 4095 sed
1678 4039 1774 4095 ille
1797 4041 2006 4113 salvat,

360 4142 419 4191 et
448 4152 555 4190 nos
586 4132 903 4189 salvamur.
927 4128 1103 4183 Vides
1117 4128 1409 4199 quomodo
1434 4145 1542 4182 nos
1562 4132 1617 4182 et
1630 4130 1934 4199 conjungit
1953 4135 2010 4185 et

359 4222 665 4280 discernit.
692 4243 719 4269 «
756 4217 972 4273 Multos
1004 4216 1176 4283 ﬁlios,
1199 4234 1225 4265 ιι
1266 4214 1784 4286 inquit,adducens
1806 4217 1864 4270 in
1885 4217 2007 4289 glo-

359 4313 467 4381 ria,
500 4311 595 4366 hic
626 4305 933 4378 conjunxit
965 4321 977 4359 :
1013 4326 1035 4354 ι
1069 4306 1401 4374 Auctorem,
1429 4324 1457 4351 »
1489 4302 1704 4374 inquit,
1741 4325 1769 4357 α
1799 4304 2009 4361 salutis

359 4417 561 4457 eorum
596 4417 609 4466 ;
636 4418 663 4449 ι
693 4396 789 4452 hic
816 4391 1111 4451 discrevit.

430 4512 459 4538 «
493 4488 601 4554 Qui
630 4486 785 4543 enim
820 4481 1148 4539 sanctiﬁcat
1178 4484 1234 4536 et
1263 4480 1363 4551 qui
1415 4480 1883 4552 sanctiﬁcantur,
1942 4500 2010 4538 ex

358 4594 476 4632 uno
506 4592 729 4631 omnes.
763 4598 786 4625 ι
826 4577 968 4627 Ecce
991 4571 1200 4626 iterum
1234 4570 1527 4640 quomodo
1557 4571 1885 4643 conjungit,
1911 4572 2011 4627 ho-

2123 3425 2235 3480 bus
2264 3425 2388 3497 ipse
2416 3424 2699 3480 Dominus
2731 3425 2847 3479 ait:
2882 3448 2909 3475 «
2942 3424 3122 3481 Sinite
3154 3425 3424 3497 parvulos
3454 3426 3653 3483 venire
3705 3430 3780 3484 ad

2124 3532 2277 3587 me,q
2290 3513 2598 3570 uiatalium
2613 3520 2700 3569 est
2713 3529 2953 3583 regnum
2968 3514 3242 3570 ccelorum
3262 3514 3455 3584 (Matth
3468 3532 3607 3583 .xxx,
3623 3518 3646 3571 1
3663 3519 3735 3589 1).
3749 3541 3776 3567 ››

2195 3629 2220 3654 ‹‹
2248 3605 2394 3670 Quia
2423 3620 2559 3675 ergo
2591 3607 2646 3657 et
2680 3604 2843 3673 pueri
2884 3602 3445 3659 comminicaverunt
3505 3606 3670 3660 carni
3720 3612 3780 3662 et

2119 3692 2631 3766 sanguini;etipse
2656 3692 2925 3746 similiter
2953 3692 3320 3764 participavit
3347 3694 3594 3751 eisdem.
3612 3716 3641 3743 ››
3674 3696 3797 3763 Αιπ

2118 3784 2291 3839 tende
2304 3780 2748 3837 similitudinem
2775 3782 2923 3849 ejus,
2951 3782 3275 3837 secundum
3299 3798 3557 3851 carnem,
3579 3783 3636 3838 in
3655 3801 3777 3855 qua

2119 3873 2245 3943 ipse
2275 3887 2409 3925 cum
2441 3869 2637 3941 pueris
2661 3870 3044 3941 participatus
3065 3875 3171 3925 est.
3189 3871 3547 3927 Erubescant
3563 3889 3775 3928 omnes

2121 3960 2415 4026 haeretici;
2448 3959 2861 4029 coeperiantur
2891 3959 3253 4028 confusione,
3285 3965 3342 4015 et
3393 3962 3773 4027 verecundia,

2122 4050 2220 4121 qui
2242 4047 2499 4121 putative
2514 4048 2862 4103 dicunteum
2877 4048 3204 4119 advenisse,
3239 4052 3431 4103 etnon
3456 4066 3608 4105 vere.
3644 4051 3773 4106 Non

2118 4139 2277 4194 enim
2308 4142 2538 4192 tantum
2563 4137 2727 4200 dix1t,
2753 4137 3029 4206 quoniam
3054 4137 3437 4208 participatus
3461 4143 3550 4195 est
3570 4139 3703 4195 istis
3716 4147 3776 4195 et

2118 4225 2596 4297 tacuit,quamvis
2614 4224 2969 4292 etsidiceret,
2994 4226 3633 4283 sufﬁcienterdixisset:
3667 4230 3772 4284 sed

2119 4316 2347 4370 addidit
2376 4338 2403 4363 «
2438 4314 2657 4369 eisdem
2684 4331 2697 4379 ;
2731 4335 2758 4363 »
2793 4319 2849 4368 et
2880 4312 3036 4369 aliud
3071 4331 3206 4369 eum
3238 4314 3371 4385 plus
3402 4321 3635 4371 constat
3658 4334 3771 4388 po-

2119 4404 2329 4471 suisse,
2366 4403 2473 4458 hac
2504 4407 2593 4457 est
2623 4401 2967 4474 proximius,
3005 4403 3159 4473 quod
3194 4420 3308 4457 non
3342 4404 3401 4459 in
3435 4405 3774 4476 phantasia,

2119 4510 2233 4547 nou
2266 4493 2324 4547 in
2360 4491 2614 4562 imagine
2647 4491 2870 4545 venerit
2899 4490 3170 4558 aliorum,
3227 4493 3327 4546 sed
3385 4510 3580 4548 veram
3639 4496 3775 4563 ejus

2118 4581 2375 4637 ostendit
2406 4579 2828 4634 fraternitatem
2859 4583 2916 4635 et
2945 4579 3373 4636 humanitatem
3419 4582 3478 4636 in
3532 4581 3771 4639 Christo

359 4682 575 4721 norans
592 4669 648 4719 et
667 4660 1002 4728 consolans,
1025 4663 1081 4716 et
1095 4658 1311 4713 Christi
1335 4658 1542 4713 fratres
1557 4675 1654 4714 eos
1674 4660 2007 4729 nominans,
2038 4682 2085 4747 D
2120 4686 2237 4725 non
2269 4670 2485 4724 fictam.
2521 4667 2666 4731 Quia
2697 4668 2849 4723 sicut
2880 4670 3229 4739 puericarne
3256 4670 3611 4742 etsanguine
3630 4687 3773 4727 οοη-

358 4756 685 4811 secundum
717 4750 870 4823 quod
903 4766 970 4805 ex
1001 4765 1117 4803 uno
1149 4763 1249 4802 eos
1279 4764 1407 4802 esse
1438 4747 1597 4803 dicit.
1629 4748 1844 4804 Deinde
1877 4766 2006 4804 mu-

359 4843 526 4900 niens
546 4857 875 4898 sermonem
903 4854 1077 4894 suum
1104 4836 1793 4906 etostendens,quoniam
1817 4838 1887 4893 de
1914 4856 2001 4907 eo,

356 4931 459 5003 qui
488 4931 813 4988 secundum
848 4942 1082 4983 carnem
1115 4928 1226 4991 est,
1258 4923 1422 4988 dixit,
1457 4923 1656 4978 intulit
1680 4941 1692 4978 :
1718 4925 1825 4987 Qui
1846 4928 2001 4982 enim

356 5020 702 5085 sanctiﬁcat,
740 5040 760 5067 ι
798 5016 906 5071 hoc
942 5020 1031 5071 est
1061 5013 1364 5081 Christus;
1424 5034 1451 5061 «
1486 5017 1543 5066 et
1586 5012 1687 5082 qui
1744 5016 2002 5070 sanctiﬁ-

355 5113 585 5175 cantur,
611 5128 639 5158 »
672 5107 782 5162 hoc
811 5112 900 5161 est
930 5121 1058 5159 nos.
1094 5101 1345 5157 Intueris
1401 5104 1690 5172 quantum
1740 5102 2000 5161 interest.

356 5194 461 5249 Ille
491 5195 731 5265 quidem
765 5194 1137 5259 sanctiﬁcat:
1174 5189 1615 5247 sanctiﬁcamur
1644 5194 1839 5246 autem
1874 5210 1999 5249 nos.

358 5282 429 5336 Et
457 5282 702 5345 addidit,
736 5305 765 5332 «
796 5299 863 5338 ex
894 5299 1010 5337 uno
1036 5295 1262 5336 omnes.
1298 5299 1326 5327 »
1354 5278 1515 5333 Unus
1538 5283 1627 5333 est
1647 5279 1801 5334 enim
1825 5281 2000 5351 Deus,

357 5385 393 5423 a
422 5384 538 5437 quo
569 5370 807 5437 omnia;
838 5372 937 5426 sed
971 5369 1065 5424 ille
1095 5368 1301 5435 aliter;
1335 5366 1503 5422 aliter
1534 5384 1679 5423 nos:
1713 5368 1808 5424 ille
1833 5373 2004 5441 quasi

356 5455 630 5526 proprius
654 5456 869 5513 Filius:
906 5476 1013 5514 nos
1040 5474 1173 5514 vero
1196 5458 1362 5528 quasi
1399 5457 1683 5527 adoptivi:
1744 5462 2002 5515 attamen

355 5557 545 5597 unum
576 5542 863 5601 habemus
892 5552 1073 5602 Deum
1106 5530 1341 5601 Patrem
1367 5560 1381 5598 :
1416 5543 1513 5599 ille
1535 5545 1704 5616 quasi
1731 5548 2004 5619 proprius

356 5628 724 5697 sanctiﬁcat;
754 5648 861 5687 nos
890 5636 1045 5690 sicut
1074 5632 1333 5705 adoptivi
1365 5633 1822 5690 sanctiﬁcamur.
1924 5626 1925 5629 “

429 5715 615 5808 (1396)
648 5716 912 5801 Fortasse
938 5722 1127 5806 ﬁdeles
1158 5720 1475 5795 legendum
1504 5719 1631 5779 loco
1676 5723 1929 5797 ﬁdeliter.

2116 4757 2579 4824 stant,similiter
2610 4762 2664 4812 et
2696 4756 2791 4812 ille
2824 4756 3361 4829 participavitcarni
3386 4764 3442 4815 et
3465 4761 3770 4831 sanguini,

2115 4847 2422 4902 uthaberet
2436 4846 2863 4917 undegustaret
2876 4850 3120 4902 mortem
3135 4865 3236 4919 pro
3248 4863 3564 4919 puerorum
3580 4847 3772 4905 salute

2186 4935 2371 5005 Cujus
2402 4934 2860 5006 dispensationis
2891 4937 3111 4991 affatim
3142 4953 3380 4992 causam
3441 4937 3773 5011 subjungit,

2115 5024 2358 5079 dicendo
2387 5041 2399 5079 :
2425 5046 2452 5073 ‹‹
2486 5023 2557 5078 Ut
2583 5040 2686 5094 per
2716 5029 2966 5079 mortem
2997 5024 3321 5081 destrueret
3349 5042 3484 5081 eum
3518 5026 3622 5099 qui
3664 5027 3771 5083 ha-

2114 5114 2287 5169 bebat
2320 5112 2526 5167 mortis
2555 5112 2891 5183 imperium,
2926 5114 3035 5169 hoc
3065 5119 3173 5182 est,
3209 5115 3526 5170 diabolum.
3557 5138 3586 5166 »
3626 5116 3774 5172 Hinc

2104 5203 2230 5273 jam
2264 5200 2529 5255 mirabile
2562 5200 2843 5271 quiddam
2876 5203 3258 5272 demonstrat,
3294 5204 3433 5274 quia
3465 5220 3570 5275 per
3612 5207 3767 5276 quod

2113 5294 2465 5363 potestatem
2497 5289 2705 5344 habuit
2726 5290 3015 5359 diabolus,
3039 5309 3141 5363 per
3163 5291 3271 5347 hoc
3294 5296 3351 5347 et
3370 5292 3561 5349 victus
3586 5303 3695 5359 est,
3718 5299 3775 5349 et

2114 5397 2297 5449 arma,
2313 5396 2439 5449 qua:
2456 5377 2693 5433 fuerunt
2710 5378 2790 5433 illi
2810 5380 2978 5434 fortia
2996 5381 3307 5436 adversum
3326 5383 3646 5451 mundum,
3663 5384 3771 5440 hoc

2114 5471 2221 5531 est,
2256 5484 2435 5533 mors,
2458 5483 2560 5538 per
2587 5482 2655 5521 ea
2687 5467 2855 5524 illum
2888 5469 3155 5525 Christus
3183 5470 3495 5542 percussit.
3519 5471 3625 5527 Hic
3653 5490 3769 5529 ma-

2114 5554 2484 5627 gnitudinem
2515 5554 2886 5627 virtutisejus
2918 5558 3017 5629 qui
3050 5558 3187 5613 vicit
3210 5558 3769 5619 insinuat.lntueris

2114 5647 2401 5718 quantum
2431 5644 2650 5701 bonum
2684 5651 2925 5717 operata
2952 5651 3043 5705 est
3072 5663 3251 5706 mors.
3288 5670 3316 5699 «
3359 5647 3431 5705 Ut
3487 5646 3768 5717 liberaret
