3898 6452
92 440 195 501 ’741

653 437 1068 499 EXPOSITIO
1114 438 1191 498 IN
1240 437 1668 498 EPISTULAS
1715 438 1971 500 PAULI.
2007 473 2083 482 —
2136 440 2212 500 IN
2258 440 2510 501 EPIST.
2558 442 2662 501 AD
2710 443 2947 503 HEBR.

3398 447 3513 506 742

97 569 323 643 eos,qui
346 570 563 626 timore
577 569 786 625 mortis
807 586 912 641 per
930 573 1113 625 totam
1128 569 1304 625 vitam
1328 569 1558 625 obnoxii
1582 574 1748 625 erant
1775 572 1826 638 Α
1860 571 2013 637 fecit,
2049 572 2150 642 qui
2180 573 2347 628 sedet
2377 573 2435 627 in
2459 573 2698 629 dextera
2718 574 2928 630 Patris.
2954 576 3068 631 Iste
3092 579 3378 645 tantus,et
3394 582 3514 634 tam

100 659 385 717 servituti.
415 682 443 710 ››
477 661 663 725 Quare
692 659 968 726 tremitis,
994 675 1174 730 quare
1204 658 1426 714 timetis
1466 676 1592 714 eam
1627 676 1753 730 quae

91 752 212 823 jam
244 749 638 805 condemnata
686 747 821 803 est?
867 751 999 803 Jam
1035 747 1313 803 terribilis
1361 765 1476 803 non
1509 753 1618 814 est,
1654 749 1751 803 sed

102 838 392 913 optabilis,
426 837 598 910 quasi
618 836 884 893 laborum
908 836 1045 892 ﬁnis
1066 840 1123 891 et
1142 837 1358 908 requiei
1378 837 1758 893 initium.Cur

103 929 213 985 ait:
247 951 275 979 «
303 928 544 983 Timore
574 927 779 981 mortis
802 942 905 998 per
924 930 1107 981 totam
1130 925 1309 982 vitam
1334 926 1567 982 obnoxii
1590 931 1759 982 erant

104 1016 423 1076 servituri?
457 1038 486 1066 ι)
520 1014 677 1072 Servi
726 1015 1018 1087 siquidem
1069 1014 1308 1071 fuerunt
1354 1017 1581 1087 mortis,
1617 1016 1758 1087 quia

105 1112 350 1164 mortem
383 1105 695 1171 timebant,
726 1108 783 1160 et
814 1105 1065 1160 necdum
1088 1108 1255 1160 erant
1279 1103 1455 1161 soluti
1485 1122 1519 1159 a
1547 1106 1757 1162 timore

106 1197 325 1265 mortis,
349 1195 527 1266 cujus
544 1194 775 1267 legibus
793 1193 1333 1250 tenebantur.Nunc
1352 1195 1547 1266 itaque
1568 1195 1754 1251 sancti

106 1286 370 1342 derident
390 1283 651 1356 eam,qui
673 1299 858 1356 agone
883 1285 1201 1353 transacto,
1217 1288 1273 1339 et
1292 1290 1481 1339 morte
1512 1285 1755 1351 devicta,

106 1375 172 1431 ad
202 1390 452 1445 regnum
503 1371 810 1428 transituri
870 1376 1027 1428 sunt.
1078 1372 1242 1427 Unde
1298 1377 1355 1427 et
1386 1372 1506 1444 ipse
1537 1373 1759 1428 Paulus

106 1463 219 1519 ait:
245 1486 273 1514 ‹‹
296 1462 484 1535 Cupio
506 1460 769 1531 dissolvi,
802 1465 859 1515 et
888 1476 1016 1516 esse
1045 1477 1179 1515 cum
1210 1460 1437 1517 Christo
1462 1462 1690 1534 (Philip.
1718 1478 1757 1533 ι,

104 1554 212 1623 23).
241 1574 269 1599 η

176 1664 203 1693 ‹‹
233 1640 552 1712 Nunquam
577 1638 734 1694 enim
758 1638 998 1711 angelos
1020 1639 1535 1711 apprehendit,sed
1559 1657 1758 1697 semen

106 1729 350 1786 Abrahae
378 1728 787 1801 apprehendit.
843 1730 1005 1783 Unde
1049 1729 1252 1783 debuit
1287 1746 1391 1800 per
1419 1730 1617 1784 omnia
1645 1731 1759 1785 fra-

108 1820 301 1875 tribus
314 1817 654 1874 assimilari.
683 1838 712 1867 ››
734 1818 951 1873 Idcirco
977 1834 1230 1889 namque
1252 1818 1604 1891 Redemptor
1626 1837 1761 1875 nos-

104 1914 215 1972 ter.
237 1924 359 1963 non
384 1906 655 1980 angelus,
678 1907 778 1963 sed
802 1906 978 1962 homo
1002 1908 1189 1963 factus
1220 1909 1474 1979 est,quia
1494 1909 1603 1964 hoc
1624 1927 1763 1981 pro-

106 1997 197 2052 cul
220 1995 405 2051 dubio
428 1996 551 2052 fieri
574 1996 796 2061 debuit,
829 1996 984 2067 quod
1009 1997 1275 2063 redemit,
1307 2001 1371 2052 ut
1389 2001 1442 2052 et
1465 2000 1760 2069 perditum

107 2084 385 2158 angelum
410 2101 526 2140 non
552 2084 1044 2158 apprehendendo
1067 2086 1443 2151 desereret,et
1463 2087 1764 2145 hominem

101 2176 162 2230 in
178 2174 501 2246 semetipso
514 2173 1007 2246 apprehendendo
1021 2175 1591 2246 repararet.Multam
1606 2178 1761 2233 enim

104 2263 207 2319 Dei
235 2262 704 2319 misericordiam
726 2261 924 2319 volens
945 2262 1259 2334 Apostolus
1282 2263 1689 2321 demonstrare
1708 2270 1768 2321 et

104 2351 478 2419 eharitatem,
511 2368 691 2423 quam
742 2351 896 2407 circa
942 2367 1128 2423 genus
1176 2352 1506 2408 humanum
1538 2354 1766 2425 habuit,

104 2446 424 2514 postquam
447 2439 631 2495 dixit:
661 2461 689 2490 «
711 2439 998 2503 Quoniam
1019 2456 1156 2513 ergo
1176 2440 1343 2513 pueri
1364 2443 1769 2501 communica—

106 2534 324 2587 verunt
352 2530 516 2585 carni
548 2533 607 2585 et
635 2529 994 2603 sanguini,et
1016 2529 1138 2601 ipse
1160 2529 1436 2586 similiter
1455 2532 1767 2606 participa-

103 2621 191 2676 vit
220 2619 483 2676 eisdem:
519 2644 542 2671 ι
571 2618 911 2691 exsequitur
930 2619 1188 2691 amplius
1207 2620 1363 2676 hunc
1385 2636 1767 2693 sensum,un-

110 2710 185 2765 de
215 2707 599 2781 participaret
629 2723 863 2763 carnem
896 2711 953 2763 et
982 2708 1353 2780 sanguinem,
1396 2713 1454 2764 et
1483 2711 1565 2766 ait
1595 2727 1607 2766 :
1643 2712 1768 2769 Non

110 2798 271 2854 enim
300 2813 666 2869 quemquam
711 2795 1051 2868 angelorum
1104 2797 1508 2869 apprehendit,
1560 2804 1624 2855 ut
1653 2818 1772 2855 una

110 2903 369 2959 persona
398 2885 502 2941 Dei
542 2884 723 2939 Filius
772 2888 994 2939 natura:
1042 2900 1243 2939 eorum
1293 2886 1767 2957 eonjungeretur,

108 2977 212 3031 sed
243 2975 405 3030 hunc
453 2974 733 3029 honorem
781 2977 839 3028 et
895 2972 1045 3029 hanc
1092 2973 1437 3045 dignitatem
1500 2975 1769 3031 humanae

106 3070 335 3121 naturae
384 3063 562 3129 Deus,
613 3062 716 3118 Dei
775 3061 980 3130 Filius,
1040 3063 1327 3133 attribuit,
1387 3068 1451 3119 ut
1504 3068 1655 3121 Deus
1714 3071 1771 3121 et

107 3156 293 3211 homo
323 3169 447 3209 una
502 3155 660 3209 esset
707 3167 977 3224 persona.
1037 3152 1224 3215 Quare
1279 3169 1396 3208 non
1436 3153 1602 3220 dixit,
1637 3172 1767 3210 sus-

108 3243 316 3317 cepit?
374 3241 608 3298 Scilicet
681 3241 795 3297 isto
849 3242 1025 3297 verbo
1100 3258 1245 3297 usus
1315 3246 1423 3308 est,
1485 3242 1594 3298 hoc
1652 3248 1763 3312 est,

1867 660 2237 728 miserabilis,
2268 666 2324 717 et
2346 666 2463 717 tam
2489 662 3039 734 gloriosus,tantum
3065 670 3275 720 nostra:
3308 665 3519 723 salutis

1864 766 2066 805 curam
2100 751 2304 805 habuit
2336 755 2399 806 ut
2428 751 2605 807 frater
2635 756 2834 807 noster
2864 754 2923 809 in
2956 754 3233 811 omnibus
3264 755 3447 826 fieret,
3463 760 3520 811 et

1866 843 2099 910 propter
2120 839 2230 894 hoc
2247 839 2486 911 angelos
2505 841 2939 911 quodammodo
2964 842 3220 915 reliquit,
3257 843 3519 917 aliasque

1865 928 2142 982 cmlorum
2174 928 2440 994 virtutes,
2501 935 2568 984 ut
2598 947 2703 984 nos
2753 931 3235 1001 apprehenderat,
3267 938 3325 989 et
3354 950 3516 989 ovem

1866 1018 2175 1087 perditam,
2210 1019 2481 1088 passione
2513 1019 2957 1090 suainventam,
2981 1020 3245 1076 humeris
3276 1021 3518 1094 imposi-

1864 1110 1985 1160 tam
2019 1098 2339 1177 reportaret
2364 1108 2433 1161 ad
2458 1107 2752 1162 cmlestem
2781 1107 3031 1179 patriam
3066 1111 3217 1181 (Luc.
3250 1128 3340 1178 xv,
3366 1112 3418 1180 4,
3440 1111 3517 1182 5).

1866 1194 1969 1249 Hic
2000 1211 2132 1250 vero
2162 1199 2385 1263 tantus,
2416 1200 2473 1250 et
2504 1195 2637 1251 talis
2660 1197 2933 1252 sacerdos
2958 1201 3155 1253 noster
3184 1198 3307 1253 fieri
3337 1199 3522 1255 voluit

1867 1283 2021 1353 apud
2058 1284 2309 1351 Patrem,
2344 1284 2599 1355 seipsum
2635 1285 2883 1341 offerens
2907 1303 3011 1359 pro
3045 1287 3233 1342 nobis.
3268 1288 3523 1344 Proinde

1868 1376 2106 1427 secutus
2139 1376 2195 1426 et
2225 1372 2434 1449 infert:
2470 1373 2542 1427 Ut
2573 1395 2600 1422 ‹‹
2648 1373 2981 1430 misericors
3016 1375 3196 1443 fieret,
3230 1381 3287 1431 et
3329 1377 3522 1433 ﬁdelis

1868 1462 2128 1532 pontifex
2154 1478 2187 1517 a
2220 1467 2349 1528 Deo,
2407 1466 2470 1516 ut
2518 1461 2923 1533 repropitiaret
2977 1462 3189 1519 delicta
3233 1464 3454 1536 populi.
3491 1487 3522 1516 »

1868 1554 2110 1621 Propter
2138 1550 2268 1620 hoc,
2322 1550 2534 1621 inquit,
2594 1568 2829 1606 carnem
2880 1552 3204 1623 assumpsit
3232 1559 3521 1625 nostram,

1869 1643 2105 1711 propter
2120 1639 2578 1695 misericordiam
2599 1639 2879 1703 solam,ut
2892 1658 2994 1711 pro
3010 1644 3225 1697 nostris
3248 1644 3523 1715 interpel-

1871 1728 2015 1783 laret
2045 1729 2315 1799 peccatis.
2343 1729 2466 1783 Non
2498 1733 2587 1784 est
2612 1729 2765 1784 enim
2793 1730 2981 1801 magis
3008 1730 3187 1787 totius
3210 1731 3389 1803 hujus
3412 1734 3523 1788 mi-

1871 1817 2056 1871 randa
2088 1817 2549 1887 dispensationis
2600 1834 2777 1872 causa
2808 1833 2988 1888 quam
3034 1819 3157 1874 haec
3190 1820 3333 1876 sola.
3367 1821 3528 1875 Vidit

1872 1906 2089 1977 quippe
2119 1905 2447 1960 humanum
2480 1907 2748 1977 genusin
2773 1906 2871 1960 irae
2892 1906 3297 1978 fumojacens,
3328 1926 3529 1981 pecca-

1874 2000 2063 2050 torum
2083 1993 2330 2049 vinculis
2351 1994 2797 2065 ligatum,morti
2812 1995 3124 2051 obnoxium
3139 1999 3524 2068 ,tyrannidem

1875 2083 2124 2156 patiens,
2156 2087 2213 2139 et
2244 2084 2524 2139 misertus
2554 2090 2641 2139 est
2668 2086 2817 2155 ejus,
2850 2085 3002 2140 sicut
3032 2085 3223 2142 fidelis
3245 2090 3522 2157 pontifex.

1872 2173 1997 2228 Non
2030 2172 2229 2244 itaque
2260 2171 2373 2227 alia
2406 2173 2516 2227 fuit
2545 2189 2724 2228 causa
2766 2173 2852 2227 illi
2884 2190 2986 2245 per
3017 2174 3214 2230 omnia
3246 2176 3526 2235 fratribus

1874 2260 2334 2329 assimilari,nisi
2366 2266 2434 2316 ut
2464 2261 2655 2317 ﬁdelis
2686 2261 2941 2333 pontifex
2960 2268 3137 2331 esset,
3176 2284 3202 2317 α
3232 2265 3469 2334 Fidelis,
3496 2289 3525 2317 »

1876 2350 2036 2417 dicit,
2067 2350 2176 2405 hoc
2206 2355 2316 2418 est,
2345 2367 2515 2405 verus
2546 2354 2603 2406 et
2633 2355 2859 2422 potens.
2885 2351 3275 2408 Ministerium
3308 2355 3526 2427 quippe

1877 2440 2199 2495 sacerdotis
2228 2445 2318 2495 est
2347 2439 2576 2495 ﬁdelem
2618 2456 2745 2495 esse
2791 2444 2856 2494 ut
2886 2440 3070 2511 possit
3119 2458 3240 2513 eos,
3272 2459 3527 2514 quorum

1877 2532 1965 2584 est
1994 2529 2284 2596 sacerdos,
2320 2528 2567 2585 liberare
2600 2545 2634 2583 a
2665 2528 2937 2600 peccatis.

1949 2617 2200 2673 Proinde
2231 2618 2301 2673 de
2329 2618 2457 2688 ejus
2508 2620 2767 2689 potentia
2813 2618 3186 2692 subsecutus,
3219 2620 3525 2690 abjunxit:

1881 2731 1908 2758 ‹‹
1942 2709 2003 2762 In
2035 2723 2100 2762 eo
2133 2707 2313 2771 enim,
2374 2707 2432 2761 in
2488 2723 2602 2777 quo
2660 2724 2873 2778 passus
2920 2712 3010 2763 est
3067 2708 3213 2780 ipse,
3244 2713 3527 2780 tentatus,

1880 2801 2084 2868 potens
2118 2800 2207 2850 est
2236 2800 2293 2849 et
2321 2795 2405 2850 eis
2436 2796 2537 2865 qui
2567 2799 2827 2850 tentatur
2876 2796 3164 2852 auxiliari.
3196 2820 3222 2847 ››
3257 2799 3317 2854 In
3349 2816 3437 2867 eo,
3470 2801 3527 2855 id

1885 2890 1993 2951 est,
2026 2884 2284 2951 homine,
2319 2885 2373 2939 in
2407 2901 2523 2955 quo
2554 2902 2767 2954 passus
2796 2889 2904 2951 est,
2937 2890 3145 2958 potens
3190 2893 3279 2943 est
3307 2888 3532 2945 vinctos

1884 2976 2151 3043 liberare,
2183 2977 2553 3045 tentatosque
2584 2975 2860 3051 adjuvare
2908 2992 2978 3029 ne
3015 2976 3356 3031 vincantur:
3394 2979 3533 3048 quia

1884 3063 2233 3120 tentationes
2266 3068 2496 3117 nostras
2519 3079 2631 3117 non
2665 3062 2855 3118 solum
2878 3063 3031 3118 sicut
3058 3064 3214 3120 Deus
3242 3066 3526 3133 novit,sed

1885 3153 2061 3210 etiam
2093 3152 2247 3207 sicut
2277 3150 2452 3207 homo
2481 3150 2541 3205 in
2573 3151 2766 3223 seipso
2797 3168 2898 3222 per
2936 3153 3400 3225 experimentum
3431 3172 3527 3211 co-

1884 3242 2103 3314 gnovit.
2133 3242 2203 3295 Et
2230 3239 2364 3295 licet
2405 3245 2557 3295 Deus
2600 3240 2660 3295 in
2719 3258 2829 3297 sua
2875 3245 3091 3298 natura
3119 3242 3535 3316 impassibilis,

106 3311 528 3408 apprehendit,
589 3330 729 3403 quia
785 3347 894 3386 nos
949 3331 1118 3403 quasi
1166 3332 1500 3388 recedentes
1553 3333 1624 3389 ab
1678 3311 1766 3402 eo,
1801 3311 1844 3379 (ἶ
1882 3311 2077 3387 tamen
2126 3330 2186 3384 in
2241 3332 2457 3398 nostra,
2511 3345 2688 3401 quam
2742 3331 3088 3403 assumpsit,
3142 3311 3299 3389 idem
3344 3311 3527 3389 Filius

101 3428 160 3480 et
192 3423 373 3495 longe
401 3420 715 3494 fugientes,
745 3435 984 3477 eramus
1006 3419 1175 3493 longe
1200 3438 1213 3488 ;
1246 3420 1549 3477 insecutus
1573 3439 1774 3495 appre-

102 3513 341 3580 hendit,
370 3514 429 3567 et
455 3510 517 3567 in
541 3526 720 3566 unam
744 3526 1056 3581 personam
1080 3514 1291 3566 nostra;
1314 3510 1649 3584 fragilitatis
1667 3529 1772 3567 na-

104 3608 315 3659 turam
346 3599 461 3657 sibi
513 3600 992 3671 eontemperavit.
1043 3598 1191 3655 Mira
1236 3600 1590 3672 conjunctio,
1630 3602 1772 3656 dum

106 3697 334 3748 aeterno
367 3694 427 3746 et
455 3687 776 3745 immortali
809 3687 1074 3744 mortalis
1101 3689 1396 3745 adunatus
1423 3688 1548 3746 est!
1583 3691 1776 3755 Quan-

113 3786 245 3838 tum
276 3777 642 3836 festinaverit
661 3777 816 3833 circa
836 3780 1111 3834 naturam
1133 3778 1738 3848 humanam,ostendit
1762 3800 1775 3838 :

110 3876 171 3927 et
202 3868 491 3943 quoniam
513 3866 704 3923 multa
724 3883 865 3923 cura
884 3871 974 3922 est
1001 3872 1113 3923 Deo
1140 3868 1210 3923 de
1231 3866 1354 3935 illa,
1378 3868 1461 3923 sic
1481 3869 1657 3925 etiam
1682 3869 1779 3926 hic

111 3959 308 4015 multo
335 3957 594 4029 amplius
610 3956 879 4028 est,quod
908 3956 1073 4029 ponit
1101 3972 1169 4012 ex
1191 3958 1779 4029 comparatione.Non

110 4048 277 4105 enim
310 4047 657 4120 angelorum
681 4062 1040 4118 quemquam
1064 4045 1472 4118 apprehendit,
1497 4052 1553 4102 et
1583 4063 1781 4103 revera

108 4153 407 4211 magnum
419 4140 476 4192 et
494 4134 828 4191 mirarabile
846 4139 902 4189 et
917 4140 1155 4206 stupore
1170 4134 1410 4206 plenum
1429 4142 1778 4205 est,carnem

107 4232 385 4284 nostram
418 4239 658 4281 sursum
707 4224 930 4288 sedere,
966 4227 1023 4279 et
1070 4223 1301 4278 adorari
1339 4225 1411 4280 ab
1443 4225 1690 4298 angelis,
1723 4229 1782 4280 et

107 4313 516 4388 archangelis,
550 4317 607 4369 et
654 4312 981 4382 cherubim,
1033 4316 1090 4368 et
1137 4313 1456 4384 seraphim.
1489 4317 1611 4370 Hoc
1643 4330 1781 4387 ergo

107 4406 340 4479 saepius
356 4404 420 4460 in
438 4407 634 4460 mente
652 4402 1006 4459 versandum
1026 4406 1080 4457 et
1097 4402 1462 4458 laudandum
1479 4408 1571 4460 est
1591 4404 1778 4460 valde.

107 4494 268 4563 Quia
299 4508 423 4548 non
452 4490 619 4559 dixit,
651 4490 947 4557 homines,
980 4490 1347 4563 simpliciter,
1373 4492 1779 4564 apprehendit,

109 4585 217 4641 sed
255 4605 287 4634 «
312 4597 517 4639 semen
537 4579 809 4649 Abrahaa,
832 4601 861 4629 »
884 4584 942 4635 et
970 4579 1221 4635 honorat
1243 4579 1337 4635 hic
1364 4581 1781 4653 patriarcham,

1881 3419 2181 3492 passibilis
2210 3418 2339 3486 fuit,
2374 3422 2549 3490 atque
2580 3426 2792 3474 nostra;
2824 3423 3044 3475 naturae
3074 3421 3423 3478 consimilis.
3466 3424 3534 3478 In

1883 3526 1951 3566 ea
1979 3524 2113 3563 vero
2144 3525 2335 3574 carne,
2386 3524 2564 3579 quam
2607 3508 2881 3579 suscepit,
2933 3509 3118 3565 multa
3149 3527 3297 3566 ssava
3322 3527 3537 3583 passus

1886 3603 1992 3655 est.
2026 3597 2197 3653 Novit
2218 3596 2358 3667 quid
2382 3596 2457 3651 sit
2486 3596 2973 3665 tribulatio,novit
2989 3598 3130 3670 quid
3155 3600 3231 3655 sit
3251 3600 3495 3655 tentatio
3520 3617 3535 3668 ;

1887 3689 1986 3745 sed
2023 3704 2123 3760 per
2153 3686 2497 3759 patientiam
2527 3686 2682 3743 vicit.
2712 3687 2840 3759 Ipse
2870 3703 3002 3743 vero
3024 3692 3287 3745 tentatus
3316 3689 3535 3754 est,sed

1889 3794 2005 3834 non
2033 3780 2366 3848 superatus.
2399 3775 2547 3842 Quid
2599 3792 2738 3848 ergo
2787 3780 2877 3832 est
2923 3778 3078 3848 quod
3111 3778 3289 3834 dicit:
3323 3779 3540 3835 Potens

1889 3883 2010 3929 eos,
2043 3865 2141 3936 qui
2174 3868 2454 3930 tentatur,
2507 3865 2784 3935 adjuvare
2829 3865 3160 3938 ‘ITa‘nquam
3194 3866 3244 3923 si
3274 3867 3492 3923 diceret
3523 3883 3537 3922 :

1890 3958 2035 4012 Cum
2067 3953 2253 4008 multa
2280 3953 2580 4009 alacritate
2612 3954 2909 4025 protendit
2939 3971 3180 4010 manum
3204 3956 3276 4010 ad
3309 3971 3544 4027 compa-

1888 4044 2178 4099 tiendum.

1961 4133 2119 4205 (CAP.
2154 4132 2277 4203 IlI.)
2316 4153 2343 4180 «
2377 4130 2561 4197 Unde,
2598 4132 2803 4186 fratres
2836 4133 3047 4200 sancti,
3080 4132 3397 4189 vocationis
3429 4150 3543 4189 cte-

1891 4222 2054 4279 lestis
2104 4219 2438 4294 participes,
2477 4220 2843 4276 considerate
2869 4221 3238 4295 Apostolum,
3265 4226 3322 4277 et
3343 4222 3541 4277 Ponti-

1893 4314 2059 4367 ﬁcem
2092 4309 2477 4366 confessionis
2504 4314 2713 4366 nostrae
2735 4310 2959 4366 Jesum.
2997 4334 3024 4361 »
3049 4311 3253 4367 Adhuc
3275 4310 3450 4366 etiam
3471 4310 3544 4366 de

1892 4400 2314 4457 incarnationis
2343 4398 2557 4455 Christi
2590 4398 2855 4470 loquitur
2880 4400 3176 4472 mysterio.
3222 4400 3368 4455 Nam
3399 4402 3456 4455 et
3484 4399 3546 4455 in

1893 4488 2203 4561 Evangelio
2233 4488 2359 4559 ipse
2380 4492 2631 4543 testatur
2652 4504 2713 4544 se
2739 4487 2993 4544 missum
3019 4504 3136 4544 non
3160 4504 3308 4553 esse,
3334 4487 3449 4544 nisi
3472 4487 3546 4543 ad

1893 4595 2029 4635 oves
2063 4577 2321 4651 perditas
2369 4577 2582 4632 domus
2632 4575 2809 4632 Israel
2859 4578 3080 4647 (Matth.
3122 4594 3216 4649 xv,
3244 4578 3359 4649 24).
3393 4578 3549 4649 Apo-

111 4679 300 4745 atque
333 4688 437 4727 eos
468 4669 572 4742 qui
630 4670 701 4725 de
750 4670 879 4741 ejus
916 4674 1057 4725 sunt
1101 4684 1331 4741 genere,
1383 4670 1456 4725 ad
1484 4687 1632 4743 quos
1663 4670 1784 4728 haec
1818 4684 1864 4749 ι)
1897 4668 2083 4725 stolus
2113 4666 2294 4739 igitur
2324 4664 2625 4731 Hebraice,
2678 4666 2881 4722 Latine
2932 4667 3149 4723 dicitur
3189 4668 3412 4722 missus.
3445 4668 3548 4721 Co-

111 4760 392 4835 Epistola
413 4760 637 4832 scripta
655 4763 764 4815 est.
788 4758 1222 4815 Commemorat
1242 4759 1313 4814 de
1334 4759 1632 4816 beneficiis
1661 4761 1787 4829 Dei,

111 4858 171 4907 et
203 4853 282 4908 de
312 4851 710 4923 propinquate
755 4847 975 4904 carnali
1005 4848 1077 4902 ad
1109 4847 1431 4915 Christum,
1464 4854 1522 4905 et
1552 4851 1624 4906 de
1654 4866 1787 4922 pro-

111 4942 432 5007 missione,
466 4956 595 5012 qua:
627 4938 785 4995 dicta
805 4942 896 4993 est
924 4938 995 4992 ad
1020 4936 1316 4993 Abraham
1342 4955 1355 4996 :
1390 4960 1418 4987 ‹‹
1453 4938 1584 4994 Tibi
1615 4944 1673 4995 et
1701 4957 1787 4996 se-

112 5030 268 5087 mini
301 5035 411 5085 tuo
460 5029 614 5084 dabo
646 5032 866 5084 terram
923 5026 1075 5081 hanc
1124 5025 1275 5097 (Gen.
1307 5044 1409 5095 xu,
1466 5028 1544 5099 7).
1577 5048 1605 5077 η
1639 5029 1786 5093 Quia

111 5138 184 5176 ex
217 5137 342 5176 uno
375 5134 610 5181 omnes,
642 5118 701 5172 id
734 5120 843 5185 est,
867 5132 938 5171 ex
967 5115 1263 5171 Abraham
1288 5115 1555 5172 Christus
1587 5133 1791 5172 secun-

110 5210 260 5265 dum
295 5223 564 5275 carnem,
598 5210 656 5262 et
686 5205 791 5283 illi,
826 5206 894 5260 ad
931 5220 1083 5276 quos
1108 5204 1229 5258 hac
1262 5204 1542 5276 loquitur.

189 5320 219 5350 α
252 5299 425 5355 Unde
456 5296 666 5353 debuit
696 5311 799 5366 per
829 5293 1029 5349 omnia
1078 5293 1356 5349 fratribus
1389 5295 1725 5350 assimilari.
1759 5313 1787 5346 υ

111 5388 266 5457 Quid
299 5394 415 5456 est,
452 5408 481 5437 ‹‹
515 5402 623 5459 per
650 5383 852 5440 omnia
878 5405 906 5434 »
938 5383 1122 5438 Natus
1154 5387 1260 5449 est,
1284 5383 1790 5451 educatus.crevit,

110 5495 337 5551 passus
365 5482 460 5535 est
490 5476 698 5546 etiam,
722 5478 781 5529 et
803 5476 1094 5536 mortuus,
1129 5476 1196 5526 ut
1226 5487 1328 5542 per
1353 5472 1552 5527 omnia
1583 5472 1795 5529 similis

111 5572 277 5625 esset
308 5566 625 5636 fratribus,
678 5563 781 5634 qui
812 5559 1158 5633 hujusmodi
1197 5559 1517 5616 conditioni
1549 5562 1796 5631 subjecti

115 5663 281 5729 sunt,
315 5655 610 5733 superius
640 5652 800 5710 enim
832 5651 975 5708 dicit
1003 5649 1377 5724 splendorem
1409 5666 1546 5706 eum
1576 5650 1798 5722 glorias,

118 5750 178 5809 et
203 5754 472 5831 paternae
507 5741 867 5805 substantia
915 5740 1188 5816 ﬁguram,
1236 5754 1339 5815 per
1381 5754 1557 5814 quem
1587 5738 1801 5802 saecula

1895 4756 2155 4830 gnoscite
2187 4755 2327 4826 quid
2361 4758 2451 4810 est
2480 4757 2653 4810 Jesus
2680 4760 2737 4810 et
2769 4754 2979 4827 qualis,
3020 4762 3075 4810 et
3106 4771 3220 4810 non
3252 4753 3552 4810 habebitis
3636 4794 3648 4806 .

1899 4864 2047 4919 opus
2075 4844 2470 4901 consolatione
2519 4844 2654 4912 alia,
2708 4860 2897 4915 neque
2945 4843 3171 4900 solatio.
3209 4842 3551 4900 Pontiﬁcem

1900 4953 2034 4991 eum
2069 4934 2212 4989 dixit
2242 4932 2624 4989 confessionis
2675 4939 2911 5001 nostras,
2944 4934 3000 4988 id
3029 4937 3117 4989 est
3147 4932 3282 4988 fidei
3314 4936 3552 4999 nostrae,

1901 5026 1994 5083 cui
2026 5024 2136 5080 iste
2158 5023 2412 5096 populus
2448 5039 2633 5078 novus
2683 5027 2772 5078 est
2802 5022 3340 5091 eommissus,sicut
3367 5018 3555 5092 Moysi

1904 5115 2062 5188 prior
2091 5112 2346 5185 populus
2372 5112 2430 5167 in
2464 5112 2724 5183 regimen
2773 5113 2945 5167 datus
2977 5116 3082 5167 est.
3115 5110 3226 5165 Sed
3259 5109 3398 5164 huic
3429 5124 3554 5164 ma-

1896 5204 2051 5273 jora,
2084 5200 2169 5256 vel
2212 5201 2381 5272 longe
2426 5201 2667 5256 meliora
2697 5201 3014 5256 commissa
3045 5205 3203 5255 sunt.
3226 5197 3367 5253 Vult
3396 5196 3555 5253 enim

1905 5293 2112 5346 beatus
2129 5288 2345 5344 Paulus
2367 5288 2669 5359 apostolus
2682 5290 2901 5361 erigere
2915 5289 3144 5344 animos
3160 5286 3557 5343 Israelitarum

1906 5381 1975 5435 ad
1991 5376 2390 5434 excellentiam
2415 5378 2873 5447 promissionum
2897 5377 3093 5444 Dei,ut
3114 5377 3332 5432 intente
3353 5379 3562 5448 parent

1907 5485 1969 5525 se
2001 5468 2283 5537 accipere,
2316 5465 2472 5536 quod
2504 5470 2659 5521 Deus
2710 5466 2960 5538 benigne
3003 5465 3120 5520 illis
3169 5463 3440 5538 promisit
3469 5463 3559 5519 af-

1909 5559 2076 5623 ferre,
2110 5552 2425 5608 nominans
2456 5569 2554 5608 eos
2604 5554 2814 5609 fratres
2844 5554 3246 5621 charissimos,
3281 5552 3352 5607 ad
3383 5550 3560 5608 cmle-

1909 5644 2025 5701 stia
2061 5645 2323 5708 vocatos,
2372 5640 2687 5714 participes
2736 5657 2871 5699 cum
2914 5642 3146 5699 Christo
3201 5640 3560 5697 hereditatis

1908 5733 2033 5808 Dei,
2074 5752 2102 5790 α
2130 5730 2232 5809 qui
2257 5729 2448 5790 ﬁdelis
2478 5735 2568 5789 est
2613 5732 2687 5806 ei,
2723 5750 2748 5785 ι
2783 5731 2844 5793 id
2898 5734 3008 5803 est,
3040 5735 3155 5790 Deo
3185 5728 3360 5805 Patri,
3392 5749 3424 5785 ς(
3456 5727 3559 5809 qui
