3898 6404
357 408 477 467 ’743

360 539 497 595 fecit
526 554 681 595 eum.
710 559 737 585 »
761 537 836 592 De
864 534 1231 591 humanitate
1256 534 1398 590 dicit
1418 534 1674 606 ejus,qui
1703 535 1891 592 factus
1916 536 2006 589 est
2032 536 2089 601 Α

361 645 432 684 ex
464 628 686 683 semine
719 625 897 681 David
930 624 1254 680 secundum
1278 640 1533 694 carnem,
1557 641 1672 678 non
1705 625 1776 678 de
1806 624 2010 677 divini-

360 722 498 785 tate,
532 734 658 787 quae
690 716 843 771 facta
874 731 991 770 non
1039 718 1146 781 est,
1195 714 1295 768 sed
1344 712 1541 785 genita
1570 730 1604 768 a
1635 713 1799 769 Patre
1831 713 2008 768 unius

360 804 707 865 substantiis
736 820 871 860 cum
904 819 991 859 eo.

435 960 464 990 ‹‹
495 939 658 995 Sicut
687 942 744 993 et
772 941 994 1007 Moyses
1023 934 1083 989 in
1115 933 1274 990 omni
1295 934 1469 990 domo
1499 934 1659 990 illius
1690 936 1871 1006 (Num.
1900 952 2004 1004 xu,

358 1029 435 1101 7).
472 1051 501 1078 ››
535 1026 953 1099 Praepositurus
981 1040 1114 1079 eum
1146 1024 1326 1096 Moysi
1347 1016 1674 1079 secundum
1706 1040 2006 1096 compara-

358 1118 578 1174 tionem
609 1115 669 1170 in
700 1113 825 1185 lege
855 1112 1186 1180 sacerdotii,
1212 1111 1368 1167 hunc
1399 1129 1729 1169 sermonem
1752 1112 2003 1183 induxit,

360 1221 629 1262 asserens
657 1219 792 1260 eum
824 1201 1057 1257 ﬁdelem
1088 1218 1216 1257 esse
1246 1201 1306 1256 in
1352 1202 1525 1258 domo
1557 1219 1685 1258 sua.
1722 1202 2003 1271 Fidelem,

356 1293 414 1349 id
439 1297 546 1360 est,
570 1292 864 1362 devotum,
886 1290 1299 1345 defendentem
1321 1307 1389 1346 ea
1412 1306 1539 1362 quae
1562 1294 1701 1347 sunt
1720 1291 1870 1361 ejus.
1889 1308 2006 1346 non

356 1380 794 1454 permittentem
825 1378 1159 1450 corrumpi;
1193 1395 1320 1451 quae
1374 1380 1585 1435 domus
1633 1397 1742 1435 nos
1774 1396 2004 1444 sumus,

357 1471 510 1527 sicut
539 1470 596 1525 in
629 1469 1018 1542 sequentibus
1049 1468 1192 1522 dicit
1216 1486 1230 1535 ;
1255 1468 1408 1524 sicut
1430 1468 1655 1541 Moyses
1687 1468 1876 1523 fidelis
1899 1468 2008 1523 fuit

355 1560 415 1615 in
447 1560 621 1614 domo
650 1573 782 1624 sua,
814 1557 874 1612 id
906 1560 1014 1623 est,
1061 1557 1276 1629 populo
1330 1558 1540 1624 priore,
1573 1556 2005 1628 Confestimque

357 1652 662 1705 assecutus
693 1645 954 1701 ostendit
993 1645 1289 1716 quomodo
1322 1645 1534 1700 domus
1564 1644 1724 1700 illius
1754 1662 1881 1701 esse
1912 1648 2007 1701 de-

355 1738 621 1793 beamus.
657 1736 753 1789 Ait
772 1735 968 1790 enim:
1006 1755 1032 1783 ‹‹
1059 1734 1197 1797 Quae
1218 1734 1430 1789 domus
1462 1750 1671 1789 sumus
1702 1752 1829 1805 nos,
1865 1736 1911 1790 si
1939 1736 2003 1789 ti-

355 1825 589 1881 duciam
612 1828 670 1879 et
694 1823 938 1896 gloriam
965 1822 1087 1895 spei
1111 1839 1299 1894 usque
1325 1822 1396 1877 ad
1420 1824 1597 1878 finem
1620 1824 1851 1879 ﬁrmam
1872 1824 2006 1880 reti-

354 1930 638 1970 neamus:
677 1935 705 1961 »
736 1911 896 1985 quia,
928 1934 955 1960 »
1012 1911 1111 1982 qui
1144 1911 1593 1983 perseveraverit
1625 1929 1811 1983 usque
1841 1912 1897 1967 in
1934 1913 2006 1966 ﬁ-
2036 1915 2084 1980 Β

353 2018 511 2070 nem,
544 2002 641 2057 hic
671 2000 870 2057 salvus
893 2000 1001 2055 erit
1025 2003 1244 2069 (Matth.
1272 2017 1328 2071 ι,
1359 2001 1472 2068 22).
1505 2020 1530 2051 n
1572 2000 1822 2057 Domum
1845 2002 2002 2056 enim

353 2091 494 2147 dicit
523 2107 626 2164 pro
655 2090 769 2160 his,
802 2089 903 2162 qui
962 2090 1021 2145 in
1052 2090 1227 2145 domo
1281 2089 1583 2157 habitant;
1617 2090 1769 2145 sicut
1805 2090 2005 2146 Eccle-

353 2182 501 2237 siam
534 2180 694 2247 dicit,
729 2196 845 2235 non
878 2195 982 2250 pro
1013 2178 1332 2251 lapidibus,
1365 2179 1452 2234 vel
1484 2179 1873 2244 aediliciis,sed
1900 2197 2002 2251 pro

352 2269 574 2341 his,qui
606 2267 1576 2324 convocanturinecclesiaJntulit:
1607 2292 1632 2315 α
1666 2268 1766 2324 Dei
1789 2269 2002 2325 domus

352 2375 563 2414 sumus
606 2374 733 2428 nos,
762 2379 783 2405 »
819 2356 878 2411 id
910 2361 1019 2421 est,
1044 2358 1267 2411 factura
1314 2356 1438 2423 Dei,
1472 2358 1647 2412 creati
1681 2358 1738 2412 in
1773 2358 2001 2413 Christo

349 2447 514 2502 Jesu.
547 2446 670 2501 Huc
702 2462 890 2517 usque
939 2446 1435 2516 comparationem
1468 2446 1603 2501 fecit
1631 2448 1700 2501 de
1732 2447 1999 2502 incarna-

352 2536 512 2592 tione
542 2534 757 2591 Christi
785 2550 917 2589 cum
970 2534 1182 2606 Moyse.
1214 2534 1430 2589 Dehine
1456 2551 1517 2589 se
1538 2535 1609 2589 ad
1634 2534 1843 2590 altiora
1872 2537 2000 2606 ejus

354 2625 651 2681 narranda
682 2623 987 2691 convertit,
1019 2622 1259 2678 dicens:
1292 2622 1606 2695 Amplioris
1628 2623 1780 2678 enim
1806 2624 2000 2694 gloriae

348 2714 460 2771 iste
490 2730 605 2786 pris
627 2713 857 2784 Moyses
887 2710 1102 2782 dignus
1125 2710 1361 2766 habitus
1382 2715 1491 2780 est,
1516 2716 1735 2782 quanto
1764 2711 2003 2783 amplio-

351 2818 476 2857 rem
507 2802 790 2856 honorem
820 2800 999 2854 habet
1028 2800 1263 2863 domus,
1296 2800 1396 2870 qui
1430 2800 1735 2854 fabricavit
1762 2799 1945 2856 illam.
1968 2820 1996 2852 n

352 2892 476 2946 Non
508 2889 675 2955 dixit,
708 2893 926 2960 quanto
957 2888 1239 2959 majorem
1263 2888 1437 2943 habet
1458 2888 1737 2943 honorem
1762 2888 1833 2943 ab
1866 2906 2001 2960 ope-

353 2980 518 3034 ribus
566 2976 792 3044 artifex,
833 2978 934 3032 sed
990 2982 1209 3048 quanto
1257 2977 1489 3044 domus,
1539 2977 1639 3047 qui
1674 2977 2004 3032 construxit

353 3084 505 3124 eam.
539 3066 714 3121 Vides
747 3066 1028 3139 quoniam
1082 3082 1198 3121 non
1231 3066 1300 3121 de
1352 3065 1572 3138 templo
1604 3065 1765 3131 dicit,
1799 3067 1897 3120 sed
1931 3066 2001 3122 de

355 3156 513 3213 omni
545 3154 759 3228 populo
786 3175 802 3220 ς
836 3154 1024 3227 primo
1046 3154 1117 3211 de
1139 3153 1264 3222 illo,
1287 3171 1459 3227 quem
1482 3159 1702 3226 Moyses
1736 3156 1803 3210 de
1836 3159 2002 3227 [Egy-

349 3251 447 3318 pto
479 3245 697 3315 eduxit,
725 3248 783 3299 et
810 3243 1020 3298 deinde
1048 3243 1120 3298 de
1150 3260 1237 3309 eo,
1270 3259 1444 3315 quem
1477 3243 1744 3298 Christus
1774 3244 1845 3298 de
1870 3244 1995 3299 dia-

350 3334 541 3390 bolica
568 3332 836 3389 liberavit
855 3333 1155 3401 servitute,
1183 3332 1414 3403 sibique
1436 3332 1494 3387 in
1516 3332 1760 3388 domum
1791 3333 1995 3404 acqui-

348 3422 503 3479 sivit.

426 3576 447 3606 ι
483 3556 688 3613 Omnis
721 3572 975 3627 namque
1023 3557 1235 3611 domus
1287 3555 1607 3611 fabricatur
1654 3556 1725 3611 ab
1754 3555 1993 3627 aliquo;

347 3647 448 3719 qui
481 3649 677 3702 autem
710 3645 909 3701 omnia
936 3646 1168 3712 creavit,
1202 3645 1356 3701 Deus
1379 3648 1486 3699 est.
1521 3667 1550 3694 »
1584 3644 1682 3700 Hic
1716 3645 1993 3700 factorem

348 3753 382 3795 8.
395 3733 936 3798 facturadiscernit,
951 3733 1257 3803 utriusque
1272 3733 1485 3789 domus
1498 3737 1792 3788 auctorem
1808 3733 1992 3789 Deum

346 3839 476 3883 esse
506 3821 753 3894 intelligi
807 3820 1048 3877 volens:
1099 3822 1199 3877 sed
1230 3820 1400 3877 aliter
1430 3820 1612 3887 illius,
1645 3821 1737 3875 cui
1772 3825 1991 3893 Moyses

345 3910 573 3985 praefuit
598 3928 611 3980 ;
645 3910 816 3966 aliter
845 3909 1023 3979 illius,
1056 3910 1150 3965 cui
1179 3910 1447 3966 Christus
1477 3911 1595 3966 dux
1635 3927 1763 3966 esse
1794 3916 1849 3966 et
1879 3911 1990 3966 Do-

345 4000 545 4056 minus
562 3999 1097 4072 cognosciturJdeo
1121 4001 1470 4055 subsecutus
1483 3999 1595 4054 ait:
1628 4018 1650 4047 α
1675 4001 1744 4054 Et
1763 3999 1991 4071 Moyses

345 4088 587 4163 quidem
614 4087 804 4144 fidelis
833 4092 957 4143 erat
981 4088 1041 4143 in
1071 4093 1194 4143 tota
1223 4088 1399 4144 domo
1429 4090 1889 4159 ejus,tamquam
1914 4090 1993 4145 fa-

346 4175 565 4244 mulus,
594 4176 655 4231 in
687 4175 1095 4232 testimonium
1126 4192 1329 4231 eorum
1352 4192 1479 4248 qua:
1512 4176 1761 4232 dicenda
1788 4181 1994 4245 erant;

342 4265 611 4322 Christus
638 4281 773 4321 vero
821 4269 1106 4335 tanquam
1157 4264 1313 4320 ﬁlius
1352 4265 1413 4320 in
1470 4265 1643 4320 domo
1689 4282 1834 4330 sua;
1867 4282 1993 4335 quae

342 4355 555 4411 domus
577 4370 785 4410 sumus
809 4353 994 4420 nos,si
1018 4353 1292 4409 ﬁduciam
1316 4358 1373 4409 et
1391 4352 1638 4426 gloriam
1662 4354 1785 4426 spei
1809 4372 1995 4425 usque

341 4444 412 4499 ad
444 4444 619 4500 finem
654 4443 889 4499 firmam
933 4442 1315 4499 retineamus.
1352 4464 1381 4493 ››
1416 4444 1529 4499 Iste
1559 4449 1779 4512 autem,
1815 4444 1869 4498 id
1904 4448 1995 4500 est

338 4533 515 4589 Jesus
545 4532 603 4587 in
633 4538 909 4604 paternas
940 4548 1057 4603 res,
1108 4532 1260 4587 sicut
1307 4531 1466 4587 ﬁlius
1497 4533 1859 4604 ingreditur:
1896 4533 1994 4589 ille

1292 376 1297 379 ’
1380 401 1719 462 ATTONIS
1767 401 2351 463 VERCELLENSIS
2397 400 2750 461 EPISCOPI

3656 399 3784 457 744

2189 556 2217 583 ‹‹
2251 534 2627 605 Quapropter,
2656 532 2811 587 sicut
2836 530 2977 587 dicit
3001 528 3255 602 Spiritus
3285 532 3526 587 sanctus
3552 546 3565 586 :
3590 529 3777 586 hodie

2118 623 2166 677 si
2199 640 2395 678 vocem
2429 624 2558 693 ejus
2591 620 2915 687 audieritis,
2948 635 3019 674 ne
3052 618 3355 674 obduretis
3382 619 3558 674 corda
3577 624 3778 675 vestra

2118 714 2286 782 (Psal.
2324 729 2474 777 XCIV,
2506 713 2681 778 8-11).
2717 733 2746 761 ››
2779 710 3034 764 Locutus
3092 712 3181 763 est
3208 708 3417 763 beatus
3455 709 3782 780 Apostolus

2118 802 2189 857 de
2218 817 2320 872 spe
2350 800 2409 855 in
2444 799 2871 872 superioribus,
2936 796 3077 868 quia
3123 800 3350 867 oportet
3396 812 3502 853 nos
3533 812 3787 868 sperare

2117 907 2248 962 quae
2278 890 2473 947 futura
2504 893 2663 944 sunt.
2697 888 2842 959 Spes
2877 891 3076 942 autem
3116 902 3247 957 quas
3273 885 3503 941 videtur
3531 901 3652 942 non
3684 891 3785 943 est

2116 996 2273 1051 spes,
2295 978 2551 1034 Historia
2571 993 2727 1048 vero,
2758 992 2934 1048 quam
2960 975 3242 1046 Propheta
3271 974 3365 1030 hie
3394 981 3779 1045 rememorat,

2117 1068 2427 1123 notissima
2449 1071 2556 1123 est.
2582 1066 2727 1122 Cum
2750 1065 2908 1121 enim
2934 1064 3155 1137 egressi
3184 1067 3382 1121 essent
3403 1064 3679 1120 Israelita
3700 1066 3781 1121 de

2115 1161 2272 1213 terra
2300 1156 2525 1229 Egypti
2558 1157 2740 1226 (Num.
2772 1171 2885 1221 xxv,
2920 1154 3058 1225 1-4),
3082 1157 3140 1208 et
3162 1152 3408 1208 multam
3440 1153 3597 1213 viam
3631 1169 3780 1225 per-

2117 1245 2542 1311 ambulassent,
2573 1248 2630 1299 et
2660 1242 2846 1298 multa
2876 1241 3096 1297 indicia
3115 1241 3347 1297 virtutis
3377 1241 3479 1297 Dei
3510 1241 3778 1314 accepis-

2116 1338 2248 1390 sent
2268 1335 2324 1389 in
2346 1335 2609 1405 Aigypto,
2631 1332 2691 1387 in
2715 1331 2861 1387 mari
2887 1330 3107 1399 Rubro,
3126 1330 3185 1385 in
3208 1346 3422 1397 eremo,
3450 1330 3777 1388 consilium

2115 1424 2377 1478 fecerunt
2407 1422 2635 1476 mittere
2667 1418 3064 1491 speculatores
3096 1420 3279 1489 (Num.
3319 1436 3444 1489 xm,
3482 1420 3628 1490 1-4),
3664 1420 3781 1491 qui

2114 1512 2393 1566 deberent
2420 1510 2707 1580 inspicere
2732 1513 3002 1564 naturam
3024 1513 3186 1562 terrae
3209 1525 3335 1579 quae
3359 1508 3654 1579 promissa
3675 1513 3777 1564 est

2114 1600 2219 1655 eis.
2252 1599 2338 1655 Illi
2363 1616 2497 1654 vero
2522 1603 2828 1669 pergentes
2852 1596 3064 1652 reversi
3091 1602 3249 1667 sunt,
3271 1602 3487 1653 terram
3521 1598 3777 1669 quidem

2112 1688 2277 1743 valde
2311 1688 2613 1755 mirantes,
2642 1688 2929 1755 majorum
2982 1686 3282 1741 fructuum
3314 1686 3777 1757 procreatricem

2113 1794 2240 1833 esse
2288 1778 2565 1843 dicentes,
2626 1776 2726 1830 sed
2785 1776 3041 1829 virorum
3103 1774 3603 1847 inexpugabilium
3636 1792 3782 1832 esse

2114 1866 2274 1922 illam
2302 1865 2679 1938 provinciam,
2705 1868 2762 1919 et
2785 1863 3040 1918 fortium.
3067 1862 3344 1919 Israelita:
3369 1880 3501 1919 vero
3523 1864 3780 1936 ingrati,

2113 1959 2171 2010 et
2200 1954 2504 2020 insensati,
2538 1970 2683 2024 quos
2727 1953 3030 2024 oportebat
3060 1956 3124 2005 ut
3154 1953 3601 2008 recordarentur
3631 1957 3776 2008 tan-

2112 2048 2306 2100 torum
2338 2042 2437 2097 Dei
2468 2041 2905 2108 beneficiorum,
2930 2044 2986 2094 et
3006 2041 3297 2111 quomodo
3322 2057 3421 2096 eos
3452 2040 3777 2098 conclusos

2111 2133 2171 2187 in
2203 2132 2395 2187 medio
2428 2129 2572 2186 tanti
2595 2129 2880 2185 exercitus
2902 2129 3301 2201 Egyptiorum
3325 2128 3541 2199 eripuit
3562 2130 3638 2185 de
3670 2147 3774 2202 pe-

2112 2220 2334 2289 riculis,
2358 2226 2417 2275 et
2444 2220 2753 2273 ﬂuviorum
2782 2217 2971 2271 fontes
2999 2216 3125 2271 sine
3147 2217 3469 2272 defectione
3500 2218 3776 2284 donavit,

2111 2315 2164 2366 et
2198 2326 2415 2365 manna
2446 2307 2673 2374 tribuit,
2724 2310 2781 2361 et
2829 2305 2944 2360 alia
2989 2304 3293 2371 miracula,
3329 2321 3455 2376 qua:
3488 2311 3779 2377 operatus

2110 2407 2219 2469 est,
2251 2405 2308 2454 et
2338 2399 2634 2453 credimus
2662 2396 2867 2450 fecisse
2892 2400 3071 2449 Deum
3099 2411 3113 2449 :
3141 2394 3221 2447 illi
3246 2411 3351 2449 nec
3374 2395 3557 2450 Deum
3581 2398 3782 2451 credi-

2110 2490 2344 2553 derunt,
2378 2504 2482 2542 nec
2513 2486 2723 2541 horum
2752 2483 2973 2555 aliquid
3031 2484 3403 2539 rememorati
3453 2489 3629 2540 sunt:
3663 2487 3775 2541 sed

2109 2577 2321 2632 timore
2363 2577 2502 2633 sunt
2559 2572 2868 2646 perterriti,
2922 2571 3218 2628 dicentes:
3271 2572 3655 2629 Revertamur
3703 2576 3771 2631 in

2109 2667 2441 2738 1Egyptum.
2479 2669 2627 2719 Deus
2651 2663 2831 2733 igitur
2853 2663 3036 2715 iratus
3057 2662 3162 2729 eis,
3191 2662 3330 2731 quia
3350 2661 3434 2717 sic
3459 2663 3571 2718 cito
3591 2662 3771 2719 obliti

2111 2754 2347 2809 fuerunt
2368 2752 2782 2809 beneﬁciorum
2806 2751 2927 2821 Dei,
2952 2750 3490 2822 miraculorumque
3516 2752 3742 2823 ejus,ju
3759 2785 3777 2797 -

2110 2842 2257 2898 ravit
2271 2846 2334 2897 ut
2347 2859 2462 2897 non
2483 2842 2725 2895 intraret
2740 2839 3033 2911 generatio
3052 2838 3151 2893 illa
3166 2839 3223 2894 in
3238 2840 3496 2911 requiem
3512 2842 3776 2912 promis-

2111 2948 2237 2988 sam
2253 2930 2389 2987 olim
2411 2930 2708 3001 patribus;
2734 2933 2790 2983 et
2810 2929 2893 2983 sic
2917 2944 3120 2983 omnes
3139 2928 3439 2999 perierunt
3458 2929 3516 2985 in
3539 2946 3769 2997 eremo,

2111 3025 2321 3092 prater
2337 3020 2485 3074 duos
2504 3019 2914 3073 tantummodo
2934 3016 3201 3072 homines
3215 3018 3400 3089 (Num.
3414 3036 3539 3084 xm,
3559 3019 3769 3087 18-3a;

2108 3126 2223 3175 xw,
2251 3108 2434 3179 5-45).
2465 3109 2652 3173 Quare
2683 3123 2819 3178 ergo
2846 3105 3018 3161 David
3051 3105 3171 3160 haec
3198 3111 3399 3177 postea
3427 3107 3593 3177 dixit,
3630 3114 3777 3180 post

2109 3197 2546 3268 generationem
2565 3196 2799 3251 illorum
2817 3195 3093 3266 loquens:
3114 3215 3140 3246 α
3157 3195 3340 3251 Hodie
3352 3195 3609 3252 sivocem
3631 3199 3771 3268 ejus

2028 3278 2071 3345 C
2112 3286 2439 3352 audieritis,
2474 3301 2544 3340 ne
2576 3285 2880 3340 obduretis
2927 3284 3103 3339 corda
3132 3288 3343 3349 vestra,
3378 3306 3407 3333 »
3437 3301 3512 3341 ne
3540 3286 3773 3342 similia

2106 3375 2430 3447 patiamini,
2464 3373 2665 3445 qualia
2692 3372 3092 3446 progenitores
3122 3373 3316 3441 vestri,
3342 3390 3413 3429 ne
3444 3375 3765 3446 privemini

2107 3463 2305 3537 requie
2337 3463 2673 3535 promissa?
2702 3464 2847 3528 Quia
2875 3467 2963 3518 est
2984 3462 3252 3532 quaedam
3283 3462 3465 3534 (1398)
3496 3464 3764 3536 requies.

2106 3571 2243 3610 nam
2277 3554 2325 3608 si
2352 3554 2478 3623 jam
2513 3556 2856 3624 acceperant
2887 3552 3306 3623 requiem,quze
3337 3560 3462 3608 erat
3493 3554 3554 3609 in
3586 3553 3770 3610 Palae-

2107 3645 2281 3712 stina,
2312 3660 2487 3714 quare
2508 3642 2592 3699 eis
2614 3642 2824 3698 iterum
2850 3642 3024 3697 dicit:
3048 3658 3119 3696 ne
3141 3642 3440 3698 obduretis
3461 3644 3642 3700 corda
3660 3663 3767 3701 ve-

2108 3739 2250 3804 stra,
2284 3732 2436 3788 sicut
2468 3736 2660 3803 patres
2684 3732 2858 3787 vestri
2878 3732 2905 3786 ’ἲ
2928 3732 3059 3797 Quae
3082 3747 3218 3803 ergo
3242 3736 3334 3787 est
3354 3732 3469 3787 alia
3498 3735 3764 3805 requies.

2108 3823 2220 3877 nisi
2256 3838 2497 3893 regnum
2529 3819 2829 3888 caelorum,
2880 3821 3051 3891 cujus
3099 3820 3292 3892 imago
3324 3827 3383 3876 et
3426 3823 3641 3878 umbra
3670 3830 3769 3880 est

2110 3912 2433 3967 Sabbatum
2454 3911 2481 3964 Ἰ
2502 3911 2640 3965 Tres
2665 3910 2859 3981 itaque
2885 3909 3113 3980 requies
3130 3908 3444 3982 Apostolus
3467 3918 3766 3969 memorat

2106 4000 2166 4057 in
2193 4000 2302 4055 hac
2334 3998 2592 4072 Epistola
2620 4017 2633 4055 :
2687 4016 2865 4055 unam
2901 3998 3158 4069 Sabbati,
3205 4016 3321 4068 qua
3354 3999 3636 4055 Dominus
3666 4018 3762 4057 re-

2107 4090 2330 4162 quievit
2359 4090 2429 4144 ab
2462 4088 2737 4161 operibus
2769 4088 2934 4155 suis;
2982 4088 3300 4144 secundam
3331 4087 3390 4144 in
3424 4088 3761 4159 Palaestina,

2102 4178 2163 4234 in
2195 4195 2371 4251 quam
2402 4178 2654 4249 ingressi
2687 4176 2961 4233 Israelita:
2996 4168 3315 4248 requieturi
3347 4182 3513 4233 erant
3542 4195 3611 4233 ex
3644 4181 3762 4235 mi-

2104 4268 2258 4323 seria
2294 4266 2478 4322 multa
2523 4275 2577 4322 et
2634 4266 2975 4335 laboribus;
3026 4267 3281 4333 tertiam,
3335 4283 3466 4339 qua;
3496 4283 3633 4323 vera
3665 4276 3763 4325 est

2102 4357 2473 4428 requies,hoc
2504 4361 2613 4422 est,
2648 4371 2891 4425 regnum
2937 4354 3240 4422 cmlorum,
3290 4356 3446 4427 quod
3477 4357 3763 4429 superius

2093 4448 2220 4518 jam
2254 4446 2532 4501 diximus.
2565 4446 2651 4499 Ad
2684 4462 2859 4515 quam
2912 4462 3060 4516 quos
3088 4445 3387 4531 pervenire
3416 4446 3764 4517 contigerit,

2102 4552 2303 4590 revera
2324 4535 2689 4606 requiescent
2709 4553 2741 4589 a
2769 4534 3067 4591 laboribus
3088 4538 3145 4589 et
3164 4534 3583 4591 afflictionibus
3602 4537 3761 4608 suis,

340 4614 569 4689 autem,
587 4622 646 4676 id
677 4624 767 4677 est
794 4623 1041 4693 Moyses,
1094 4620 1249 4676 sicut
1292 4621 1549 4677 famulus
1597 4621 1693 4677 Dei
1722 4621 1783 4677 in
1815 4622 1989 4677 domo
2020 4646 2068 4713 D
2098 4625 2170 4681 de
2192 4641 2309 4696 qua
2331 4624 2616 4695 PrOpheta
2638 4622 2899 4694 loquitur
2913 4624 2985 4678 ad
3002 4640 3164 4678 veros
3187 4622 3759 4689 Israelitas,dicens:

340 4727 467 4768 sua.
504 4711 605 4765 Hic
631 4710 845 4765 iterum
877 4726 977 4766 eos
1008 4709 1277 4766 hortatur
1318 4715 1473 4766 stare
1506 4710 1751 4779 fortiter,
1784 4717 1841 4765 et
1871 4728 1988 4767 non

340 4800 566 4856 subrui.
599 4799 821 4855 Domus
848 4800 1065 4871 quippe
1088 4799 1187 4854 Dei
1209 4799 1507 4866 erimus,si
1532 4800 1810 4855 ﬁduciam
1842 4799 1986 4872 spei,

339 4893 397 4944 et
425 4888 674 4961 gloriam
697 4905 885 4960 usque
906 4888 964 4943 in
997 4888 1174 4944 finem
1199 4889 1430 4943 ﬁrmam
1455 4887 1989 4945 retineamus.Bene

341 4978 507 5045 dixit,
537 4977 815 5035 fiduciam
842 4976 968 5049 spei
1009 4982 1218 5032 nostra:
1248 4993 1262 5032 :
1297 4977 1576 5049 quoniam
1608 4979 1809 5033 omnia
1834 4978 1991 5035 bona

341 5068 561 5124 sanctis
592 5068 653 5124 in
682 5068 791 5123 hac
821 5068 939 5122 vita
968 5066 1027 5122 in
1060 5082 1163 5138 spe
1196 5073 1355 5143 sunt,
1406 5067 1590 5121 donec
1630 5067 1703 5122 ad
1734 5068 1987 5139 speciem

342 5155 680 5226 perveniant
709 5157 976 5227 perfecta:
1006 5154 1387 5211 beatitudinis
1412 5171 1425 5212 :
1459 5178 1487 5205 «
1513 5156 1626 5227 Spe
1655 5155 1809 5211 enim
1844 5156 1989 5212 salvi

342 5244 479 5325 facti
510 5261 717 5300 sumus
739 5245 914 5315 (Rom.
946 5262 1070 5312 vm,
1091 5245 1204 5315 24).
1240 5266 1269 5295 ››
1292 5249 1452 5299 Bona
1472 5245 1783 5316 enim,quae
1818 5246 1988 5303 nobis

341 5332 631 5403 promissa
645 5332 757 5389 nisi
781 5333 840 5388 in
861 5339 1047 5405 spe,et
1071 5333 1239 5389 illum
1261 5334 1546 5406 patienter
1562 5340 1985 5408 exspectantes,

344 5435 533 5491 usque
563 5421 634 5475 ad
667 5422 842 5477 ﬁnem
873 5424 1105 5479 ﬁrmam
1135 5440 1300 5495 spem
1321 5425 1681 5480 retineamus
1706 5426 1913 5496 (1397).

415 5541 1018 5631 QSQYjVerbahspern
1041 5548 1402 5631 retineamus,
1426 5566 1555 5631 quas
1576 5550 1634 5631 in
1666 5549 1793 5631 cod.
1828 5550 1986 5606 desi-

341 5614 645 5749 ἓέῗέιὲἓιιρ
697 5614 1025 5691 supplenda
1069 5634 1141 5678 ex
1194 5614 1617 5681 Ambrosiastri
1661 5626 1821 5680 textu
1851 5638 1984 5680 cen-

2099 4714 2280 4769 Hodie
2296 4714 2345 4768 si
2360 4729 2558 4769 vocem
2574 4714 2701 4783 ejus
2714 4711 3020 4768 audieritis
3035 4729 3105 4768 ne
3121 4712 3425 4768 obduretis
3437 4714 3617 4769 corda
3632 4731 3764 4771 ves-

2100 4807 2208 4858 tra.
2243 4802 2572 4874 Aliquando
2602 4801 2756 4865 enim
2783 4802 3095 4858 audierunt
3119 4806 3313 4874 patres
3342 4802 3521 4857 vestri
3549 4819 3758 4860 vocem

2099 4891 2258 4947 illius
2288 4909 2391 4963 per
2424 4892 2683 4963 Moysen,
2714 4894 2770 4945 et
2800 4891 3073 4946 obdurati
3105 4894 3263 4945 sunt.
3297 4891 3445 4961 Ergo
3476 4896 3619 4946 tunc
3653 4911 3764 4965 per

2097 4998 2421 5053 praeconem
2443 4981 2674 5036 loeutus
2691 4984 2940 5047 est,cum
2959 4980 3073 5035 Deo
3096 4980 3433 5035 obdurastis
3454 4981 3637 5035 corda
3656 4999 3760 5038 ve-

2099 5074 2238 5125 stra.
2265 5070 2369 5124 Per
2390 5086 2451 5125 se
2474 5080 2629 5123 nunc
2652 5068 2911 5140 loquitur
2933 5087 2946 5125 :
2979 5068 3323 5124 Mollescant
3343 5069 3520 5124 corda
3540 5075 3760 5127 vestra.

2098 5158 2205 5223 Qui
2236 5175 2530 5229 praecones
2561 5164 2696 5213 ante
2744 5158 3034 5223 mittebat,
3082 5157 3209 5228 ipse
3249 5158 3445 5214 venire
3475 5159 3761 5232 dignatus

2097 5252 2203 5304 est.
2240 5248 2349 5303 Ore
2381 5264 2486 5302 suo
2535 5247 2630 5302 hic
2680 5248 2957 5318 loquitur,
3012 5248 3113 5318 qui
3145 5247 3497 5318 loquebatur
3521 5266 3625 5321 per
3654 5267 3762 5306 ora

2097 5337 2535 5409 prophetarum.
2558 5336 2645 5390 Ad
2688 5338 2815 5407 ejus
2853 5352 3073 5402 vocem,
3108 5337 3207 5406 qui
3236 5353 3530 5408 praecones
3566 5338 3760 5404 misit,

2097 5429 2155 5481 et
2182 5441 2339 5481 nunc
2370 5442 2473 5496 per
2503 5441 2564 5480 se
2586 5424 2819 5493 clamat,
2844 5424 3021 5482 nolite
3044 5425 3314 5481 claudere
3335 5426 3513 5482 corda
3539 5436 3757 5485 vestra.

2167 5550 2353 5623 (1398)
2385 5549 2712 5605 Desiderari
2759 5532 3179 5623 videturalia,‘
3214 5554 3279 5605 ut
3308 5549 3578 5623 legatur:
3614 5554 3760 5621 Quia

2094 5625 2173 5704 est
2192 5622 2586 5704 quaedqmplia
2613 5623 2854 5696 requies,
2881 5622 3107 5681 scilicet
3129 5622 3449 5693 aeterna,et
3476 5623 3758 5700 caelestis,

2097 5698 2163 5756 ut
2191 5692 2345 5759 infra
2373 5692 2643 5757 habetur.
