3898 6418
142 441 248 500 749

694 441 1112 502 EXPOSITIO
1156 442 1234 502 IN
1283 440 1707 503 EPISTOLAS
1753 444 2011 506 PAULI.
2046 444 2230 503 -ΙΝ
2280 445 2527 506 EPIST.
2574 447 2678 507 AD
2724 448 2959 509 HEBR.
2996 400 3001 407 ἱ

3422 455 3543 514 750

140 569 337 627 Volens
362 570 564 642 itaque
592 585 692 626 eos
722 570 795 627 de
820 573 1248 627 resurrectione
1281 573 1590 638 instruere,
1621 578 1677 628 et
1706 574 1777 629 de
1806 584 1857 647 Α
1891 575 2520 646 num,quemjudicem
2545 577 2802 633 habituri
2822 580 3397 638 sumus.Timeamus
3413 585 3541 655 ejus

140 660 321 731 requie
374 660 756 731 sempiterna,
783 682 810 709 «
869 660 1061 727 hodie,
1092 685 1111 709 υ
1151 662 1472 732 saepissime
1521 663 1778 733 interpo-

139 748 267 813 suit,
298 754 357 803 ut
388 764 697 818 nunquam
740 750 1122 820 desperarent
1150 768 1212 805 se
1244 751 1584 815 intraturos,
1609 753 1780 823 quasi

140 839 338 892 diceret
367 856 384 891 :
416 837 474 892 Si
510 837 828 909 quisquam
864 838 1186 909 peccaverit
1218 856 1525 911 usquequo
1556 847 1643 895 est
1676 839 1777 894 ho-

140 926 245 995 die,
273 942 429 998 spem
462 925 677 981 habeat
723 926 1071 983 revertendi.
1104 928 1315 983 Nullus
1356 929 1538 1001 igitur
1566 929 1777 999 despe-

139 1019 237 1084 ret,
268 1031 569 1086 usquequo
599 1015 776 1069 vivat.

206 1103 469 1175 Sequitur
497 1119 547 1156 :«
581 1104 952 1159 Festinemus
983 1121 1118 1175 ergo
1153 1104 1378 1177 ingredi
1409 1106 1466 1161 in
1496 1106 1656 1162 illam
1690 1124 1779 1162 re-

138 1193 342 1264 quiem,
364 1197 429 1246 ut
461 1209 533 1246 ne
566 1192 622 1246 in
656 1192 913 1263 idipsum
939 1193 1072 1264 quis
1106 1195 1325 1248 incidat
1350 1194 1778 1251 incredulitatis

138 1280 510 1353 exemplum.»
526 1281 735 1352 Magna
753 1282 989 1351 quidem
1018 1299 1108 1336 res
1132 1286 1219 1337 est
1242 1284 1387 1338 fides
1408 1289 1464 1339 et
1480 1285 1775 1339 salutaris.

136 1371 262 1425 Sine
292 1369 391 1425 hac
423 1386 538 1424 non
573 1375 660 1424 est
690 1369 897 1425 salvari
946 1370 1227 1441 possibile
1280 1371 1479 1443 alicui,
1512 1372 1665 1428 sicut
1694 1373 1779 1427 di-

137 1464 286 1515 ctum
316 1463 400 1513 est
426 1474 438 1514 :
463 1459 604 1531 quia
626 1481 655 1508 «
688 1459 815 1515 sine
857 1458 970 1514 ﬁde
1018 1458 1385 1530 impossibile
1434 1466 1522 1515 est
1550 1461 1778 1532 placere

134 1548 243 1603 Deo
279 1548 458 1618 (Hebr.
494 1564 576 1613 x1,
616 1547 727 1616 6).»
763 1546 1015 1603 Proinde
1043 1548 1219 1603 etiam
1254 1547 1468 1604 Paulus
1500 1552 1779 1604 admonet

134 1654 228 1692 eos
249 1637 343 1707 qui
363 1636 421 1691 in
444 1636 845 1707 dignationem
872 1637 1287 1706 mysteriorum
1309 1638 1531 1709 suscipi
1555 1654 1777 1694 merue-

132 1725 479 1795 runt(lli()5),
502 1724 704 1779 dicens
730 1742 776 1778 ιιι
806 1725 1174 1779 Festinamus
1206 1726 1429 1797 ingredi
1465 1726 1525 1780 in
1552 1726 1768 1781 illam»

134 1814 509 1878 Festinamus,
534 1811 747 1883 inquit,
775 1814 1053 1883 quoniam
1078 1830 1196 1867 non
1222 1813 1441 1868 sufﬁcit
1466 1815 1643 1882 ﬁdes;
1673 1816 1774 1870 sed

131 1903 298 1957 debet
316 1902 447 1957 addi
469 1906 526 1957 et
542 1901 661 1956 vita
683 1901 815 1956 fidei
834 1902 1209 1973 condigna,et
1230 1903 1482 1958 multum
1507 1903 1771 1958 studium

129 1992 299 2047 debet
335 1990 622 2061 adhiberi,
655 2007 726 2045 ne
758 1990 903 2045 fides
935 1990 1011 2046 sit
1043 1992 1253 2046 otiosa.
1279 1991 1338 2045 Si
1370 1991 1528 2047 enim
1558 1997 1776 2047 terram

128 2081 338 2136 intrare
357 2078 443 2133 illi
465 2096 579 2135 non
608 2078 1079 2150 meruerunt,qui
1103 2080 1370 2135 fornicati
1392 2087 1531 2135 sunt
1548 2085 1604 2135 et
1625 2097 1781 2136 mur-

129 2173 503 2224 muraverunt
533 2173 737 2224 contra
758 2168 966 2235 Deum,
983 2170 1276 2240 quomodo
1298 2186 1404 2224 nos
1427 2168 1636 2225 coelum
1662 2186 1779 2225 me~

130 2259 383 2313 rebimur
424 2257 668 2324 intrare,
700 2257 1103 2312 indifferenter
1129 2258 1410 2323 viventes,
1435 2259 1588 2314 sicut
1640 2275 1777 2329 gen-

126 2346 254 2415 tes?
269 2346 425 2418 Opus
446 2351 537 2400 est
559 2344 772 2417 quippe
793 2344 952 2400 omni
976 2344 1191 2400 volenti
1216 2346 1425 2401 coelum
1455 2347 1774 2418 possidere,

126 2436 300 2490 ﬁdem
330 2434 605 2505 operibus
624 2433 798 2489 bonis
828 2450 1054 2489 ornare.
1078 2434 1195 2489 Nec
1217 2435 1325 2490 hoc
1353 2434 1545 2491 solum
1576 2436 1776 2491 damni

127 2525 301 2579 habet
329 2523 482 2578 male
509 2523 729 2592 vivens,
749 2524 903 2594 quod
936 2540 1051 2578 non
1085 2524 1266 2578 intrat
1290 2524 1350 2578 in
1382 2541 1625 2595 regnum
1657 2526 1774 2590 Dei,

124 2630 323 2669 verum
357 2611 556 2675 etiam,
581 2612 732 2683 quod
762 2612 1003 2682 majoris
1034 2617 1125 2667 est
1157 2613 1417 2677 terroris,
1442 2630 1622 2684 poenae
1650 2631 1776 2684 per-

125 2708 310 2775 petua:
336 2700 724 2771 mancipatur.
752 2700 885 2755 Ideo
908 2701 1136 2756 addidit
1161 2718 1210 2755 ;‹‹
1239 2701 1311 2756 Ut
1334 2718 1404 2756 ne
1433 2702 1490 2755 in
1514 2701 1775 2773 idipsum

124 2791 258 2862 quis
289 2789 508 2844 incidat
538 2788 966 2844 incredulitatis
997 2789 1404 2861 exemplum.»
1440 2791 1655 2845 Eorum
1684 2792 1773 2845 in-

122 2880 318 2946 teritu,
343 2878 443 2950 qui
492 2878 792 2949 perierunt
820 2878 882 2933 iu
911 2878 1165 2944 deserto,
1192 2880 1401 2933 terruit
1448 2880 1774 2947 audientes,

122 2984 196 3023 ne
226 2970 287 3022 in
317 2967 554 3023 illorum
585 2966 913 3022 inciderent
933 2967 1255 3037 judicium,
1279 2969 1449 3039 quasi
1480 2968 1727 3024 dixisset
1759 2986 1771 3023 ε

120 3057 490 3112 Sufﬁcienter
510 3071 579 3110 ex
604 3054 945 3125 parentibus
965 3054 1183 3110 nostris
1204 3056 1503 3122 docemur,
1530 3073 1601 3111 ne
1633 3057 1681 3112 si
1712 3056 1773 3110 in

121 3145 341 3201 similia
369 3145 724 3212 incidamus,
748 3144 950 3198 eadem
993 3143 1309 3214 patiamur,
1335 3160 1460 3214 quas
1500 3143 1582 3198 illi
1617 3143 1775 3214 passi

118 3239 289 3301 sunt;
322 3236 432 3289 hoc
460 3237 551 3289 est
580 3234 637 3286 in
671 3232 930 3303 idipsum
963 3232 1292 3303 exemplum
1325 3231 1706 3287 inﬁdelitatis.

1806 1951 1857 2015 B

1893 665 2293 735 praesentiam,
2328 667 2498 736 cuius
2547 667 2852 722 scientiam
2904 668 3241 726 nullatenus
3289 673 3543 745 etfugere

1891 752 2171 808 valemus.
2202 755 2361 809 Unde
2392 760 2448 810 et
2478 755 2703 810 addidit
2737 773 2748 811 :
2776 780 2803 806 «
2839 758 2908 811 Et
2943 763 3033 813 est
3070 760 3355 815 discretor
3385 761 3542 833 cogi-

1891 842 2183 896 tationum
2216 848 2271 896 et
2302 843 2698 899 intentionum
2729 847 2942 901 cordis.
2972 868 3000 896 ›)
3038 847 3356 921 Distinguit
3384 850 3544 905 enim

1890 929 1991 984 Dei
2043 947 2235 985 sermo
2268 948 2582 1005 compages
2630 939 2687 988 et
2735 934 3045 1002 medullas,
3081 938 3219 1007 quia
3264 938 3547 994 discernit

1890 1020 2273 1089 cogitationes
2327 1025 2383 1075 et
2429 1021 2786 1077 intentiones
2834 1023 3048 1078 cordis.
3077 1029 3185 1079 Per
3231 1042 3543 1099 compages

1890 1109 2107 1179 quippe
2138 1109 2376 1164 ossibus
2424 1126 2561 1165 ossa
2600 1111 2961 1182 junguntur.
2992 1112 3063 1166 Et
3091 1129 3242 1184 saepe
3273 1115 3542 1186 quaedam

1888 1198 2031 1251 dum
2092 1203 2246 1252 recta
2295 1199 2645 1269 cogitatione
2703 1199 2956 1271 agimus,
2983 1201 3177 1256 subito
3234 1201 3294 1257 in
3348 1201 3541 1259 laudis

1890 1302 2149 1340 amorem
2178 1286 2567 1356 declinamus,
2591 1293 2766 1359 atque
2793 1289 2902 1344 hoc
2930 1305 3033 1360 pro
3065 1290 3237 1345 laude
3267 1291 3540 1360 facimus,

1889 1376 2043 1445 quod
2078 1375 2240 1444 prius
2272 1376 2459 1431 facere
2491 1392 2596 1446 pro
2624 1377 2865 1431 veritate
2891 1394 3273 1448 coeperamus.
3301 1379 3372 1433 Et
3404 1379 3543 1451 quia

1888 1463 2274 1535 cogitationes
2293 1464 2749 1536 cogitationibus
2767 1466 3190 1537 adjunguntur,
3206 1467 3375 1538 quasi
3392 1484 3545 1539 qum-

1888 1552 2022 1607 dam
2071 1552 2131 1607 in
2175 1551 2383 1623 spiritu
2417 1569 2730 1624 compages
2763 1554 2932 1609 ﬁunt.
2960 1555 3069 1609 Sed
3115 1554 3335 1611 habent
3382 1572 3539 1624 ossa,

1888 1656 2016 1711 quae
2048 1640 2106 1695 in
2132 1658 2413 1713 compage
2431 1644 2640 1712 juncta
2661 1648 2822 1709 sunt,
2844 1643 3019 1698 etiam
3044 1642 3354 1699 medullas.
3377 1644 3542 1707 Quod

1884 1729 2229 1800 praedicator
2257 1733 2497 1785 sanctus
2518 1730 2777 1798 apertius
2804 1729 3025 1801 intulit,
3049 1747 3184 1787 cum
3205 1732 3541 1805 subjungit:

1887 1840 1913 1866 ‹‹
1946 1818 2014 1871 Et
2043 1823 2133 1872 est
2163 1818 2448 1872 discretor
2473 1819 2891 1889 cogitationum
2916 1823 2972 1874 et
3000 1819 3393 1875 intentionum
3424 1837 3545 1875 cor-

1884 1903 2055 1959 dis.»
2093 1905 2416 1976 Compages
2468 1905 2623 1959 enim
2679 1911 2890 1960 nostra:
2937 1906 3318 1977 cogitationes
3366 1911 3540 1977 sunt;

1891 1993 2160 2048 medullae
2191 1999 2409 2059 autem,
2440 1994 2814 2049 intentiones.
2846 1995 2916 2048 Et
2955 2009 3104 2065 saepe
3135 1994 3291 2050 aliud
3323 1996 3541 2067 cogita-

1889 2098 2045 2148 mus,
2070 2086 2247 2153 atque
2277 2081 2436 2137 aliud
2469 2087 2558 2138 est
2588 2083 2743 2153 quod
2775 2099 2879 2152 per
2903 2083 3316 2153 cogitationem
3345 2083 3537 2138 inten-

1889 2171 2105 2226 dimus.
2140 2171 2285 2225 Nam
2320 2170 2367 2226 si
2402 2172 2537 2241 quis
2567 2187 2672 2242 pro
2706 2186 3016 2225 munerum
3050 2171 3306 2242 praemio,
3330 2171 3539 2244 pupilli

1886 2258 1974 2314 vel
2004 2260 2190 2314 viduae
2224 2275 2463 2314 causam
2511 2259 2806 2327 defendat,
2832 2262 2889 2312 et
2931 2259 3177 2315 fortasse
3221 2260 3537 2316 Ecclesiam

1886 2348 2244 2419 ingrediens,
2277 2347 2336 2401 in
2368 2346 2494 2402 suis
2543 2346 2814 2418 precibus
2852 2351 2967 2401 Deo
3001 2346 3156 2403 dicat
3188 2364 3201 2402 :
3236 2348 3322 2402 Tu
3354 2347 3537 2417 vides,

1887 2437 2029 2506 quia
2057 2453 2297 2491 causam
2330 2434 2540 2507 pupilli
2570 2439 2627 2489 et
2668 2435 2854 2489 viduze
2886 2435 3166 2502 defendo;
3195 2434 3307 2491 iste
3338 2436 3541 2507 procul

1888 2525 2065 2579 dubio
2096 2525 2249 2595 quod
2285 2523 2523 2595 cogitat,
2558 2522 2686 2590 scit,
2722 2523 2823 2578 sed
2855 2539 2970 2593 quo
3001 2523 3267 2579 intendat
3294 2526 3424 2596 ejus
3454 2520 3545 2580 co;

1887 2612 2115 2682 gitatio,
2148 2612 2401 2684 ignorat.
2426 2611 2597 2665 Aliud
2631 2611 2849 2682 quippe
2891 2612 3128 2682 cogitat,
3160 2627 3334 2683 atque
3381 2612 3541 2668 aliud

1886 2700 2161 2755 intendit.
2197 2700 2322 2757 Non
2354 2700 2511 2755 enim
2546 2699 2943 2754 defensionem
2975 2699 3182 2771 pupilli
3215 2699 3303 2755 vel
3332 2700 3540 2770 vidua),

1887 2791 1986 2844 sed
2022 2790 2351 2843 mercedem
2384 2803 2766 2842 nummorum
2794 2788 3020 2860 quaerit.
3043 2787 3191 2843 Nam
3222 2787 3361 2843 tolle
3392 2793 3541 2844 tem-

1887 2876 2084 2949 porale
2116 2877 2450 2948 praemium,
2476 2881 2532 2931 et
2561 2875 2853 2948 pupillum
2902 2892 2970 2931 ac
3013 2876 3250 2932 viduam
3291 2893 3407 2932 non
3439 2877 3538 2933 de-

1886 2967 2101 3021 fendet.
2129 2973 2330 3020 Sermo
2377 2964 2578 3037 itaque
2618 2964 2720 3020 Dei
2768 2964 3051 3020 discretor
3098 2970 3189 3021 est
3234 2966 3536 3037 cogitatio-

1885 3071 2027 3109 num
2061 3058 2117 3109 et
2148 3053 2539 3108 intentionum
2574 3053 2795 3119 cordis;
2826 3052 2965 3123 quia
2995 3069 3109 3108 non
3140 3053 3351 3124 aspicit
3379 3055 3535 3125 quod

1886 3142 2039 3214 apud
2073 3141 2455 3212 semetipsum
2486 3140 2718 3212 cogitat,
2753 3140 2853 3195 sed
2892 3157 2997 3211 per
3030 3141 3349 3197 medullam
3376 3158 3535 3197 com-

1886 3231 2073 3303 pagis,
2107 3229 2165 3284 id
2206 3234 2316 3295 est,
2348 3245 2450 3300 per
2496 3228 2880 3283 intentionem
2931 3229 3299 3300 cogitationis
3345 3236 3536 3287 totum

188 3323 413 3378 Deinde
444 3327 512 3377 ut
537 3321 820 3391 majorem
847 3321 1229 3391 peccantibus
1260 3320 1544 3375 incuteret
1575 3321 1773 3375 formi-
1805 3312 1847 3378 C
1889 3322 2157 3391 penetrat
2209 3317 2529 3372 hominem.
2561 3316 2676 3371 Nec
2723 3318 2940 3372 mirum
2990 3317 3040 3372 si
3089 3322 3245 3374 totus
3293 3319 3533 3391 ubique,

116 3414 340 3481 dinem,
376 3410 686 3481 subjungit
718 3426 732 3466 :
759 3432 786 3459 ‹‹
816 3409 989 3465 Vivus
1019 3413 1109 3465 est
1151 3410 1306 3463 enim
1339 3409 1439 3464 Dei
1472 3426 1686 3475 sermo,
1718 3418 1776 3466 et

113 3504 347 3567 efﬁcax,
378 3504 435 3556 et
464 3497 881 3571 penetrabilior
910 3498 1069 3553 omni
1100 3498 1294 3569 gladio
1325 3498 1585 3569 ancipiti.
1611 3520 1639 3548 »
1669 3500 1776 3555 Hic

111 3592 488 3647 demonstrat
517 3588 798 3660 quoniam
825 3592 881 3641 et
908 3586 1009 3641 illa
1037 3587 1195 3642 idem
1227 3587 1353 3659 ipse
1383 3592 1657 3658 operatus
1687 3592 1779 3643 est

111 3689 171 3737 et
187 3680 417 3747 vivit,et
436 3695 551 3733 non
572 3677 982 3747 exstinctus,et
1001 3676 1260 3731 ostendit
1281 3677 1556 3731 eumdem
1580 3677 1774 3748 ipsum

112 3787 223 3826 nos
248 3766 873 3838 haberejudicem,qui
897 3764 1031 3819 illos
1053 3765 1775 3836 propterincredulitatem

114 3875 326 3916 eorum
350 3854 831 3912 damnavitDixit
850 3853 1007 3908 enim
1029 3868 1080 3907 τα
1097 3852 1273 3909 Vivus
1293 3860 1381 3909 est
1402 3870 1593 3910 sermo
1617 3856 1777 3911 Dei.»

112 3954 325 4005 Sermo
369 3946 489 4012 Dei,
514 3944 697 3999 Filius
728 3947 817 3998 est
846 3942 969 4012 Dei,
994 3942 1094 4013 qui
1127 3943 1196 3996 de
1235 3960 1297 3997 se
1340 3943 1468 4013 ipso
1499 3944 1580 3998 ait
1613 3959 1624 3998 :
1656 3966 1683 3993 ‹‹
1719 3943 1779 3999 Si

114 4039 253 4111 quis
278 4050 614 4092 sermonem
639 4048 836 4087 meum
859 4030 1195 4097 servaverit,
1219 4037 1464 4086 mortem
1490 4048 1608 4087 non
1628 4032 1783 4090 vide-

112 4130 202 4183 bit
236 4128 301 4181 in
332 4128 621 4179 aeternum
645 4123 823 4193 (Joan.
849 4137 975 4189 vm,
998 4118 1109 4190 31).
1140 4140 1167 4169 ››
1192 4119 1357 4174 Sicut
1384 4119 1490 4185 illi,
1514 4120 1560 4176 si
1594 4138 1782 4178 serva-

110 4222 249 4272 rent
280 4227 620 4270 sermonem
650 4210 775 4276 Dei,
800 4209 1077 4276 viverent,
1100 4213 1436 4279 terramque
1466 4211 1781 4281 repromis-

109 4305 307 4363 sionis
338 4302 651 4369 intrarent,
675 4299 761 4353 sic
781 4302 838 4352 et
868 4312 994 4363 nos,
1029 4295 1077 4351 si
1109 4296 1536 4353 servaverimus
1569 4314 1786 4355 sermo-

105 4409 253 4448 nem
287 4391 444 4461 ejus,
469 4387 755 4454 vivemus,
791 4383 1175 4454 requiemque
1209 4381 1505 4437 ccelestem
1539 4384 1783 4440 intrabi-

105 4498 274 4538 mus.
305 4502 333 4532 α
353 4477 536 4532 Vivus
567 4480 659 4530 est
688 4473 842 4528 enim
869 4472 969 4527 Dei
993 4487 1186 4526 sermo
1209 4476 1267 4525 et
1286 4471 1509 4540 efﬁcax,
1533 4476 1588 4526 et
1614 4488 1786 4543 pene-

105 4568 401 4627 trabilior
422 4563 581 4621 omni
607 4562 802 4635 gladio
824 4560 1086 4632 ancipiti.
1109 4582 1128 4609 ιο
1151 4559 1398 4614 Gladius
1414 4560 1570 4614 enim
1593 4565 1789 4631 potest

1883 3414 2064 3462 totam
2100 3423 2268 3462 suam
2303 3406 2569 3477 agnoscit
2616 3409 2968 3476 creaturam,
3002 3405 3120 3461 sive
3149 3406 3534 3478 spiritualem,

1886 3496 2003 3551 sive
2034 3493 2426 3566 corporalem;
2459 3493 2600 3564 quia
2629 3492 2776 3547 nihil
2816 3494 2973 3564 quod
3004 3494 3223 3550 factum
3271 3500 3383 3564 est,
3409 3495 3538 3552 sine

1886 3600 1952 3639 eo
1985 3584 2203 3638 factum
2236 3586 2325 3637 est
2358 3582 2533 3652 (Joan.
2566 3599 2605 3647 ι,
2638 3582 2713 3653 3).

1957 3673 2090 3727 Ideo
2121 3671 2349 3726 addidit
2380 3686 2426 3724 ;‹‹
2445 3670 2560 3725 Nec
2589 3675 2679 3726 est
2701 3668 2818 3725 ulla
2838 3674 3105 3726 creatura
3133 3671 3445 3729 invisibilis
3476 3673 3536 3729 in

1888 3766 2201 3833 conspectu
2235 3760 2383 3831 ejus.
2402 3783 2422 3811 ι
2452 3759 2597 3814 Hinc
2625 3775 2724 3814 eos
2755 3759 3009 3814 maxime
3037 3762 3265 3827 terruit,
3289 3777 3361 3817 ne
3390 3763 3537 3819 forte

1888 3850 2101 3915 adhuc,
2129 3848 2340 3920 inquit,
2368 3847 2425 3902 in
2455 3848 2569 3902 tide
2598 3852 2842 3916 stantes,
2865 3864 2981 3903 non
3015 3865 3148 3904 cum
3183 3849 3412 3922 integra
3440 3868 3534 3907 sa-

1887 3938 2221 4011 tisfactione
2266 3936 2610 4007 perficerent
2638 3936 2772 3990 ﬁdei
2809 3953 3013 4007 opera:
3060 3938 3199 4007 quia
3228 3939 3372 4009 ipse,
3406 3957 3533 4011 qum

1890 4029 1948 4082 in
1978 4008 2157 4082 corde
2194 4030 2352 4091 sunt,
2377 4022 2656 4077 discernit
2684 4041 2697 4078 :
2730 4023 2811 4078 ibi
2842 4024 3155 4092 examinat,
3189 4008 3290 4081 ubi
3339 4008 3535 4084 consi-

1891 4116 2079 4180 derat,
2111 4112 2359 4167 reddens
2390 4110 2707 4182 unicuique
2745 4112 3069 4167 secundum
3104 4130 3278 4185 opera
3306 4132 3432 4172 sua.

1969 4223 1991 4253 ι
2028 4200 2237 4257 Omnia
2267 4204 2463 4259 autem
2490 4200 2648 4254 nuda
2678 4204 2734 4255 et
2754 4205 2954 4271 aperta
2974 4207 3114 4257 sunt
3142 4203 3326 4259 oculis
3357 4207 3544 4277 ejus.»

1893 4294 2056 4363 Saepe
2086 4290 2147 4344 in
2177 4288 2444 4344 exteriori
2476 4303 2649 4359 opere
2670 4293 2805 4343 ante
2833 4288 3034 4344 oculos
3057 4289 3361 4347 hominum
3386 4296 3549 4351 inor-

1895 4381 2085 4435 dinati
2116 4393 2399 4449 apparere
2444 4378 2793 4446 metuimus;
2829 4381 2887 4432 et
2930 4377 2990 4431 in
3035 4378 3296 4435 interiori
3327 4383 3549 4454 cogita-

1896 4468 2076 4534 tione,
2103 4465 2265 4520 illius
2296 4470 2626 4535 respectum
2651 4480 2768 4519 non
2796 4464 3137 4533 metuimus,
3162 4483 3335 4538 quem
3358 4469 3552 4526 viden-
3650 4524 3663 4541 ,

1897 4564 2014 4613 tem
2045 4556 2246 4611 omnia
2277 4570 2391 4608 non
2424 4552 2712 4607 videmus.
2737 4551 2917 4608 Multo
2940 4553 3096 4608 enim
3129 4557 3317 4628 magis
3349 4557 3553 4614 intrin-

103 4660 397 4715 membra
426 4654 687 4710 dividere
716 4667 752 4706 a
782 4665 1046 4721 corpore,
1071 4652 1129 4703 et
1155 4654 1459 4719 penetrare
1480 4654 1702 4704 secreta
1731 4653 1790 4704 et
1822 4679 1868 4743 Ι)
1901 4661 2071 4702 secus
2102 4643 2241 4708 Deo,
2266 4657 2446 4712 quam
2486 4640 2847 4696 extrinsecus
2880 4640 3219 4698 hominibus
3249 4647 3550 4717 conspica-

104 4745 477 4805 abscondita
512 4742 737 4807 carnis;
772 4740 872 4794 sed
924 4755 991 4792 eo
1042 4737 1227 4791 multo
1261 4737 1677 4807 penetrabilior
1703 4742 1794 4794 est
1822 4730 1864 4743 ”
1904 4734 2051 4789 biles
2082 4748 2310 4787 sumus.
2345 4730 2507 4785 Unde
2536 4730 2721 4785 sancti
2754 4746 2959 4786 omnes
2988 4731 3127 4786 foris
3158 4748 3240 4803 se,
3274 4734 3554 4807 intusque

102 4854 316 4894 sermo
344 4835 469 4899 Dei,
488 4855 514 4882 ‹‹
539 4830 884 4903 pertingens
906 4843 1095 4897 usque
1119 4826 1189 4880 ad
1212 4825 1559 4881 divisionem
1584 4827 1791 4882 animae
1904 4819 2412 4890 circumspiciunt,
2433 4823 2490 4872 et
2517 4817 2605 4872 vel
2655 4819 3129 4889 reprehendendo
3168 4837 3231 4875 se
3273 4824 3550 4892 exterius,

100 4944 169 4982 ac
195 4924 489 4998 spiritus,
509 4921 1074 4991 compagumque,et
1096 4913 1512 4970 medullarum.
1532 4936 1560 4963 ››
1585 4915 1794 4972 Anima
1902 4911 1990 4966 vel
2024 4912 2082 4965 in
2114 4925 2229 4979 quo
2252 4925 2313 4963 se
2345 4907 2592 4962 interius
2622 4907 2802 4962 videri
2834 4907 3202 4964 invisibiliter
3230 4910 3456 4965 timent.
3483 4911 3555 4967 Et

99 4995 625 5082 vivimus,spiritu
649 5003 1183 5079 intelligimus,vita
1201 5004 1371 5058 nobis
1389 5003 1639 5059 carnalis
1657 5021 1791 5060 cum
1907 4999 2062 5071 quod
2094 4998 2346 5052 dicimus
2384 4997 2453 5050 de
2494 4995 2856 5063 hominibus,
2887 5012 2954 5051 ac
3000 4996 3050 5051 si
3099 4997 3339 5069 angelos
3370 4999 3555 5066 dicas,

98 5105 329 5161 bestiis
364 5098 705 5157 communis
729 5101 848 5163 est;
884 5094 1029 5148 ratio
1061 5093 1343 5164 spiritalis
1378 5109 1511 5147 cum
1545 5093 1788 5164 angelis.
1906 5105 1971 5143 ac
2004 5088 2051 5143 si
2086 5085 2468 5157 archangelos
2498 5085 2679 5154 dicas,
2706 5100 2772 5139 ac
2802 5085 2851 5139 si
2881 5085 3198 5153 Cherubin,
3224 5103 3289 5142 ac
3320 5088 3368 5142 si
3395 5092 3558 5145 Sera-

96 5196 253 5249 Tam
289 5192 510 5247 efficax
535 5193 627 5243 est
649 5185 941 5257 judicium
969 5183 1092 5249 Dei,
1119 5188 1181 5235 ut
1212 5183 1507 5237 discernat
1536 5181 1795 5236 carnalia
1909 5177 2093 5249 phim,
2128 5175 2329 5246 sicque
2374 5174 2547 5229 aliam
2605 5171 2932 5243 quamlibet
2979 5180 3327 5245 creaturam,
3360 5178 3561 5234 omnia

96 5287 366 5355 peccata
398 5286 457 5334 et
487 5275 801 5349 spiritalia,
828 5273 965 5344 quis
994 5287 1111 5342 quo
1143 5277 1277 5342 agat
1306 5271 1525 5339 animo,
1559 5271 1645 5325 vel
1679 5286 1794 5342 quo
1908 5265 2162 5355 revelata
2212 5268 2353 5318 sunt
2400 5260 2586 5316 oculis
2636 5260 2815 5355 illius,
2839 5261 3037 5355 omnia
3072 5269 3228 5355 sunt
3276 5271 3477 5337 aperta
3505 5267 3563 5321 et

94 5349 423 5427 desiderio
446 5368 664 5423 serviat
686 5367 745 5418 in
769 5364 940 5417 corde
965 5378 977 5416 :
1006 5366 1126 5415 tam
1156 5359 1537 5431 penetrabilis
1558 5366 1648 5414 est
1669 5361 1798 5430 ejus
1912 5354 2243 5419 manifesta,
2267 5368 2372 5405 nec
2393 5356 2481 5405 est
2509 5349 2664 5420 quod
2687 5365 2820 5404 eum
2854 5350 3041 5420 possit
3071 5350 3276 5408 iatere.
3303 5375 3331 5403 α
3351 5354 3564 5411 Omnia

96 5454 1073 5525 intuitus,utomnianostra,quze
1094 5447 1426 5520 agimusvel
1448 5447 1799 5519 cogitamus,
1912 5443 2090 5509 nuda,
2124 5445 2180 5496 et
2229 5444 2430 5511 aperta
2459 5436 2644 5492 oculis
2674 5437 2803 5507 ejus
2851 5443 3012 5508 sunt,
3046 5439 3118 5494 ad
3168 5456 3342 5510 quem
3393 5442 3563 5498 nobis

96 5551 343 5605 εει-ιίυε
370 5548 693 5619 cognoscat
726 5556 905 5614 quam
936 5556 1043 5595 nos
1077 5538 1211 5610 ipsi.
1244 5537 1415 5591 Illum
1437 5552 1668 5607 semper
1698 5536 1801 5591 ha-
1912 5547 2103 5586 sermo
2125 5534 2213 5584 est
2237 5545 2288 5583 ε»
2313 5529 2419 5581 hoc
2448 5531 2558 5593 est,
2582 5525 2697 5597 ipsi
2723 5526 3006 5581 reddituri
3036 5544 3246 5585 sumus
3278 5531 3563 5589 rationem

98 5640 341 5695 bemus
355 5631 773 5693 testimonium
789 5634 1029 5686 actuum
1047 5632 1384 5683 nostrorum
1399 5623 1486 5679 vel
1505 5624 1804 5696 cogitatio-
1913 5625 2086 5677 aetuu
2099 5635 2156 5673 m
2190 5622 2460 5673 nostroru
2473 5631 2550 5671 ω.

196 5745 409 5831 (1405)
442 5744 506 5801 In
535 5735 957 5799 Ambrosiastri
986 5733 1288 5793 codicibus
1317 5731 1441 5790 haec
1471 5731 1758 5813 expositio
1787 5731 1870 5791 ita
1890 5730 2049 5811 jacet
2078 5743 2091 5784 :
2124 5727 2223 5802 qui
2250 5724 2412 5807 digne
2442 5724 2819 5783 ministerium
2838 5727 3114 5807 suscipere
3140 5732 3490 5811 meruerunt,
