3898 6392
449 402 551 460 751

1470 394 1756 453 AT'l‘ONl
1771 395 1807 451 S
1853 392 2434 452 VEIiCELLENSIS
2485 393 2835 455 EPISCOPI

3751 396 3855 455 759

519 554 547 584 ‹‹
576 533 863 588 Habentes
902 547 1006 602 ego
1056 528 1388 601 pontiﬁcem
1444 542 1745 593 magnum,
1780 525 1877 593 qui
1913 540 2083 593 peue-
2116 528 2166 591 Α
2200 540 2454 592 agnosce
2485 531 2540 579 et
2573 530 2631 579 tu
2669 525 2944 579 similem.
2981 524 3105 580 Non
3138 526 3274 581 inde
3304 525 3683 589 dissimilem,
3716 525 3860 579 unde

443 622 618 677 travit
647 620 842 686 oculos,
873 620 1076 675 Jesum
1111 616 1319 672 Filium
1357 615 1471 668 Dei.
1500 638 1525 661 ››
1551 612 1726 667 Paulo
1759 613 1913 666 enim
1956 618 2089 666 ante

443 712 514 764 de
546 710 847 765 divinitate
887 709 1013 779 ejus
1059 706 1373 769 disserens,
1398 703 1481 757 ait
1504 718 1552 756 ;ι‹
1587 702 1797 755 Omnia
1830 702 2004 767 nuda,
2034 704 2090 754 et

443 802 645 870 aperta
687 801 830 853 sunt
878 795 1062 852 oculis
1108 795 1236 863 ejus
1270 808 1282 845 :
1315 814 1342 841 »
1374 807 1529 845 nunc
1578 794 1795 857 autem,
1830 790 1969 860 quia
2017 788 2088 843 de

442 902 615 942 carne
662 885 939 957 loquitur,
974 885 1042 938 de
1096 881 1369 954 pontifice
1418 880 1683 950 disputat
1731 878 1911 946 illius,
1947 877 2087 949 quia

440 973 821 1045 semetipsum
857 971 1131 1026 offerebat
1162 973 1370 1024 nostris
1399 985 1577 1023 causa
1609 967 1834 1034 salutis,
1860 972 1915 1021 et
1946 983 2083 1037 quo-

440 1061 612 1117 modo
638 1062 825 1132 primo
857 1060 1119 1114 omnium
1153 1060 1434 1114 intrasset
1464 1057 1524 1111 in
1554 1056 1873 1127 rcquiem.«
1900 1056 2080 1110 [labe-

440 1166 591 1219 mus,
631 1149 842 1220 inquit,
890 1148 1225 1220 pontiﬁcem
1274 1163 1579 1219 magnum,
1613 1145 1714 1217 qui
1764 1145 2084 1217 penetravit

438 1237 631 1293 ccnlos.
659 1259 688 1286 »
720 1238 869 1308 Ergo
903 1238 1132 1309 Moyses
1171 1239 1379 1293 ductor
1421 1234 1644 1307 populi,
1667 1234 1761 1288 cui
1794 1233 2085 1304 promissa

435 1330 525 1380 est
570 1325 799 1396 requies
846 1326 1203 1393 transitoria,
1247 1342 1362 1381 non
1414 1323 1653 1379 intravit
1694 1322 1754 1376 in
1798 1322 2084 1392 requiem,

436 1430 612 1485 quam
645 1414 859 1486 saepius
888 1414 1104 1487 populo
1132 1413 1423 1486 promisit.
1453 1415 1567 1467 Iste
1598 1428 1730 1466 vero
1762 1416 1960 1465 noster
1991 1427 2085 1465 sa-

435 1503 640 1559 cerdos
666 1502 926 1559 melioris
949 1502 1357 1574 promissionis
1379 1517 1647 1572 sponsor,
1667 1500 1819 1554 viam
1844 1499 2082 1565 faciens,

434 1590 809 1646 credentibus
840 1592 898 1646 in
931 1609 1013 1661 se,
1043 1592 1272 1664 primus
1321 1590 1558 1645 intravit
1596 1590 1653 1643 in
1688 1588 1948 1659 requiem
1983 1604 2085 1657 po-

434 1679 571 1751 pulo
592 1678 703 1734 sibi
721 1680 939 1734 credito
962 1680 1337 1751 promissam.
1357 1678 1625 1733 Ostendit
1645 1693 1778 1731 eum
1803 1690 2083 1745 magnum
2119 1696 2126 1704 -

433 1769 819 1832 sacerdotem,
846 1768 985 1839 quia
1005 1766 1427 1839 sempiternum
1459 1766 1635 1819 habet
1667 1764 2079 1830 sacerdotium,

435 1871 669 1927 semper
687 1854 884 1910 vivens
900 1856 971 1910 ad
996 1854 1485 1926 interpellandum
1504 1869 1607 1923 pro
1626 1851 1814 1905 nobis.
1836 1851 1903 1904 Et
1927 1850 2083 1905 hunc

434 1943 629 2013 ipsum
663 1942 873 1997 Filium
904 1942 1005 1998 Dei
1037 1943 1311 2010 ostendit,
1336 1944 1477 1996 dum
1510 1940 1655 1995 dixit
1682 1957 1735 1995 :a
1758 1940 1964 1994 Jesum
1998 1939 2083 1993 Fi-

431 2031 579 2086 lium
610 2031 711 2086 Dei
739 2047 797 2084 ε»
821 2032 976 2101 quod
1009 2047 1302 2101 nusquam
1334 2032 1405 2085 de
1430 2031 1627 2102 Moyse
1659 2028 1849 2083 dicere
1880 2027 2085 2096 voluit,

431 2120 534 2174 sed
566 2135 700 2174 eum
732 2119 1019 2174 famulum
1049 2120 1408 2190 praeferebat,
1438 2119 1495 2172 in
1530 2117 1931 2187 superioribus
1962 2121 2085 2171 tes-

431 2208 663 2262 tiﬁcans
694 2207 777 2262 eis
808 2208 917 2262 sub
951 2208 1187 2262 nomine
1216 2207 1379 2272 Jesu,
1405 2207 1560 2277 quod
1592 2222 1803 2260 nomen
1839 2204 2084 2276 angelus

440 2312 475 2352 a
504 2296 620 2351 Deo
650 2295 908 2353 directus
934 2295 1159 2367 Virgini
1190 2294 1560 2349 annuntiavit
1590 2294 1796 2348 Filium
1827 2296 1924 2348 Dei
1956 2309 2084 2347 esse

441 2399 665 2450 verum,
690 2387 748 2439 et
776 2384 904 2440 ideo
933 2400 1213 2455 magnum
1246 2384 1630 2439 sacerdotem.

512 2494 540 2521 ‹‹
576 2472 903 2528 Teneamus
942 2473 1389 2528 confessionem.
1417 2495 1436 2521 ιο
1474 2471 1717 2534 Qualem
1764 2471 2081 2527 confessio-

438 2575 573 2617 nem
595 2561 776 2617 dicit?
807 2561 1091 2625 Quoniam
1119 2560 1294 2617 Filius
1325 2561 1425 2616 Dei
1450 2565 1556 2631 est,
1581 2560 1859 2631 quoniam
1884 2560 2080 2615 Chris-

433 2654 531 2706 tus
568 2649 724 2707 Deus
774 2654 883 2719 est,
914 2650 1192 2721 quoniam
1240 2666 1452 2722 passus
1499 2654 1610 2714 est,
1660 2648 1924 2719 sepultus
1969 2652 2076 2718 est,

432 2739 750 2796 resurrexit
775 2739 950 2795 tertia
997 2740 1109 2807 die,
1143 2739 1406 2794 ascendit
1432 2739 1492 2793 in
1524 2737 1758 2805 coelum,
1794 2738 1955 2792 sedet
2005 2737 2078 2791 ad

431 2830 724 2884 dexteram
775 2827 982 2896 Patris,
1013 2827 1149 2882 inde
1180 2831 1480 2883 'venturus
1523 2826 1791 2896 judicare
1831 2825 1989 2879 vivos
2025 2827 2080 2878 et

431 2919 723 2983 mortuos;
756 2932 859 2986 per
888 2931 1062 2984 quem
1085 2914 1284 2970 omnia
1308 2915 1460 2970 bona
1488 2915 1796 2975 habemus,
1820 2913 2078 2983 redemp-

428 3004 669 3072 tionem,
702 3004 1209 3071 resurrectionem,
1234 3002 1633 3058 hazreditatem
1664 3018 1797 3057 cum
1831 3018 1895 3057 eo
1928 3017 2077 3056 sem-

428 3094 717 3166 piternam
753 3111 766 3149 :
798 3092 920 3148 haec
964 3092 1364 3147 eonﬁteamur.
1396 3092 1541 3156 Quia
1588 3108 1718 3146 vero
1768 3091 1888 3145 haec
1918 3106 2073 3156 vera,

429 3180 809 3237 manifestum
848 3197 916 3236 ex
964 3198 1030 3236 eo
1078 3181 1233 3253 quod
1283 3180 1541 3253 pontifex
1586 3181 1646 3235 in
1695 3178 2071 3234 interioribus

2200 612 2474 679 similem,
2500 615 2599 667 sed
2633 614 2747 667 alia
2777 630 2955 668 causa
2985 613 3154 679 illud,
3179 618 3234 669 et
3258 613 3372 668 alia
3401 614 3568 668 illud.
3597 614 3757 668 Dum
3790 619 3864 673 ta-

2200 718 2334 756 men
2368 709 2683 773 utrumque
2733 703 3224 758 demonstremus.
3261 703 3581 758 Dissimilis
3635 702 3860 757 homini

2200 790 2644 861 Christus,quia
2675 790 2849 855 Deus,
2875 790 3159 861 scriptum
3191 796 3281 846 est
3301 791 3456 846 enim
3489 792 3561 845 de
3592 791 3862 862 illo,quia

2197 882 2287 933 est
2317 895 2493 949 super
2524 879 2723 933 omnia
2776 880 2925 934 Deus
2971 880 3314 935 benedictus
3346 880 3403 934 in
3437 880 3657 935 saecula
3688 882 3859 951 (Rom.

2196 983 2275 1031 ix,
2301 968 2380 1035 5).
2407 969 2473 1021 Et
2515 967 2725 1021 similis
2758 967 2982 1022 homini
3014 968 3300 1037 Christus,
3323 968 3461 1039 quia
3484 970 3690 1036 homo,
3717 987 3860 1041 quo-

2196 1055 2352 1108 niam
2394 1056 2464 1110 dc
2511 1056 2609 1111 illo
2660 1056 2977 1110 identidem
3011 1059 3293 1129 scriptum
3328 1064 3415 1112 est
3449 1075 3517 1113 ;‹‹
3572 1059 3862 1114 Mediator

2195 1143 2293 1197 Dei
2323 1148 2381 1198 et
2405 1144 2709 1199 hominum
2738 1144 3207 1212 homoCliristus
3230 1146 3402 1201 Jesus
3426 1146 3567 1217 (Gal.
3596 1164 3688 1215 ιη,
3719 1149 3855 1217 19)..

2196 1234 2512 1288 Dissimilis
2538 1235 2826 1305 peccatori
2850 1234 3137 1300 Christus,
3162 1236 3301 1306 quia
3323 1253 3555 1305 semper
3577 1243 3858 1301 sanctus;

2194 1326 2251 1375 et
2306 1322 2518 1378 similis
2577 1322 2864 1395 peccatori
2915 1323 3369 1395 Christus,quia
3425 1328 3578 1381 Deus
3641 1324 3858 1380 Filium

2195 1426 2370 1465 suum
2404 1412 2564 1466 misit
2592 1412 2652 1466 in
2679 1410 3131 1467 similitudinem
3173 1413 3367 1468 carnis
3413 1413 3664 1485 peccati,
3702 1419 3771 1468 ut
3797 1415 3863 1469 de

2194 1504 2430 1568 peccato
2479 1501 2784 1555 damnaret
2828 1505 3126 1571 peccatum
3171 1501 3229 1555 in
3275 1518 3466 1557 carne.
3505 1502 3750 1558 Homini
3800 1518 3862 1558 ex

2195 1588 2347 1641 coitu
2390 1592 2522 1642 nato
2555 1587 2863 1643 dissimilis
2903 1588 3191 1657 Christus,
3216 1589 3275 1643 in
3308 1593 3597 1661 quantum
3630 1606 3707 1645 ex
3735 1590 3858 1646 Vir-

2195 1675 2329 1745 gine
2357 1681 2557 1743 natus;
2593 1677 2692 1732 sed
2743 1676 2966 1731 homini
3019 1681 3154 1731 nato
3203 1676 3416 1733 similis
3467 1677 3774 1745 Christus,
3805 1679 3854 1734 in

2195 1770 2483 1833 quantum
2516 1774 2571 1820 et
2598 1764 2723 1836 ipse
2773 1782 2841 1819 ex
2885 1764 3101 1819 femina
3132 1770 3306 1821 natus
3339 1770 3447 1837 est,
3480 1766 3576 1822 cui
3626 1768 3851 1823 dictum

2193 1857 2379 1907 estzu
2432 1853 2594 1915 Quod
2640 1856 2915 1907 nascetur
2971 1869 3039 1907 ex
3089 1857 3144 1908 te
3203 1858 3497 1920 sanctum,
3547 1855 3857 1911 vocabitur

2200 1941 2379 1996 Filius
2420 1941 2519 1996 Dei
2552 1940 2763 2012 (Matth.
2797 1958 2834 2007 1,
2866 1942 2964 2007 20;
3008 1941 3134 1997 Luc.
3171 1959 3209 2009 Ι,
3237 1943 3349 2012 35).
3379 1967 3401 1995 ι
3441 1943 3693 1998 Homini
3726 1961 3855 2016 pro-

2195 2035 2325 2102 pter
2354 2033 2657 2101 peccatum
2691 2046 2866 2084 suum
2891 2034 3121 2084 mortuo
3143 2029 3451 2085 dissimilis
3478 2031 3780 2103 Christus,
3800 2032 3852 2086 in

2196 2126 2482 2189 quantum
2506 2119 2630 2173 sine
2654 2122 2981 2189 peccato,et
3003 2117 3236 2189 propria
3266 2122 3554 2189 potestate
3580 2126 3853 2176 mortuus

2195 2211 2306 2266 est,
2330 2208 2429 2261 sed
2464 2224 2669 2261 rursus
2702 2206 2925 2261 homini
2959 2212 3191 2261 mortuo
3224 2205 3436 2260 similis
3467 2206 3776 2279 Christus,
3801 2209 3852 2263 in

2195 2300 2483 2365 quantum
2517 2300 2572 2348 et
2604 2295 2729 2365 ipse
2757 2312 2889 2348 vera
2926 2300 3112 2349 morte
3143 2295 3401 2364 corporis
3435 2300 3721 2352 mortuus
3754 2303 3850 2353 est.

2192 2384 2322 2437 H330
2355 2393 2439 2438 est
2470 2384 2734 2447 tentatio,
2769 2399 2885 2453 qua
2926 2386 3185 2436 tentatus
3228 2388 3338 2436 est.
3374 2382 3854 2441 Persecutionem

2192 2472 2584 2543 plurimorum
2617 2487 2827 2542 passus
2875 2474 2981 2538 est,
3017 2475 3189 2540 sputa
3220 2471 3501 2542 suscepit,
3536 2480 3856 2530 accusatus

2191 2567 2298 2627 est,
2323 2560 2742 2616 detractionem
2766 2558 3070 2629 sustinuit,
3097 2558 3455 2614 calumniam
3488 2577 3715 2632 passus
3746 2569 3854 2630 est,

2190 2648 2464 2721 repulsus
2497 2652 2585 2703 est
2617 2665 2650 2702 a
2679 2647 2916 2719 propria
2944 2651 3136 2719 gente,
3160 2647 3219 2701 in
3243 2647 3357 2704 ﬁne
3388 2649 3714 2706 cruciﬁxus
3746 2657 3856 2707 est.

2188 2739 2364 2794 Juxta
2393 2736 2866 2804 similitudinem,
2889 2736 3102 2807 inquit,
3127 2735 3251 2791 sine
3286 2741 3546 2809 peccato.
3574 2738 3738 2794 Dum
3771 2741 3854 2796 di-

2188 2827 2285 2895 cit,
2311 2828 2370 2881 in
2404 2825 2854 2881 similitudinem
2882 2825 3095 2890 carnis,
3132 2842 3243 2880 non
3275 2825 3383 2881 hoc
3415 2826 3581 2894 dicit,
3603 2828 3755 2898 quia
3784 2829 3856 2885 si-

2188 2915 2456 2970 militudo
2483 2914 2756 2985 putatisz
2775 2913 2967 2969 carnis
2989 2913 3101 2968 fuit
3123 2914 3181 2969 in
3206 2930 3293 2985 eo,
3319 2915 3418 2970 sed
3443 2914 3585 2985 quia
3608 2932 3851 2973 carnem

2187 3004 2446 3075 suscepit
2491 3020 2710 3059 veram.
2744 3006 2930 3067 Quare
2977 3019 3111 3073 ergo
3144 3002 3306 3070 dixit,
3340 3004 3399 3059 in
3449 3003 3853 3062 similitudine

2185 3092 2417 3147 carnis?
2474 3092 2697 3147 Natura
2741 3108 2897 3155 vero,
2946 3107 3125 3162 quam
3173 3091 3452 3163 suscepit,
3487 3091 3717 3150 similis
3768 3098 3854 3151 est

2185 3181 2345 3235 carni
2378 3184 2619 3247 nostrae;
2656 3184 2959 3251 peccatum
3001 3195 3134 3234 vero
3184 3196 3557 3251 nequaquam
3613 3180 3848 3251 habuit,

426 3269 734 3326 velaminis
763 3268 1117 3325 constitutus
1145 3273 1252 3340 est,
1275 3268 1455 3324 intrat
1484 3268 1640 3323 enim
1668 3268 1955 3339 sanguine
1987 3285 2075 3324 as-
2104 3257 2145 3323 C
2186 3271 2340 3341 quod
2372 3274 2572 3325 nostra
2593 3285 2725 3324 caro
2748 3269 2819 3323 de
2850 3268 3192 3340 parentibus
3216 3268 3523 3323 contraxit.
3549 3270 3710 3336 Quia
3740 3271 3854 3328 tale

427 3374 648 3431 persus,
681 3359 936 3431 proprio,
971 3375 1085 3413 non
1132 3357 1342 3423 alieno,
1378 3357 1530 3414 sicut
1577 3357 1884 3428 pontiﬁces
1916 3358 2070 3429 prio-

425 3463 538 3516 res,
573 3448 672 3519 qui
703 3446 989 3519 sanguine
1018 3462 1203 3501 vaccaa
1234 3447 1422 3501 rubra:
1453 3446 1931 3518 aspergebantur.

495 3559 523 3586 ‹‹
556 3530 681 3592 Non
711 3536 866 3591 enim
899 3536 1186 3590 habemus
1217 3534 1574 3607 pontificem,
1603 3535 1703 3606 qui
1736 3552 1853 3589 non
1884 3534 2069 3606 possit

421 3626 676 3698 compati
706 3623 1146 3679 inﬁrmitatibus
1177 3623 1413 3679 nostris.
1438 3645 1466 3673 »
1495 3623 1641 3688 Non,
1673 3622 1883 3693 inquit,
1906 3623 2066 3695 igno-

421 3719 513 3771 rat
533 3730 660 3786 quie
692 3717 892 3768 nostra
913 3716 1073 3768 sunt.
1094 3711 1269 3767 Venit
1297 3712 1453 3767 enim
1486 3728 1589 3782 per
1606 3711 1760 3765 viam
1793 3711 2062 3767 humanae

419 3802 791 3870 conditionis,
825 3818 926 3873 per
971 3800 1169 3856 omnia
1215 3801 1341 3856 sine
1378 3804 1633 3873 peccato,
1667 3799 1814 3855 nihil
1863 3817 2061 3856 secum

420 3892 687 3959 efferens,
720 3890 875 3946 unde
932 3889 1103 3945 morti
1158 3889 1386 3944 debitor
1431 3894 1607 3956 esset,
1641 3889 1792 3943 sicut
1844 3890 1968 3961 ipse
2002 3890 2059 3944 in

417 3978 726 4051 Evangelio
757 3983 1029 4049 testatur,
1056 3978 1294 4033 dicens:
1327 4000 1352 4028 (ι
1384 3977 1557 4032 Venit
1587 3978 1742 4032 enim
1786 3978 2059 4050 princeps

418 4069 598 4139 hujus
629 4068 856 4133 mundi,
884 4072 940 4122 et
965 4068 1023 4122 in
1056 4084 1149 4122 me
1179 4083 1294 4122 non
1324 4067 1501 4122 habet
1525 4066 1847 4138 quidquam
1872 4068 2057 4137 (Joan.

415 4176 533 4226 XIv,
557 4159 704 4229 30).»
727 4156 893 4213 Multi
920 4156 1223 4227 pontiﬁces
1248 4156 1519 4227 ignorant
1540 4171 1638 4211 eos
1660 4156 1759 4225 qui
1792 4156 1847 4211 in
1874 4157 2056 4212 tribu-

414 4242 733 4299 lationibus
762 4242 1065 4298 constituti
1095 4247 1253 4308 sunt,
1278 4259 1466 4313 neque
1493 4259 1618 4313 quae
1650 4243 1727 4296 sit
1756 4243 2056 4301 tribulatio

412 4332 474 4388 in
524 4332 786 4404 quolibet
837 4332 1031 4387 sciunt
1062 4347 1076 4386 :
1105 4330 1470 4403 impossibile
1510 4332 1725 4402 quippe
1771 4337 1858 4387 est
1906 4335 2055 4390 scire

411 4421 754 4481 afﬂictiones
779 4421 1150 4486 afﬁictorum,
1182 4420 1255 4488 ei,
1283 4422 1381 4491 qui
1412 4420 1871 4492 experimentum
1904 4424 2054 4478 afﬂi-

409 4509 619 4565 etionis
650 4527 763 4565 non
794 4509 1019 4577 habuit,
1052 4515 1107 4564 et
1140 4509 1496 4565 sensibiliter
1542 4509 1738 4564 omnia
1770 4527 1882 4565 non
1915 4528 2051 4567 sus-

2181 3358 2291 3413 fuit
2320 3358 2599 3430 originale
2630 3360 2934 3427 peccatum
2965 3357 3024 3411 in
3055 3371 3229 3412 carne
3259 3356 3435 3429 primi
3469 3356 3770 3428 hominis,
3792 3363 3853 3415 ut

2179 3448 2315 3503 inde
2345 3452 2401 3502 et
2444 3464 2631 3519 poena,
2665 3451 2722 3503 et
2769 3445 3091 3501 remedium
3140 3446 3264 3500 ﬁeri
3315 3446 3633 3518 potuisset.
3671 3448 3853 3506 Pcena

2177 3541 2234 3593 et
2284 3541 2585 3608 peccatum
2634 3535 2694 3590 in
2747 3534 2907 3605 omni
2956 3533 3214 3590 humano
3265 3550 3499 3606 genere,
3534 3543 3761 3608 praeter
3792 3539 3847 3594 in

2176 3626 2427 3695 Christo,
2458 3626 2519 3680 in
2552 3641 2667 3695 quo
2700 3623 2863 3679 salus
2894 3627 2949 3678 et
2998 3624 3321 3679 remedium
3355 3624 3481 3681 fuit.
3515 3625 3652 3681 Non
3686 3628 3844 3683 enim

2174 3715 2553 3786 praajudicata
2580 3718 2670 3767 est
2713 3728 2845 3767 caro
2877 3713 3187 3784 peccatrix,
3220 3718 3286 3767 ut
3316 3713 3451 3769 inde
3499 3716 3842 3773 remedium

2173 3805 2298 3858 ﬁeri
2331 3820 2445 3858 non
2478 3801 2782 3873 potuisset.
2819 3801 3162 3856 Praesciebat
3192 3802 3452 3873 potentia
3483 3803 3604 3870 Dei,
3628 3807 3840 3877 quali-

2170 3897 2258 3947 ter
2278 3909 2348 3948 ex
2368 3892 2572 3947 eadem
2596 3907 2811 3957 massa,
2838 3891 3095 3961 justitia,
3119 3889 3387 3962 aequitas,
3414 3895 3470 3946 et
3500 3891 3841 3951 misericor-

2170 3982 2287 4052 dia,
2320 3986 2493 4052 atque
2526 3980 2711 4052 pietas
2743 3979 3043 4052 provenire
3072 3979 3376 4050 potuisset.

2244 4093 2272 4120 ‹‹
2302 4070 2598 4124 Adeamus
2628 4084 2763 4139 ergo
2794 4084 2929 4123 cum
2952 4068 3167 4123 ﬁducia
3198 4069 3269 4123 ad
3293 4068 3569 4125 thronum
3603 4074 3834 4143 gratiae,

2170 4164 2233 4215 ut
2254 4157 2716 4216 misericordiam
2740 4173 3189 4227 consequamur,
3217 4161 3273 4212 et
3293 4157 3547 4228 gratiam
3571 4157 3838 4217 invenia-

2168 4267 2299 4304 mus
2351 4249 2408 4303 in
2459 4246 2674 4303 auxilio
2723 4250 3071 4317 opportuno.
3098 4269 3126 4296 »
3152 4246 3447 4302 Adeamus
3499 4263 3646 4320 ergo
3698 4266 3833 4306 cum

2166 4338 2400 4403 ﬁducia,
2423 4337 2531 4392 hoc
2553 4340 2643 4391 est
2661 4336 2943 4391 adeamus
2967 4352 3069 4406 per
3090 4335 3265 4389 ﬁdem
3290 4335 3360 4390 ad
3383 4334 3672 4392 thronum
3700 4355 3833 4411 gra-

2164 4428 2253 4481 tim
2286 4428 2432 4497 ejus.
2469 4426 2802 4480 Habeamus
2852 4423 3147 4490 ﬁduciam,
3170 4424 3439 4494 quamvis
3480 4432 3833 4496 peccatores

2162 4515 2370 4581 simus,
2389 4531 2489 4585 per
2510 4514 2637 4583 ejus
2659 4512 2910 4583 gratiam
2934 4511 3291 4567 reconciliari
3315 4528 3514 4582 posse;
3547 4512 3599 4569 si
3623 4518 3831 4572 tamen

405 4598 602 4689 tinuit.
635 4598 890 4689 Pontifex
906 4602 1108 4689 autem
1140 4602 1340 4653 noster
1368 4603 1761 4689 competenter
1791 4600 2049 4671 primum
2080 4624 2128 4689 D
2160 4605 2385 4659 fruetus
2416 4603 2627 4673 dignos
2656 4601 2971 4657 fecerimus
3011 4599 3383 4670 poenitentiae,
3408 4603 3467 4655 et
3501 4600 3689 4659 ﬁdem
3725 4606 3830 4660 fir-

405 4687 605 4742 omnia
662 4687 964 4750 sustinuit,
998 4704 1126 4758 quas
1186 4690 1420 4742 fuerunt
1479 4687 1747 4742 humanae
1804 4689 2049 4744 miseriae

403 4774 569 4830 illata
616 4780 748 4847 post
796 4780 1099 4846 peccatum
1149 4775 1318 4845 primi
1369 4775 1646 4842 hominis,
1682 4780 1741 4831 et
1787 4782 1927 4832 tunc
1976 4780 2046 4834 ad

402 4863 684 4919 interiora
705 4862 1011 4919 velaminis
1037 4864 1110 4918 ad
1133 4864 1409 4918 thronum
1442 4869 1691 4935 paternae
1724 4868 2047 4937 majestatis

404 4966 573 5006 ascen
584 4952 687 5007 dit.

474 5061 503 5089 «
535 5041 846 5096 Tentatum
876 5044 1069 5095 autem
1122 5056 1222 5111 per
1263 5040 1461 5095 omnia
1507 5058 1610 5111 pro
1660 5042 2043 5101 similitudine

400 5126 621 5199 absque
654 5134 905 5200 peccato.
934 5152 962 5179 »
999 5130 1279 5183 Tentatus
1310 5133 1505 5183 autem
1539 5130 1826 5200 siquidem
1862 5134 2043 5189 diver-

398 5215 483 5269 sis
513 5216 722 5285 modis,
768 5219 867 5272 sed
920 5234 1035 5272 non
1088 5222 1417 5288 superatus.
1449 5219 1511 5271 In
1561 5220 2040 5279 tribulationibus

395 5302 700 5371 probatus,
723 5306 939 5376 ubique
976 5306 1159 5360 victor
1188 5306 1495 5376 gloriosus.
1523 5308 1803 5363 Tentatus
1849 5316 1937 5365 est
1989 5312 2037 5367 si

393 5388 631 5457 quidem
664 5406 764 5459 pro
794 5393 1176 5449 similitudine
1199 5396 1390 5449 carnis
1420 5396 1641 5467 absque
1664 5404 1916 5468 peccato.
1942 5401 2035 5455 Si-

393 5474 727 5532 militudine
755 5478 949 5552 itaque
996 5483 1188 5536 carnis
1220 5484 1471 5554 peccati;
1504 5487 1604 5540 sed
1656 5491 1850 5542 tamen
1898 5506 2033 5546 caro

390 5560 549 5617 illius
574 5562 793 5635 absque
815 5570 973 5624 omni
999 5576 1231 5641 peccato
1258 5572 1385 5628 fuit.
1410 5574 1768 5646 Quapropter
1789 5577 1858 5632 de
1887 5578 2030 5633 scri-

389 5650 581 5729 pturis
628 5666 875 5725 agnosco
913 5658 1292 5732 dissimilem;
1327 5661 1398 5719 de
1443 5663 1749 5737 scripturis
1797 5682 2027 5725 mecum

2162 4710 2317 4747 mam
2351 4708 2539 4762 usque
2576 4691 2636 4745 in
2668 4692 2846 4745 ﬁnem
2896 4694 3223 4745 teneamus.
3257 4690 3422 4745 Nunc
3467 4706 3607 4746 vero
3661 4693 3831 4749 sedet

2160 4782 2418 4853 pontifex
2447 4785 2643 4835 noster
2662 4780 2838 4834 Jesus
2874 4778 3049 4833 Filius
3070 4779 3127 4832 in
3152 4778 3361 4833 throno
3384 4779 3619 4851 gratiae;
3659 4798 3828 4852 para-

2155 4877 2253 4926 tus
2270 4875 2358 4926 est
2381 4869 2682 4940 indulgere
2704 4867 2957 4939 peccatis
2981 4868 3196 4922 nostris
3221 4867 3280 4922 in
3303 4871 3639 4938 opportuno
3665 4870 3824 4926 auxi-

2156 4960 2253 5015 lio.
2277 4960 2684 5031 Opportunum
2706 4962 2939 5027 tempus
2962 4961 3049 5011 est
3074 4956 3294 5025 auxilii,
3318 4956 3821 5015 etmisericordia

2153 5048 2336 5114 illius,
2369 5050 2522 5104 sicut
2568 5048 2678 5102 iste
2709 5047 2910 5101 doctor
2956 5046 3226 5117 egregius
3275 5044 3387 5100 alio
3436 5046 3587 5101 dixit
3638 5049 3814 5105 loco:

2154 5162 2181 5188 ‹‹
2214 5140 2357 5193 Ecce
2407 5153 2563 5191 nunc
2612 5140 2843 5206 tempus
2890 5134 3265 5204 acceptabile,
3301 5150 3430 5189 ecce
3478 5152 3646 5191 nunc
3692 5138 3818 5193 dies

2150 5227 2357 5281 salutis
2382 5225 2458 5296 (II
2488 5226 2607 5279 Cor.
2632 5242 2709 5289 v1,
2736 5224 2812 5293 2).
2846 5245 2871 5271 ››
2903 5224 2969 5276 Et.
3003 5222 3283 5293 propheta
3314 5221 3500 5277 multo
3532 5233 3675 5280 ante
3708 5226 3819 5281 hoc

2149 5317 2302 5370 idem
2335 5313 2534 5370 auxilii
2567 5312 2878 5384 opportuni
2926 5316 3159 5381 tempus
3191 5311 3532 5382 signiﬁcans
3558 5329 3608 5366 ;‹‹
3642 5315 3815 5369 Tem-

2145 5422 2302 5475 pore,
2328 5403 2541 5475 inquit,
2567 5406 2894 5473 opportuno
2921 5400 3186 5455 exaudivi
3208 5404 3283 5467 te,
3310 5404 3366 5454 et
3395 5399 3452 5454 in
3476 5399 3574 5455 die
3596 5402 3817 5458 salutis

2144 5493 2335 5562 adjuvi
2372 5498 2426 5548 te
2454 5493 2577 5565 (13a.
2600 5508 2752 5557 xux,
2784 5492 2860 5560 8).
2884 5508 2908 5539 η
2950 5490 3019 5543 Et
3049 5505 3203 5543 nunc
3251 5494 3383 5560 post
3429 5489 3812 5560 baptismum

2141 5585 2448 5653 peccantes
2492 5580 2749 5637 invenire
2799 5577 3284 5649 misericordiam,
3309 5577 3357 5633 si
3389 5577 3811 5650 pmnitentiam

2138 5670 2379 5742 egerint,
2400 5670 2599 5744 gratia
2620 5672 2709 5725 est
2735 5666 2893 5724 illius
2928 5666 3027 5742 qui
3055 5667 3203 5724 sedit
3233 5666 3290 5724 in
3319 5666 3533 5725 throno
3565 5671 3798 5745 gratia,
