3898 6402
49 477 168 540 753

638 477 1056 543 EXPOSITIO
1098 480 1175 542 IN
1225 480 1658 544 EPISTOLAS
1704 478 1967 542 PAULI.
2007 515 2082 526 -—
2111 482 2189 543 IN
2236 481 2486 546 EPIST.
2531 482 2634 545 AD
2679 482 2915 544 HEBR.

3370 479 3489 543 754

50 611 215 679 Quod
238 627 380 669 vero
401 610 664 686 pontifex
685 613 876 669 factus
898 616 986 669 est
1006 631 1110 686 pro
1136 616 1617 687 uobis,magnum
1640 618 1728 670 est
1756 612 1815 681 Α
1844 617 2135 686 quomodo
2160 616 2291 689 quis
2314 618 2384 673 ad
2410 616 2803 673 sacerdotium
2826 614 3097 671 accedere
3118 613 3344 684 debeat,
3365 635 3393 664 «
3416 627 3490 669 ne

51 701 420 758 humilitatis
452 702 763 771 indicium,
796 720 975 775 quam
1009 721 1077 759 ex
1110 711 1308 760 nostra
1338 705 1598 776 suscepit
1628 723 1725 759 na—

51 796 207 859 tura,
237 807 357 846 non
391 808 516 846 suae
547 792 913 857 substantire,
949 810 1125 863 quam
1168 794 1341 848 habet
1374 794 1724 849 mterualiter

53 897 188 936 cum
216 879 427 936 Patre:
455 880 548 935 cui
570 898 676 936 nos
696 882 869 936 fidem
895 898 1028 936 cum
1057 884 1269 937 fiducia
1299 883 1580 937 bonitatis
1603 900 1720 936 suae

53 972 379 1025 aﬂ'eramus
422 969 536 1025 hoc
590 976 919 1041 opportuno
968 976 1250 1043 tempore,
1303 989 1435 1026 cum
1472 973 1629 1027 sedet
1662 971 1717 1024 in

55 1060 256 1132 gratias
290 1059 526 1126 throno,
552 1063 608 1113 et
639 1059 837 1114 omnia
856 1060 1082 1129 tribuit,
1113 1078 1239 1132 quae
1265 1062 1432 1116 nobis
1464 1063 1534 1115 ad
1570 1060 1719 1114 salu-

53 1155 170 1204 tem
202 1149 602 1221 provenirent.
628 1148 797 1204 Modo
824 1153 1058 1219 tempus
1082 1156 1171 1205 est
1193 1152 1480 1205 donorum
1508 1167 1520 1216 ;
1548 1166 1719 1204 nemo

56 1238 123 1293 de
155 1255 219 1293 se
253 1238 382 1309 ipso
415 1238 704 1308 desperet.
738 1239 1077 1294 Timeamus
1112 1239 1387 1294 thronum
1428 1240 1719 1310 aequitatis

54 1328 206 1397 eius,
244 1343 384 1382 cum
414 1326 640 1381 venerit
663 1327 932 1397 judicare
964 1328 1161 1384 omnia
1193 1330 1515 1383 secundum
1538 1330 1717 1401 justi-

55 1417 201 1473 tiam
222 1434 238 1481 ;
263 1420 323 1471 et
336 1420 477 1471 tunc
497 1416 607 1471 erit
625 1417 1050 1488 desperationis
1070 1422 1322 1489 tempus,
1345 1437 1419 1472 nu
1435 1436 1501 1472 nc
1524 1419 1717 1473 nolen-

54 1508 215 1563 tibus
248 1504 509 1562 converti
544 1507 615 1561 ad
649 1507 847 1562 sedem
880 1507 1101 1579 gratiis,
1132 1524 1261 1561 cum
1286 1507 1584 1562 thalamus
1612 1507 1719 1562 erit

55 1597 327 1663 clausus,
361 1600 717 1666 tantumque
748 1613 883 1650 eum
915 1613 1131 1668 sponso
1172 1599 1583 1663 remanebunt,
1617 1595 1717 1667 qui

51 1687 325 1741 lucentes
356 1685 491 1741 boni
528 1685 722 1756 operis
755 1686 997 1740 afferent
1034 1684 1358 1757 lampades.

124 1779 285 1843 (CAP.
317 1774 409 1847 V).
441 1794 463 1823 α
496 1773 703 1830 Omnis
730 1791 986 1845 namque
1007 1776 1265 1846 pontifex
1286 1791 1355 1829 ex
1380 1774 1720 1829 hominibus

50 1868 426 1936 assumptus,
452 1879 558 1935 pro
581 1863 924 1918 hominibus
948 1864 1326 1918 constituitur
1358 1863 1417 1917 in
1450 1863 1561 1927 his,
1592 1880 1719 1934 quae

1835 704 2151 775 quisquam
2185 707 2284 773 ait,
2322 710 2518 762 sumat
2540 706 2651 761 sibi
2684 707 2965 761 honorem
2990 704 3091 759 sed
3117 702 3219 775 qui
3248 706 3490 758 vocatur

1835 811 1869 849 a
1898 794 2011 849 Deo
2044 799 2326 866 tanquam
2358 798 2567 851 Aaron.
2600 816 2625 847 ιι
2664 795 2768 850 Hic
2799 795 2976 849 etiam
3012 793 3260 864 percutit
3296 808 3488 848 sacer-

1835 884 1997 937 dotes
2032 885 2267 939 honoris
2299 885 2544 956 cupidos
2578 890 2635 939 et
2667 883 2972 940 saeerdotii
3004 882 3354 949 avidos,non
3386 897 3487 953 pro

1836 972 2023 1028 salute
2048 974 2376 1045 populi,sed
2402 992 2503 1045 pro
2527 974 2844 1029 ambitione
2868 970 3277 1042 saeculi.lgitur
3295 976 3485 1025 Aaron

1836 1066 2071 1117 vocatus
2093 1069 2193 1117 est
2224 1080 2256 1118 a
2286 1064 2400 1118 Deo
2425 1065 2592 1136 signo
2618 1061 2876 1118 florentis
2896 1061 3092 1133 virgae,
3127 1061 3487 1115 demonstra-

1830 1154 1928 1205 tus
1962 1157 2043 1205 est
2072 1153 2430 1207 sacerdotem
2465 1171 2497 1207 a
2519 1154 2633 1207 Deo
2668 1169 2795 1207 esse
2818 1150 3089 1217 electum,
3115 1149 3291 1203 etiam
3324 1152 3379 1202 et
3400 1147 3488 1201 in-

1831 1241 1971 1294 cend
1986 1240 2036 1293 io
2050 1258 2249 1295 eorum
2263 1286 2275 1305 ,
2298 1242 2397 1312 qui
2418 1243 2544 1311 ejus
2569 1239 2866 1312 pontificio
2891 1236 3485 1294 inviderevoluerunt.

1911 1350 1931 1377 α
1969 1330 2061 1384 Sic
2091 1334 2146 1383 et
2177 1330 2473 1385 Christum
2510 1347 2623 1385 non
2654 1330 3036 1399 semetipsum
3060 1325 3488 1392 clariﬁcavit,ut

1832 1418 2092 1490 pontifex
2125 1420 2307 1485 fieret,
2354 1420 2454 1474 sed
2488 1419 2588 1490 qui
2619 1418 2849 1473 locutus
2877 1423 2965 1472 est
2995 1417 3067 1470 ad
3099 1431 3268 1482 eum;
3304 1412 3485 1470 Filius

1833 1524 1999 1563 meus
2030 1526 2091 1563 es
2123 1513 2207 1575 tu,
2244 1526 2349 1581 ego
2400 1508 2570 1564 hodie
2594 1508 2769 1579 genui
2792 1512 2868 1563 te.
2897 1528 2925 1556 »
2952 1506 3069 1561 Hoc
3100 1509 3209 1571 est,
3245 1503 3399 1574 quod
3424 1502 3485 1557 in

1829 1599 2141 1669 Evangelio
2173 1599 2295 1670 ipse
2315 1600 2431 1655 ait:
2463 1622 2492 1651 «
2522 1599 2647 1655 Non
2671 1599 2827 1654 enim
2859 1616 2892 1655 a
2922 1615 3014 1655 me
3042 1598 3169 1669 ipso
3197 1596 3350 1661 veni,
3382 1595 3484 1651 sed

1831 1687 1927 1743 ille
1960 1706 2051 1743 me
2080 1689 2244 1743 misit
2274 1690 2450 1761 (Joan.
2480 1707 2601 1756 vm,
2637 1688 2746 1759 42).
2785 1710 2814 1739 ››
2846 1693 2912 1743 Et
2942 1688 3153 1743 iterum
3180 1703 3192 1742 :
3228 1709 3255 1735 «
3289 1687 3348 1743 Si
3380 1703 3486 1760 ego

1832 1776 2095 1848 gloriﬁco
2129 1778 2442 1849 meipsum.
2478 1778 2662 1849 gloria
2712 1795 2843 1833 mea
2873 1776 3020 1833 nihil
3053 1780 3179 1832 est:
3211 1780 3300 1832 est
3328 1776 3486 1832 enim

1834 1867 2128 1938 Pater,qui
2155 1866 2442 1938 glorificat
2477 1885 2572 1921 me
2601 1867 2788 1937 (Ibz'd.,
2819 1866 2932 1937 54).
2968 1888 2996 1915 ››
3030 1865 3366 1920 Notandum
3398 1869 3489 1921 est

54 1959 201 2009 sunt
219 1953 295 2050 ad
318 1957 525 2050 Deum.
552 1975 573 2043 ι
603 1951 744 2050 Vult
773 1953 1080 2050 ostendere
1098 1953 1223 2023 jam
1250 1954 1455 2050 beatus
1485 1952 1716 2020 Paulus,
1750 1985 1800 2050 B
1832 1957 1986 2027 quod
2024 1955 2373 2028 gloriﬁcare,
2405 1960 2463 2011 et
2493 1955 2899 2020 honorificam,
2932 1958 2989 2011 et
3018 1953 3355 2024 clariﬁcare,
3373 1954 3487 2010 tria

53 2041 341 2115 quoniam
372 2040 797 2096 multo’melius
822 2045 910 2095 est
931 2042 1378 2096 Testamentum
1401 2041 1528 2108 hoc,
1545 2058 1718 2112 quam

52 2132 279 2198 Vetus;
313 2131 455 2202 quia
482 2129 633 2185 nihil
657 2129 715 2184 in
743 2129 851 2184 hoc
878 2134 965 2183 est
987 2129 1430 2200 imaginarium,
1464 2134 1525 2185 ut
1560 2134 1718 2201 puta,

54 2239 171 2278 non
205 2218 500 2292 templum
533 2218 854 2290 corporale,
888 2235 1003 2273 non
1027 2218 1273 2272 victima:
1309 2220 1719 2283 carnales,non

55 2310 501 2367 obserxationes
552 2307 787 2379 legales,
849 2307 947 2362 sed
1009 2306 1219 2362 altiora
1273 2313 1329 2362 et
1378 2307 1722 2379 perfectiora

55 2400 296 2466 omnia;
332 2399 473 2470 quia
504 2402 695 2453 totum
720 2396 1006 2470 quidquid
1034 2402 1124 2452 est
1149 2398 1201 2451 in
1229 2396 1613 2469 spiritalibus,
1635 2402 1722 2452 est

52 2491 237 2561 hujus
265 2487 628 2544 Testamenti
662 2487 830 2542 ratio.
864 2487 975 2541 Sed
1008 2486 1147 2556 quia
1168 2486 1456 2557 spiritalia
1489 2504 1603 2541 non
1640 2486 1721 2542 sic

52 2579 453 2635 introducunt
481 2576 772 2642 inﬁrmos,
796 2576 952 2631 sicut
973 2575 1317 2646 corporalia,
1352 2577 1423 2631 de
1456 2593 1722 2648 corpora-

52 2669 208 2724 libus
244 2666 407 2722 enim
434 2665 753 2736 incipiebat
802 2665 1125 2736 dieputare,
1177 2663 1418 2720 dicens:
1454 2689 1480 2715 «
1516 2666 1721 2721 Omnis

56 2773 316 2829 namque
346 2754 608 2827 pontifex
628 2771 695 2809 ex
720 2753 1062 2809 hominibus
1086 2759 1446 2825 assumptus,
1483 2772 1584 2827 pro
1616 2754 1719 2809 ho-

57 2847 323 2903 minibus
347 2843 779 2901 constituitur.»
812 2842 1191 2899 Deﬁnitenim
1210 2844 1467 2915 primum
1492 2846 1629 2914 quid
1647 2844 1724 2899 sit

57 2936 345 3009 pontifex,
373 2938 430 2990 et
460 2935 830 2989 demonstrat
862 2950 989 3003 quae
1023 2933 1351 3005 pertineant
1381 2935 1449 2987 ad
1484 2933 1720 3008 pontifi-

58 3043 207 3094 cem,
232 3029 291 3081 et
311 3024 470 3095 quod
500 3022 578 3078 sit
597 3024 724 3092 eius
743 3022 1163 3087 ministerium,
1186 3028 1241 3076 et
1267 3039 1391 3093 qum
1416 3024 1528 3077 sint
1553 3022 1722 3092 signa

59 3115 466 3188 pontiﬁcatus,
496 3113 555 3167 id
590 3117 698 3183 est,
737 3134 758 3163 α
805 3115 869 3166 ut
894 3112 1126 3167 ofl'errat
1166 3112 1319 3166 dona
1349 3116 1405 3165 et
1436 3111 1723 3166 sacrificia

60 3202 517 3277 propitiationis,
551 3207 608 3257 et
638 3206 702 3256 ut
732 3200 1040 3257 condolere
1088 3202 1275 3273 possit
1305 3200 1396 3255 his
1429 3200 1530 3272 qui
1561 3201 1721 3267 igno-

58 3298 192 3349 rant
221 3297 280 3348 et
308 3295 508 3347 errant
537 3309 550 3359 ;
575 3290 854 3363 quoniam
878 3295 933 3345 et
952 3289 1079 3361 ipse
1105 3289 1504 3344 circumdatus
1522 3293 1606 3345 est
1632 3291 1719 3343 in-

1834 2045 2075 2116 quidem
2107 2047 2302 2112 verba,
2339 2047 2438 2100 sed
2462 2063 2554 2101 res
2579 2062 2696 2099 una
2725 2049 2813 2099 est
2834 2044 3012 2115 quod,
3036 2044 3228 2099 Grazce
3248 2042 3482 2113 dicitur,

1833 2135 2020 2189 doxan
2054 2134 2236 2205 (1406)
2266 2152 2277 2200 ;
2315 2136 2415 2189 sed
2448 2134 2837 2204 interpretum
2865 2133 3146 2187 varietate
3179 2130 3367 2196 aliter,
3399 2135 3485 2186 at-

1833 2240 1946 2294 que
1978 2222 2146 2278 aliter
2177 2222 2433 2293 positum
2480 2222 2543 2277 in
2593 2221 2819 2277 Latino.
2863 2221 3025 2285 Quod
3083 2220 3143 2275 in
3174 2218 3485 2292 Evangelia

1833 2312 2054 2366 dictum
2089 2316 2194 2381 est,
2230 2335 2255 2361 «
2293 2310 2578 2383 glorifico,
2603 2332 2630 2361 «
2662 2310 2757 2365 hic
2775 2307 3093 2382 Apostolus
3126 2307 3489 2365 clarificatio-

1832 2418 1963 2455 nem
1996 2401 2284 2455 nominat.
2318 2400 2688 2455 Clariﬁcatus
2718 2402 2808 2453 est
2849 2415 2985 2469 ergo
3017 2396 3201 2453 Filius
3232 2414 3265 2451 a
3299 2397 3485 2465 Patre,

1833 2491 2067 2562 quando
2102 2507 2278 2561 super
2308 2490 2668 2561 baptizatum
2699 2505 2809 2543 vox
2843 2487 3033 2543 Patris
3066 2486 3266 2541 audita
3296 2491 3387 2541 est
3417 2486 3490 2541 de

1833 2579 2032 2635 caelis:
2069 2603 2094 2629 ‹‹
2131 2579 2233 2634 Hic
2267 2583 2355 2633 est
2391 2578 2570 2634 Filius
2601 2594 2769 2633 meus
2799 2576 3069 2643 dilectus,
3096 2575 3155 2630 in
3191 2591 3305 2646 quo
3342 2573 3487 2629 mihi

1834 2670 1981 2724 bene
2011 2667 2338 2740 complacui
2370 2667 2593 2739 (Matth.
2627 2684 2713 2737 ιιι,
2748 2668 2812 2721 17
2839 2684 2852 2734 ;
2885 2669 3015 2721 Luc.
3050 2666 3140 2731 III,
3161 2664 3274 2735 22).
3301 2685 3328 2713 »
3351 2662 3486 2727 Quae

1833 2757 2172 2813 clariﬁcatio
2197 2758 2458 2829 quidem,
2479 2757 2599 2811 sive
2629 2754 2974 2828 gloriﬁcatio
3005 2753 3191 2808 multo
3223 2744 3358 2808 ante
3387 2769 3491 2824 per

1833 2846 2430 2919 Prophetam,Spiritu
2464 2849 2666 2901 sancto
2698 2843 3044 2915 inspirante,
3063 2840 3341 2914 praedicta
3361 2843 3484 2896 est:

1834 2960 1860 2986 ‹‹
1896 2936 2181 2990 Dominus
2224 2935 2367 2989 dixit
2416 2935 2487 2989 ad
2541 2951 2667 2989 me:
2732 2932 2915 2987 Filius
2971 2947 3137 2986 meus
3168 2946 3230 2985 es
3261 2933 3347 2997 tu,
3381 2945 3487 3001 ego

1832 3025 2004 3080 hodie
2036 3025 2212 3096 genui
2242 3028 2298 3078 te
2343 3024 2515 3095 (Psal.
2567 3040 2629 3090 ιι,
2661 3021 2737 3092 7).
2774 3042 2802 3070 »
2846 3020 3160 3075 Dominum
3194 3016 3489 3089 significat

1833 3113 2479 3168 Patrem.Attendamus
2501 3114 2696 3165 autem
2728 3107 2883 3179 quod
2910 3105 3145 3179 posuit:
3184 3127 3212 3155 «
3239 3104 3393 3160 Dixit
3414 3105 3487 3159 ad

1834 3218 1925 3256 me
1949 3201 2130 3255 Filius
2164 3217 2331 3254 meus
2389 3215 2451 3254 es
2490 3202 2595 3265 tu;
2630 3219 2658 3246 »
2717 3196 2871 3267 quod
2929 3194 3104 3249 etiam
3137 3193 3188 3249 ei
3220 3193 3488 3248 dicturus

1834 3296 1959 3346 erat
1991 3294 2121 3363 post
2150 3288 2552 3359 baptismum:
2585 3309 2612 3336 «
2646 3286 2750 3341 Hic
2780 3289 2869 3340 est
2898 3282 3081 3340 Filius
3113 3299 3278 3338 meus
3311 3280 3488 3336 dilec-

60 3382 363 3438 ﬁrmitate.
398 3404 425 3430 ‹‹
459 3354 780 3453 Oportebat
801 3380 958 3434 enim
979 3354 1057 3433 de
1088 3377 1507 3433 excellentibus
1540 3383 1720 3433 terre-
1752 3354 1796 3422 (ἶ
1834 3354 2018 3446 tus,in
2055 3395 2170 3450 quo
2204 3354 2345 3432 mihi
2382 3374 2729 3448 complacui.
2765 3396 2793 3423 »
2824 3374 2943 3428 Hoc
2977 3373 3195 3443 itaque,
3232 3375 3298 3426 ut
3326 3369 3490 3425 Chri-

60 3473 151 3527 nis
185 3473 363 3526 fidem
398 3471 606 3535 facere,
642 3474 708 3524 ut
743 3470 813 3523 ad
847 3468 1253 3523 exeellentiora
1276 3467 1563 3538 spiritalia
1595 3484 1725 3539 per-

65 3562 261 3617 venire
291 3564 554 3632 possent,
589 3562 655 3613 ut
693 3575 761 3613 ex
811 3562 1089 3612 consueto
1143 3558 1512 3611 sacerdotum
1543 3573 1723 3624 more,

64 3651 162 3722 qui
196 3650 256 3704 in
288 3650 414 3721 lege
449 3648 560 3702 fuit
580 3648 649 3702 ad
674 3646 934 3713 altius,id
964 3652 1073 3711 est,
1097 3646 1311 3701 Christi
1334 3646 1725 3701 sacerdotium

67 3758 164 3796 eos
194 3738 565 3811 perduceret,
599 3736 701 3808 qui
734 3736 927 3791 adhuc
956 3735 1175 3790 inﬁrmi
1216 3736 1474 3801 fuerunt,
1508 3740 1563 3789 et
1595 3753 1726 3807 pro-

65 3828 389 3901 pemodum
420 3825 706 3881 carnales.
749 3824 1046 3880 Pontificis
1094 3825 1294 3895 itaque
1325 3826 1583 3880 officium
1618 3829 1725 3892 est,

65 3920 216 3973 inter
247 3916 437 3972 Deum
472 3920 628 3970 stare
656 3918 712 3970 et
742 3913 1051 3986 populum,
1075 3913 1261 3969 Deum
1295 3914 1590 3985 deprecari
1626 3932 1728 3986 pro

68 4005 271 4079 populi
303 4004 573 4060 delictis:
626 4004 736 4058 hoc
768 4004 922 4059 enim
963 4002 1230 4058 Christus
1280 4003 1433 4073 fecit,
1466 4005 1727 4074 seipsum

71 4098 321 4152 offerens
353 4111 459 4167 pro
482 4093 737 4165 peccatis
761 4092 1238 4164 nostris,semper
1257 4093 1417 4148 vivus
1441 4094 1511 4147 ad
1544 4094 1729 4148 inter—

70 4185 418 4258 pellandum
452 4199 555 4255 pro
587 4182 778 4247 nobis,
812 4181 991 4237 semel
1023 4198 1093 4236 ex
1129 4181 1468 4237 hominibus
1499 4200 1731 4238 assum-

73 4280 229 4347 ptus,
266 4273 371 4329 sed
404 4288 637 4344 semper
658 4286 761 4343 pro
790 4270 1133 4325 hominibus
1154 4270 1733 4343 interpellans.Ponit

74 4364 169 4419 hic
188 4360 513 4435 Apostolus
526 4361 691 4432 quand
702 4377 793 4414 am
809 4360 1149 4415 communia
1160 4359 1388 4415 Christo
1402 4378 1469 4414 cu
1482 4377 1536 4414 m
1551 4378 1735 4416 sacer-

72 4452 339 4516 dotibus,
375 4450 646 4522 quaedam
697 4465 830 4504 vero
889 4448 1117 4503 altiora.
1164 4448 1324 4511 Quod
1375 4448 1575 4520 itaque
1614 4450 1733 4505 ait:

74 4541 328 4597 «Omnis
344 4554 605 4610 namque
619 4536 875 4609 pontifex
892 4554 956 4592 ex
971 4536 1313 4592 hominibus
1327 4544 1691 4608 assumptus,
1708 4560 1734 4587 ››

75 4632 182 4687 hoc
215 4644 540 4686 commune
558 4632 666 4694 est,
689 4650 715 4677 ‹‹
732 4644 835 4698 pro
849 4626 1191 4680 hominibus
1211 4626 1657 4693 constituitur,»
1681 4633 1738 4682 et

1837 3475 1993 3523 stum
2013 3482 2184 3521 unam
2202 3481 2512 3536 personam
2537 3460 3250 3533 sentires,etunigenitum
3275 3457 3489 3513 Filium

1836 3555 1936 3611 Dei
1969 3555 2219 3626 adjecit:
2251 3578 2278 3604 «
2313 3554 2431 3625 Ege
2463 3552 2638 3607 hodie
2668 3551 2843 3623 genui
2865 3553 2941 3606 te.
2974 3571 3003 3599 ››
3037 3549 3157 3604 Hoc
3182 3548 3309 3619 jam
3341 3545 3489 3601 nihil

1841 3647 2014 3702 habet
2045 3660 2356 3699 commune
2388 3658 2522 3696 cum
2554 3640 2798 3705 caeteris,
2822 3637 2923 3711 qui
2954 3637 3058 3692 ﬁlii
3084 3633 3491 3707 dicuntur.qui

1838 3734 2171 3790 sacerdotes
2204 3730 2675 3804 appellantur,de
2700 3727 2915 3801 quibus
2938 3726 3160 3781 dictum
3184 3727 3306 3786 est;
3338 3723 3491 3795 «Ego

1837 3824 1953 3880 dixi
1981 3823 2098 3878 :Dii
2121 3821 2262 3877 estis
2295 3825 2350 3875 et
2378 3820 2482 3874 filii
2514 3818 2727 3875 excelsi
2751 3833 2956 3872 omnes
2991 3815 3167 3886 (Psal,
3202 3830 3386 3882 LXXXI,
3415 3813 3489 3879 6;

1836 3916 1993 3970 Joan.
2027 3931 2084 3979 ιι,
2116 3913 2246 3980 3ο4);
2284 3932 2311 3959 ››
2362 3910 2462 3964 sed
2521 3912 2708 3963 totum
2758 3911 2848 3961 est
2880 3903 3167 3977 unigeniti
3198 3901 3325 3957 Filii
3359 3917 3491 3973 pro-

1838 4002 2056 4075 prium.

1915 4116 1941 4140 ‹‹
1978 4087 2486 4155 Quemadmodum
2519 4088 2575 4140 et
2602 4083 2663 4138 in
2686 4082 2799 4137 alio
2831 4081 2958 4136 loco
2989 4078 3169 4135 dicit:
3202 4078 3290 4133 Tu
3313 4093 3375 4133 es
3394 4079 3493 4131 Sa-

1843 4182 2049 4237 cerdos
2079 4180 2138 4233 in
2186 4181 2466 4232 aeternum
2512 4173 2835 4229 secundum
2885 4169 3151 4225 ordinem
3183 4165 3495 4223 Melchise-

1842 4271 1987 4327 dech
2022 4269 2190 4341 (Psal.
2225 4284 2337 4335 crx,
2372 4267 2445 4335 4).
2484 4287 2511 4313 ››
2541 4263 2623 4317 Ad
2650 4277 2823 4334 quem
2843 4260 3067 4315 dictum
3099 4260 3188 4313 est
3214 4256 3325 4312 hoc
3349 4273 3362 4311 :
3386 4254 3494 4320 Qui

1844 4366 1931 4417 est
1954 4359 2280 4415 secundum
2302 4354 2566 4409 ordinem
2592 4348 3019 4406 Melchisedech
3035 4345 3231 4401 ?Nu|li
3254 4342 3498 4411 alii,nisi

1844 4455 2074 4506 tantum
2096 4443 2351 4519 pontifici
2380 4440 2662 4510 nostro,id
2688 4442 2798 4507 est,
2819 4434 3292 4493 Christo.0mnes
3315 4431 3495 4502 enim,

1847 4538 1947 4611 qui
1980 4542 2120 4592 tunc
2150 4536 2337 4602 erant,
2362 4529 2694 4585 sacerdotes
2718 4525 2951 4597 quando
2973 4523 3084 4578 hoc
3111 4520 3497 4577 vaticinatum

1848 4609 1978 4693 fuit,
2008 4626 2117 4681 sub
2149 4623 2274 4694 lege
2296 4623 2480 4675 erant.
2508 4614 2822 4688 Apostolus
2848 4612 3112 4669 scribens
3134 4611 3205 4666 ad
3228 4609 3500 4665 Hebraeos

78 4721 210 4790 hoc,
243 4742 273 4769 «
307 4723 378 4774 ut
409 4717 617 4772 otl'erat
637 4717 790 4770 dona
812 4721 867 4771 et
888 4714 1173 4771 sacrificia
1196 4732 1298 4787 pro
1324 4716 1593 4787 peccatis,
1631 4738 1657 4765 ››
1686 4720 1743 4771 et
1770 4723 1819 4789 D
1849 4720 2000 4774 hanc
2032 4709 2383 4783 interposuit
2430 4705 2913 4778 disputationem.
2958 4699 3201 4790 Nullum
3225 4701 3502 4790 poterunt

78 4812 205 4879 hoc,
242 4807 351 4865 sed
384 4822 501 4862 non
535 4804 1152 4876 totum.Reliquavero
1176 4822 1289 4859 non
1312 4808 1451 4859 sunt
1480 4822 1740 4860 commu-

77 4899 191 4965 nia,
226 4922 256 4949 κ
295 4896 401 4969 qui
437 4898 630 4967 potest
654 4893 963 4949 condolere
992 4893 1086 4948 his
1118 4892 1217 4964 qui
1250 4893 1583 4964 ignoranter
1604 4911 1739 4965 pec-

77 4993 231 5044 cant.
258 5009 289 5036 »
326 4985 434 5040 Hic
458 4985 587 5054 jam
619 4982 965 5038 excellentia
989 4986 1097 5049 est,
1122 4983 1193 5036 de
1219 4999 1335 5054 qua
1356 4982 1626 5054 superius
1655 4983 1741 5038 in-

77 5076 257 5149 priori
290 5072 592 5130 sententia
614 5071 793 5127 latius
825 5071 1164 5142 disputavit,
1201 5076 1255 5126 et
1288 5071 1416 5126 ideo
1440 5073 1741 5143 abjunxit:

79 5188 103 5213 α
136 5166 205 5219 Et
237 5166 558 5235 propterea
588 5159 783 5225 debet,
817 5159 1319 5230 quemadmodum
1372 5179 1473 5233 pro
1508 5160 1741 5232 populo,

79 5254 159 5309 ita
189 5253 373 5309 etiam
408 5266 514 5322 pro
547 5248 864 5321 semetipso
897 5250 1099 5304 oiierre
1125 5265 1227 5319 pro
1260 5251 1531 5320 peccatis.
1568 5273 1596 5301 ‹‹
1627 5250 1745 5305 Hoc

80 5359 216 5399 vero
247 5343 324 5399 ad
348 5339 689 5397 sacerdotes
719 5337 936 5410 legales
959 5336 1147 5409 magis
1178 5338 1449 5409 pertinet,
1475 5356 1651 5410 quam
1675 5339 1743 5393 ad

79 5432 412 5499 Christum,
447 5428 566 5484 nisi
598 5428 745 5483 forte
791 5426 925 5499 quis
958 5427 1112 5481 dicat
1144 5444 1327 5482 unum
1379 5443 1506 5481 esse
1537 5445 1747 5499 corpus

81 5522 298 5578 Christi
334 5525 392 5577 et
424 5517 722 5584 Ecclesiae,
759 5520 815 5572 et
835 5516 977 5571 dum
1011 5517 1176 5571 otI‘ert
1204 5534 1303 5588 pro
1339 5516 1613 5583 Ecclesia,
1645 5534 1748 5588 pro

82 5613 204 5667 suis
236 5612 419 5668 etiam
452 5606 738 5665 membris
773 5605 1114 5661 oﬂ‘erat.Sed
1140 5606 1259 5661 hazc
1288 5606 1539 5661 violenta
1570 5606 1750 5661 inter-

1852 4807 2031 4864 alium
2050 4814 2408 4875 quemquam
2424 4791 2867 4859 ostendere,nisi
2881 4789 3217 4863 pontiﬁcem
3232 4789 3498 4842 nostrum

1851 4897 1909 4953 id
1937 4897 2043 4961 est,
2069 4872 2396 4945 Christum.
2436 4881 2880 4949 Melchisedech,
2931 4877 3256 4936 secundum
3289 4872 3502 4947 legalia

1854 4984 2132 5042 mandata
2149 4997 2261 5034 non
2279 4974 2696 5038 fuitsacerdos,
2716 4971 2812 5027 sed
2839 4968 3165 5025 secundum
3187 4963 3499 5036 cujusdam

1854 5071 2173 5143 singularis
2222 5064 2527 5123 sacerdotii
2577 5059 2947 5131 dignitatem,
2998 5070 3209 5128 panem
3255 5052 3503 5108 offerens

1856 5140 1991 5229 Deo,
2026 5166 2081 5214 et
2105 5159 2328 5222 vinum,
2372 5172 2486 5208 non
2528 5153 2837 5205 brutorum
2889 5142 3233 5200 animalium
3266 5140 3503 5210 sangui-

1858 5268 1990 5307 nem
2017 5267 2029 5304 :
2063 5249 2133 5304 ad
2168 5247 2339 5316 cujus
2371 5242 2635 5297 ordinem
2668 5232 2978 5291 sacerdotii
3016 5230 3284 5286 Christus
3316 5230 3505 5284 factus

1857 5345 1945 5396 est
1999 5334 2294 5403 sacerdos,
2341 5323 2937 5399 nontemporalis,sed
2957 5319 3309 5390 aaternus,ad
3329 5334 3506 5392 quem

1857 5431 1965 5485 hoc
1998 5427 2219 5481 dictum
2250 5426 2374 5477 est:
2412 5442 2437 5469 «
2480 5420 2564 5472 'l‘u
2593 5434 2654 5471 es
2706 5413 2979 5470 sacerdos
3008 5411 3069 5466 in
3101 5412 3385 5464 aeternum
3416 5423 3507 5463 se-

1860 5518 2119 5573 cundum
2154 5511 2418 5567 ordinem
2444 5501 2891 5561 Melchisedech.
2921 5523 2949 5551 »
2973 5500 3190 5557 Omnes
3217 5498 3374 5554 enim
3396 5495 3507 5551 sub

1860 5608 1985 5678 lege
2008 5599 2515 5660 erantsacerdotes
2541 5621 2554 5663 ς
2576 5596 2683 5649 iste
2707 5592 2872 5647 solus
2894 5590 3217 5647 secundum
3241 5586 3507 5643 ordinem

84 5702 331 5773 pretatio
364 5697 553 5756 videri
577 5696 810 5770 poterit.
835 5695 1056 5751 Deinde
1082 5696 1384 5768 disputare
1415 5697 1753 5767 aggreditur
1861 5673 2310 5760 Melchisedech,
2343 5706 2412 5744 ex
2441 5704 2506 5742 eo
2539 5684 2691 5757 quod
2719 5687 2893 5737 natus
2924 5685 3015 5737 est
3044 5680 3115 5735 de
3146 5681 3309 5734 utero
3330 5673 3507 5746 virgi-

153 5812 343 5881 (1106)
375 5807 597 5878 Verbo,
633 5801 927 5878 δοξάζομαι
951 5804 1255 5876 gloriﬁcor,
1279 5808 1355 5876 et,
1381 5800 1507 5872 δόξα
1536 5804 1749 5877 gloria.
