3898 6412
319 418 440 478 759

1337 425 1676 485 ATTONIS
1725 426 2310 487 VERGELLENSIS
2357 428 2706 490 EPISCOPI

3624 437 3752 498 760

318 549 642 621 tiam.Quid
665 571 801 629 ergo
821 556 848 611 ?
869 557 1117 613 Exclusa
1139 563 1228 613 est
1246 559 1582 630 poenitentia
1603 563 1735 630 post
1757 559 1977 630 baptis-
2007 561 2061 624 Α
2096 558 2422 615 Fructifcrze
2456 566 2620 617 terrae
2654 563 2991 621 coelestibus
3021 565 3312 622 imbribus
3350 567 3611 641 irrigatae
3641 573 3754 626 ad-

326 661 491 700 mum
518 644 545 699 ‘?
574 645 767 700 Absit.
800 645 911 700 Sed
957 646 1250 701 renovatio
1282 663 1384 718 per
1415 648 1564 702 sacri
1597 649 1972 720 baptismatis

324 733 621 790 lavacrum
652 736 906 790 secunda
953 737 1073 791 vice
1105 735 1224 791 fieri
1277 755 1391 791 non
1427 740 1655 808 poterit.
1691 744 1976 797 Renovari

328 823 475 878 dixit
503 822 610 877 hoc
642 827 749 892 est,
801 841 1015 879 novum
1066 824 1210 878 ﬁeri.
1267 826 1491 881 Novum
1538 829 1755 900 quippe
1788 832 1978 886 facere

327 911 626 967 hominem
655 912 805 967 sacri
846 912 1218 984 baptismatis
1251 920 1357 981 est,
1391 915 1462 971 de
1513 933 1628 987 quo
1662 919 1976 990 Propheta-

331 999 449 1055 ait:
481 1022 501 1048 ι
537 1000 930 1055 Renovabitur
959 1000 1111 1055 sicut
1141 1003 1651 1074 aquilajuventus
1674 1012 1774 1063 tua
1804 1010 1977 1080 (Psal.

332 1105 428 1158 (:11,
461 1089 536 1158 5).
568 1106 595 1138 ι)
649 1089 828 1158 Cujus
880 1090 1084 1156 virtus,
1133 1092 1188 1145 id
1241 1099 1349 1157 est,
1402 1095 1775 1165 baptismatis
1807 1100 1978 1166 sacri,

334 1177 394 1233 in
453 1193 621 1231 cruce
679 1181 736 1232 et
792 1177 1093 1248 sepultura
1149 1181 1357 1236 Christi
1420 1190 1669 1240 constat.
1732 1188 1982 1244 Proinde

335 1265 674 1334 subjunxit:
732 1288 759 1316 α
813 1267 1068 1324 Rursum
1122 1272 1533 1341 cruciﬁgentes
1593 1275 1984 1349 sibimetipsis

336 1353 545 1410 Filium
579 1353 701 1422 Dei,
734 1359 790 1410 et
820 1359 1073 1412 ostentui
1122 1359 1431 1416 habentes.
1467 1387 1495 1413 «
1529 1364 1646 1420 Hoc
1675 1372 1782 1436 est,
1816 1372 1986 1423 vetus

334 1439 508 1496 homo
560 1445 760 1498 noster
806 1444 984 1499 simul
1043 1449 1357 1505 cruciﬁxus
1414 1456 1501 1506 est
1548 1469 1682 1507 cum
1715 1455 1982 1513 Christo:

337 1529 489 1585 sicut
520 1530 632 1586 alio
664 1531 746 1586 ait
772 1530 896 1588 loco
926 1552 938 1589 :
974 1557 1001 1584 ‹‹
1036 1536 1376 1594 Conformes
1421 1541 1576 1596 enim
1610 1544 1742 1598 facti
1779 1561 1988 1602 sumus

339 1619 546 1676 mortis
575 1621 705 1691 ejus
736 1623 911 1690 (Rom.
945 1641 1068 1692 VIII,
1099 1627 1210 1697 29).
1247 1650 1274 1676 »
1311 1632 1377 1682 Et
1408 1629 1620 1686 iterum
1651 1649 1664 1688 :
1716 1652 1736 1680 α
1770 1634 1988 1692 Conse-

341 1708 491 1779 pulti
514 1707 670 1764 enim
693 1710 835 1766 estis
865 1712 914 1767 ei
939 1730 1041 1784 per
1070 1715 1368 1786 baptisma
1397 1717 1457 1773 in
1486 1726 1734 1778 mortem
1758 1725 1900 1794 (Col.
1927 1743 1989 1792 11,

345 1797 454 1868 12).
493 1820 512 1846 ι
550 1798 713 1854 Sicut
741 1800 897 1856 enim
931 1802 1294 1873 impossibile
1324 1811 1413 1862 est
1439 1812 1698 1866 secundo
1729 1815 1991 1887 crucifigi

2086 649 2337 719 aequavit
2358 651 2755 720 proﬁcientem
2780 654 3034 708 animam
3063 655 3120 708 in
3137 656 3380 712 ﬂoribus
3402 662 3754 714 sanctorum

2089 737 2442 808 germinum,
2477 739 2679 795 dicens
2709 759 2721 796 :
2757 765 2783 790 ‹‹
2816 743 2995 797 Terra
3041 745 3198 799 enim
3230 761 3380 816 sape
3410 747 3752 803 venientem

2089 841 2268 896 super
2298 842 2359 881 se
2382 828 2629 883 imbrem
2656 830 2881 886 bibens.
2912 854 2938 881 ››
2971 833 3074 888 Hic
3099 834 3357 891 declarat
3379 838 3531 907 quod
3558 837 3646 904 bi,
3678 838 3754 892 ad

2091 930 2238 984 quos
2269 916 2317 969 ei
2369 933 2560 972 sermo
2611 919 2741 985 fuit,
2795 930 3181 993 susceperunt
3229 930 3287 979 et
3334 925 3757 981 combiberunt

2089 1003 2331 1058 verbum
2365 1005 2616 1062 cmlestis
2669 1010 2965 1077 doctrinas,
3021 1016 3078 1066 et
3126 1013 3338 1084 saepius
3398 1032 3500 1086 per
3529 1015 3757 1086 legem,

2091 1107 2194 1162 per
2223 1093 2536 1163 prophetas
2569 1104 2972 1169 perceperunt,
3012 1106 3068 1155 et
3099 1119 3202 1156 nec
3243 1103 3288 1158 si
3323 1105 3579 1175 prompti
3614 1105 3758 1159 facti

2093 1185 2231 1234 sunt
2251 1182 2514 1252 germina
2538 1185 2671 1239 ﬁdei
2704 1190 2980 1258 proferre.
3005 1191 3213 1247 Adhuc
3237 1192 3462 1248 addidit
3492 1193 3564 1247 de
3596 1194 3760 1248 bona

2093 1273 2268 1336 terra,
2302 1269 2360 1324 in
2393 1288 2569 1342 quam
2622 1276 2828 1330 cecidit
2879 1295 3075 1333 semen
3106 1281 3265 1335 verbi
3302 1281 3417 1336 Dei.
3455 1304 3482 1332 «
3513 1282 3757 1337 Germi-

2098 1373 2265 1423 naris,
2321 1359 2420 1424 ait,
2484 1362 2726 1418 herbam
2786 1372 3252 1437 opportunam.»
3292 1369 3446 1424 Nihil
3505 1373 3592 1426 sic
3650 1387 3760 1442 0p-

2097 1450 2442 1515 portunum,
2475 1450 2625 1505 sicut
2659 1452 2801 1508 fides
2847 1455 2904 1508 in
2939 1455 3079 1512 Filio
3111 1457 3232 1523 Dei,
3265 1464 3324 1514 et
3352 1460 3468 1514 vita
3497 1460 3756 1531 optima.

2099 1533 2228 1588 Haec
2259 1552 2392 1592 vero
2424 1537 2562 1594 talis
2610 1545 2764 1596 terra
2794 1543 3004 1614 accipit
3053 1546 3514 1603 benedictionem
3549 1565 3583 1602 a
3617 1548 3760 1617 Deo,

2099 1627 2166 1676 ut
2197 1623 2342 1679 ferat
2365 1626 2754 1698 tricesimum,
2791 1633 3244 1703 sexagesimum,
3268 1635 3442 1691 etiam
3475 1641 3534 1692 et
3558 1641 3761 1692 cente-

2102 1711 2317 1767 simum
2352 1715 2604 1772 fructum
2637 1719 2844 1788 (Matth.
2879 1739 3001 1790 x111,
3034 1724 3144 1793 2.3).
3179 1725 3248 1778 Et
3287 1725 3396 1780 hoc
3427 1726 3761 1781 notandum

2103 1806 2192 1855 est
2223 1804 2377 1872 quod
2409 1806 2601 1860 omnis
2635 1808 2994 1865 abundantia
3016 1811 3073 1866 in
3107 1813 3374 1884 frugibus
3407 1819 3575 1870 terrae
3610 1819 3673 1869 et
3703 1814 3761 1868 in

345 1885 643 1942 Christum
677 1887 806 1957 (hoc
839 1890 994 1944 enim
1027 1895 1111 1946 est
1142 1895 1397 1950 ostentui
1428 1913 1561 1953 eum
1593 1899 1849 1973 habere),
1892 1885 1992 1974 qui
2026 1922 2073 1986 Β
2105 1889 2396 1986 ἷξιυφρίδυε
2429 1895 2726 1986 arbqrum.
2783 1915 2899 1952 Ποῐι
2951 1899 3138 1967 aliter,
3174 1902 3287 1957 Πίεί
3319 1920 3422 1973 Per
3447 1903 3550 1958 Dei
3583 1904 3762 1958 bene“

349 1977 606 2034 secundo
630 1993 691 2031 se
714 1977 994 2050 baptizari
1019 1998 1189 2052 posse
1212 1988 1399 2055 putat,
1425 1989 1680 2045 secundo
1697 1991 1997 2048 Christum

353 2064 614 2135 crucifigi
644 2067 906 2136 requirit,
941 2069 1040 2139 qui
1073 2072 1250 2126 semel
1283 2075 1594 2132 crucifixus
1627 2084 1735 2145 est,
1769 2085 1825 2135 et
1846 2098 1997 2137 mor-

351 2157 511 2219 tuus,
545 2157 602 2208 et
629 2155 811 2209 victor
834 2157 1039 2212 mortis
1071 2163 1406 2232 resurrexit,
1432 2169 1606 2236 atque
1629 2184 1763 2223 cum
1792 2170 2000 2226 trium-

349 2241 466 2312 pho
497 2241 692 2313 gloriae
725 2243 899 2300 caelos
930 2248 1211 2302 ascendit.
1247 2251 1410 2306 Sicut
1435 2254 1589 2309 enim
1624 2258 1805 2313 semel
1835 2259 1998 2315 Chri-

350 2333 478 2385 stus
503 2335 770 2387 mortuus
793 2337 882 2387 est
903 2351 1076 2391 carne
1100 2336 1156 2391 in
1181 2341 1462 2406 cruce,sic
1488 2360 1592 2398 nos
1617 2347 1798 2402 semel
1818 2350 2000 2404 mori-

353 2434 486 2472 mur
515 2418 574 2473 in
603 2419 974 2490 baptismate,
1007 2441 1122 2479 non
1157 2443 1350 2497 carne,
1382 2431 1480 2485 sed
1519 2439 1772 2502 peccato.
1814 2439 2002 2508 Atque

351 2505 506 2561 sicut
535 2506 632 2562 ille
666 2509 811 2563 mori
862 2527 977 2565 non
1026 2514 1257 2584 poterit,
1317 2516 1397 2572 ita
1428 2536 1533 2574 nec
1585 2539 1688 2577 nos
1719 2524 2002 2594 baptizari

351 2611 692 2666 possumus,
726 2598 840 2652 nisi
872 2599 1138 2657 fortassis
1170 2602 1445 2676 lacrymis
1478 2609 1849 2679 paenitentiae,
1885 2630 1999 2668 non

350 2682 561 2740 lavacri
595 2688 1053 2757 regeneratione.
1087 2691 1235 2763 Ergo
1276 2693 1498 2765 inquis,
1549 2714 1663 2752 non
1696 2705 1784 2754 est
1815 2702 2000 2771 poeni-

351 2772 538 2827 tentia
562 2773 589 2828 ?
620 2778 736 2828 Est.
757 2775 869 2831 Sed
891 2778 1185 2847 baptisma
1208 2781 1366 2837 aliud
1401 2801 1516 2840 non
1539 2791 1645 2842 est.
1662 2789 2004 2846 Pmnitentia

352 2877 489 2916 vero
521 2865 630 2928 est,
662 2867 720 2917 et
749 2864 998 2920 multam
1047 2866 1222 2924 habet
1274 2871 1696 2941 fortitudinem,
1733 2877 1908 2931 etiam
1943 2879 2000 2933 in

356 2965 492 3004 eum
527 2950 628 3021 qui
655 2953 908 3022 peccatis
950 2954 1114 3011 valde
1161 2958 1454 3016 dimersus
1502 2968 1608 3018 est.
1642 2964 1701 3019 Si
1731 2964 2000 3035 voluerit,

357 3042 551 3111 potest
582 3037 815 3095 liberari
851 3043 920 3097 ab
954 3061 1128 3101 onere
1159 3054 1527 3118 peccatorum
1582 3056 1639 3107 et
1670 3054 2001 3124 periclitan-

356 3131 472 3181 tem
506 3127 564 3182 in
597 3132 723 3184 tuto
754 3131 1130 3199 constituere,
1164 3136 1396 3191 etiamsi
1424 3139 1494 3193 ad
1525 3139 1721 3210 ipsum
1758 3143 2001 3200 fundum

355 3215 685 3288 iniquitatis
715 3221 1062 3290 pervenerit.
1088 3224 1154 3276 Et
1176 3224 1284 3278 hoc
1308 3243 1376 3281 ex
1395 3226 1602 3282 multis
1623 3232 2000 3289 manifestum

2111 1979 2449 2048 dictionem,
2482 1983 2806 2039 cultoribus
2838 1988 2907 2041 ad
2961 1989 3319 2044 voluntatem
3351 1993 3643 2062 proficere
3664 2009 3762 2064 po-

2110 2067 2263 2122 terit.
2299 2069 2496 2141 Neque
2528 2073 2684 2127 enim
2713 2074 3099 2145 agricolarum
3123 2077 3233 2132 fuit
3262 2084 3479 2134 terram
3513 2080 3767 2135 excitare

2111 2157 2182 2210 ad
2217 2157 2462 2227 fruetus,
2496 2161 2593 2214 sed
2627 2161 2937 2233 imperium
2964 2165 3061 2220 Dei
3097 2166 3248 2221 sicut
3269 2167 3408 2222 alibi
3431 2168 3593 2224 idem
3636 2170 3769 2224 Pau-

2115 2244 2208 2299 lus
2241 2246 2323 2300 ait
2351 2263 2362 2300 :
2407 2269 2432 2299 α
2463 2249 2580 2319 Ego
2612 2249 2869 2320 plantavi
2901 2278 2914 2320 ;
2946 2253 3148 2324 Apollo
3172 2255 3417 2327 rigavit;
3446 2258 3550 2312 sed
3582 2258 3768 2313 incre-

2115 2340 2374 2389 mentum
2450 2336 2603 2393 Deus
2661 2340 2820 2394 dedit
2876 2343 2919 2408 (I
2975 2346 3099 2399 Cor.
3156 2362 3242 2413 111,
3297 2346 3377 2415 6).
3441 2367 3468 2394 »
3525 2346 3649 2402 Hoc
3704 2349 3770 2402 de

2112 2423 2310 2477 anima
2340 2425 2582 2481 ﬂorente
2638 2428 2696 2481 in
2754 2430 3088 2501 virtutibus,
3139 2439 3197 2488 et
3227 2434 3327 2504 Dei
3358 2435 3768 2491 benedictione

2113 2512 2286 2583 digne
2320 2514 2558 2582 protulit
2589 2520 2945 2589 exemplum.
2981 2522 3228 2593 Moxque
3264 2524 3573 2594 subjunxit
3604 2525 3765 2581 aliud

2114 2601 2676 2676 paradigma(l~’1ee8)
2709 2607 2779 2661 de
2810 2624 2898 2674 ea,
2949 2610 3048 2680 qui
3103 2628 3269 2665 suam
3323 2612 3573 2684 negligit
3605 2614 3767 2669 salu-

2113 2692 2252 2754 tem,
2285 2689 2484 2745 dicens
2514 2707 2526 2745 :
2569 2716 2588 2740 α
2625 2696 2932 2752 Proferens
2954 2704 3149 2753 autem
3175 2701 3376 2771 spinas
3399 2719 3464 2757 ac
3487 2702 3764 2769 tribulos,

2114 2777 2360 2846 reproba
2381 2784 2544 2834 estet
2567 2782 2871 2839 maledicto
2899 2788 3359 2859 proxima,eujus
3385 2807 3767 2847 consumma-

2113 2863 2192 2917 tio
2225 2863 2284 2918 in
2317 2869 2805 2926 combustionem.
2857 2897 2883 2923 »
2919 2875 3060 2940 Quis
3111 2893 3365 2948 namque
3408 2885 3496 2934 est
3529 2881 3605 2935 ab
3638 2881 3766 2936 istis

2114 2951 2298 3022 spinis
2331 2957 2587 3012 mundus
2610 2959 2636 3012 ‘P
2667 2965 2746 3014 Ac
2779 2961 2826 3016 si
2873 2979 3139 3020 essemus
3176 2968 3400 3035 mundi,
3455 2985 3652 3040 neque
3685 2971 3764 3024 sic

2114 3048 2612 3114 praesumptuosos
2661 3066 2766 3104 nos
2815 3057 3107 3122 oporteret
3153 3071 3304 3123 esse,
3337 3058 3438 3112 sed
3469 3057 3684 3114 timere
3714 3066 3767 3114 et

2114 3132 2382 3197 tremere,
2417 3151 2489 3188 ne
2514 3136 2659 3190 forte
2691 3138 2980 3208 pullulent
3011 3143 3068 3197 in
3094 3145 3262 3201 nobis
3289 3147 3470 3217 spina)
3503 3153 3769 3219 peccato-

2116 3233 2268 3272 rum.
2303 3220 2602 3283 Quomodo
2626 3227 2840 3296 anima,
2877 3233 2962 3285 vel
2991 3248 3122 3287 caro
3146 3233 3333 3304 spinis
3361 3234 3534 3306 plena
3565 3252 3768 3307 super-

355 3308 444 3360 est
473 3305 846 3363 testimoniis.
876 3309 1154 3381 Nunquid
1178 3311 1334 3366 enim
1360 3315 1456 3386 qui
1486 3318 1784 3385 cadit,non
1809 3338 2000 3378 resur-

2182 3324 2240 3362 re
2290 3311 2545 3379 poterit?
2604 3284 2877 3387 Nunquid
2939 3284 3319 3392 non-majori
3361 3284 3769 3381 sollicitudine

355 3393 487 3464 git?
508 3393 878 3467 (Psal.xr.,9.)
909 3399 1025 3452 Aut
1045 3398 1145 3470 qui
1169 3402 1465 3470 avertitur,
1494 3422 1608 3460 non
1641 3414 1958 3466 revertetur
1979 3413 2006 3466 ?

354 3483 528 3550 (Psal.
564 3501 689 3551 x111,
721 3486 796 3556 7).
831 3486 1010 3549 Quale
1037 3505 1173 3560 ergo
1205 3495 1294 3545 est
1325 3491 1480 3547 istud
1515 3495 2003 3556 medicamentum

355 3571 730 3641 paenitentiae,
758 3579 858 3629 aut
881 3575 1135 3645 qualiter
1156 3580 1465 3634 conﬁcitur
1487 3585 1509 3636 Ρ
1531 3583 1793 3642 Primum
1817 3590 2006 3643 excul-

356 3660 555 3728 pando
587 3662 823 3732 propria
853 3669 1105 3734 peccata.
1155 3667 1551 3736 Iniquitatem,
1593 3672 1786 3744 inquit
1815 3692 2003 3733 meam

362 3763 479 3800 non
510 3748 775 3812 celavi,et
797 3752 1188 3819 pronuntiabo
1213 3756 1491 3812 adversus
1519 3775 1612 3814 me
1633 3760 2004 3834 iniquitatem

361 3833 628 3889 Domino.
663 3841 718 3890 et
765 3841 826 3890 tu
880 3838 1176 3895 abstulisti
1235 3842 1594 3916 impietatem
1646 3833 1837 3908 cordis
1869 3857 2002 3912 mei.

363 3921 652 3988 Secundo,
687 3925 874 3980 multa
927 3927 1258 3986 humilitate
1291 3932 1563 4005 plangere
1611 3947 1847 4008 peccata
1877 3961 2003 4013 sua,

361 4011 703 4082 fructusque
729 4013 935 4085 dignos
967 4017 1173 4072 exinde
1223 4020 1408 4077 facere
1436 4026 1785 4094 paenitentia
1812 4048 1823 4084 ε
1859 4011 2007 4103 qua;

357 4103 532 4155 tenus
565 4100 904 4160 nullatenus
925 4104 984 4158 in
1016 4107 1219 4163 eadem
1241 4109 1456 4167 iterum
1488 4123 1721 4173 corruat
1752 4100 2005 4188 peccata.

358 4187 576 4242 Deinde
607 4189 808 4244 multis
862 4191 1247 4266 eleemosynis
1305 4200 1592 4256 redimere
1638 4222 1699 4260 se
1744 4187 2004 4279 incipiat,

357 4274 458 4345 qui
491 4276 686 4331 saeculi
719 4276 894 4333 habet
937 4286 1283 4351 potestatem
1312 4304 1324 4340 :
1375 4289 1528 4343 sicut
1557 4293 1841 4364 scriptum
1864 4274 1962 4352 .est

357 4387 382 4416 ι
411 4363 632 4420 Divitiis
663 4366 792 4434 viri,
840 4369 1160 4442 redemptio
1209 4375 1415 4430 animae
1467 4377 1626 4434 illius
1658 4363 2006 4455 sunt(Prov.

355 4469 483 4517 x111,
515 4454 591 4524 8).
631 4477 656 4502 »
690 4454 991 4512 Postremo
1041 4476 1188 4530 opus
1245 4467 1334 4518 est
1383 4466 1527 4520 nulli
1587 4468 1782 4536 irasci,
1817 4454 2006 4544 neque

358 4539 580 4595 malum
642 4558 744 4612 pro
823 4544 975 4600 malo
1055 4549 1316 4616 reddere,
1378 4555 1654 4610 omnibus
1714 4539 2005 4616 dimittere

2116 3397 2436 3468 exstirpare
2483 3417 2582 3456 eos
2635 3421 2782 3474 opus
2842 3407 3082 3464 haberet
3103 3410 3129 3463 ?
3179 3412 3313 3475 Quae
3357 3418 3496 3468 sunt
3534 3415 3768 3485 spinae?

2116 3485 2435 3542 Audiamus
2467 3489 2762 3547 Christum
2795 3495 2866 3550 de
2896 3497 3082 3568 spinis
3115 3499 3426 3568 dicentem,
3455 3501 3598 3572 quia
3627 3520 3770 3558 cura

2117 3574 2311 3628 sazculi
2344 3575 2521 3647 hujus
2554 3584 2608 3633 et
2640 3582 2898 3653 deceptio
2930 3585 3264 3642 divitiarum
3295 3591 3618 3660 praefocant
3648 3609 3771 3646 ver-

2117 3661 2280 3733 bum,
2313 3669 2371 3718 et
2415 3665 2846 3726 infructuosum
2909 3675 3173 3732 efficiunt
3221 3679 3427 3748 (Matth.
3477 3696 3605 3745 x111,
3653 3682 3769 3751 29).

2117 3750 2440 3822 Proferens,
2467 3755 2614 3811 dixit
2660 3759 2882 3829 spinas,
2909 3780 3023 3817 non
3041 3781 3348 3835 generans,
3366 3767 3772 3824 maledictioni

2117 3841 2382 3909 proxima
2412 3847 2519 3896 est.
2555 3844 2597 3899 Ο
2631 3854 2914 3916 quantam
2965 3851 3137 3908 habet
3180 3855 3644 3911 consolationem
3677 3857 3777 3912 hic

2118 3928 2348 3982 sermo!
2386 3930 2800 4000 Maledictioni,
2857 3939 3070 4011 inquit,
3121 3945 3386 4014 proxima
3432 3961 3548 3999 non
3582 3946 3774 4001 male-

2119 4016 2448 4082 dictaQuia
2471 4029 2666 4076 autem
2688 4028 2936 4082 necdum
2961 4028 3018 4082 in
3043 4031 3513 4090 maledictionem
3541 4034 3772 4103 incidit,

2119 4105 2219 4160 sed
2251 4107 2705 4178 proximitatem,
2740 4120 2796 4168 et
2818 4115 2987 4188 longe
3019 4119 3141 4173 fieri
3168 4122 3416 4190 poterit;
3448 4127 3506 4177 et
3537 4139 3646 4178 nec
3677 4141 3774 4180 so-

2118 4191 2238 4246 lum
2271 4197 2608 4254 consolatus
2639 4207 2746 4270 est,
2774 4207 2872 4258 sed
2909 4207 3080 4260 etiam
3109 4209 3166 4262 in
3198 4226 3264 4264 eo
3295 4212 3449 4280 quod
3476 4213 3771 4282 sequitur.

2116 4281 2240 4335 Non
2273 4285 2429 4339 enim
2463 4287 2604 4342 dixit
2631 4306 2642 4343 :
2676 4291 2958 4362 Reproba,
2983 4301 3041 4351 et
3071 4297 3468 4353 maledictioni
3501 4281 3773 4371 proxima

2116 4371 2530 4431 comburetur:
2565 4380 2665 4433 sed
2717 4381 2904 4452 quid?
2949 4407 2977 4434 «
3010 4385 3192 4456 Cujus
3241 4391 3675 4446 consummatio
3711 4391 3772 4446 in

2115 4462 2603 4522 combustionem.
2629 4492 2655 4518 ‹‹
2683 4474 2812 4526 Haec
2833 4473 3164 4530 combustio
3187 4492 3302 4530 non
3323 4478 3452 4544 erit,
3472 4479 3588 4533 nisi
3609 4481 3774 4550 quis-

2115 4563 2227 4616 que
2260 4567 2446 4621 usque
2474 4555 2532 4608 in
2589 4558 2764 4613 ﬁnem
2827 4569 3166 4631 permaneat
3212 4565 3270 4620 in
3332 4568 3586 4637 peccatis
3617 4570 3768 4624 suis.

357 4629 736 4700 peccantibus
768 4631 826 4686 in
860 4649 942 4699 se,
990 4634 1216 4692 dicente
1264 4629 1392 4709 ipsa
1421 4642 1695 4701 veritate:
1739 4665 1759 4693 α
1793 4648 2002 4705 Dimit-
2036 4647 2081 4710 D
2116 4637 2260 4699 Quia
2291 4640 2349 4694 in
2381 4658 2733 4716 quacunque
2773 4649 2866 4704 die
2910 4667 3224 4709 CODVEI‘SUS
3267 4654 3441 4710 fuerit
3468 4661 3768 4725 Ρεοοθοίοτς

355 4716 482 4783 tite,
513 4722 568 4772 et
599 4719 926 4775 dimittetur
955 4722 1117 4779 vobis
1148 4726 1300 4793 (Luc.
1336 4745 1410 4798 vr,
1442 4731 1554 4800 37).
1591 4753 1617 4780 »

429 4827 459 4856 ‹‹
494 4807 671 4862 Terra
704 4808 856 4863 enim
892 4827 1043 4882 saepe
1073 4814 1400 4872 venientem
1449 4836 1626 4890 super
1657 4839 1718 4876 se
1751 4823 2000 4882 imbrem

355 4892 584 4962 bibens,
619 4900 676 4950 et
728 4913 1013 4969 generans
1063 4900 1308 4959 herbam
1351 4913 1743 4978 opportunam
1799 4913 1935 4981 illis,
1971 4933 2004 4970 a

351 4981 568 5051 quibus
601 4983 831 5052 colitur;
856 4987 1066 5060 accipit
1089 4990 1546 5050 benedictionem
1580 5014 1613 5052 a
1646 5003 1778 5055 Deo.
1809 5001 2000 5058 Profe-

351 5086 486 5125 rens
536 5077 730 5128 autem
783 5075 1005 5145 spinas,
1056 5083 1114 5133 et
1171 5079 1442 5148 tribulos,
1505 5087 1750 5156 reproba
1809 5095 1897 5146 est
1947 5097 2003 5148 et

351 5157 654 5214 maledicto
678 5163 965 5232 proxima,
994 5167 1164 5237 cujus
1193 5174 1620 5228 consummatio
1643 5175 1700 5230 in
1727 5180 1998 5236 combus-

347 5245 588 5301 tionem.
626 5270 652 5296 ››
686 5252 826 5305 Cum
860 5256 1109 5310 tremore
1134 5261 1331 5312 autem
1355 5260 1665 5318 audiamus
1697 5283 1998 5326 sermones

351 5333 466 5386 Dei.
499 5335 622 5388 Non
655 5343 792 5392 sunt
839 5339 924 5393 bw
957 5342 1126 5398 minae
1179 5345 1363 5414 Pauli,
1413 5367 1528 5404 non
1571 5359 1711 5408 sunt
1741 5355 1997 5415 hominis

351 5420 560 5486 verba;
597 5422 846 5493 Spiritus
879 5429 1066 5484 sancti
1095 5439 1252 5499 sunt,
1291 5435 1504 5492 Christi
1538 5447 1676 5496 sunt
1705 5443 1997 5516 loquentis

351 5505 410 5559 in
436 5507 640 5602 .Paulo.
685 5511 1200 5602 ‘Comparationem
1255 5523 1512 5595 hic:fecit
1560 5531 1630 5585 de
1664 5505 1997 5602 proficiente

357 5593 551 5649 anima
580 5598 633 5649 in
669 5597 932 5656 doctrina
957 5606 1072 5674 Dei,
1099 5614 1155 5662 et
1179 5612 1506 5683 ncgligente
1529 5619 1777 5677 salutem
1803 5640 1989 5679 suam.

429 5700 609 5774 (1408)
642 5702 838 5762 Graeca
866 5724 1010 5768 vox:
1045 5714 1168 5770 scil.
1203 5720 1517 5790 exemplar.

2117 4744 2144 4771 ‹‹
2176 4727 2294 4782 vita
2324 4730 2494 4798 vivet,
2528 4739 2584 4788 et
2633 4754 2745 4790 non
2798 4740 3079 4796 morietur
3119 4742 3343 4812 (Et-ach.
3394 4759 3555 4811 xvm,
3585 4748 3703 4817 21).
3742 4771 3763 4795 ι

2112 4816 2170 4870 Si
2203 4835 2332 4873 vero
2359 4822 2777 4882 abscindamus
2796 4828 3021 4898 spinas,
3048 4847 3148 4901 per
3175 4832 3574 4902 paenitentiam
3603 4841 3769 4906 pote-

2115 4905 2300 4962 rimus
2331 4910 2492 4966 mille
2551 4914 2720 4969 bonis
2781 4918 3019 4987 perfrui,
3078 4925 3135 4973 et
3189 4922 3310 4976 fieri
3342 4905 3679 4992 probabiles
3711 4932 3771 4980 et

2112 4995 2537 5056 benedictionis
2559 5002 2656 5057 Dei
2683 5007 3341 5080 participes.Postquam
3365 5017 3561 5066 autem
3586 5013 3771 5069 incre-

2112 5087 2270 5156 pavit
2296 5104 2394 5142 eos
2427 5091 2806 5162 sufficienter,
2839 5101 2898 5149 et
2927 5099 3136 5152 terruit
3165 5104 3224 5154 et
3253 5101 3569 5171 percussit,
3597 5111 3772 5158 curat

2110 5190 2208 5228 eos
2240 5175 2474 5243 iterum,
2500 5195 2570 5234 ne
2599 5181 2936 5253 desperatos
2958 5186 3128 5241 faciat
3153 5205 3165 5254 ;
3191 5205 3379 5260 neque
3402 5191 3459 5244 in
3484 5193 3768 5248 omnibus

2110 5263 2402 5332 adulatur,
2439 5284 2625 5339 neque
2659 5271 2714 5324 in
2758 5273 3034 5328 omnibus
3075 5278 3346 5347 percutit.
3384 5279 3500 5333 Nec
3531 5280 3646 5335 hoc
3677 5282 3770 5336 di-

2109 5352 2299 5408 cimus
2327 5355 2506 5410 veluti
2537 5364 2811 5429 putantes
2834 5380 2937 5417 vos
2959 5364 3145 5434 spinis
3174 5366 3396 5437 plenos,
3421 5369 3525 5423 sed
3549 5369 3768 5426 timen-

2108 5446 2194 5495 tes
2228 5461 2297 5498 ne
2328 5444 2474 5500 tales
2505 5448 2860 5504 et‘iiciamini.
2895 5452 3102 5509 Melius
3133 5461 3222 5509 est
3249 5457 3405 5510 enim
3434 5458 3634 5514 verbis
3663 5477 3767 5516 vos

2106 5535 2341 5598 terrere,
2378 5551 2448 5588 ne
2479 5537 2652 5592 rebus
2683 5538 2824 5609 ipsis
2858 5541 3121 5598 doleatis.

2177 5642 2202 5666 α
2242 5623 2605 5679 Confidimus
2637 5632 2853 5696 autem,
2905 5629 3294 5699 dilectissimi,
3332 5633 3404 5689 de
3435 5637 3608 5694 vobis
3642 5655 3768 5696 me-
