3898 6404
165 438 281 500 761
759 437 1178 500 EXPOSITIO
1222 436 1299 498 IN
1346 437 1778 499 EPISTULAS
1822 437 2082 501 PAULI.
2117 470 2194 483 ——
2222 439 2300 499 IN
2346 438 2592 500 EPIST.
2642 437 2745 499 AD
2791 435 3027 498 HEBR.
3471 429 3604 492 762'

170 568 344 639 liora,
377 572 437 624 et
467 567 751 624 viciniora
774 567 976 632 saluti,
1037 569 1270 625 tametsi
1321 570 1403 625 ita
1453 569 1771 641 loquimur.
1800 590 1828 618 »
1858 570 1914 636 Α
1946 571 2192 641 adeptus
2224 577 2315 627 est
2336 571 2809 643 promissionem.
2836 591 2864 620 »
2900 567 3047 625 Mira
3077 563 3378 639 sapientiae”
3435 561 3591 619 beati

172 657 326 721 Quia
357 658 573 714 beatus
604 657 823 713 Paulus
855 675 967 713 non
1003 658 1211 714 habuit
1242 659 1396 714 unde
1429 675 1548 725 eos,
1585 659 1654 713 ad
1687 673 1832 727 quos
1943 660 2125 714 Pauli.
2164 662 2267 716 Per
2313 661 2470 716 vices
2528 661 2804 716 laudibus
2864 658 3086 714 extollit
3141 673 3262 723 eos,
3322 654 3392 710 ad
3441 668 3589 724 quos

171 747 440 818 scripsit,
473 747 544 802 de
575 747 965 819 praesentibus
991 747 1274 817 laudaret,
1297 748 1501 819 incipit
1521 764 1620 802 eos
1640 748 1708 801 de
1731 762 1833 818 spe
1943 749 2183 818 scribit;
2218 767 2320 822 per
2347 750 2499 806 vices
2532 749 2855 806 terroribus
2885 746 3286 804 antecedentis
3329 743 3587 799 historia

172 837 380 894 futura
411 836 750 908 praedicare,
785 837 1023 892 dicens:
1059 837 1442 904 Conﬁdimus,
1479 837 1705 902 fratres,
1764 835 1834 889 de
1942 843 2118 894 terret
2149 856 2268 905 eos,
2302 857 2374 895 ne
2419 839 2686 896 infideles
2739 843 2956 900 essent.
3015 842 3073 893 et
3123 836 3320 891 minus
3369 829 3588 887 creduli

174 925 341 982 vobis
375 925 640 990 meliora,
665 929 720 980 et
742 925 1025 982 viciniora
1052 926 1247 992 saluti,
1275 927 1546 997 quamvis
1569 926 1652 980 ita
1678 925 1834 978 dica-
1944 928 2435 997 promissioniDei
2461 947 2472 996 ;
2495 946 2598 1000 per
2613 928 2912 984 vicesvero
2937 921 3436 994 eorumexemplis
3456 920 3591 975 bor-

175 1031 343 1083 mus;
379 1018 550 1087 quasi
584 1015 828 1070 dixisset
855 1032 868 1070 :
893 1016 1384 1088 Optimaquaeque
1416 1017 1485 1070 de
1507 1015 1672 1070 vobis
1695 1031 1833 1068 con-
1944 1020 2106 1070 tatur
2137 1019 2207 1072 ad
2241 1018 2584 1089 patientiam
2615 1023 2670 1072 et
2718 1018 2917 1086 ﬁdem,
2967 1019 3024 1070 et
3072 1018 3138 1068 ut
3185 1011 3589 1067 indubitanter

173 1104 442 1170 ﬁdimus,
475 1108 531 1158 et
562 1121 688 1175 quae
723 1104 899 1159 saluti
929 1110 1133 1160 vestrae
1166 1105 1508 1176 proﬁciant;
1549 1122 1664 1159 non
1717 1102 1829 1157 uti-
1944 1091 2201 1175 credant,
2236 1123 2350 1161 non
2384 1106 2572 1162 solum
2605 1107 2720 1162 Deo
2753 1105 2991 1171 dicenti,
3023 1119 3226 1158 verum
3270 1101 3445 1155 etiam
3488 1100 3587 1169 ju-

173 1209 312 1264 que,
349 1193 506 1263 quod
539 1193 816 1263 superius
839 1194 1041 1249 dixide
1060 1195 1308 1265 reproba
1329 1200 1485 1248 terra
1509 1199 1566 1248 et
1593 1192 1833 1248 combu-
1944 1195 2093 1250 ranti
2124 1213 2223 1265 per
2252 1198 2656 1268 semetipsum.
2684 1197 2750 1251 Et
2771 1197 2909 1250 dum
2935 1194 2986 1249 ei
3009 1192 3194 1248 multa
3214 1190 3592 1262 suppeterent

172 1281 355 1337 stioni
391 1283 677 1353 proxima,
711 1283 781 1338 de
810 1282 976 1338 vobis
991 1283 1098 1338 hoc
1123 1284 1402 1350 diximus,
1431 1283 1569 1354 quia
1594 1280 1834 1336 meliora
1943 1284 2208 1355 exempla
2238 1291 2598 1352 sanctorum,
2633 1285 2733 1357 qui
2764 1302 2867 1356 per
2896 1282 3240 1355 patientiam
3281 1277 3589 1334 hreredita-

173 1371 246 1427 de
280 1372 444 1427 vobis
477 1371 793 1427 credimus.
1944 1377 2084 1427 runt
2113 1374 2533 1444 promissiones
2563 1375 2686 1442 Dei,
2720 1374 3008 1445 prazcipue
3040 1370 3228 1426 ﬁdelis
3265 1365 3586 1431 Abraham,

247 1460 509 1516 Adduxit
531 1477 765 1532 quoque
779 1460 863 1516 eis
887 1461 946 1514 in
977 1461 1322 1516 memoriam
1343 1461 1656 1532 praeterita,
1681 1463 1746 1514 ut
1767 1476 1835 1514 ex
1943 1466 2179 1533 propter
2207 1463 2550 1536 dignitatem
2586 1480 2848 1536 persona
2877 1479 3017 1530 suae,
3049 1465 3106 1516 et
3153 1462 3387 1531 propter
3433 1454 3586 1526 quod

173 1550 494 1622 praeteritis
521 1565 623 1606 eos
655 1549 914 1606 alliceret
943 1550 1015 1605 ad
1045 1550 1201 1606 bona
1231 1567 1495 1621 quaeque.
1528 1550 1660 1604 Ideo
1693 1549 1835 1603 sub-
1944 1551 2198 1606 maxime
2228 1552 2288 1606 in
2319 1569 2384 1608 eo
2415 1553 2573 1608 istud
2633 1552 2964 1624 contigerit,
3024 1549 3123 1622 qui
3173 1546 3590 1619 longanimiter

163 1639 375 1710 junxit
404 1657 416 1694 :
452 1663 477 1689 ‹‹
511 1639 638 1695 Non
669 1639 827 1694 enim
859 1639 1121 1710 injustas
1154 1645 1326 1705 Deus,
1364 1644 1427 1693 ut
1458 1637 1836 1694 obliviscatur
1942 1639 2134 1694 ferens
2168 1643 2412 1712 adeptus
2441 1647 2530 1697 est
2560 1644 2619 1696 in
2651 1641 2789 1696 ﬁliis
2821 1639 3242 1713 promissiones
3274 1652 3389 1691 non
3415 1634 3587 1689 modo

174 1729 374 1800 operis
405 1730 583 1785 vestri
616 1733 672 1785 et
710 1729 1061 1795 dilectionis,
1121 1746 1298 1801 quam
1359 1728 1721 1794 ostendistis,
1774 1729 1832 1781 in
1943 1729 2217 1800 praeteriti
2249 1732 2688 1802 temporis,quaa
2710 1731 2766 1786 in
2792 1729 3006 1803 populo
3029 1726 3399 1798 Deiimpletm
3426 1726 3588 1789 sunt,

174 1817 419 1873 nomine
444 1817 654 1889 ipsius,
680 1818 779 1889 qui
805 1817 1155 1873 ministratis
1179 1818 1422 1888 sanctis,
1455 1822 1512 1872 et
1536 1817 1831 1872 ministra-
1944 1818 2045 1873 sed
2075 1819 2262 1889 magis
2293 1820 2468 1874 etiam
2489 1819 2550 1874 in
2575 1821 2862 1885 futurum,
2888 1816 3310 1890 promissiones
3332 1815 3392 1868 in
3414 1810 3588 1877 ﬁlios,

173 1905 276 1961 tis.
306 1930 327 1954 ιι
373 1906 518 1961 Ecce
579 1907 874 1978 quomodo
920 1906 1198 1962 recreavit
1245 1907 1478 1962 animas
1525 1923 1726 1961 eorum
1779 1908 1834 1960 et
1867 1938 1914 2001 Β
1945 1922 2092 1976 quos
2116 1907 2459 1964 bonitasDei
2479 1909 2551 1963 de
2571 1907 2869 1980 lapidibus
2894 1905 3161 1979 gentium
3188 1900 3512 1966 suscitavit,
3536 1902 3594 1953 et
3647 1896 3654 1902 ’

175 1995 554 2063 confortavit,
581 1995 824 2066 antiqua
855 1995 939 2050 eis
995 1995 1053 2050 in
1106 1999 1362 2050 mentem
1415 2012 1687 2051 revocans
1716 2011 1728 2051 :
1781 1999 1838 2049 et
1867 1989 1913 2001 ”
1947 1995 2082 2050 fecit
2111 2012 2210 2052 eos
2240 1996 2299 2051 in
2328 1997 2439 2052 ﬁde
2469 2013 2599 2053 esse
2628 1997 2778 2053 ﬁlios
2809 1996 3076 2052 Abrahae.
3131 1989 3590 2048 Promissionem

175 2084 316 2138 fecit
345 2100 465 2154 eos,
521 2089 586 2139 ut
638 2101 753 2139 non
806 2084 1164 2139 aastimarent
1215 2084 1477 2139 oblivisci
1534 2089 1736 2153 Deum,
1782 2087 1839 2138 et
1945 2084 2126 2150 enim,
2159 2085 2306 2153 dico,
2342 2090 2580 2156 operata
2609 2090 2700 2142 est
2729 2083 3151 2156 longanimitas
3181 2077 3494 2141 audientis,
3535 2079 3593 2130 et

177 2173 474 2245 praeterita
503 2174 633 2244 ejus
663 2173 945 2228 beneﬁcia
973 2173 1033 2227 in
1065 2190 1183 2229 eos.
1232 2174 1479 2228 Necesse
1536 2177 1626 2228 est
1679 2172 1835 2228 enim
1945 2173 3325 2246 exspectantishaereditatempromissam,quam
3349 2164 3590 2239 pusilla-

176 2277 315 2316 eum
353 2277 611 2331 peccare,
646 2262 738 2316 cui
779 2277 915 2333 spes
962 2261 1147 2316 deerit
1204 2263 1560 2318 futurorum.
1618 2261 1836 2318 Deinde
1947 2261 2134 2317 nimes
2166 2268 2222 2317 et
2248 2263 2530 2319 increduli
2561 2265 2736 2320 verbo
2769 2263 2869 2319 Dei
2925 2278 3039 2316 non
3086 2261 3325 2315 fuerunt
3373 2253 3590 2326 adepti,

177 2349 454 2405 hortatur
483 2366 586 2406 eos
608 2350 664 2404 in
698 2350 975 2406 omnibus
993 2368 1227 2421 sperare
1245 2353 1463 2406 futura.
1487 2353 1634 2406 Eum
1654 2351 1834 2416 enim,
1945 2350 2097 2406 sicut
2129 2351 2382 2423 plurima
2413 2352 2647 2408 illorum
2678 2352 2738 2406 in
2769 2354 3000 2407 deserto
3033 2349 3204 2422 periit
3251 2344 3588 2402 multitudo.

176 2438 282 2510 qui
314 2439 589 2510 desperat
620 2439 689 2493 de
720 2440 1108 2509 praesentibus
1138 2440 1438 2495 beneﬁciis
1469 2440 1589 2508 Dei,
1614 2441 1768 2511 quod
1803 2457 1838 2495 a
1946 2440 2130 2503 Quam
2163 2441 2412 2512 impium
2434 2446 2522 2497 est
2548 2441 2903 2511 Deojuranti
2931 2457 3045 2494 non
3075 2438 3306 2493 credere
3330 2435 3344 2490 ι
3367 2431 3593 2489 Juravit

173 2528 297 2584 Deo
327 2544 443 2582 non
476 2527 711 2594 habeat,
738 2528 808 2583 de
830 2528 1046 2584 futuris
1069 2530 1396 2584 cont'ortare
1415 2530 1547 2600 quis
1578 2529 1836 2600 poterit?
1945 2529 2099 2584 enim
2131 2529 2285 2586 Deus
2318 2548 2420 2602 per
2450 2531 2856 2602 semetipsum,
2890 2529 3029 2600 quia
3059 2526 3354 2582 neminem
3386 2521 3595 2578 habuit

174 2617 386 2673 Simile
417 2617 558 2689 quid
591 2616 813 2672 Galatia
834 2620 960 2688 v,7,
987 2618 1363 2689 improperat,
1389 2619 1623 2674 dicens:
1651 2620 1835 2674 «Cur-
1945 2620 2251 2689 majorem,
2286 2637 2385 2690 per
2418 2637 2592 2692 quem
2616 2620 2863 2691 juraret.
2890 2619 3088 2674 Potest
3107 2615 3202 2672 hic
3231 2629 3500 2686 persona,
3529 2609 3591 2665 in

175 2707 405 2762 rebatis
437 2707 605 2762 bene.
641 2707 924 2772 Quisnam
956 2724 1058 2762 vos
1090 2708 1397 2763 fascinavit
1417 2709 1444 2762 ‘?
1467 2729 1496 2760 ι
1528 2713 1717 2780 Atque
1739 2709 1837 2764 ite-
1945 2706 2054 2763 hoc
2080 2709 2434 2778 juramento,
2467 2709 2564 2764 Dei
2591 2708 2778 2764 Patris
2800 2707 3069 2778 intelligi,
3095 2705 3195 2777 qui
3217 2705 3288 2759 de
3312 2700 3457 2757 Filio
3483 2714 3591 2754 suo

175 2812 314 2851 rum
340 2811 355 2850 :
392 2818 420 2845 ‹‹
453 2797 643 2850 Tanta
672 2797 831 2867 passi
861 2795 1002 2852 estis
1033 2796 1160 2852 sine
1181 2798 1402 2852 causa?
1427 2821 1454 2847 ››
1482 2799 1623 2866 (σαι.
1651 2799 1835 2869 111,4.)
1945 2797 2135 2853 eidem
2164 2798 2503 2870 patriarchae
2538 2797 2827 2868 promisit,
2860 2797 3097 2852 dicens:
3131 2795 3201 2848 Et
3254 2792 3315 2847 in
3367 2790 3591 2846 semine

177 2885 254 2941 Ut
311 2891 510 2940 tamen
566 2885 864 2957 mitigaret
918 2886 1184 2940 eamdem
1263 2887 1637 2956 sententiam,
1704 2905 1836 2942 mox
1944 2891 2044 2941 tuo
2077 2888 2496 2943 benedicentur
2527 2904 2732 2943 omnes
2787 2890 2988 2958 gentes
3033 2889 3198 2939 terra!
3243 2881 3397 2954 (Gen.
3449 2895 3589 2946 xm,

173 2972 492 3044 subjungit
525 2990 538 3027 :
575 2995 602 3022 «
635 2972 696 3027 Si
744 2977 940 3028 tamen
1004 2974 1129 3028 sine
1187 2990 1385 3030 causa.
1421 2998 1448 3024 ››
1508 2975 1600 3030 Sic
1659 2977 1835 3031 etiam
1948 2976 2057 3046 18).
2081 2997 2107 3028 »
2138 2977 2263 3032 Non
2296 2977 2438 3032 dicit
2472 2997 2497 3028 ‹‹
2526 2976 2584 3031 in
2619 2975 2969 3040 seminibus,
2995 2995 3023 3023 »
3058 2977 3123 3028 ut
3143 2973 3350 3029 beatus
3372 2967 3592 3024 Paulus

175 3063 292 3117 hoc
351 3061 478 3116 loco
536 3061 883 3132 temperavit
939 3062 1292 3118 sententiam
1349 3080 1540 3131 suam,
1601 3064 1830 3120 dicens:
1946 3065 2003 3121 in
2040 3065 2151 3121 alia
2182 3067 2548 3121 demonstrat
2577 3063 2838 3136 Epistola
2867 3063 3022 3134 (Gal.
3058 3079 3142 3127 ιιι,
3181 3061 3266 3131 16)
3292 3075 3304 3113 :
3330 3059 3454 3124 sed,
3479 3079 3508 3107 «
3531 3057 3590 3111 in

172 3151 305 3207 Non
368 3149 524 3205 enim
585 3151 846 3220 injustus
904 3155 1076 3217 Deus,
1138 3157 1203 3207 ut
1256 3151 1633 3207 obliviscatur
1706 3170 1837 3224 ope-
1946 3154 2167 3209 semine
2198 3160 2318 3220 tuo,
2356 3175 2381 3202 »
2416 3154 2524 3209 hoc
2557 3158 2666 3222 est,
2698 3152 2758 3208 in
2797 3151 3051 3207 Christo.
3111 3149 3283 3204 Jurat
3331 3144 3488 3202 enim
3537 3148 3594 3200 et

174 3241 262 3296 ris
294 3239 495 3305 vestri,
527 3240 670 3296 dum
703 3244 928 3295 tantam
990 3241 1334 3296 charitatem
1387 3241 1727 3297 ostendistis
1775 3242 1834 3297 in
1873 3303 1908 3313 Α
1946 3243 2102 3298 idem
2136 3241 2403 3297 Christus
2432 3242 2491 3296 in
2524 3240 2854 3313 Evangelio,
2887 3239 3126 3296 dicens:
3161 3260 3188 3288 ι(
3212 3238 3396 3292 Amen
3419 3250 3592 3290 amen

175 3328 428 3386 sanctis.
460 3328 750 3384 Volumus
775 3329 930 3384 enim
961 3347 1064 3385 vos
1096 3329 1421 3385 imitatores
1450 3347 1652 3385 eorum
1683 3347 1834 3397 esse,
1867 3303 1910 3369 Ο
1947 3331 2077 3385 dico
2103 3330 2296 3397 vobis;
2333 3355 2352 3383 ι
2391 3336 2448 3385 et
2468 3330 2594 3401 ipse
2625 3346 2726 3401 per
2746 3327 3152 3399 semetipsum,
3180 3326 3322 3397 quia
3343 3339 3450 3380 nec
3471 3323 3596 3394 ipse

176 3418 284 3491 qui
316 3434 420 3489 per
453 3418 625 3473 ﬁdem
658 3421 716 3473 et
749 3418 1090 3489 patientiam
1127 3418 1447 3474 baereditati
1477 3420 1659 3491 (1409)
1701 3423 1841 3475 sunt
1951 3420 2450 3490 habuitmajorem
2475 3435 2578 3490 per
2603 3418 3041 3491 quemjuraret.
3067 3438 3096 3466 «
3119 3415 3476 3472 Benedicens
3496 3411 3597 3468 be-

178 3506 637 3582 promissiones.
1952 3509 2216 3563 nedicam
2242 3512 2319 3575 te,
2354 3529 2382 3557 »
2415 3508 2524 3563 hoc
2555 3507 2612 3562 in
2646 3505 2831 3563 stellis
2863 3505 3015 3571 cmli,
3065 3521 3167 3575 per
3212 3519 3359 3574 quas
3408 3501 3598 3556 sancti

259 3600 451 3663 Quare
476 3613 610 3651 vero
640 3595 998 3651 desiderium
1032 3596 1272 3653 haberet
1303 3598 1373 3652 de
1403 3596 1592 3653 salute
1614 3614 1839 3666 eorum,
1953 3597 2335 3667 designantur
2365 3598 2436 3652 de
2467 3599 2596 3668 ejus
2626 3595 2850 3652 semine
2881 3593 3083 3662 futuri,
3117 3591 3365 3661 intelligi
3409 3593 3602 3662 potest

179 3686 459 3758 sequenti
490 3686 747 3742 ostendit
775 3685 1146 3758 allegatione,
1203 3687 1441 3742 dicens:
1497 3711 1525 3737 «
1559 3688 1842 3759 Cupimus
1953 3687 2198 3743 dictum.
2225 3711 2251 3737 ‹‹
2283 3686 2681 3759 Multiplicans
2713 3683 3118 3756 multiplicabo
3150 3686 3225 3749 te,
3256 3703 3281 3730 »κ
3313 3683 3371 3736 et
3401 3679 3512 3734 hoc
3541 3678 3600 3733 in

179 3776 345 3830 enim
377 3790 864 3846 unumquemque
916 3779 1178 3829 vestrum
1231 3776 1500 3830 eamdem
1550 3781 1844 3832 ostentare
1954 3793 2131 3832 arena
2162 3776 2361 3844 maris,
2409 3793 2510 3848 per
2568 3792 2744 3847 quam
2807 3777 3137 3848 peccatores
3192 3769 3392 3843 populi
3440 3767 3602 3823 illius

179 3863 647 3920 sollicitudinem
679 3863 750 3917 ad
783 3862 1172 3934 expletionem
1205 3865 1329 3934 spei
1350 3881 1537 3936 usque
1560 3864 1616 3920 in
1643 3866 1841 3931 ﬁnem,
1954 3865 2250 3936 designari
2281 3870 2568 3936 possunt;
2593 3869 2842 3936 utraque
2866 3863 3023 3920 enim
3047 3861 3359 3917 Dominum
3387 3857 3605 3914 dixisse

179 3958 250 4007 ut
281 3969 398 4007 non
432 3967 643 4024 segnes
684 3951 1091 4006 efﬁciamini.»
1126 3952 1545 4008 Desideramus
1566 3970 1723 4021 vero,
1751 3954 1841 4009 in-
1955 3954 2193 4024 legitur,
2228 3954 2328 4009 ubi
2358 3953 2474 4009 ait:
2513 3975 2538 4004 «
2568 3955 2636 4008 Et
2667 3952 2772 4008 erit
2804 3967 3006 4008 semen
3041 3954 3212 4004 tuum
3239 3949 3391 4004 sicut
3422 3945 3604 4002 stellas

179 4041 338 4113 quit,
374 4057 490 4095 non
523 4045 755 4095 tantum
787 4040 942 4095 circa
971 4041 1166 4111 verba,
1199 4041 1300 4096 sed
1323 4042 1500 4096 etiam
1533 4043 1591 4096 in
1614 4041 1843 4098 virtuti-
1955 4043 2102 4110 cmli,
2136 4047 2192 4098 et
2222 4043 2377 4098 sicut
2406 4058 2582 4098 arena
2613 4057 2742 4112 quas
2773 4045 2864 4097 est
2895 4040 2953 4094 in
2987 4038 3184 4094 littore
3217 4036 3399 4092 maris
3446 4035 3602 4106 (Gen.

181 4132 297 4187 bus
329 4129 686 4195 conversari,
721 4146 836 4184 non
869 4130 1038 4200 quasi
1073 4132 1270 4200 priora
1298 4136 1486 4186 vestra
1517 4130 1842 4203 culpantes,
1955 4150 2093 4198 xxu,
2123 4133 2232 4203 17).
2260 4154 2287 4180 ι»

179 4221 284 4276 sed
320 4224 387 4274 ut
418 4220 488 4274 de
521 4217 738 4273 futuris
767 4218 1005 4274 solliciti
1038 4219 1167 4275 sitis
1191 4220 1597 4290 admonentes,
1624 4221 1731 4276 hoc
1757 4226 1847 4277 est
2033 4243 2061 4272 ‹‹
2094 4222 2371 4277 Homines
2402 4221 2560 4276 enim
2593 4235 2696 4291 per
2723 4219 3004 4289 majorem
3048 4233 3222 4272 suum
3275 4215 3500 4286 jurant,
3552 4217 3610 4268 et

180 4308 392 4380 quales
424 4307 624 4364 fuistis
657 4307 939 4378 primum,
973 4307 1122 4364 tales
1153 4326 1254 4364 vos
1286 4310 1562 4380 cupimus
1594 4315 1653 4365 et
1674 4311 1845 4366 modo
1957 4312 2152 4367 omnis
2179 4310 2584 4366 controversiae
2617 4325 2818 4364 eorum
2849 4306 2985 4362 ﬁnis
3008 4307 3078 4361 ad
3102 4303 3606 4360 conﬁrmationem

178 4413 315 4454 esse
347 4401 403 4453 et
452 4397 512 4451 in
545 4398 837 4452 futurum.
891 4397 960 4451 Et
992 4414 1108 4451 non
1143 4397 1308 4468 dixit,
1341 4398 1493 4469 volo,
1543 4400 1698 4469 quod
1759 4405 1848 4454 est
1957 4404 2046 4456 est
2069 4401 2497 4470 juramentum.
2522 4421 2549 4448 »
2582 4398 2644 4453 Si
2673 4397 2853 4469 igitur
2884 4394 3225 4452 hominibus
3258 4393 3316 4447 in
3340 4393 3606 4447 futurum

178 4485 560 4542 auctoritatis
593 4485 895 4552 doctrinae;
931 4486 1031 4540 sed
1067 4487 1222 4557 quod
1255 4492 1379 4541 erat
1409 4491 1664 4558 pateran
1697 4488 1846 4543 dile-
1958 4489 2315 4545 credendum
2349 4494 2457 4552 est,
2489 4489 2560 4541 de
2590 4485 2806 4557 quibus
2837 4483 3054 4539 dicitur
3085 4499 3186 4556 per
3213 4481 3598 4552 Prophetam:

178 4575 422 4634 ctionis.
458 4575 578 4630 Hoc
610 4579 721 4642 est,
752 4575 1026 4646 cupimus
1062 4592 1548 4648 unumquemque
1585 4580 1845 4632 vestrum
1959 4601 1986 4628 «
2020 4576 2224 4632 Omnis
2256 4577 2431 4632 homo
2488 4575 2739 4630 mendax
2787 4573 2959 4645 (Psal.
3021 4589 3144 4638 cxv,
3177 4572 3327 4643 2)»:
3388 4575 3611 4641 quanto

177 4664 478 4729 eamdem,
512 4680 689 4735 quam
718 4662 855 4719 olim
889 4663 1204 4734 habuistis,
1266 4664 1725 4720 sollicitudinem
1775 4666 1845 4721 ad
1879 4669 1926 4732 D
1960 4666 2151 4737 magis
2183 4666 2283 4721 Dei
2307 4667 2647 4735 juramento
2680 4663 2837 4718 credi
2869 4662 3059 4732 debet,
3093 4660 3193 4732 qui
3233 4664 3321 4716 est
3377 4659 3612 4724 veritas,

177 4753 575 4826 expletionem
609 4751 756 4824 spei,
790 4752 848 4806 id
867 4757 975 4822 est,
1005 4752 1221 4808 habere
1236 4752 1459 4808 debetis
1486 4753 1543 4808 in
1571 4758 1847 4810 aeternam
1960 4755 2057 4826 qui
2086 4771 2189 4809 nec
2221 4753 2366 4820 falli,
2401 4769 2504 4808 nec
2537 4751 2769 4808 mentiri
2803 4751 3033 4823 potest?
3054 4749 3332 4805 Homines
3354 4765 3459 4820 per
3487 4764 3612 4802 ma-

177 4842 707 4900 resurrectionem.
770 4863 797 4891 ‹‹
831 4841 1050 4896 Verum
1094 4841 1424 4898 imitatores
1473 4859 1699 4908 eorum,
1745 4844 1848 4914 qui
1951 4845 2143 4915 jorem
2169 4842 2592 4911 suijurant;et
2613 4841 2807 4897 omnis
2833 4838 3236 4896 controversia;
3257 4842 3458 4893 eorum
3475 4835 3611 4892 ﬁnis

177 4933 298 4988 ﬁde
329 4937 390 4987 et
419 4930 708 5002 patientia
737 4930 1170 4988 hiereditabunt
1191 4932 1678 5002 promissiones.»
1705 4932 1848 4988 Hor-
1961 4934 2032 4988 ad
2061 4931 2569 4987 conﬁrmationem
2604 4935 2695 4986 est
2718 4932 3148 5001 juramentum,
3183 4930 3356 4998 prout
3385 4925 3435 4980 si
3463 4925 3615 4980 dice-

175 5026 342 5076 tatur
372 5019 532 5076 enim
567 5018 868 5074 auditores
901 5036 1063 5087 suos,
1129 5025 1201 5075 ut
1260 5021 1374 5075 ﬁde
1432 5038 1546 5076 non
1607 5023 1744 5075 ﬁcta
1795 5027 1852 5076 et
1961 5030 2086 5078 rel:
2125 5023 2204 5076 Ex
2235 5021 2342 5076 hoc
2374 5021 2624 5076 solvitur
2667 5021 2846 5074 totius
2901 5014 3304 5074 controversia:
3353 5015 3614 5086 discepta

177 5108 470 5182 patientia
501 5107 762 5180 perfecta
794 5111 1133 5180 exspectent
1165 5107 1591 5179 promissiones
1636 5109 1735 5163 Dei
1796 5113 1853 5164 et
1961 5112 2061 5177 tio,
2096 5129 2210 5167 non
2244 5109 2760 5180 uniuscujuslibet,
2796 5109 2894 5162 sed
2919 5105 3120 5162 totius.
3145 5104 3459 5176 Oportebat
3481 5103 3612 5175 qui-

176 5199 560 5254 haareditates
593 5213 742 5269 quas
773 5198 996 5253 sanctis
1029 5196 1154 5252 suis
1196 5197 1490 5268 promisit.
1961 5203 2092 5256 dem
2127 5201 2252 5255 sine
2274 5201 2615 5270 juramento
2646 5199 2880 5254 credere
2910 5197 3047 5265 Deo,
3081 5195 3402 5266 sedjurare
3426 5193 3614 5249 Deum

248 5293 320 5343 Et
351 5288 464 5344 hoc
498 5287 736 5342 ﬁrmius
765 5286 1051 5359 exemplis
1083 5287 1458 5342 corroborare
1490 5287 1717 5354 nititur,
1760 5287 1848 5342 di-
1960 5291 2120 5345 dicit.

177 5394 319 5435 cens
346 5394 358 5432 :
389 5399 418 5426 «
443 5376 698 5432 Abrahae
723 5392 981 5448 namque
994 5375 1342 5447 promittens
1366 5380 1540 5441 Deus,
1565 5375 1846 5446 quoniam
2031 5402 2059 5427 «
2094 5380 2154 5432 In
2189 5393 2304 5448 quo
2336 5375 2738 5431 abundantius
2765 5373 2966 5430 volens
2991 5379 3140 5430 Deus
3162 5373 3470 5429 ostendere
3489 5369 3612 5443 pol-

175 5468 481 5524 neminem
507 5465 737 5536 habuit,
763 5482 866 5536 per
893 5465 1338 5537 quemjuraret,
1365 5466 1670 5536 majorem,
1689 5465 1849 5535 jura-
1956 5466 2308 5522 licitationes
2337 5465 2692 5529 haeredibus,
2724 5463 3323 5534 immobilitatemque
3379 5459 3613 5517 consilii

174 5558 255 5613 vit
283 5574 388 5630 per
419 5555 836 5626 semetipsum,
871 5555 1108 5610 dicens:
1144 5553 1492 5608 Benedicam
1517 5558 1668 5621 te,et
1690 5555 1846 5610 mul-
1960 5556 2071 5612 sui.
2100 5577 2127 5605 »
2161 5555 2467 5624 Propterea
2496 5553 2673 5610 etiam
2701 5552 2882 5625 hujus
2915 5551 3328 5626 promissionis
3360 5549 3606 5606 mentio-

175 5645 454 5718 tiplicans
478 5643 977 5715 multiplicabote.
1006 5642 1170 5698 Etsic
1191 5640 1608 5714 longanimiter
1631 5643 1842 5716 ferens,
1957 5661 2089 5701 nem
2121 5643 2278 5711 facit,
2313 5658 2440 5714 quae
2473 5644 2545 5698 ad
2578 5659 2686 5699 nos
2713 5642 3048 5699 communis
3091 5641 3246 5698 facta
3297 5643 3423 5696 est:
3483 5661 3511 5688 ‹‹
3547 5637 3610 5694 In

246 5746 433 5818 (1409)
463 5744 548 5801 Ex
578 5747 874 5815 sequent.,
907 5747 964 5798 et
992 5741 1412 5800 Ambrosiastri
1445 5745 1621 5812 textu,
1655 5741 1969 5815 legendum
2001 5746 2155 5802 esset
2184 5741 2590 5800 haereditaturz’.
