3898 6400
337 420 455 487 763

1352 440 1694 506 ATTONIS
1742 444 2328 511 VERCELLENSIS
2374 449 2725 516 EPISCOPI

3617 461 3727 522 764

336 559 626 633 terposuit
636 564 1081 643 jusjurandum,
1106 592 1134 622 »
1150 576 1425 645 quoniam
1443 576 1596 633 enim
1621 580 1774 650 apud
1788 579 1978 636 homi-
2008 582 2062 647 Α
2092 581 2233 637 tifex
2263 582 2451 640 factus
2477 590 2564 641 est
2583 587 2910 644 secundum
2969 586 3234 643 ordinem
3285 586 3725 649 Melchisedech.

337 665 443 707 nes
474 653 583 709 hoc
611 655 842 714 videtur
870 660 1040 719 ﬁdele
1058 681 1207 736 esse,
1232 683 1364 723 cum
1385 670 1790 740 juramentum
1809 674 1980 729 inter-

337 740 516 798 fuerit
544 749 956 805 controversiis
990 769 1211 810 eorum.
1243 756 1366 811 Non
1399 763 1595 814 tamen
1629 762 1848 832 equale
1895 768 1983 819 est

336 829 637 889 hominem
671 853 771 905 per
800 856 861 893 se
883 843 1106 912 jurare,
1138 848 1196 899 et
1230 845 1431 900 Deum.
1463 848 1647 904 Homo
1678 850 1833 906 enim
1886 853 1979 907 sui

334 924 689 988 potestatem
721 942 835 980 non
896 928 1117 997 habet;
1176 932 1331 988 Deus
1382 940 1577 991 autem
1631 944 1977 1009 potestatem

336 1006 514 1065 habet
542 1013 806 1067 omnium
838 1032 966 1085 quae
999 1022 1156 1073 sunt.
1191 1021 1300 1075 Sed
1333 1024 1472 1093 quia
1502 1006 1866 1082 incredulum
1893 1034 1982 1083 est

335 1095 660 1154 humanum
692 1117 900 1171 genus,
932 1108 1344 1164 condescendit
1373 1113 1442 1166 ad
1477 1130 1604 1168 nos.
1640 1115 1801 1171 Sicut
1820 1118 1975 1171 enim

325 1186 492 1255 jurat
521 1193 759 1260 propter
805 1209 931 1263 nos,
966 1198 1236 1264 quamvis
1294 1200 1604 1273 indignum
1636 1205 1687 1258 ei
1732 1205 1810 1260 sit
1865 1224 1976 1261 non

333 1275 509 1342 credi,
536 1276 619 1331 sic
638 1279 909 1349 superius
931 1282 1156 1339 dictum
1172 1291 1262 1342 est
1284 1303 1297 1343 :
1319 1312 1344 1337 ‹‹
1364 1290 1827 1348 Etdidicitexhis
1850 1312 1977 1365 quae

332 1378 544 1432 passus
566 1370 656 1419 est
682 1382 694 1420 :
723 1388 752 1415 »
771 1369 1049 1439 quoniam
1078 1371 1351 1432 homines
1370 1377 1477 1432 hoc
1500 1385 1709 1450 putant
1726 1384 1978 1439 maxime

328 1466 457 1506 esse
487 1452 731 1522 dignum
763 1457 896 1528 ﬁde,
934 1465 998 1514 ut
1028 1477 1133 1532 per
1160 1467 1626 1536 experimentum
1658 1471 1758 1541 qui
1790 1476 1977 1527 trans-

329 1544 422 1595 eat
450 1542 523 1596 ad
557 1543 753 1600 ﬁdem.

405 1647 429 1677 ι
462 1628 534 1685 Ut
562 1648 666 1702 per
694 1633 843 1691 duas
873 1653 966 1692 res
992 1638 1347 1713 immobiles,
1381 1645 1975 1718 quibusimpossibile

325 1720 416 1773 est
441 1721 674 1775 mentiri
700 1725 1297 1791 Deum,fertissimum
1322 1733 1599 1789 solatium
1627 1735 1972 1803 habeamus,

326 1807 429 1877 qui
447 1810 904 1883 confugimusad
918 1818 1230 1873 tenendam
1243 1822 1601 1892 propositam
1617 1841 1778 1895 spem
1797 1842 1973 1897 quam

326 1894 481 1950 sicut
495 1898 812 1956 anchoram
846 1902 1134 1961 habemus
1157 1907 1567 1965 animmtutam
1586 1894 1968 1969 actirmam.»
2003 1943 2052 2006 B

326 1982 480 2006 n.--_
515 2002 600 2006 _A_
651 1987 770 2006 19,-.
870 1992 880 2002 -
971 1992 1025 2006 In
1198 1997 1237 2006 σκ
1287 1997 1297 2006 .
1332 1998 1368 2006 κ
1419 2003 1426 2006 .
1471 1998 1483 2006 .
1724 2001 1736 2006 -
1812 2003 1821 2006 -

323 1982 483 2039 Duas
514 2002 604 2041 res
636 1987 800 2057 dicit,
833 1992 1173 2063 signiﬁcans
1198 1997 1300 2052 Dei
1331 1998 1519 2054 Patris
1550 2001 1969 2071 promissiones

323 2072 395 2127 de
417 2072 559 2129 Filio
585 2092 690 2131 suo
713 2084 772 2133 et
792 2080 1108 2137 adventum
1133 2082 1261 2138 Filii
1289 2086 1347 2140 in
1377 2086 1532 2142 hunc
1554 2091 1840 2145 mundum
1867 2108 1969 2163 pro

322 2159 510 2217 salute
541 2167 760 2220 nostra.
796 2166 1098 2238 Proposita
1128 2187 1261 2227 vero
1289 2190 1425 2244 spes
1482 2177 1692 2234 veritas
1750 2184 1838 2234 est
1880 2197 1970 2235 re-

322 2264 451 2303 rum
486 2256 807 2325 gestarum,
840 2272 968 2326 quae
1001 2258 1350 2329 patriarchis
1380 2265 1684 2334 promissae
1717 2273 1877 2338 sunt,
1912 2275 1971 2324 et

319 2336 583 2409 redditae,
617 2345 683 2395 ut
709 2358 779 2397 ex
810 2345 1128 2415 transactis
1161 2347 1358 2405 futura
1387 2352 1720 2408 credamus.
1783 2336 1966 2418 Quam

321 2441 487 2497 spem
519 2427 673 2483 sicut
698 2430 1039 2498 anchoram,
1063 2434 1275 2507 inquit,
1307 2437 1629 2497 habeamus
1651 2442 1858 2497 animae
1880 2449 1970 2499 tu-

318 2517 441 2569 tam
468 2532 535 2571 ac
567 2517 817 2574 ﬁrmam.
855 2521 1019 2578 Sicut
1048 2524 1205 2580 enim
1237 2527 1729 2601 anchorajactata
1770 2533 1966 2588 navim

322 2619 437 2658 non
472 2606 756 2676 permittit
784 2609 1171 2681 circumferri,
1200 2614 1335 2671 licet
1365 2618 1518 2673 venti
1564 2628 1970 2678 commoveant

320 2708 471 2761 eam,
505 2695 606 2750 sed
629 2696 855 2767 jactata
882 2700 1114 2758 ﬁrmam
1146 2704 1287 2759 facit
1319 2707 1545 2775 navim;
1580 2710 1664 2764 sic
1713 2715 1772 2766 et
1822 2712 1968 2769 ﬁdes

321 2796 424 2852 spe
471 2783 743 2840 roborata
800 2787 1122 2846 introducit
1180 2809 1286 2849 nos
1341 2795 1400 2849 in
1460 2813 1657 2853 rerum
1714 2801 1968 2872 speciem

321 2886 500 2941 quam
535 2874 707 2929 modo
740 2875 854 2931 ﬁde
883 2880 939 2931 et
969 2895 1073 2949 spe
1104 2884 1395 2939 tenemus.

392 2958 527 3015 Ideo
559 2962 806 3033 addidit,
840 2965 1079 3024 dicens:
1105 2992 1131 3019 ι(
1164 2971 1234 3025 Et
1263 2971 1633 3031 incedentem
1678 2994 1865 3050 usque
1895 2979 1967 3034 ad

320 3046 600 3105 interiora
628 3052 954 3112 velaminis.
980 3079 1010 3106 »
1038 3058 1381 3132 Tempestas
1409 3063 1589 3130 enim,
1639 3070 1696 3121 et
1744 3066 1967 3122 multus

321 3135 512 3192 imber
539 3147 867 3198 commovet
892 3149 1077 3201 ratem
1103 3165 1117 3214 ;
1153 3149 1410 3207 anchora
1440 3157 1636 3210 autem
1669 3172 1785 3211 non
1837 3173 1965 3228 per-

321 3224 503 3299 mittit
532 3242 661 3284 eam
692 3230 974 3305 demergi.
1007 3235 1101 3291 Sic
1132 3237 1309 3294 etiam
1341 3246 1542 3297 nostra
1573 3260 1729 3315 spes,
1788 3224 1967 3316 quam

2091 670 2329 743 Oportet
2358 673 2554 745 itaque
2584 680 2638 730 et
2662 675 2818 743 illos,
2850 692 3102 748 quorum
3133 676 3396 733 Pontifex
3442 682 3548 746 est,
3607 696 3726 736 me-

2090 757 2264 815 liores
2293 778 2457 829 essc;
2493 769 2550 818 et
2580 770 2866 834 quantum
2898 770 2988 820 est
3017 764 3171 821 inter
3208 767 3399 820 Aaron
3458 771 3516 821 et
3571 766 3725 823 Chri-

2092 853 2275 917 stum,
2334 856 2565 907 tantum
2628 858 2717 908 est
2774 855 3208 925 quodammodo
3268 854 3419 910 inter
3500 855 3725 913 Judaeos

2090 942 2149 992 et
2177 938 2540 995 Christianos
2572 942 2883 1013 Superiora
2913 943 3088 998 etiam
3113 948 3169 998 et
3216 944 3523 999 sacriﬁcia.
3572 945 3725 1000 Talia

2088 1026 2360 1083 videlicet
2390 1030 2726 1100 offeramus,
2762 1047 2887 1102 quae
2919 1032 2979 1086 in
3010 1031 3110 1086 illo
3129 1035 3465 1088 sanetuario
3490 1033 3721 1101 ccelesti,

2089 1117 2279 1170 offerri
2308 1122 2557 1187 possunt
2579 1136 2691 1173 non
2719 1121 2845 1189 jam
2879 1122 3131 1191 pecudes
3158 1126 3213 1176 et
3238 1122 3430 1188 boves,
3461 1138 3576 1176 non
3599 1139 3724 1178 san-

2088 1206 2324 1276 guinem
2359 1211 2414 1260 et
2443 1208 2694 1279 adipem.
2730 1209 2940 1265 Omnia
2971 1209 3090 1265 hzec
3123 1210 3317 1266 soluta
3333 1216 3492 1281 sunt,
3522 1217 3578 1266 et
3629 1229 3722 1282 pro

2088 1294 2172 1348 eis
2199 1294 2598 1351 introductum
2630 1302 2717 1352 est
2747 1298 3093 1354 rationabile
3143 1300 3493 1370 obsequium
3553 1301 3720 1371 (Rom.

2087 1384 2274 1451 x11,1)
2325 1383 2485 1446 Quod
2529 1392 2726 1439 autem
2784 1393 2873 1441 est
2929 1387 3276 1442 rationabile
3334 1389 3723 1459 obsequium?

2086 1469 2262 1525 etiam
2282 1473 2434 1542 quod
2464 1489 2567 1543 per
2582 1474 2863 1544 animam,
2881 1476 3035 1546 quod
3060 1492 3161 1547 per
3186 1476 3457 1548 spiritum
3488 1477 3723 1531 otl'ertur

2087 1562 2221 1613 Deo.
2253 1582 2280 1607 «
2315 1560 2569 1632 Spiritus
2602 1567 2709 1628 est,
2751 1583 2770 1610 ε
2806 1563 3018 1634 inquit,
3080 1587 3108 1614 «
3141 1564 3315 1632 Deus,
3359 1569 3416 1620 et
3457 1581 3577 1631 eos,
3627 1564 3721 1635 qui

2085 1647 2331 1702 adorant
2359 1665 2517 1716 eum,
2548 1650 2608 1705 in
2642 1651 2849 1722 spiritu
2904 1657 2960 1707 et
3017 1652 3255 1707 veritate
3304 1658 3531 1725 oportet
3587 1654 3719 1708 ado-

2084 1751 2213 1789 rare
2247 1737 2428 1807 (Joan.
2468 1755 2540 1807 1v,
2573 1740 2685 1807 24).
2722 1762 2750 1788 ››
2800 1741 2948 1804 Quid
3005 1744 3114 1810 est,
3164 1746 3344 1795 Deum
3399 1740 3459 1795 in
3518 1740 3719 1814 spiritu

2084 1823 2346 1891 adorare,
2380 1825 2493 1881 nisi
2526 1827 2585 1880 in
2618 1827 2924 1895 charitate,
2959 1830 3015 1883 et
3061 1829 3175 1883 ﬁde
3220 1828 3495 1900 perfecta,
3529 1833 3586 1884 et
3626 1845 3721 1900 spe

2084 1912 2326 1968 indubia
2346 1918 2403 1968 et
2425 1915 2643 1970 sanctis
2664 1916 2870 1971 anima:
2892 1917 3230 1987 virtutibus,
3250 1934 3398 1988 quas
3412 1916 3720 1988 Apostolus

2083 1999 2196 2056 alio
2226 2000 2352 2057 loco
2386 2004 2756 2059 abundanter
2777 2009 3083 2061 enumerat
3107 2010 3130 2061 Ρ

2152 2090 2306 2160 (CAP.
2338 2092 2484 2162 VII.)
2513 2114 2541 2141 ‹‹
2578 2092 2680 2148 Hic
2710 2093 2865 2148 enim
2925 2093 3372 2158 Melchisedech,
3409 2116 3431 2146 ι
3487 2092 3714 2161 Melchi,

2078 2195 2229 2240 rex;
2260 2181 2468 2235 sedech
2500 2198 2631 2237 vero
2673 2183 2915 2253 justitiae
2966 2182 3405 2255 interpretatur.
3468 2184 3540 2237 Et
3586 2182 3717 2253 quid

2079 2266 2240 2323 aliud
2272 2274 2381 2335 est,
2414 2286 2513 2324 rex
2551 2270 2822 2341 justitize,
2882 2272 2995 2326 nisi
3056 2273 3339 2327 Dominus
3399 2276 3600 2327 noster
3640 2270 3720 2325 Je-

2080 2373 2182 2411 sus
2212 2357 2502 2425 Christus,
2535 2360 2607 2414 de
2640 2376 2755 2430 quo
2777 2361 2905 2430 jam
2936 2377 3117 2432 supra
3146 2360 3371 2415 dictum
3395 2364 3514 2415 est:
3571 2382 3598 2409 ‹‹
3631 2358 3718 2413 Di-

2078 2444 2268 2500 lexisti
2293 2447 2613 2517 justitiam,
2647 2453 2704 2503 et
2727 2450 2902 2504 odisti
2933 2448 3308 2520 iniquitatem
3349 2449 3525 2519 (Psal.
3578 2463 3715 2513 XLIV,

2077 2535 2154 2607 8).
2180 2556 2208 2584 »
2231 2536 2352 2591 Rex
2377 2536 2589 2592 Salem.
2625 2538 2696 2592 Et
2717 2537 2827 2593 hoc
2866 2538 3215 2593 vocabulum
3269 2538 3515 2593 sortitus
3545 2541 3632 2593 est
3658 2553 3718 2591 ex

2079 2622 2311 2679 civitate
2342 2640 2518 2695 quam
2580 2624 2949 2681 inhabitavit.
3005 2626 3151 2681 Nam
3206 2626 3414 2694 salem,
3476 2625 3585 2682 hoc
3639 2627 3719 2679 est

2071 2714 2247 2783 pacis,
2294 2714 2451 2784 quod
2510 2713 2722 2769 iterum
2779 2715 3035 2786 pertinet
3087 2715 3158 2769 ad
3217 2714 3540 2771 Christum.
3601 2714 3717 2785 Ipse

2078 2817 2333 2874 namque
2365 2803 2680 2872 nosjustos
2710 2802 2920 2871 efﬁcit;
2955 2804 3080 2876 ipse
3114 2803 3445 2876 paciﬁcavit
3493 2819 3619 2876 quae
3661 2800 3715 2856 in

2078 2888 2259 2959 ccelis,
2293 2895 2350 2945 et
2379 2906 2509 2960 quae
2536 2890 2595 2946 in
2628 2892 2802 2947 terris
2834 2896 3006 2959 sunt;
3051 2892 3153 2963 qui
3182 2897 3271 2948 est
3301 2909 3415 2964 pax
3446 2896 3639 2948 nostra
3664 2894 3716 2944 et

2077 2978 2214 3033 fecit
2243 2982 2490 3050 utraque
2521 2996 2708 3035 unum
2742 2981 2960 3051 (Ephes.
2998 2999 3058 3051 II,
3096 2982 3203 3052 14).
3244 3003 3266 3031 α
3302 2981 3585 3037 Sacerdos
3628 2978 3713 3033 Dei

2077 3067 2318 3123 summi.
2355 3088 2377 3117 ι
2415 3068 2698 3124 Sacerdos
2729 3068 2830 3125 Dei
2862 3070 3081 3125 summi
3101 3086 3229 3126 esse
3248 3069 3470 3125 dicitur
3493 3066 3714 3123 Melchi-

2076 3157 2285 3212 sedech
2310 3160 2381 3211 ad
2406 3156 2849 3213 distinctionem
2873 3157 3123 3214 aliorum
3143 3160 3412 3226 deorum,
3446 3163 3511 3214 ut
3539 3171 3712 3214 sacer-

2078 3241 2198 3301 dos
2218 3246 2315 3300 Dei
2348 3246 2656 3312 Creatoris,
2690 3264 2805 3302 non
2839 3247 3128 3303 idolorum
3183 3264 3311 3304 esse
3369 3247 3710 3303 crederetur.

319 3312 610 3371 habemus
632 3317 806 3375 ﬁxam
830 3320 889 3376 in
912 3322 1968 3398 interioravelaminis,nullainﬁdeli-
1998 3306 2042 3374 (ἶ
2084 3355 2106 3385 ι
2144 3333 2251 3399 Qui
2283 3334 2537 3390 obviavit
2592 3336 2837 3391 Abrahae
2869 3352 3134 3407 regresso
3166 3354 3200 3392 a
3230 3336 3384 3391 caede
3436 3350 3654 3408 regum.
3688 3352 3712 3379 υ

319 3405 441 3458 tate
468 3406 649 3474 mergi
668 3410 898 3478 poterit,
945 3412 995 3467 si
1016 3429 1149 3469 cum
1175 3416 1459 3488 Propheta
1487 3422 1768 3477 veraciter
1810 3422 1968 3478 dica-

322 3509 494 3548 mus:
522 3494 740 3552 «Jacta
770 3498 829 3553 in
864 3505 1044 3557 Deum
1077 3520 1275 3561 curam
1300 3512 1485 3579 tuam,
1511 3514 1564 3565 et
1588 3512 1714 3582 ipse
1744 3516 1970 3575 teenu-

322 3581 458 3636 triet
487 3583 656 3655 (Psal.
692 3603 801 3656 LIV,
862 3590 975 3661 23),
1004 3613 1034 3640 ››
1093 3597 1151 3648 et
1198 3611 1312 3649 non
1371 3581 1677 3668 habentes,
1729 3600 1969 3656 omnino

322 3668 577 3727 demersi
609 3690 867 3743 eramus,
892 3695 1004 3735 non
1037 3684 1268 3737 tantum
1312 3683 1371 3738 in
1428 3686 1816 3756 spiritalibus,
1868 3690 1968 3744 sed

322 3757 500 3813 etiam
534 3759 591 3814 in
614 3763 973 3833 carnalibus,
996 3769 1153 3840 quia,
1179 3792 1208 3821 ‹‹
1237 3772 1337 3842 qui
1362 3778 1555 3840 arat,»
1598 3775 1790 3847 inquit
1818 3779 1969 3849 Apo-

324 3846 538 3913 stolus,
570 3870 599 3899 ‹‹
629 3849 689 3904 in
721 3868 825 3924 spe
855 3859 982 3909 arat
1013 3873 1026 3923 ;
1074 3863 1131 3913 et
1178 3861 1371 3915 omnis
1422 3860 1586 3919 labor
1630 3846 1826 3921 noster
1869 3884 1971 3937 spe

324 3937 612 3993 mercedis
644 3941 962 4010 cujuslibet
1004 3947 1339 4005 consolatur
1395 3952 1444 4023 (Ι
1498 3954 1616 4009 Cor.
1678 3972 1753 4009 1x.
1808 3955 1913 4027 10).
1945 3979 1965 4004 ι

322 4024 468 4095 Spes
498 4043 630 4083 vero
662 4036 930 4101 penetrat
950 4033 1230 4093 interiora
1250 4039 1578 4109 velaminis,
1612 4044 1752 4098 dum
1802 4044 1971 4100 coele-

324 4114 441 4169 stia
468 4116 693 4187 absque
710 4118 831 4175 ulla
844 4120 1204 4181 dubitatione
1221 4129 1487 4195 credit,et
1508 4135 1770 4201 speratet
1789 4139 1968 4201 amat,

328 4203 606 4274 operibus
627 4208 886 4264 ostendit
901 4210 1042 4282 quid
1065 4219 1245 4283 amet,
1275 4222 1332 4271 et
1362 4217 1501 4288 quid
1534 4220 1733 4274 credat
1753 4224 1809 4274 et
1830 4221 1971 4291 quid

324 4297 537 4364 speret.

394 4384 462 4435 Et
490 4387 556 4436 ut
575 4383 894 4443 ﬁrmiorem
920 4389 1091 4447 nobis
1113 4407 1276 4463 spem
1315 4394 1575 4463 adderet,
1626 4397 1968 4469 subjunxit:

323 4487 353 4521 α
374 4468 483 4524 Ubi
507 4486 829 4541 precursor
847 4492 951 4547 pro
983 4478 1152 4535 nobis
1186 4480 1409 4537 introiit
1428 4483 1621 4556 Jesus,
1641 4488 1970 4543 secundum

321 4558 588 4615 ordinem
610 4560 1033 4620 Melchisedech
1052 4569 1320 4625 Pontifex
1336 4571 1596 4628 factusin
1618 4580 1969 4631 aeternum.»

2079 3423 2347 3478 Tradunt
2376 3423 2597 3478 Hebraei
2632 3424 2790 3480 hunc
2821 3441 2949 3480 esse
2977 3428 3108 3481 Sem
3142 3424 3327 3480 ﬁlium
3359 3424 3503 3492 Noe,
3546 3427 3601 3478 et
3654 3435 3713 3475 eo

2078 3517 2362 3584 tempore,
2398 3529 2515 3583 quo
2536 3517 2701 3568 ortus
2732 3518 2822 3568 est
2850 3513 3170 3581 Abraham,
3204 3513 3487 3569 habuisse
3534 3508 3712 3567 aetatis

2080 3617 2267 3656 annos
2296 3606 2585 3658 trecentos
2614 3603 2934 3674 nonaginta
2964 3604 3112 3658 duos
3144 3603 3345 3674 (1410),
3380 3607 3440 3658 et
3479 3618 3543 3657 eo
3575 3605 3713 3654 tem-

2080 3705 2239 3761 pore,
2273 3705 2387 3759 quo
2413 3694 2685 3745 mortuus
2698 3690 3309 3758 Abraham,habuisse
3323 3691 3516 3746 aetatis
3542 3701 3712 3744 annos

2082 3777 2433 3849 quingentos
2466 3779 2768 3850 sexaginta
2798 3780 3080 3852 quinque,
3113 3785 3169 3835 et
3198 3781 3280 3835 ita
3334 3776 3713 3852 supervixisse

2079 3866 2373 3922 Abraham
2398 3883 2581 3922 annos
2606 3868 2997 3939 quadraginta
3018 3869 3524 3940 quinque,quibus
3536 3862 3712 3936 exple-

2080 3954 2179 4024 tis,
2214 3955 2347 4009 facti
2379 3959 2519 4009 sunt
2541 3971 2745 4012 omnes
2776 3956 2898 4011 dies
2928 3957 3058 4012 vita:
3091 3958 3221 4028 ejus
3278 3956 3557 4013 sexcenti.
3606 3952 3711 4007 Nec

2082 4059 2210 4099 esse
2243 4043 2481 4109 mirum,
2515 4044 2565 4098 si
2595 4044 3017 4101 Melchisedech
3049 4045 3251 4102 victori
3279 4045 3575 4102 Abraham
3620 4040 3710 4095 ob-

2079 4132 2235 4187 viam
2266 4133 2633 4203 processerit,
2669 4139 2724 4188 et
2764 4135 2823 4188 in
2883 4134 3284 4201 refectionem,
3336 4139 3462 4190 tam
3516 4129 3709 4204 ipsius,

2083 4237 2259 4292 quam
2281 4228 2671 4294 pugnatorum
2695 4224 3064 4295 ejus,panem
3088 4224 3413 4295 vinumque
3428 4217 3707 4283 obtulerit,

2082 4315 2139 4364 et
2168 4311 2527 4365 benedixerit
2546 4299 2625 4377 ei,
2659 4313 2813 4383 quod
2838 4312 3108 4385 abnepoti
3128 4330 3234 4369 suo
3249 4315 3386 4384 jure
3412 4308 3709 4385 paternita-

2080 4400 2157 4454 tis
2188 4399 2443 4464 deberet,
2472 4404 2528 4454 et
2559 4402 2853 4456 decimaas
2883 4403 3092 4471 praedae
3121 4407 3298 4474 atque
3344 4399 3595 4457 victoria;
3647 4393 3708 4448 ab

2080 4488 2208 4559 ipso
2231 4489 2535 4559 acceperit.
2563 4490 2673 4543 Sed
2690 4490 2760 4544 de
2783 4490 2891 4544 hoc
2914 4491 2983 4544 ad
3011 4489 3271 4545 litteram
3301 4489 3538 4561 longius
3566 4484 3709 4540 labo-

2080 4593 2209 4632 rare
2224 4593 2460 4632 neeesse
2489 4594 2601 4632 non
2626 4582 2733 4645 est,
2755 4579 2893 4650 quia
2914 4580 2973 4634 in
2995 4580 3439 4635 commentariis
3463 4575 3590 4633 libri
3618 4572 3709 4627 Ge-

322 4646 655 4704 Prsacursor
683 4656 879 4707 autem
903 4658 1295 4724 quorumdam
1317 4664 1406 4715 est
1430 4678 1772 4733 praecursor,
1799 4663 1972 4720 sicuti
2002 4672 2048 4736 D
2082 4682 2307 4735 neseos,
2346 4683 2493 4737 quos
2516 4668 2586 4721 de
2608 4667 2817 4738 spiritu
2839 4674 2893 4723 et
2915 4667 3108 4722 littera
3128 4672 3262 4724 ante
3277 4667 3500 4742 aliquot
3517 4661 3709 4732 scripsi

319 4735 579 4793 Joannes
604 4738 841 4796 Christi.
873 4742 1000 4798 Non
1031 4745 1185 4800 enim
1220 4748 1364 4803 dixit
1411 4751 1778 4823 simpliciter,
1821 4777 1847 4803 ‹‹
1881 4754 1971 4809 in-

320 4825 505 4893 troiit,
541 4851 567 4874 η
598 4830 721 4897 sed,
760 4852 787 4879 ι
809 4831 908 4886 ubi
940 4849 1266 4904 praecursor
1296 4854 1399 4908 pro
1439 4839 1610 4895 nobis
1666 4841 1909 4913 introiit,
1939 4865 1967 4895 »

320 4913 420 4968 ubi
434 4914 577 4988 absq
590 4918 850 4974 uedubio
864 4938 970 4976 nos
984 4927 1247 4993 oporteat
1265 4928 1536 4998 prosequi
1550 4945 1966 5000 praecursorem

322 5007 610 5059 nostrum.
645 5010 1071 5066 Praacursorem
1096 5013 1412 5084 siquidem,
1437 5020 1492 5070 et
1512 5024 1967 5089 consequentem

322 5088 383 5142 in
416 5092 620 5147 eadem
653 5094 829 5149 etiam
857 5098 950 5151 via
970 5116 1097 5155 esse
1119 5103 1407 5157 convenit.
1433 5104 1550 5159 Hoc
1567 5111 1763 5161 autem
1787 5109 1858 5163 de
1880 5126 1968 5173 eo,

324 5177 427 5248 qui
459 5182 785 5238 secundum
801 5201 1036 5243 carnem
1062 5195 1172 5259 est,
1196 5190 1429 5263 dicitur,
1454 5194 1554 5264 qui
1582 5197 1968 5267 semetipsum

320 5265 537 5321 obtulit
564 5271 919 5330 sacriﬁcium
955 5281 1070 5333 Deo
1104 5279 1163 5333 in
1195 5280 1433 5336 odorem
1457 5285 1785 5341 suavitatis.
1813 5288 1961 5342 Pon-

395 5423 582 5510 (14.10)
613 5426 1308 5510 Ambrosiasterducentos
1354 5446 1679 5510 nonaginta.
1712 5445 1815 5500 Hie
1845 5446 1969 5501 obi-

327 5494 877 5586 te‘rgpbservabimus
890 5503 1041 5586 hanc
1055 5494 1388 5586 Opinionem
1400 5494 1723 5572 vMelchised
1733 5518 1968 5586 ech,sci-

327 5564 753 5646 liectcu.mdem
777 5587 903 5646 esse
925 5592 989 5628 ac
1011 5564 1163 5643 Sem,
1182 5564 1397 5637 multos
1423 5590 1598 5643 etiam
1637 5606 1704 5643 ex
1741 5564 1969 5646 moder-

329 5635 423 5714 nis
446 5632 698 5725 faBtores
717 5632 1211 5725 habe-ter‘Si‘plura
1231 5654 1549 5725 desideres,
1577 5661 1673 5714 adi
1691 5661 1972 5718 dictiona-

326 5704 483 5761 rium
506 5702 640 5760 hist.
673 5707 816 5764 bibl.
848 5714 913 5764 P.
946 5702 1967 5805 ealmét"aa'VSEéﬁf’tiEic‘itiEéiié‘éil,

2082 4771 2291 4820 annos,
2317 4754 2676 4809 sufﬁcienter
2696 4755 3026 4827 expositum
3050 4761 3139 4811 est
3159 4757 3367 4828 (1411).
3392 4778 3422 4807 ‹‹
3454 4755 3521 4810 Et
3548 4753 3710 4842 bene:

2083 4842 2229 4898 dixit
2250 4842 2322 4897 ei.
2349 4864 2375 4892 »
2409 4842 2517 4907 Qui
2547 4843 2704 4898 enim
2730 4844 3023 4899 benedicit
3052 4847 3244 4916 major
3270 4849 3363 4901 est
3389 4858 3566 4916 quam
3619 4849 3709 4908 qui

2080 4930 2463 4986 benedicitur.
2498 4931 2660 4987 Unde
2689 4936 2747 4987 et
2771 4933 3101 4989 sacerdotes
3132 4949 3201 4988 ex
3232 4934 3456 4989 semine
3487 4925 3707 4984 Abrahzc

2079 5020 2220 5088 nati,
2257 5019 2467 5075 fratres
2497 5037 2637 5075 suos
2665 5020 3111 5092 benedicebant,
3141 5021 3198 5077 id
3229 5028 3340 5087 est,
3375 5021 3528 5076 ﬁlios
3549 5008 3704 5072 Israel

2081 5109 2298 5180 quibus
2318 5108 2416 5163 isti
2441 5108 2699 5163 decimas
2722 5110 3295 5177 dabant,secundum
3315 5109 3461 5182 legis
3487 5101 3708 5162 manda-

2078 5203 2205 5253 tum
2238 5213 2368 5252 vere
2402 5203 2467 5252 ut
2499 5197 2829 5267 majoribus
2859 5204 2918 5254 et
2947 5199 3438 5255 eminentioribus
3468 5194 3597 5252 sibi.

2153 5308 2181 5337 «
2214 5286 2315 5342 Cui
2348 5287 2609 5342 decimas
2642 5286 2907 5342 omnium
2939 5288 3136 5344 divisit
3163 5288 3479 5344 Abraham.
3505 5305 3532 5335 »
3557 5275 3708 5337 Nullo

2079 5448 2179 5503 ubi
2203 5464 2406 5521 omnes
2428 5447 2548 5503 fere
2572 5447 2898 5519 opiniones,
2917 5464 3239 5521 earumque
3256 5450 3522 5503 auctores
3541 5440 3707 5497 hacin

2080 5536 2140 5575 re
2168 5519 2449 5574 invenies.

2150 5592 2333 5662 (1411)
2358 5590 2583 5646 Asserit
2605 5608 2665 5645 se
2683 5590 2739 5645 in
2758 5590 2816 5645 in
2838 5590 3057 5647 librum
3072 5592 3361 5648 Geneseos
3375 5582 3708 5662 commenta—

2079 5660 2165 5717 ria
2198 5660 2523 5734 scripsisse.
2560 5662 2794 5718 Utinam
2821 5668 2982 5720 tanto
3012 5664 3335 5737 potiremur
3352 5660 3646 5717 thesauro.
