3898 6412
180 453 299 515 ’1ὺῦ

770 453 1189 517 EXPOSITIO
1233 453 1313 517 IN
1359 456 1791 519 EPIS'I‘OLAS
1836 456 2095 520 PAULI.
2130 489 2207 504 --
2234 456 2315 520 IN
2348 456 2600 520 EPIST.
2644 458 2749 517 AD
2793 455 3030 518 HEBB.

3489 450 3610 513 766

181 587 357 643 modo
376 586 536 642 enim
560 586 822 644 dedisset
841 588 1139 644 Abraham
1173 589 1511 662 alienigenae
1541 590 1845 646 Melchise-
1874 592 1930 657 Α
1961 596 2115 647 esset
2143 610 2155 648 :
2181 616 2209 643 «
2232 593 2412 665 Cujus
2432 596 2629 648 autem
2652 590 2949 663 generatio
2970 604 3088 646 non
3111 589 3535 645 annumeratur
3550 584 3611 640 in

180 676 329 733 dech
353 677 643 732 sacerdoti
676 677 1091 733 incircumciso
1113 679 1393 747 decimas,
1419 680 1531 734 nisi
1559 682 1687 749 ejus
1718 679 1845 751 plu-

182 764 372 820 rimus
400 764 591 821 honor
630 771 807 821 esset.

257 854 475 910 Deinde
507 854 751 910 alteram
784 855 1174 912 differentiam
1215 857 1559 923 introducit,
1592 857 1793 913 dicens
1830 875 1842 913 :

184 964 214 993 «
242 943 379 999 Sine
421 947 604 1014 patre,
642 944 769 998 sine
801 950 1006 1011 matre,
1044 945 1171 1000 sine
1204 945 1565 1017 genealogis.
1604 968 1631 996 »
1686 947 1746 1001 In
1779 964 1845 1001 eo

179 1032 338 1088 enim
373 1033 529 1103 quod
564 1033 761 1087 subito
796 1050 1006 1087 nomen
1036 1034 1165 1103 ejus
1199 1034 1518 1101 inducitur,
1544 1040 1602 1090 et
1631 1052 1699 1089 ex
1729 1052 1846 1105 qua

180 1122 365 1193 stirpe
385 1123 464 1176 sit
483 1127 824 1191 procreatus
842 1139 1215 1194 nequaquam
1242 1124 1611 1194 ponitur,nec
1631 1125 1846 1179 indica-

176 1215 277 1266 tur
308 1211 379 1265 de
412 1210 583 1265 initio
613 1211 746 1266 vitae
778 1212 907 1280 ejus
935 1211 1020 1266 vel
1058 1214 1190 1278 ﬁne,
1221 1229 1326 1266 nec
1357 1219 1511 1275 ante,
1544 1230 1649 1267 nec
1685 1218 1841 1283 post-

178 1298 424 1353 modum
452 1298 781 1370 quidquam
809 1300 1073 1365 refertur,
1102 1301 1228 1356 ideo
1251 1302 1522 1373 adjungit
1547 1320 1559 1357 :
1596 1324 1622 1354 α
1646 1303 1844 1373 Neque

176 1387 413 1442 initium
447 1387 702 1454 dierum,
737 1405 925 1459 neque
957 1392 1133 1443 linem
1165 1391 1292 1443 vitae
1326 1391 1571 1445 habens.
1612 1413 1638 1438 ››
1689 1392 1840 1455 Quo-

175 1477 354 1531 modo
396 1490 505 1530 nec
554 1476 793 1531 initium
836 1478 1085 1542 dierum,
1123 1496 1311 1549 neque
1360 1479 1535 1533 ﬁnem
1587 1478 1843 1533 habuit?

172 1565 506 1629 Quomodo,
532 1564 645 1621 nisi
678 1566 817 1637 quia
843 1584 957 1620 non
991 1573 1213 1634 narrat,
1238 1568 1389 1622 sicut
1417 1568 1690 1639 superius
1714 1568 1840 1636 jam

168 1654 459 1716 diximus,
479 1653 784 1726 Scriptura
805 1656 935 1724 ejus
958 1656 1360 1725 genealogiam
1377 1656 1404 1709 ?
1425 1655 1585 1710 Sicut
1606 1660 1661 1711 et
1682 1655 1843 1710 Chri-

168 1747 307 1797 stus
335 1741 469 1813 ipsa
500 1746 715 1797 natura
747 1742 874 1798 sine
905 1744 1075 1798 initio
1108 1748 1165 1799 et
1208 1745 1322 1799 fine
1352 1749 1459 1798 est.
1493 1744 1654 1799 Sicut
1683 1744 1840 1798 enim

166 1832 349 1887 istius
373 1832 677 1887 nescimus
701 1848 889 1903 neque
912 1832 1142 1887 initium
1168 1833 1420 1900 dierum,
1447 1850 1638 1904 neque
1665 1834 1839 1888 ﬁnem

165 1921 329 1989 vita),
365 1927 601 1991 propter
634 1921 790 1992 quod
823 1938 937 1976 non
971 1928 1061 1976 est
1089 1923 1399 1993 scriptum,
1425 1922 1508 1977 ita
1540 1923 1840 1977 nescimus

164 2008 305 2064 Filii
340 2008 435 2063 Dei
468 2008 730 2077 initium,
754 2009 841 2064 vel
874 2012 1071 2065 ﬁnem.
1104 2011 1232 2081 Ipse
1267 2016 1356 2065 est
1386 2011 1539 2065 enim
1576 2011 1737 2066 solus
1768 2012 1838 2066 de

168 2102 347 2153 Patre
378 2097 506 2153 sine
537 2102 723 2153 matre
754 2098 991 2170 genitus
1022 2116 1123 2169 per
1153 2100 1519 2154 divinitatem
1550 2117 1563 2167 ;
1610 2100 1735 2171 ipse
1765 2100 1838 2154 de

172 2187 364 2242 Matre
396 2187 523 2242 sine
555 2191 721 2258 patre
760 2203 862 2259 per
906 2188 1381 2255 humanitatem;
1428 2188 1556 2259 ipse
1606 2206 1839 2260 quoque

168 2276 464 2331 Sacerdos
494 2281 771 2343 internus,
795 2277 865 2331 ad
902 2294 1077 2348 quem
1102 2278 1357 2333 dicitur:
1396 2301 1415 2326 ι
1446 2278 1528 2332 Tu
1564 2294 1625 2333 es
1655 2294 1839 2333 sacer-

165 2364 281 2419 dos
313 2364 373 2417 in
405 2369 691 2419 aaternum
724 2366 1050 2419 secundum
1083 2366 1351 2420 ordinem
1383 2366 1834 2422 Melchisedech.

160 2452 555 2509 Assimilatus
579 2458 670 2509 est
690 2459 883 2509 autem
910 2453 1051 2509 Filio
1074 2454 1197 2509 Dei.
1223 2476 1250 2504 »
1284 2454 1619 2509 Similitudo
1641 2455 1752 2510 hoc
1773 2457 1832 2509 in

163 2538 298 2597 loco
332 2558 449 2596 non
483 2558 586 2612 pro
627 2541 982 2613 aequalitate,
1018 2544 1118 2598 sed
1154 2560 1255 2614 pro
1289 2545 1477 2615 ﬁgura
1504 2545 1695 2616 posita
1723 2549 1829 2600 est.

164 2631 339 2686 Sicut
370 2631 526 2685 enim
576 2630 637 2685 in
690 2632 1074 2701 imaginibus,
1107 2632 1330 2704 aliquid
1363 2633 1574 2699 simile,
1609 2634 1831 2705 aliquid

164 2719 468 2775 dissimile
500 2721 779 2791 ponitur;
808 2720 1137 2777 similitudo
1164 2728 1253 2777 est
1286 2722 1342 2776 in
1377 2722 1662 2793 positione
1686 2722 1835 2778 colo-

165 2825 303 2865 rum
318 2853 331 2876 ,
345 2817 401 2864 et
423 2809 506 2864 sic
524 2809 855 2865 diﬂ‘erentia
874 2811 1190 2866 manifesta
1208 2817 1592 2881 monstratur,
1608 2818 1659 2867 et
1684 2829 1836 2883 quae-

168 2898 311 2953 dam
346 2898 585 2968 quidem
621 2897 855 2969 similis,
880 2901 1149 2970 quaedam
1174 2906 1369 2956 autem
1401 2901 1730 2966 dissimilis,
1755 2902 1837 2957 ita

168 2988 390 3042 umbra
410 2992 469 3042 et
498 2988 737 3055 veritas,
761 2990 950 3060 ﬁgura
980 2993 1037 3044 et
1067 2990 1219 3061 quod
1248 2991 1635 3061 signiﬁcatur.
1671 3013 1697 3039 ‹‹
1721 2992 1836 3045 Ma-

171 3081 278 3132 net
309 3076 597 3131 Sacerdos
629 3076 686 3131 in
721 3082 1091 3148 perpetuum.
1126 3102 1154 3127 ››
1211 3079 1327 3134 Hoc
1358 3080 1429 3133 de
1460 3079 1689 3134 Christo
1725 3081 1834 3134 Do-

172 3165 361 3231 mino,
388 3181 505 3220 non
528 3166 601 3220 de
623 3164 1044 3221 Melchisedech
1068 3165 1317 3237 intelligi
1338 3167 1465 3221 vult
1484 3167 1833 3238 Apostolus:

171 3253 315 3327 quia
339 3253 454 3309 iste
476 3258 845 3320 mortuus,ct
865 3271 979 3309 non
1004 3256 1115 3309 fuit
1137 3256 1407 3310 sacerdos
1432 3258 1487 3310 in
1512 3262 1833 3325 reternum;

1955 681 2059 747 eis,
2084 704 2103 730 υ
2133 682 2188 737 id
2214 687 2323 749 est,
2344 682 2400 737 in
2429 681 2565 737 ﬁliis
2587 681 2753 749 Levi;
2785 678 3234 743 Melchisedech,
3254 681 3319 732 ut
3338 675 3610 748 superius

1955 771 2057 839 ait,
2082 793 2109 821 «
2137 772 2263 827 sine
2284 776 2490 840 matre,
2514 776 2571 827 et
2600 771 2725 826 sine
2752 768 3090 841 genealogia
3115 790 3143 816 ››
3169 785 3182 822 :
3218 765 3608 837 signiﬁcativo

1955 865 2149 915 autem
2184 861 2381 927 modo,
2404 860 2618 915 Christi
2642 858 2940 931 generatio
2966 875 3069 929 per
3097 856 3462 912 divinitatem
3491 870 3608 909 non

1954 966 2111 1004 annu
2125 951 2583 1019 meratur,juxta
2603 948 2748 1003 illud
2775 966 2788 1003 :
2818 969 2843 1000 ι
2862 947 3306 1003 Generationem
3326 946 3456 1014 ejus
3474 943 3609 1014 quis

1954 1038 2292 1093 enarrabit‘?
2313 1061 2340 1087 ››
2370 1039 2636 1093 Decimae
2659 1038 2915 1109 sumpsit
2934 1036 3200 1103 Abrahae,
3222 1034 3479 1100 ethunc,
3504 1032 3607 1103 qui

1952 1127 2206 1182 habebat
2233 1128 2740 1199 repromissiones,
2766 1125 3079 1181 benedixit.
3102 1125 3236 1179 Sine
3264 1121 3386 1178 ulla
3411 1126 3602 1177 autem

1952 1217 2435 1283 contradictione,
2461 1218 2617 1288 quod
2640 1217 2836 1271 minus
2857 1219 2966 1280 est,
2992 1232 3025 1269 a
3054 1212 3295 1268 meliore
3311 1210 3605 1267 benedici-

1950 1310 2047 1360 tur
2075 1306 2227 1376 (Isai.
2264 1323 2383 1373 LIII,
2416 1306 2492 1371 8).
2525 1305 2627 1359 His
2660 1309 2857 1359 autem
2888 1303 3120 1357 duobus
3151 1300 3343 1355 modis
3364 1297 3604 1354 Melchi-

1952 1395 2161 1449 sedech
2196 1394 2588 1449 sacerdotium
2622 1397 2741 1447 toto
2772 1391 2997 1446 Veteris
3025 1388 3386 1444 Testamenti
3417 1401 3605 1442 sacer-

1951 1483 2109 1538 dotio
2133 1482 2449 1555 praecellit:
2477 1484 2755 1554 primum,
2772 1481 2913 1553 quia
2932 1480 3191 1535 decimas
3212 1476 3283 1532 ab
3307 1474 3602 1530 Abraham

1949 1572 2217 1628 omnium
2244 1572 2616 1627 sacerdotum
2648 1575 2812 1642 patre
2833 1570 3095 1639 accipere
3121 1566 3354 1631 meruit,
3378 1568 3436 1619 et
3464 1562 3606 1634 quia

1949 1662 2130 1731 hunc,
2156 1660 2259 1732 qui
2286 1660 2776 1732 repromissiones
2797 1662 3119 1729 acceperat,
3143 1652 3458 1711 benedixit.
3484 1655 3605 1705 Hoc

1951 1750 2125 1803 modo
2160 1749 2218 1803 in
2241 1750 2435 1803 Veteri
2458 1750 2834 1804 Testamento
2856 1745 3155 1802 Christum
3178 1741 3438 1814 apertius
3463 1756 3606 1812 pra:-

1948 1837 2204 1909 ﬁgnrare
2263 1854 2378 1893 non
2436 1837 2649 1909 potuit,
2702 1852 2879 1907 quam
2933 1831 3382 1888 Melchisedech.
3440 1829 3602 1894 Quod

1950 1942 2085 1980 vero
2119 1924 2451 1996 patriarcha
2480 1941 2732 1996 magnus
2755 1922 3017 1979 decimas
3038 1919 3233 1976 omnis
3259 1916 3603 1975 substantias

1948 2031 2066 2069 sua:
2093 2013 2517 2071 Melchisedech
2543 2012 2829 2069 sacerdoti
2863 2014 2995 2083 post
3017 2008 3478 2065 benedictionem
3500 2006 3600 2060 de-

1948 2102 2052 2170 dit,
2077 2104 2270 2159 sciens
2302 2102 2664 2175 spiritaliter,
2692 2105 2758 2157 ut
2787 2100 3065 2164 diximus,
3091 2096 3303 2152 melius
3329 2094 3601 2150 sacerdo-

1947 2191 2097 2246 tium
2124 2192 2388 2246 futurum
2423 2191 2481 2245 in
2515 2189 2730 2262 populo
2761 2188 3050 2260 gentium,
3074 2202 3252 2257 quam
3279 2182 3599 2248 leviticum,

1948 2280 2103 2348 quod
2150 2280 2208 2334 in
2255 2278 2433 2335 Israel
2465 2280 2536 2333 de
2563 2279 2693 2351 ipso
2723 2282 2848 2333 erat
2880 2275 3270 2339 nasciturum,
3303 2273 3599 2327 futurum-

1946 2385 2079 2439 que,
2113 2372 2179 2423 ut
2230 2368 2624 2424 sacerdotium
2658 2366 2925 2422 Ecclesiaa
2970 2365 3195 2419 habens
3244 2359 3596 2433 praeputium

1945 2456 2315 2512 benediceret
2363 2458 2423 2511 in
2470 2457 2768 2511 Abraham
2813 2452 3161 2510 circumciso
3205 2447 3598 2506 sacerdotium

1945 2561 2274 2617 synagogas.

2018 2657 2045 2685 «
2080 2641 2125 2688 A
2156 2635 2397 2690 meliore
2425 2633 2824 2701 benedicetur,
2857 2655 2885 2683 »
2919 2632 2977 2686 id
3012 2634 3120 2698 est,
3154 2646 3189 2686 a
3218 2628 3459 2699 majore.
3498 2626 3599 2681 Be-

1945 2724 2197 2780 nedictio
2229 2723 2605 2780 abundantiae
2636 2728 2744 2779 est.
2780 2723 2914 2778 Ideo
2954 2726 3150 2776 autem
3200 2733 3371 2773 nemo
3421 2716 3596 2771 bene-

1945 2814 2135 2868 dicere
2167 2818 2377 2884 potest,
2411 2814 2524 2867 nisi
2570 2813 2669 2884 qui
2718 2813 2908 2882 major
2951 2816 3061 2878 est,
3095 2812 3153 2863 et
3199 2822 3369 2863 nemo
3418 2806 3599 2859 bene-

1944 2902 2056 2956 dici
2107 2908 2320 2974 potest,
2366 2902 2480 2957 nisi
2530 2902 2630 2974 qui
2680 2901 2875 2956 minor
2922 2903 3032 2955 est.
3080 2898 3257 2953 Vides
3304 2898 3597 2967 quantum

1945 2990 2191 3046 interest
2239 2991 2391 3045 inter
2440 2989 2738 3046 Abraham
2788 2992 2846 3043 et
2898 2983 3350 3049 Melchisedech,
3383 2981 3484 3053 qui
3534 2981 3599 3036 ﬁ-

1946 3096 2154 3151 guram
2206 3080 2446 3149 gerebat
2496 3077 2811 3133 Salvatoris
2861 3074 3069 3131 nostri.
3100 3072 3475 3144 Approbatur
3503 3069 3600 3124 hic

1946 3167 2156 3222 melior
2185 3166 2610 3223 Melchisedech
2654 3182 2807 3231 esse,
2839 3179 3017 3236 quam
3048 3161 3367 3229 Abraham,
3399 3165 3459 3215 et
3504 3174 3597 3213 sa-

1948 3255 2271 3311 cerdotium
2298 3258 2449 3327 ejus,
2472 3272 2651 3326 quam
2681 3254 3011 3309 levitarum.
3033 3250 3406 3323 Approbatur
3432 3246 3598 3303 Chri-

1867 3322 1910 3389 (ἶ
1950 3351 2077 3401 stus
2124 3322 2814 3411 meliorTMelchisedecb,
2845 3346 2904 3397 et
2952 3322 3229 3396 omnibus
3274 3336 3603 3409 prOphetis,

1947 3432 2069 3487 sive
2112 3431 2485 3503 patriarchis,
2517 3428 2605 3485 vel
2659 3428 2938 3484 omnibus
2985 3426 3228 3484 sanctis.
3261 3423 3363 3480 Isti
3411 3421 3602 3479 sancti

1946 3522 2103 3575 sicut
2134 3520 2427 3583 homines,
2458 3518 2560 3573 ille
2591 3519 2745 3574 sicut
2775 3523 2950 3581 Deus,
2983 3521 3040 3571 et
3069 3515 3247 3570 homo
3273 3531 3287 3580 ;
3320 3512 3420 3567 isti
3450 3512 3606 3567 sicut

1948 3608 2052 3663 ﬁlii
2085 3608 2365 3679 adoptivi,
2398 3608 2497 3663 ille
2529 3612 2594 3662 ut
2628 3606 2900 3679 proprius
2932 3604 3132 3660 Filius.
3158 3603 3225 3657 Et
3252 3602 3406 3657 hanc
3435 3600 3601 3655 diﬂ‘e-

1948 3699 2199 3754 rentiam
2252 3714 2352 3769 per
2398 3702 2590 3753 totum
2634 3701 2857 3753 textum
2897 3692 3168 3765 Epistolas
3199 3691 3380 3761 hujus
3411 3689 3602 3745 disse-

1951 3786 2161 3852 minat,
2174 3785 2506 3856 etjaculatu
2517 3805 2563 3855 r,
2577 3784 2778 3840 volens
2797 3785 3200 3839 demonstrare
3217 3786 3504 3852 quantum
3522 3778 3605 3833 in-

1950 3875 2119 3930 tersit
2148 3877 2299 3929 inter
2321 3875 2641 3938 Christum,
2665 3880 2724 3929 et
2746 3871 3129 3944 patriarchas,
3149 3869 3237 3925 vel
3264 3868 3604 3941 prophetas.

1952 3965 2019 4018 Et
2041 3971 2274 4036 propter
2304 3963 2413 4018 hoc
2445 3963 2770 4033 assumpsit
2789 3958 3238 4023 Melchisedech,
3261 3958 3422 4029 quia,
3450 3955 3605 4012 sicut

1943 4052 2071 4123 jam
2102 4051 2382 4118 diximus,
2414 4052 2548 4123 plus
2578 4050 2860 4122 apertius,
2883 4054 2941 4104 et
2976 4046 3348 4103 manifestius
3369 4044 3608 4117 gerebat

1952 4143 2201 4212 ﬁguram
2259 4140 2578 4195 Salvatoris
2638 4137 2845 4204 nostri,
2896 4142 2953 4192 et
3003 4141 3070 4191 ut
3123 4134 3249 4207 ipse
3296 4134 3602 4206 approbat,

1954 4251 1982 4280 «
2014 4230 2142 4284 sine
2165 4229 2284 4284 ulla
2308 4229 2790 4292 contradictione,
2817 4228 2974 4299 quod
2998 4225 3197 4281 minus
3226 4228 3336 4287 est,
3364 4245 3392 4272 »
3420 4224 3603 4277 Abra-

1952 4317 2113 4387 ham,
2166 4340 2193 4367 ‹‹
2229 4335 2263 4373 a
2317 4318 2557 4374 meliore
2606 4317 3007 4381 benedicetur,
3040 4336 3069 4363 »
3120 4313 3177 4367 id
3221 4317 3333 4378 est,
3366 4309 3605 4365 Melchi-

1951 4406 2186 4462 sedech.
2211 4408 2507 4463 Abraham
2538 4408 2757 4478 quippe
2786 4403 3045 4460 decimas
3076 4402 3260 4466 dedit,
3291 4399 3444 4471 quod
3478 4414 3606 4470 per-

1951 4495 2100 4550 tinet
2122 4495 2192 4549 ad
2218 4496 2579 4550 sacerdotem
2600 4492 3047 4549 Melchisedech.
3062 4488 3489 4545 Melchisedech
3511 4488 3611 4544 ite-

168 3344 367 3415 ﬁgura
396 3347 596 3397 tamen
628 3344 759 3413 ejus
788 3342 928 3399 vivit
957 3343 1017 3398 in
1039 3343 1268 3398 Christo
1296 3344 1355 3398 in
1390 3351 1757 3416 perpetuum.

242 3431 409 3487 Unde
430 3436 488 3487 et
520 3432 826 3503 sequitur:
864 3455 891 3482 «
921 3432 1234 3488 Intuemini
1260 3438 1457 3488 autem
1483 3439 1741 3504 quantus
1762 3435 1839 3490 sit

168 3522 291 3589 hic,
318 3521 414 3575 cui
446 3526 502 3575 et
522 3521 786 3576 decimas
810 3521 970 3576 dedit
992 3523 1062 3576 de
1091 3521 1399 3593 praecipuis
1424 3522 1717 3577 Abraham
1744 3540 1840 3594 pa-

163 3610 452 3666 triarcha.
480 3630 509 3657 »
543 3610 708 3673 Quod
736 3627 869 3665 vero
902 3610 1237 3680 patriarcha
1269 3627 1519 3681 magnus
1544 3612 1837 3667 Abraham

164 3699 433 3756 decimas
453 3699 798 3754 substantiae
815 3716 932 3755 suae
948 3698 1376 3755 Melchisedech
1401 3701 1686 3755 sacerdoti
1712 3705 1842 3771 post

169 3787 646 3844 benedictionem
680 3787 861 3858 dedit,
895 3788 1087 3843 sciens
1131 3788 1381 3857 qualiter
1411 3790 1620 3844 melius
1650 3806 1837 3845 sacer-

172 3877 403 3932 dotium
424 3877 688 3932 futurum
706 3876 766 3930 in
782 3875 998 3948 populo
1014 3877 1838 3948 gentium,quaml.eviticum,

170 3965 333 4037 quod
358 3965 417 4019 in
442 3964 622 4019 Israel
645 3966 718 4019 de
737 3966 865 4036 ipso
889 3970 1015 4020 erat
1039 3966 1407 4020 nasciturum
1432 3967 1837 4038 futurumque,

169 4062 240 4109 ut
265 4052 669 4109 sacerdotium
690 4052 960 4109 Ecclesia
985 4053 1210 4108 habens
1234 4054 1589 4125 praeputium
1613 4055 1842 4111 benedi-

169 4147 332 4197 ceret
349 4141 715 4196 inAbraham
734 4140 1084 4196 circumciso
1100 4142 1840 4215 saccrdotiumSynagogaz.

169 4233 243 4287 Et
273 4231 387 4286 hoc
417 4229 721 4302 apostolus
743 4229 958 4285 Paulus
982 4231 1226 4295 Judaeis,
1251 4232 1323 4286 ad
1356 4248 1503 4302 quos
1534 4232 1686 4287 hanc
1708 4232 1839 4304 Epi-

168 4318 394 4375 stolam
418 4318 758 4385 destinavit,
780 4317 1042 4372 inculcat
1068 4324 1126 4373 et
1155 4318 1333 4374 dicit:
1367 4320 1645 4391 Aspicite,
1668 4327 1724 4375 et
1753 4322 1842 4375 in-

166 4407 424 4481 telligite
454 4424 635 4479 quam
670 4423 924 4478 magnus
972 4407 1069 4461 hic
1113 4411 1388 4464 sacerdos
1418 4407 1839 4465 Melchisedech

166 4502 282 4564 est,
308 4496 414 4569 qui
446 4498 699 4569 ﬁguram
722 4496 935 4552 Christi
968 4497 1275 4567 gestabat;
1311 4497 1401 4553 cui
1436 4503 1557 4553 tam
1590 4513 1844 4571 magnus

170 4585 516 4659 patriarcha
540 4585 839 4641 Abraham
862 4585 1121 4640 decimas
1145 4586 1307 4640 dedit
1331 4587 1400 4641 de
1432 4587 1763 4658 praecipuis,
1784 4588 1840 4642 id

170 4681 290 4741 est,
325 4675 399 4731 de
431 4675 779 4731 melioribus
807 4675 984 4730 rebus
1014 4691 1142 4744 quae
1175 4674 1448 4730 habebat.

247 4787 277 4813 «
313 4768 385 4818 Et
418 4764 657 4835 quidem
692 4764 764 4818 de
797 4762 933 4818 ﬁliis
968 4764 1095 4818 Levi
1128 4764 1523 4820 sacerdotium
1555 4766 1844 4837 accipien-

172 4857 290 4919 tes,
309 4852 665 4907 mandatum
689 4851 911 4907 habent
936 4852 1196 4907 decimas
1218 4869 1451 4908 sumere
1474 4870 1507 4909 a
1528 4854 1741 4926 populo
1765 4872 1848 4911 se-

174 4942 451 4997 cundum
477 4940 763 5012 legem,id
789 4946 945 5007 est,a
968 4941 1249 4996 fratribus
1271 4942 1768 5014 suis,quanquam
1794 4948 1850 4998 et

169 5030 292 5102 ipsi
317 5029 571 5086 exierint
591 5031 664 5085 de
691 5028 911 5084 lumbis
933 5029 1201 5085 Abrahae.
1233 5053 1252 5077 η
1290 5032 1479 5085 Tanta
1501 5032 1718 5104 quippe
1739 5038 1847 5097 est,

170 5119 398 5191 inquit,
435 5118 751 5174 sacerdotii
785 5117 1147 5186 excellentia,
1183 5124 1245 5173 ut
1276 5120 1451 5174 etiam
1492 5120 1595 5191 qui
1626 5121 1850 5177 similes

173 5214 383 5265 essent
414 5208 915 5281 progenitoribus,
941 5212 998 5263 et
1027 5208 1302 5264 eumdem
1334 5210 1614 5264 haberent
1645 5226 1848 5282 proge-

174 5298 460 5368 nitorem,
477 5303 679 5354 tamen
698 5296 884 5352 multo
899 5295 1156 5368 amplius
1175 5297 1445 5353 meliores
1465 5298 1851 5369 essejudicati

176 5392 339 5459 sunt,
378 5405 413 5443 a
445 5388 669 5460 quibus
699 5386 1018 5458 accipiunt.
1054 5386 1123 5440 Et
1169 5387 1438 5458 quamvis
1486 5403 1520 5441 a
1574 5387 1850 5442 fratribus

176 5476 306 5533 suis
339 5477 685 5534 sacerdotes
716 5476 789 5531 de
818 5475 974 5531 tribu
1010 5474 1144 5530 Levi
1176 5475 1433 5531 decimas
1466 5482 1726 5545 sumant,
1762 5482 1847 5531 ta-

180 5582 315 5622 men
352 5567 449 5623 hic
481 5565 762 5622 sacerdos
794 5566 866 5619 de
895 5564 1050 5618 tribu
1086 5564 1216 5619 Levi
1249 5581 1363 5619 non
1398 5572 1540 5634 erat,
1564 5567 1662 5637 qui
1692 5568 1850 5621 deci-

1953 4600 2086 4638 rum
2120 4584 2436 4649 benedicit,
2470 4584 2622 4654 quod
2657 4586 2748 4638 est
2779 4579 3040 4636 melioris
3072 4578 3442 4635 excellentiae.

1876 4693 1923 4757 D
2029 4673 2189 4727 Istud
2225 4672 2489 4727 scribens
2520 4670 2859 4743 Apostolus,
2891 4674 2949 4725 et
2989 4667 3354 4757 examinans,
3386 4666 3613 4757 fortiter

1959 4761 2391 4832 condemnavit,
2423 4766 2482 4817 et
2530 4760 2779 4817 exclusit
2823 4758 3101 4816 Judaicas
3148 4756 3425 4812 rationes.
3472 4755 3610 4809 Pro-

1957 4855 2155 4922 pterea
2183 4850 2415 4905 dicebat
2448 4868 2462 4906 :
2502 4869 2523 4897 ι
2558 4850 2704 4915 Quia
2734 4847 3059 4904 imbecilles
3090 4846 3224 4902 facti
3254 4844 3395 4901 estis
3425 4843 3609 4916 (Hebr.

1957 4956 2011 5007 v,
2043 4940 2131 5008 11)
2156 4956 2168 5005 ;
2197 4962 2217 4989 ι
2257 4938 2397 5010 quia
2425 4938 2536 4994 hoc
2557 4942 2813 4994 evertere
2843 4936 3093 5001 volebat,
3116 4951 3189 4990 ne
3219 4933 3612 5005 gloriarentur

1959 5028 2016 5083 in
2071 5028 2174 5083 eis.
2229 5027 2386 5084 Talis
2438 5035 2528 5084 est
2575 5034 2735 5082 enim
2787 5025 3076 5097 sapientia
3130 5022 3293 5079 Pauli
3342 5020 3610 5093 apostoli.

1959 5119 2281 5190 Perstrepit
2309 5118 2591 5189 primum,
2624 5122 2680 5171 et
2709 5122 2848 5171 tunc
2877 5113 3203 5187 ingreditur
3238 5112 3309 5169 ad
3359 5127 3447 5179 ea,
3482 5127 3609 5183 quae

1959 5206 2086 5263 vult
2116 5208 2443 5277 ostendere,
2471 5211 2528 5262 et
2556 5205 2699 5261 dicit
2728 5223 2741 5261 :
2783 5225 2803 5251 ι
2839 5205 2908 5259 Et
2937 5204 3030 5259 hic
3061 5203 3325 5274 quidem,
3350 5200 3611 5257 decimas

1961 5300 2277 5353 morientes
2299 5296 2568 5353 homines
2588 5293 2901 5365 accipiunt.
2926 5314 2949 5344 ι
2983 5292 3299 5348 Morientes
3319 5290 3612 5360 homines,

1958 5386 2015 5441 id
2049 5392 2157 5453 est,
2193 5386 2345 5441 ﬁlios
2377 5389 2567 5442 Aaron
2600 5384 2931 5441 sacerdotes
2979 5384 3049 5437 de
3096 5382 3252 5437 tribu
3284 5380 3418 5436 Levi
3448 5380 3609 5446 dicit,

1961 5476 2098 5546 quia
2131 5474 2407 5531 mortales
2437 5480 2625 5543 erant,
2658 5496 2686 5523 «
2720 5472 2801 5527 ibi
2832 5478 3025 5527 autem
3057 5476 3439 5536 contestatur,
3472 5466 3612 5539 quia

1960 5565 2115 5619 vivit.
2154 5586 2175 5612 ι»
2228 5563 2335 5631 Ibi,
2364 5564 2423 5619 id
2456 5570 2562 5634 est,
2596 5565 2656 5617 in
2690 5563 2837 5627 loco,
2870 5579 2986 5629 quo
3018 5562 3252 5628 dicitur,
3286 5556 3609 5615 sacerdotio

1959 5652 2378 5709 Melchisedech
2428 5657 2810 5718 contestatur,
2844 5652 2983 5722 quia
3028 5651 3189 5719 vivit,
3222 5650 3363 5704 dum
3411 5646 3558 5703 dixit
3590 5662 3604 5700 :

181 5669 307 5710 mas
338 5659 413 5713 ab
437 5655 743 5711 Abraham
777 5653 1053 5725 sumpsit.
1079 5652 1327 5708 Proinde
1360 5654 1519 5711 nullo
1551 5656 1724 5710 modo
1755 5656 1852 5711 de-

1962 5766 1991 5795 u
2021 5743 2105 5798 Tu
2138 5761 2199 5799 es
2230 5743 2502 5803 sacerdos
2535 5744 2593 5799 in
2620 5746 2924 5811 :eternum,
2952 5762 2982 5792 ››
3013 5744 3121 5798 etc.
3155 5760 3181 5793 α
3210 5738 3276 5797 Et
3304 5739 3394 5812 (ut
3420 5735 3503 5791 ita
3524 5731 3607 5790 di-

180 5743 364 5802 disset
388 5745 740 5816 alienigenae
760 5742 1045 5808 decimas,
1062 5742 1174 5797 nisi
1198 5743 1327 5813 ejus
1352 5743 1647 5816 plurimus
1664 5744 1850 5801 honor
