3898 6414
298 425 421 489 767

1315 445 1654 509 ATTONIS
1698 448 2288 517 VERCELLENSIS
2334 455 2690 521 EPISCOPI

3591 466 3715 529 768

299 576 462 631 ctum
495 576 594 651 sit)
645 594 749 651 per
776 583 1093 657 Abraham,
1125 592 1181 646 et
1212 590 1368 661 Levi,
1401 593 1499 665 qui
1544 595 1801 654 decimas
1848 615 1943 654 ac-
1972 585 2026 651 Α
2056 587 2114 643 id
2147 594 2254 660 est,
2287 594 2547 665 corporis
2579 599 2635 650 et
2679 594 2988 668 sanguinis
3017 594 3145 667 eius
3177 602 3614 657 sacramentum
3647 601 3710 658 in

299 665 471 736 cepit,
521 668 845 730 decimatus
893 681 999 733 est.
1034 701 1063 728 »
1122 682 1386 738 Decimae
1439 687 1683 757 accepit,
1723 687 1779 743 id
1834 695 1943 761 est,

296 754 429 809 Levi
461 756 530 812 de
561 758 845 819 fratribus
876 766 1000 821 suis
1050 790 1078 818 «
1110 769 1432 827 decimatus
1472 754 1593 844 est,
1616 797 1639 824 ›ι
1671 754 1801 833 hoc
1832 754 1944 846 est,

302 860 329 893 ι
358 841 419 897 in
444 843 665 904 lumbis
688 852 954 920 Abrahae,
979 876 1007 905 »
1041 857 1179 927 quia
1199 860 1489 916 Abraham
1516 841 1940 923 Melchisedech

297 931 759 1025 decimasdedit.
797 964 824 991 «
844 943 1046 998 Adhuc
1067 945 1221 1000 enim
1246 947 1305 1002 in
1340 948 1560 1007 lumbis
1586 955 1767 1025 patris
1795 960 1939 1023 erat,

296 1034 429 1075 cum
453 1023 703 1080 obviavit
728 1028 778 1082 ei
805 1031 1287 1089 Melchisedech.»
1316 1023 1615 1102 Quomodo
1639 1043 1697 1097 in
1724 1043 1941 1100 lumbis

295 1108 489 1165 adhuc
535 1120 678 1183 erat,
731 1133 863 1172 cum
921 1121 972 1175 ei
1025 1123 1281 1181 obviavit
1325 1128 1796 1187 Melchisedech?
1825 1134 1941 1189 Hoc

293 1203 401 1263 est,
437 1200 495 1255 in
528 1218 593 1257 eo
624 1209 748 1259 erat
778 1207 929 1273 Levi,
963 1226 1301 1285 quanquam
1338 1222 1512 1274 natus
1543 1237 1658 1275 non
1691 1229 1866 1279 esset.

365 1288 549 1377 (1412)
599 1314 628 1341 ‹‹
661 1293 720 1347 Si
762 1311 898 1367 ergo
926 1305 1355 1360 consummatio
1402 1324 1504 1377 per
1550 1313 1940 1369 sacerdotium

289 1374 742 1471 levitieumAerat
771 1387 1047 1459 (pepulus
1079 1391 1236 1446 enim
1277 1374 1556 1468 sub‘ipso
1605 1399 1791 1471 legem
1842 1420 1940 1458 ac-

290 1465 486 1536 cepit).
511 1489 538 1516 »
565 1469 663 1524 Hic
678 1472 801 1542 jam
828 1473 1034 1548 incipit
1050 1479 1439 1539 differentiam
1456 1465 1767 1546 ostendere
1788 1491 1942 1548 inter

288 1550 478 1652 legem
533 1561 610 1652 et-
639 1558 849 1633 legem,
884 1569 941 1619 et
989 1570 1381 1627 sacerdotium
1425 1577 1481 1629 et
1523 1579 1938 1652 sacerdotium,

287 1640 418 1737 hoc
455 1648 566 1737 est,
595 1646 780 1721 legem
833 1652 1038 1726 Moysi,
1070 1661 1126 1713 et
1172 1658 1359 1732 legem
1410 1665 1723 1737 Evangelii,
1757 1674 1814 1723 et
1846 1640 1940 1726 sa:

286 1733 615 1825 cerdotium
655 1740 867 1809 Aaron,
900 1747 958 1798 et
1000 1749 1391 1805 sacerdotium
1423 1733 1661 1809 Christi.
1693 1759 1938 1825 Astruit,

287 1817 581 1915 siquidem
624 1827 842 1895 omnia,
874 1846 1004 1900 quae
1053 1832 1151 1889 ille
1202 1837 1453 1908 pepulus
1503 1849 1821 1915 acceperat,
1855 1817 1938 1902 si;

286 1906 625 2014 gnificativo
658 1916 829 1972 modo
862 1919 999 1976 data
1028 1927 1185 1979 sunt.
1208 1906 1522 1997 Siquidem
1564 1936 1620 1986 et
1641 1906 1935 1991 .taberna-
1966 1949 2015 2014 Β

283 1995 507 2063 culum,
558 2004 615 2056 et
661 2005 967 2078 sacrificia,
1010 2014 1068 2065 et
1117 2017 1325 2071 caetera
1377 2017 1494 2073 alia
1539 2022 1738 2078 omnia
1782 2025 1934 2095 Apo-

281 2084 472 2180 stolus
502 2088 829 2180 ﬁguraliter
875 2097 932 2151 in
984 2098 1164 2170 hujus
1211 2106 1369 2160 textu
1420 2108 1689 2180 Epistolas
1720 2084 1934 2168 intelli-

281 2174 385 2247 git.
419 2178 583 2273 Quod
632 2197 765 2273 vero
821 2184 1009 2241 dicit:
1070 2210 1091 2240 cr
1128 2191 1383 2263 Populus
1434 2174 1544 2252 sub
1586 2198 1712 2269 ipso
1744 2201 1933 2273 legem

281 2265 523 2361 accepit,
559 2291 581 2320 ι
753 2276 861 2343 est,
914 2277 1024 2331 sub
1078 2280 1202 2335 suis
1254 2284 1564 2354 nepotibus
1610 2265 1833 2361 Moyse:
1878 2297 1935 2348 et

280 2353 498 2421 Aaron,
549 2358 647 2428 qui
695 2360 755 2415 in
814 2368 1024 2433 quarta
1075 2353 1446 2439 generatione
1503 2353 1929 2437 futuri'erant.

283 2463 312 2491 «
349 2444 495 2508 Quid
521 2447 712 2504 adhuc
734 2456 1130 2512 necessarium
1154 2459 1283 2525 fuit,
1311 2466 1635 2521 secundum
1664 2469 1931 2525 ordinem

282 2530 707 2621 Melchisedech
732 2538 911 2596 alium
946 2559 1184 2617 surgere
1206 2552 1589 2621 sacerdotem,
1614 2559 1671 2610 et
1701 2574 1808 2612 non
1841 2574 1929 2614 se-

281 2620 541 2676 cundum
575 2625 839 2683 ordinem
870 2631 1060 2687 Aaron
1104 2635 1215 2690 dici
1239 2637 1267 2691 ?
1298 2660 1327 2687 »

354 2726 385 2759 «
416 2711 726 2769 Translato
757 2717 911 2774 enim
945 2724 1291 2791 sacerdotio,
1325 2744 1563 2786 necesse
1612 2738 1718 2804 est,
1764 2740 1828 2790 ut
1876 2740 1934 2791 et

277 2796 427 2870 legis
455 2802 769 2859 translatio
801 2806 922 2862 ﬁat.
958 2831 987 2857 »
1019 2812 1395 2872 Translatum
1427 2796 1816 2878 sacerdotium
1851 2824 1933 2879 di-

280 2885 612 2981 cit,-id~_est,
647 2891 779 2948 Levi
812 2899 869 2950 et
907 2898 1096 2956 Aaron
1141 2904 1213 2957 ad
1265 2904 1608 2975 Christum;
1662 2911 1771 2967 hoc
1819 2919 1930 2981 est,

281 2974 526 3033 exclusit
556 2983 949 3041 sacerdotium
982 2991 1168 3046 Aaron
1200 3008 1214 3046 :
1250 3009 1625 3069 nequaquam
1659 3001 1814 3056 enim
1849 3020 1934 3057 se-

280 3066 539 3160 cundum
555 3069 815 3127 ordinem
834 3074 1256 3137 Melchisedech
1273 3066 1489 3141 diceret
1506 3105 1743 3160 surgere
1761 3091 1931 3147 nobis

279 3156 664 3227 sacerdotem,
697 3160 747 3215 si
796 3161 940 3218 illud
986 3170 1380 3229 sacerdotium
1420 3156 1641 3233 melius
1664 3185 1835 3235 esset.
1871 3180 1930 3236 Si

277 3241 460 3314 igitur
486 3248 880 3336 sacerdotium
910 3252 1201 3313 introduci
1234 3259 1378 3317 illud
1412 3268 1657 3336 Oportet,
1692 3286 1931 3328 necesse

2055 680 2411 735 sacriﬁcium
2447 684 2783 740 offeramus.

2131 792 2151 818 α
2184 769 2253 823 Et
2276 771 2530 841 amplius
2553 773 2743 828 adhuc
2771 774 3149 830 manifestum
3174 780 3281 842 est,
3306 776 3355 832 si
3378 780 3707 835 secundum

2054 857 2498 915 similitudinem
2533 861 2956 918 Melchisedech
3003 871 3278 937 exsurget
3323 866 3474 923 alius
3505 886 3709 924 sacer-

2054 948 2234 1003 dos.»
2269 949 2337 1003 Et
2359 949 2614 1021 amplius
2638 952 2704 1005 ad
2718 952 2844 1016 huc,
2872 953 2978 1008 hoc
3002 958 3111 1021 est,
3140 972 3256 1010 non
3280 955 3474 1011 solum
3497 959 3569 1013 de
3591 958 3708 1015 alia

2051 1035 2229 1106 tribu,
2265 1037 2364 1091 sed
2398 1038 2821 1095 excellentioris
2852 1041 3111 1114 honoris,
3146 1050 3203 1099 et
3251 1048 3578 1103 secundum
3611 1066 3707 1104 or-

2053 1125 2250 1179 dinem
2283 1125 2703 1183 Melchisedech
2738 1132 3044 1187 manifeste
3075 1140 3369 1206 exsurget,
3404 1136 3557 1191 facta
3605 1155 3706 1193 sa-

2051 1214 2291 1269 cerdotii
2342 1217 2798 1289 comparatione,
2840 1221 3264 1278 Melchisedech
3320 1240 3450 1280 esse
3499 1227 3707 1282 melio-

2052 1318 2195 1372 rem,
2249 1320 2427 1375 quam
2476 1306 2629 1372 Levi,
2681 1308 2782 1378 qui
2831 1308 2888 1364 in
2941 1310 3256 1382 imaginem
3299 1314 3702 1385 pontiﬁcatus,

2053 1408 2225 1463 quem
2262 1393 2319 1447 in
2354 1398 2635 1450 aeternum
2670 1403 3056 1469 suscepturus
3096 1406 3219 1455 erat
3249 1401 3538 1474 Christus,
3568 1408 3707 1461 ante

2052 1481 2367 1553 praacessit.
2407 1505 2433 1532 «
2464 1484 2571 1546 Qui
2598 1501 2714 1540 non
2737 1488 3063 1543 secundum
3084 1488 3272 1561 legem
3296 1492 3559 1547 mandati
3582 1510 3709 1548 car-

2050 1569 2202 1625 nalis
2233 1571 2416 1626 f‘actus
2449 1578 2557 1641 est,
2592 1575 2692 1628 sed
2725 1578 3052 1631 secundum
3098 1578 3372 1635 virtutem
3424 1580 3555 1635 vita:
3611 1582 3703 1637 in-

2050 1659 2341 1714 solubilis.
2380 1682 2407 1710 »
2460 1663 2672 1718 Factus
2719 1669 2827 1731 est,
2860 1665 3073 1736 inquit,
3104 1668 3376 1724 sacerdos
3408 1669 3701 1737 Christus,

2051 1764 2166 1802 non
2190 1750 2514 1804 secundum
2537 1751 2722 1823 legem
2747 1755 3018 1825 praecepti
3041 1756 3314 1813 carnalis.
3340 1758 3455 1814 Lex
3478 1759 3705 1832 quippe

2049 1852 2116 1891 ex
2148 1836 2335 1892 multa
2364 1843 2528 1909 parte
2557 1840 2811 1896 carnalis
2841 1847 2984 1898 erat.
3017 1844 3165 1908 Quid
3199 1849 3306 1915 est,
3358 1869 3387 1897 «
3424 1850 3704 1921 praecepti

2048 1926 2398 1981 carnalis?»
2432 1928 2866 2000 Circumcidite,
2891 1932 3099 2003 inquit,
3126 1950 3395 2004 carnem;
3426 1936 3557 1992 lava
3580 1954 3707 1993 car-

2047 2029 2177 2069 nem
2208 2040 2221 2082 ;
2256 2017 2477 2072 munda
2501 2034 2756 2073 carnem.
2784 2020 3209 2078 Promissiones
3230 2029 3415 2095 erant,
3441 2026 3702 2083 multum

2044 2103 2251 2170 vivere,
2307 2104 2394 2159 lac
2450 2110 2508 2160 et
2565 2107 2700 2177 mel,
2751 2125 2880 2180 pax.
2935 2110 3017 2164 Ex
3074 2110 3183 2166 hac
3239 2112 3365 2185 lege
3423 2116 3702 2172 sacerdo-

2043 2193 2192 2247 tium
2241 2194 2501 2265 suscepit
2547 2198 2757 2251 Aaron.
2792 2198 3080 2266 Christus,
3114 2200 3330 2271 inquit,
3364 2205 3701 2260 secundum

2042 2281 2320 2337 virtutem
2343 2284 2469 2338 vita
2493 2283 2848 2341 insolubilis.
2871 2289 3207 2344 Secundum
3228 2291 3507 2347 virtutem
3531 2293 3701 2362 dicit,

2044 2387 2158 2425 non
2191 2373 2516 2427 secundum
2548 2372 2757 2445 legem.
2792 2377 2855 2430 In
2889 2375 3016 2448 lege
3046 2378 3203 2433 enim
3236 2379 3554 2437 inﬁrmitas
3584 2383 3703 2438 fuit

2041 2459 2268 2515 Veteris
2316 2462 2697 2532 Testamenti,
2731 2465 2871 2536 quia
2914 2467 3124 2522 umbra
3170 2473 3314 2535 erat,
3346 2473 3407 2524 et
3455 2471 3587 2526 ideo
3646 2473 3701 2528 in

2041 2565 2108 2604 ea
2137 2548 2322 2604 virtus
2352 2555 2507 2606 stare
2539 2569 2654 2607 non
2695 2554 2903 2625 potuit.
2938 2560 3069 2611 Haec
3122 2561 3319 2613 autem
3364 2558 3483 2615 vita
3531 2559 3699 2618 inso-

2041 2637 2241 2694 lubilis
2278 2644 2384 2706 est,
2419 2641 2558 2709 quia
2607 2659 2721 2697 non
2781 2644 2988 2715 figura,
3044 2646 3142 2701 sed
3196 2647 3411 2703 veritas
3461 2653 3571 2704 est.
3633 2652 3702 2706 Et

2041 2726 2170 2781 ideo
2219 2728 2277 2781 in
2333 2728 2640 2800 Evangelia
2683 2748 2800 2786 non
2844 2732 3181 2806 infirmitas,
3212 2736 3312 2791 sed
3343 2736 3533 2792 virtus
3566 2755 3698 2794 esse

2042 2819 2288 2883 constat,
2322 2821 2377 2871 et
2422 2817 2816 2876 insolubilitas
2848 2824 3175 2879 secundum
3207 2823 3507 2880 virtutem.

2116 2924 2143 2952 «
2174 2908 2544 2961 Contestatur
2574 2909 2731 2964 enim
2765 2924 2779 2963 :
2823 2910 3108 2974 Quoniam
3140 2917 3203 2967 tu
3234 2929 3295 2969 es
3328 2914 3606 2971 sacerdos
3636 2915 3695 2970 in

2041 2996 2344 3061 aeternum,
2362 2997 2685 3052 secundum
2706 2999 2969 3054 ordinem
2987 3000 3433 3057 Melchisedech.
3452 3024 3479 3051 ››
3498 3007 3566 3057 In
3587 3003 3697 3059 hoc

2042 3081 2245 3137 ordine
2268 3082 2692 3140 Melchisedech
2716 3086 2984 3143 Christus
3016 3091 3286 3145 sacerdos
3318 3090 3377 3145 in
3407 3094 3695 3147 aeternum

2042 3176 2437 3243 nuncupatur,
2472 3174 2610 3245 quia
2658 3174 2752 3230 ille
2799 3177 3063 3233 carnales
3101 3178 3369 3235 victimas
3400 3196 3518 3234 non
3552 3181 3694 3236 offe-

2042 3260 2226 3327 rebat,
2262 3263 2374 3317 nisi
2407 3281 2615 3335 panem
2649 3269 2706 3320 et
2734 3266 2936 3322 vinum
2971 3283 2983 3321 :
3030 3268 3113 3322 sic
3143 3273 3200 3323 et
3230 3268 3498 3325 Christus
3529 3269 3697 3325 obla-

278 3336 388 3401 est,
422 3335 486 3430 ut
532 3338 589 3389 et
638 3334 785 3408 legis
831 3341 1140 3399 translatio
1170 3346 1289 3403 fiat.
1323 3319 1904 3430 Nequeeni’mpotes

2100 3365 2259 3404 )nem
2313 3352 2481 3420 panis
2529 3358 2585 3408 et
2633 3354 2752 3409 vini
2802 3355 3051 3411 offerens
3099 3362 3213 3412 Deo
3264 3357 3439 3422 Patri,
3472 3357 3532 3412 id
3582 3362 3692 3428 est,

279 3421 553 3478 sacerdos
586 3424 713 3480 sine
745 3431 1094 3489 testamento
1125 3450 1273 3505 esse,
1302 3444 1358 3493 et
1390 3421 1514 3498 sine
1547 3443 1691 3516 lege,
1715 3421 1772 3503 et
1804 3450 1930 3508 sine

279 3511 604 3610 praeceptis.
639 3515 1013 3576 Translatum
1063 3528 1151 3579 est
1197 3511 1633 3603 sacerdotium“;
1680 3511 1823 3610 ergo
1873 3544 1930 3595 et

278 3595 373 3653 lex
401 3600 692 3659 translata
721 3610 827 3661 est.

357 3705 381 3735 α
414 3688 477 3742 In
509 3693 809 3786 quoenim
841 3695 965 3752 haec
1002 3699 1299 3768 dicuntur,
1327 3706 1399 3761 de
1448 3707 1563 3763 alia
1610 3711 1766 3768 tribu
1817 3719 1925 3786 est,

280 3775 351 3830 de
384 3791 500 3847 qua
528 3778 728 3835 nullus
759 3781 965 3840 altario
997 3795 1209 3858 praesto
1240 3792 1370 3849 fuit.
1410 3795 1789 3856 Manifestum
1839 3775 1929 3859 est

281 3863 460 3931 enim,
495 3866 650 3936 quod
692 3884 760 3923 ex
804 3870 958 3927 Juda
1006 3880 1168 3932 ortus
1217 3880 1295 3935 sit
1346 3882 1632 3942 Dominus
1682 3897 1925 3949 noster:

280 3950 675 4045 in‘qua_tribu
711 3956 855 4014 nihil
897 3962 968 4017 de
1011 3968 1411 4027 sacerdotibus
1443 3973 1669 4045 Moyses
1698 3977 1927 4037 locutus

279 4041 389 4094 est.
424 4060 461 4133 »_
488 4041 551 4096 In
582 4058 698 4113 quo
716 4045 885 4133 enim
920 4047 1040 4105 haec
1069 4053 1364 4129 dicuntur,
1389 4059 1446 4115 id
1480 4041 1586 4133 est,
1611 4064 1669 4119 in
1701 4066 1928 4124 Christo

279 4127 567 4185 translata
610 4135 669 4186 et
715 4131 825 4199 lex,
856 4136 1008 4193 sicut
1050 4142 1177 4210 jam
1210 4127 1374 4215 dixit,
1408 4127 1755 4209 translatam
1788 4157 1930 4211 dicit

281 4232 412 4273 esse
440 4222 497 4272 et
520 4219 767 4277 tribum.
801 4222 1116 4295 Oportebat
1145 4234 1360 4305 quippe
1408 4243 1475 4293 ut
1523 4240 1693 4297 etiam
1737 4245 1931 4301 tribus

283 4312 629 4364 mutaretur.
674 4310 739 4364 Et
786 4317 1080 4383 quomodo
1131 4320 1479 4381 translatum
1530 4333 1617 4384 est
1663 4335 1929 4389 sacerdo-

282 4395 432 4450 tium
456 4396 485 4451 ‘I
534 4397 611 4452 Ex
658 4400 817 4456 tribu
860 4404 932 4459 ad
977 4406 1220 4481 tribum,
1253 4412 1325 4468 de
1356 4418 1699 4475 sacerdotali
1733 4424 1803 4477 ad
1837 4441 1929 4481 re-

283 4483 504 4576 galem,
532 4491 597 4541 ut
643 4491 844 4545 eadem
896 4492 1026 4565 ipsa
1074 4498 1153 4552 sit
1198 4504 1255 4555 et
1301 4504 1535 4576 regalis,
1570 4513 1627 4563 et
1665 4514 1932 4568 acerdo-

284 4573 447 4630 talis.
480 4575 548 4630 Et
595 4576 822 4634 intuere
866 4586 1235 4654 mysterium.
1271 4573 1467 4650 Primo
1522 4573 1633 4653 fuit
1682 4601 1928 4672 regalis;

2039 3455 2251 3508 corpus
2272 3445 2328 3494 et
2351 3442 2697 3511 sanguinem
2723 3461 2898 3499 suum
2925 3461 2936 3499 :
2968 3461 3145 3515 quam
3169 3444 3524 3501 oblationem
3551 3463 3694 3518 quo-

2037 3527 2178 3583 tidie
2209 3530 2511 3585 offerimus
2543 3548 2719 3602 super
2750 3532 2950 3603 altare,
2983 3538 3039 3589 et
3080 3535 3397 3590 sumimus.

2113 3638 2139 3666 «
2174 3618 2521 3688 Reprobatio
2569 3621 2809 3690 quidem
2866 3624 2931 3677 fit
2978 3624 3355 3694 praecedentis
3396 3624 3691 3692 mandati,

2038 3710 2275 3777 propter
2293 3707 2694 3763 infirmitatem
2716 3711 2844 3781 ejus
2866 3716 2923 3766 et
2943 3711 3344 3768 inutilitatem.
3360 3712 3515 3768 Nihil
3536 3713 3696 3769 enim

2039 3793 2109 3849 ad
2144 3794 2467 3864 perfectum
2500 3798 2745 3852 adduxit
2795 3797 2905 3855 lex.
2943 3820 2971 3849 ››
3026 3800 3379 3871 Reprobatio
3432 3798 3535 3854 illa
3587 3806 3695 3867 est,

2038 3883 2110 3937 de
2141 3899 2257 3953 qua
2286 3884 2468 3939 Isaias
2489 3885 2630 3940 dicit
2655 3902 2667 3941 :
2704 3907 2731 3935 «
2765 3886 2848 3942 Ne
2874 3888 3131 3944 offeratis
3153 3887 3310 3945 ultra
3334 3888 3696 3944 sacrificium

2036 3970 2303 4027 frustra:
2356 3973 2662 4030 incensum
2713 3976 3105 4033 abominabile
3147 3982 3236 4033 est
3264 3976 3696 4032 mihi.Neome-

2040 4060 2221 4133 niam,
2250 4067 2307 4118 et
2336 4064 2679 4136 Sabbatum,
2704 4070 2761 4121 et
2792 4066 3138 4123 festivitates
3164 4067 3309 4123 alias
3333 4084 3449 4122 non
3474 4066 3694 4132 feram;

2038 4150 2226 4222 iniqui
2259 4158 2399 4207 sunt
2428 4158 2607 4208 ccetus
2639 4155 2815 4209 vestri
2851 4172 2863 4210 :
2917 4155 3200 4213 Calendas
3230 4160 3452 4212 vestras
3497 4161 3559 4210 et
3600 4171 3697 4211 so-

2040 4239 2371 4296 lemnitates
2402 4246 2624 4297 vestras
2657 4244 2839 4298 odivit
2870 4245 3068 4302 anima
3099 4262 3228 4301 mea
3258 4245 3407 4316 (Isai.
3440 4261 3482 4311 ι,
3518 4245 3631 4315 13).
3665 4265 3693 4293 ››

2040 4328 2142 4384 Hic
2174 4331 2537 4385 contendunt
2567 4332 2769 4403 aliqui,
2793 4336 2949 4405 quod
2981 4334 3162 4391 dixit:
3196 4357 3225 4384 «
3259 4338 3504 4406 Pr0pter
3537 4334 3697 4389 inﬁr-

2042 4419 2307 4474 mitatem
2335 4422 2461 4491 ejus
2488 4439 2500 4475 :
2537 4443 2564 4469 »
2598 4439 2735 4477 nam
2768 4427 2823 4477 et
2849 4423 2987 4477 alibi
3012 4421 3694 4479 ostenditinﬁrmitatem

2044 4508 2194 4578 ejus,
2229 4525 2363 4563 cum
2418 4509 2561 4565 dicit
2592 4528 2605 4565 :
2663 4534 2690 4562 «
2724 4516 2788 4566 In
2843 4530 2958 4583 quo
2995 4512 3409 4568 infirmabatur
3438 4528 3544 4582 per
3574 4529 3697 4566 car-

2045 4614 2179 4653 nem
2216 4600 2393 4670 (Rom.
2429 4617 2553 4668 vm,
2588 4602 2639 4671 3)
2675 4618 2688 4658 :
2722 4625 2749 4653 ››
2774 4619 2889 4657 non
2922 4619 3058 4675 ergo
3089 4604 3218 4675 ipsa
3247 4603 3551 4657 infirmata
3584 4606 3692 4668 est,

284 4667 489 4736 postea
519 4664 670 4721 facta
700 4672 789 4723 est
820 4671 1219 4732 sacerdotalis.
1250 4678 1341 4734 Sic
1370 4683 1546 4738 etiam
1580 4664 1850 4746 Christus
1881 4664 1937 4748 et
1966 4690 2012 4754 D
2046 4687 2145 4741 sed
2198 4664 2341 4740 nihil
2396 4664 2636 4758 perfecit
2684 4689 2774 4745 lex
2800 4710 2813 4759 ;
2855 4664 3130 4762 quiavnec
3161 4691 3529 4746 obedientem
3567 4664 3695 4762 per;

284 4769 383 4808 rex
403 4757 527 4809 erat
547 4770 811 4828 semper;
837 4761 1109 4817 sacerdos
1133 4771 1329 4822 autem
1354 4769 1544 4830 factus
1565 4780 1671 4845 est,
1698 4783 1932 4849 quando
2045 4775 2259 4830 fectum
2294 4757 2479 4832 facere
2511 4783 2736 4849 poterat
2770 4757 2806 4836 :V
2845 4757 2946 4836 sed
2996 4797 3101 4836 nec
3132 4785 3434 4853 peccatum
3465 4757 3692 4846 ton-8P6,

282 4856 517 4897 samem
551 4846 831 4918 suscepit,
858 4848 985 4905 sine
1016 4851 1214 4925 aliqua
1244 4857 1421 4913 etiam
1455 4846 1801 4922 sacerdotali
1832 4886 1929 4942 ge-
2041 4878 2145 4917 nec
2195 4870 2441 4920 mortem
2490 4846 2724 4923 vincere
2779 4869 3145 4941 pravalebat.
3179 4870 3289 4925 Sed
3346 4883 3529 4941 quare
3576 4866 3694 4921 im-

283 4928 573 5001 nealogia,
603 4933 783 4990 homo
812 4938 1032 4994 exstitit
1061 4957 1131 4995 ex
1157 4942 1500 5005 hominibus
1526 4968 1538 5018 ;
1573 4958 1772 5023 utpote
1817 4928 1932 5013 non
2044 4951 2201 5023 plere
2232 4971 2347 5009 n0n
2381 4956 2587 5027 P088“,
2615 4957 2673 5012 in
2703 4975 2815 5028 quo
2842 4958 3257 5015 inﬁrmam“)?
3283 4975 3386 5030 Ρθτ
3407 4971 3647 5012 carnem
3675 4970 3690 5009 ³

283 5033 353 5073 ex
399 5018 554 5074 tribu
604 5021 760 5090 Levi,
794 5027 895 5081 sed
946 5042 1014 5082 ex
1066 5029 1220 5086 tribu
1270 5037 1424 5090 Juda
1478 5018 1664 5109 ortus,
1698 5059 1765 5098 ex
1818 5063 1934 5117 qua
2035 5018 2296 5111 jubendo
2325 5018 2481 5099 enim
2516 5018 2840 5113 infirmum,
2873 5052 2930 5102 et
2978 5065 3093 5103 non
3142 5018 3494 5118 adjuvando,
3526 5044 3691 5099 inﬁr-

281 5105 440 5160 tribu
468 5108 615 5163 nihil
643 5112 715 5166 de
745 5117 1091 5173 sacerdotali
1125 5128 1409 5196 praecepto
1437 5105 1696 5200 accepit:
1729 5105 1933 5205 utique
2035 5105 2275 5198 vitiatur;
2328 5133 2468 5203 quia
2519 5152 2623 5207 per
2668 5105 2928 5204 carnem,
2978 5138 3033 5192 id
3089 5105 3355 5209 est,uper
3408 5133 3690 5206 concupi-

283 5199 521 5298 prppter
565 5202 909 5270 mysterium
962 5213 1338 5280 sacramenti,
1379 5216 1533 5285 quod
1581 5199 1933 5279 Christianis
2042 5221 2296 5276 scentias
2313 5223 2507 5277 carnis
2524 5240 2591 5278 ex
2612 5232 2846 5297 peccato
2866 5227 3350 5298 venientes,quas
3367 5223 3691 5282 sololibero

1398 5279 1411 5285 -
2612 5279 2630 5297 ,
2883 5279 3478 5298 .---,-__-_,,_m-_,-

283 5279 960 5361 celebrareﬁprazceptum
992 5301 1103 5366 est,
1137 5302 1201 5351 ut
1233 5317 1346 5356 non
1382 5306 1707 5363 secundum
1739 5312 1930 5367 Aaron
2041 5310 2282 5367 arbitrio
2313 5312 2489 5367 homo
2537 5313 2768 5369 vincere
2822 5332 2938 5371 non
2986 5322 3199 5388 potest,
3233 5319 3345 5375 nisi
3378 5337 3511 5376 cum
3545 5337 3690 5392 prm-

283 5370 569 5392 _‘-._.‘I--__
612 5391 615 5392 ,
651 5374 744 5392 ἔνι·
1017 5384 1033 5392 -
1105 5387 1116 5392 -
1145 5385 1157 5392 .
1235 5389 1244 5392 _

282 5370 577 5441 pecudum
610 5374 901 5449 victimas,
934 5384 1036 5438 sed
1066 5385 1421 5447 oblationem
1455 5395 1650 5466 panis,
1681 5403 1738 5453 et
1786 5400 1928 5470 vini,
2040 5401 2279 5456 cedente
2309 5402 2518 5473 gratia,
2552 5402 2698 5475 legis
2728 5404 2914 5461 factor
2942 5370 3218 5464 essenon
3251 5370 3691 5485 poterint/:13).

354 5581 1275 5684 ἐξξῐὶρλὶιᾳρρεὶιιὶῃεω
1305 5603 1541 5684 legitur,
1575 5610 1729 5667 lectio
1761 5616 1929 5684 septi-

277 5671 396 5739 mq,
421 5669 564 5739 9,1131
581 5656 792 5739 femen
826 5656 1034 5739 pullibi
1063 5669 1188 5726 aliis
1208 5656 1806 5739 ’έὲιέέῗάίιὶίἒιίέεἲῖηἱῖ

351 5721 553 5799 (1413)
569 5721 883 5796 Jungtinda
929 5721 1246 5814 haec:un
1256 5721 1635 5819 “deWg-r‘a‘t‘iaw
1644 5721 1928 5812 ectulibero

2041 5614 2280 5695 arbitrio
2320 5616 2744 5695 dicuntur,_his
2798 5636 2925 5695 quae
2973 5622 3189 5695 saepius
3243 5625 3314 5681 de
3366 5624 3581 5684 iisdem
3630 5627 3690 5683 in

2039 5688 2397 5760 expositione
2427 5689 2698 5763 Epistolas
2749 5688 2832 5747 ad‘
2868 5688 3184 5752 Romanos.
