3898 6406
382 430 495 490 771

1399 422 1740 482 ATTONIS
1787 420 2371 483 VERCELLENSIS
2418 419 2768 480 EPISCOPI

3669 417 3773 476 ’772

383 586 411 614 ‹‹
448 563 657 618 Filium
691 564 884 615 autem
900 558 962 613 in
980 560 1259 613 aeternum
1282 556 1600 627 perfectum
1627 579 1640 620 ;
1677 576 1704 603 »
1730 569 1847 608 non
1870 570 2024 608 nunc
2054 555 2109 620 Α
2141 569 2259 623 qua
2289 552 2603 607 Psalmista
2634 552 2752 606 ait:
2791 572 2818 600 «
2852 549 3139 616 Quoniam
3171 546 3477 603 abscondit
3498 564 3590 603 me
3622 548 3678 602 in
3708 553 3775 606 ta-

383 650 574 706 solum
606 650 734 705 sine
762 645 1127 719 peccato,sed
1152 660 1380 715 semper
1405 658 1737 712 :nunquam
1771 642 2029 712 peccavit

375 740 474 795 ille
500 739 559 794 in
591 736 983 794 sacerdotium
1016 733 1239 789 electus
1269 750 1282 789 :
1313 732 1439 787 sine
1487 736 1719 802 peccato
1743 731 1855 785 tuit
1886 732 2026 801 quia

376 833 679 901 peccatum
711 842 825 881 non
859 820 1483 885 habuit,necinventus
1513 824 1603 874 est
1647 819 1818 874 dolus
1849 819 1907 874 in
1928 836 2025 874 ore

378 919 508 989 ejus
533 916 707 989 (Psal.
740 930 892 979 xxxi,
926 911 1007 981 2).

449 1008 603 1078 (CAP.
640 1003 811 1073 VIII.)
844 1023 872 1051 «
903 998 1236 1070 Capitulum
1268 1001 1463 1051 autem
1495 1012 1673 1067 super
1692 1011 1759 1050 ea
1780 1012 1909 1066 quae
1941 995 2024 1049 di-

373 1091 811 1151 cuntur.Talem
844 1089 1130 1144 habemus
1152 1086 1544 1141 PontiﬁcemJ
1573 1084 1907 1155 Capitulum
1930 1084 2018 1138 di-

372 1180 723 1237 minutivum
754 1181 881 1233 est:
913 1174 1156 1247 accipite
1189 1175 1407 1229 dictum
1438 1192 1451 1242 ;
1484 1174 1543 1228 id
1590 1177 1698 1238 est,
1732 1172 1803 1227 de
1834 1172 2021 1242 capite

371 1267 871 1340 recapitulandum
920 1272 1027 1330 est,
1089 1279 1217 1334 quae
1250 1279 1430 1333 supra
1489 1260 1764 1315 diximus.
1794 1260 2016 1329 Talem,

367 1360 577 1431 inquit,
605 1356 893 1412 habemus
924 1352 1283 1425 pontiﬁcem,
1318 1350 1550 1421 qualem
1581 1347 1805 1403 scilicet
1849 1347 2017 1402 illum

365 1464 546 1518 supra
574 1443 833 1501 ostendit
861 1442 971 1498 hoc
1001 1446 1089 1497 est
1113 1440 1456 1496 secumdum
1486 1437 1748 1493 ordinem
1779 1435 2018 1491 Melchi-

367 1534 579 1591 sedech
606 1549 618 1588 :
653 1555 682 1583 «
715 1532 817 1604 qui
848 1529 1112 1587 consedit
1144 1529 1201 1583 in
1253 1530 1491 1583 dextera
1520 1527 1677 1581 sedis
1720 1524 2017 1596 magnitu-

366 1624 523 1680 dinis
553 1623 611 1677 in
655 1621 840 1690 ccelis,
903 1625 1242 1675 sanctorum
1302 1615 1593 1681 minister,
1644 1620 1700 1669 et
1741 1613 2020 1669 tabcrculi

363 1713 504 1777 veri,
538 1712 694 1784 quod
724 1710 851 1765 ﬁxit
883 1714 1053 1772 Deus,
1084 1713 1139 1762 et
1169 1723 1284 1762 non
1342 1705 1538 1759 homo.
1561 1724 1588 1753 ››
1650 1704 1713 1756 In
1773 1703 2009 1757 dextere

362 1801 545 1873 Igitur
575 1800 795 1868 sedere,
827 1797 981 1869 quod
1015 1796 1176 1864 dicit,
1210 1793 1567 1865 prosperitas
1623 1796 1848 1845 aeternae
1880 1790 2005 1844 vitae

362 1889 744 1961 intelligitur:
780 1909 808 1937 ‹‹
868 1890 1207 1941 sanctorum
1268 1880 1555 1948 minister,
1609 1902 1636 1928 ι)
1700 1879 1853 1934 unde
1886 1878 2011 1947 ipse

365 1978 653 2033 Dominus
711 1975 891 2031 dicit:
921 1995 949 2024 «
1010 1971 1187 2028 Filius
1215 1969 1472 2025 hominis
1504 1985 1619 2023 non
1648 1968 1805 2022 venit
1836 1966 2012 2020 mini-

362 2065 559 2135 strari,
617 2065 718 2119 sed
768 2062 1107 2117 ministrare
1150 2060 1358 2131 (Matth.
1395 2074 1487 2121 xx,
1509 2058 1620 2124 23).
1654 2078 1683 2107 »
1718 2056 2014 2110 Taberna-

360 2154 560 2210 culum
590 2152 700 2207 hoc
726 2150 952 2217 inloco,
985 2149 1195 2204 coelum
1227 2147 1388 2210 dicit,
1414 2146 1568 2218 quod
1600 2145 1725 2199 ﬁxit
1745 2144 1918 2209 Deus,
1950 2148 2016 2198 ut

360 2243 648 2314 scriptum
679 2244 803 2296 est:
839 2262 866 2290 «
902 2239 964 2293 In
1000 2236 1287 2309 principio
1317 2235 1532 2289 creavit
1554 2234 1707 2288 Deus
1729 2232 1939 2287 coelum
1958 2237 2015 2287 et

358 2338 573 2388 terram
607 2330 758 2402 (Sen.
795 2346 855 2394 |,,
893 2332 961 2394 ι).
996 2348 1024 2376 ››
1061 2327 1131 2380 Et
1160 2326 1288 2379 ideo
1312 2341 1512 2379 verum
1547 2320 2010 2386 tabernaculum,

361 2419 503 2492 quia
532 2418 816 2474 Dominus
846 2415 993 2469 illud
1024 2414 1170 2481 ﬁxit,
1202 2418 1259 2467 et
1289 2430 1403 2467 non
1455 2411 1797 2483 ﬁguraliter,
1860 2410 2012 2464 sicut

356 2508 528 2563 illud.
560 2508 717 2578 quod
751 2505 933 2577 Moysi
966 2502 1238 2557 manibus
1268 2504 1572 2572 operatum
1631 2505 1719 2555 est
1748 2516 1761 2565 ;
1795 2502 1851 2552 et
1880 2498 2009 2552 ideo

356 2596 576 2652 dicitur
604 2596 725 2650 veri
753 2593 893 2665 quia
923 2592 1112 2663 ﬁgura
1142 2607 1256 2644 non
1288 2590 1418 2643 fuit.

431 2707 452 2733 ε
488 2683 694 2739 Omnis
724 2681 885 2737 enim
920 2679 1177 2751 pontifex
1203 2678 1273 2732 ad
1324 2677 1621 2732 oﬁ‘eranda
1678 2692 1925 2730 munera
1954 2679 2011 2728 et

356 2773 582 2828 hostias
611 2770 1007 2825 constituitur.
1043 2790 1070 2816 ››
1108 2774 1180 2821 De
1210 2765 1531 2821 sacerdotio
1587 2764 1812 2819 levitico
1845 2762 2004 2829 dicit,

358 2860 499 2931 quia
526 2858 750 2914 hostias
780 2854 1043 2911 carnales
1061 2871 1163 2926 pro
1196 2853 1320 2909 suis
1349 2859 1405 2908 et
1427 2852 1626 2925 populi
1668 2850 1894 2906 delictis
1927 2850 2008 2904 of-

357 2949 642 3005 ferebant.

426 3059 455 3088 «
490 3036 653 3093 Unde
683 3050 919 3089 necesse
950 3036 1037 3088 est
1066 3037 1123 3087 et
1165 3031 1323 3086 hunc
1356 3030 1565 3086 habere
1597 3031 2002 3107 aliquid,quod

354 3127 575 3183 offerat.
612 3146 640 3175 »
702 3123 865 3178 Unde
921 3137 1161 3176 necesse
1215 3124 1304 3175 est
1333 3120 1631 3175 Christum
1657 3121 1870 3178 habere
1900 3124 2003 3179 ali-

351 3216 518 3285 quid,
548 3213 704 3285 quod
738 3212 961 3278 offerat,
994 3210 1103 3264 hoc
1132 3214 1243 3276 est,
1276 3226 1487 3279 corpus
1520 3226 1716 3281 suum,
1749 3218 1803 3266 et
1866 3230 1999 3267 san-

351 3284 589 3375 guinem
623 3318 725 3371 per
755 3301 1018 3355 membra
1046 3295 1152 3353 sua
1178 3298 1467 3352 oﬁ‘erendo
1488 3298 1835 3369 quotidie,in
1868 3302 1997 3372 qui-
2030 3284 2072 3349 C

350 3392 567 3461 bus,ut
597 3393 675 3445 sit
699 3388 969 3444 sacerdos
998 3386 1166 3442 nobis
1197 3403 1431 3442 necesse
1458 3392 1565 3442 est.

426 3504 447 3529 α
482 3480 541 3534 Si
572 3495 711 3551 ergo
740 3482 896 3533 esset
925 3493 1100 3548 super
1120 3482 1471 3545 terram,nec
1501 3482 1655 3531 esset
1680 3479 1953 3534 sacerdos
1980 3500 1993 3547 ς

346 3585 484 3625 cum
509 3571 709 3623 essent
726 3566 825 3637 qui
848 3564 1660 3634 otferrentsecundumlegem
1685 3582 1993 3621 munera.»

344 3658 410 3713 Si
473 3656 758 3712 Dominus
815 3653 1125 3708 carnaliter
1181 3656 1239 3706 et
1284 3651 1595 3706 visibiliter
1624 3652 1718 3707 hic
1748 3653 1806 3707 in
1841 3659 1997 3710 terra

351 3746 525 3800 modo
547 3743 858 3808 habitaret,
883 3756 1119 3795 necesse
1147 3745 1302 3794 esset
1332 3739 1642 3795 carnaliter
1670 3744 1991 3798 secundum

347 3833 540 3905 legem
571 3831 901 3887 sacerdotes
929 3844 1076 3883 esse.
1101 3827 1225 3881 Non
1257 3831 1451 3881 autem
1479 3833 1746 3899 poterant
1774 3832 1990 3886 auferri

346 3920 745 3995 signiﬁcantia
769 3916 1428 3988 sacriﬁcia,priusquam
1459 3915 1603 3971 illud
1638 3918 1990 3975 sacriﬁcium

346 4011 626 4066 Sanctum
650 4013 1010 4071 sanctorum,
1044 4006 1199 4076 quod
1231 4022 1443 4076 corpus
1483 4006 1611 4076 ejus
1642 4012 1750 4076 est,
1786 4008 1993 4063 fuisset

344 4098 633 4154 oblatum.
658 4097 930 4153 Nondum
959 4094 1115 4149 enim
1153 4093 1443 4148 obtulerat
1463 4094 1521 4148 in
1541 4095 1813 4166 passione
1834 4097 1990 4152 holo-

340 4194 613 4243 caustum
647 4202 843 4241 suum.
872 4184 998 4238 Non
1031 4189 1224 4237 autem
1256 4184 1558 4253 oportebat
1587 4186 1856 4239 umbram
1889 4203 1989 4240 au-

338 4276 498 4344 ferri,
529 4276 874 4347 priusquam
906 4272 1073 4337 illud,
1109 4271 1263 4341 quod
1296 4270 1759 4342 signiﬁcabatur,
1781 4275 1989 4328 conﬁr-

340 4370 560 4420 matum
585 4369 739 4419 esset
770 4361 1194 4418 contestatione
1224 4359 1623 4431 apostolorum
1674 4363 1988 4433 praedican-

338 4454 488 4508 tium
522 4458 581 4508 et
611 4453 723 4507 ﬁde
752 4448 1112 4506 credentium
1144 4447 1519 4520 populorum.

413 4540 552 4606 «Qui
583 4539 899 4611 exemplari
926 4543 983 4593 et
1008 4537 1229 4591 umbrae
1252 4537 1587 4592 deserviunt
1635 4538 1980 4595 cmlestium.

2138 641 2453 695 bernaculo
2486 657 2593 695 suo
2625 640 2683 694 in
2717 640 2809 693 die
2832 638 3118 692 malorum
3151 638 3323 705 (Psal.
3356 653 3507 703 xxvx,
3526 638 3638 707 3).»
3676 639 3773 694 Va-

2134 729 2236 784 riis
2254 729 2752 801 igiturspeciebus
2768 725 3771 798 instruiturtabernaculum,partim

2135 818 2427 889 pretiosis,
2458 818 2669 889 partim
2686 816 3024 870 vilioribus:
3053 831 3156 886 per
3178 816 3329 886 quod
3351 816 3771 871 demonstratur

2133 906 2280 961 alios
2313 911 2568 971 sanctos,
2607 905 2755 960 alios
2784 920 2912 959 esse
2947 908 3280 974 peccatores
3310 904 3369 958 in
3402 903 3681 970 Ecclesia,
3708 905 3769 959 ﬁ-

2133 995 2291 1049 deles
2325 998 2521 1049 autem
2554 1010 2778 1057 omnes,
2812 998 2868 1047 et
2922 992 3077 1046 intra
3106 1008 3319 1063 corpus
3351 992 3621 1047 Ecclesiae
3652 1010 3769 1048 con-

2131 1081 2386 1137 stitutos.

2203 1192 2231 1219 «
2261 1171 2427 1225 Nunc
2459 1174 2655 1225 autem
2688 1169 2900 1224 melius
2928 1169 3170 1224 sortitus
3199 1174 3289 1224 est
3320 1169 3709 1226 ministerium
3739 1194 3762 1221 ››

2128 1264 2347 1330 quanto
2381 1264 2443 1314 et
2470 1258 2725 1313 melioris
2750 1258 3086 1312 testamenti
3112 1259 3400 1314 mediator
3419 1261 3691 1329 est,quod
3712 1261 3761 1315 in

2128 1348 2468 1403 melioribus
2499 1347 3051 1419 repromissionibus
3092 1351 3348 1402 sanitum
3384 1353 3494 1403 est.
3519 1369 3546 1397 »
3572 1349 3761 1405 Melius

2129 1436 2525 1491 ministerium
2581 1436 2827 1491 sortitus
2882 1440 2973 1490 est
3024 1436 3311 1503 Christus,
3354 1439 3508 1508 quod
3554 1438 3760 1507 Moyses

2128 1525 2521 1580 ministrabat.
2580 1525 2776 1593 Vides,
2838 1524 3052 1596 inquit,
3114 1531 3332 1596 quanto
3390 1526 3602 1582 melior
3656 1528 3760 1583 haec

2125 1613 2227 1669 illa
2250 1614 2635 1669 celebratione
2662 1632 2674 1681 ;
2709 1613 3002 1683 siquidem
3035 1612 3177 1668 illud
3210 1614 3531 1686 exemplar,
3565 1621 3621 1671 et
3660 1618 3759 1671 for-

2129 1720 2245 1768 ma,
2278 1704 2391 1757 ista
2419 1720 2552 1757 vero
2583 1702 2816 1757 veritas.
2843 1703 3048 1766 Tanto,
3081 1702 3569 1774 inquit,melioris
3598 1709 3760 1760 testa-

2134 1792 2314 1846 menti
2348 1791 2632 1845 mediator
2650 1794 2868 1861 quanto
2902 1789 3111 1844 melius
3126 1790 3367 1846 sortitus
3396 1797 3487 1847 est
3515 1793 3761 1848 ministe-

2129 1882 2302 1947 rium,
2336 1879 2676 1935 testamenti
2700 1879 2959 1947 novi,ubi
2986 1884 3446 1948 peccata,nostra
3469 1882 3760 1937 remittun-

2125 1974 2243 2036 tur,
2278 1974 2334 2024 et
2354 1969 2473 2024 vita
2504 1975 2718 2023 aeterna
2740 1968 3118 2039 promittitur.
3153 1968 3543 2041 Melius,quia
3563 1970 3620 2026 in
3648 1971 3757 2043 lege

2123 2058 2301 2113 veteri
2332 2057 2904 2129 requiescebant,sed
2929 2057 3001 2111 ad
3028 2061 3282 2129 tempus,
3317 2064 3374 2113 et
3398 2065 3637 2130 peccata
3656 2078 3757 2116 non

2123 2148 2567 2204 remittebantur
2595 2163 2608 2213 ;
2633 2146 2733 2200 sed
2764 2150 2830 2199 ut
2858 2143 3152 2201 auditores
3174 2146 3307 2218 plus
3331 2147 3645 2205 laetiﬁcaret
3664 2152 3756 2218 ,di-

2123 2237 2236 2291 cit:
2270 2258 2298 2286 ‹‹
2358 2236 2518 2299 Quod
2553 2234 2612 2288 in
2644 2233 2986 2289 melioribus
3019 2236 3581 2306 repromissionibus
3612 2241 3757 2295 sani-

2123 2332 2247 2380 tum
2305 2327 2487 2396 (1115)
2532 2328 2639 2379 est.
2671 2342 2697 2373 η
2747 2323 2911 2378 Unde
2959 2323 3066 2378 hoc
3097 2330 3318 2380 certum
3371 2331 3458 2381 est
3486 2343 3562 2383 ex
3616 2328 3753 2396 illis;

2121 2415 2401 2485 quoniam
2431 2413 2574 2467 illud
2607 2412 2843 2483 quidem
2876 2412 3179 2468 exclusum
3214 2419 3321 2482 est,
3364 2416 3527 2472 istud
3578 2424 3753 2473 autem

2121 2521 2224 2575 pro
2258 2503 2357 2557 illo
2390 2502 2788 2556 introductum
2822 2507 2928 2556 est.
2978 2502 3283 2573 Propterea
3315 2505 3470 2559 enim
3535 2508 3751 2573 eminet,

2120 2594 2259 2663 quia
2290 2591 2502 2646 melius
2532 2595 2639 2655 est,
2673 2613 2700 2639 ‹‹
2728 2591 3006 2644 Sanctum
3038 2595 3147 2657 est,
3184 2615 3205 2643 ι
3243 2591 3472 2663 inquit;
3525 2595 3632 2651 hoc
3660 2601 3750 2664 est,

2118 2681 2378 2736 sanctius
2402 2680 2500 2735 illo
2530 2684 2895 2745 testamento,
2932 2683 2988 2733 et
3022 2679 3225 2735 melior
3256 2680 3358 2737 illa
3389 2685 3752 2754 repromissio

2119 2788 2245 2841 quae
2268 2770 2443 2824 vitam
2478 2772 2751 2821 (etei-nam
2800 2768 3087 2839 promittit
3117 2785 3295 2839 quam
3328 2788 3455 2842 qua
3478 2773 3635 2829 bona
3658 2778 3753 2829 ter.

2116 2876 2257 2913 rena
2286 2857 2593 2929 promittit.

2190 2970 2217 2999 ς(
2247 2948 2392 3002 Nam
2426 2946 2472 3000 si
2502 2945 2659 3000 aliud
2696 2946 2856 3016 prius
2891 2945 3063 3017 culpa
3092 2952 3377 3015 vacasset,
3420 2967 3541 3005 non
3567 2951 3747 3022 utique

2114 3037 2355 3092 secundi
2383 3035 2546 3090 locus
2588 3034 3001 3105 inquireretur.
3035 3054 3065 3086 ι)
3098 3035 3154 3089 Si
3189 3036 3279 3091 lex
3318 3039 3531 3094 veteris
3587 3044 3746 3095 testa-

2116 3126 2295 3181 menti
2328 3124 2533 3196 culpas
2566 3132 2795 3179 nostras
2826 3128 3235 3191 sanassct,non
3268 3128 3531 3183 secunda
3562 3128 3649 3183 lex
3677 3144 3746 3183 re-

2112 3216 2460 3287 quireretur,
2495 3213 2647 3268 sicut
2678 3212 2768 3267 hic
2800 3212 2941 3266 dicit
2971 3212 3290 3284 propheta:

2184 3327 2209 3352 ‹‹
2240 3302 2589 3374 Vituperans
2611 3300 2765 3355 enim
2798 3318 2917 3365 eos,
2952 3301 3093 3355 dicit
3123 3318 3135 3356 :
3170 3302 3315 3358 Ecce
3338 3304 3463 3359 dies
3494 3306 3743 3370 veniunt,

2108 3391 2629 3459 dicitDominus,et
2652 3390 3074 3445 consummabo
3098 3406 3275 3461 super
3290 3392 3535 3447 domum
3562 3392 3741 3462 Israel,

2106 3486 2161 3535 et
2220 3496 2396 3551 super
2455 3480 2695 3533 domum
2728 3479 2883 3533 Juda
2926 3482 3346 3535 testamentum
3379 3497 3595 3537 novum
3626 3485 3740 3553 (Jer.

2104 3587 2256 3637 xxxx,
2290 3569 2402 3637 31).
2442 3590 2469 3616 ››
2502 3568 2739 3638 Propter
2766 3565 2976 3621 veteris
3012 3567 3169 3622 enim
3201 3567 3461 3626 hominis
3523 3588 3739 3641 noxam,

2104 3677 2231 3730 quae
2260 3676 2360 3729 per
2378 3656 2631 3711 litteram
2657 3656 2985 3725 jubentem,
3020 3660 3076 3710 et
3115 3657 3437 3714 minantem
3513 3660 3741 3715 minimc

2104 3745 2663 3812 sanabatur,dicitur
2684 3744 2824 3798 illud
2849 3749 3267 3800 testamentum
3290 3752 3454 3801 vetus
3480 3765 3492 3802 :
3527 3749 3634 3803 hoc
3653 3765 3742 3803 au-

2102 3841 2221 3889 tem
2255 3851 2466 3889 novum
2504 3839 2738 3904 propter
2763 3834 3078 3889 novitatem
3111 3835 3376 3906 spiritus,
3403 3854 3535 3909 qua
3567 3837 3738 3894 homi-

2102 3941 2234 3979 nem
2266 3940 2477 3978 novum
2506 3928 2675 3976 sanat
2703 3939 2736 3976 a
2766 3922 2903 3977 vitio
2934 3924 3264 3979 vetustatis.

2173 4013 2430 4082 Denique
2462 4011 2693 4065 attende
2716 4012 2868 4081 quod
2893 4013 3196 4083 sequitur:
3229 4035 3248 4064 α
3276 4014 3399 4069 Non
3424 4017 3735 4071 secundum

2098 4103 2538 4167 testamentum,
2600 4099 2753 4169 quod
2804 4099 2995 4171 pepigi
3056 4117 3187 4156 cum
3233 4102 3499 4173 patribus
3529 4120 3738 4168 eorum,

2099 4189 2234 4258 (Jer.
2275 4204 2465 4258 XXXIV,
2488 4187 2599 4257 13.)
2626 4211 2653 4237 ››
2676 4188 2822 4250 Quia
2846 4187 2991 4242 illud
3024 4194 3189 4245 vetus
3221 4196 3363 4259 erat,
3397 4191 3511 4247 hoc
3542 4207 3738 4248 novum

2096 4282 2204 4332 est.
2242 4277 2546 4342 Quomodo
2580 4274 2759 4344 igitur
2782 4275 2928 4330 illud
2963 4281 3158 4344 vetus,
3193 4278 3302 4333 hoc
3334 4296 3575 4348 novum,
3614 4296 3735 4335 cum

2094 4365 2186 4420 lex
2219 4366 2423 4420 eadem
2455 4363 2772 4435 impleatur
2804 4380 2905 4435 per
2936 4368 3353 4422 testamentum
3375 4383 3738 4439 novumque

2095 4453 2240 4507 dixit
2296 4453 2355 4507 in
2406 4452 2641 4508 Veteri:
2680 4473 2706 4501 «
2756 4453 2879 4507 Non
2914 4454 3260 4525 coneupices
3286 4455 3484 4527 (Exod.
3518 4475 3609 4524 xx,
3641 4457 3736 4523 l7;

2092 4542 2250 4596 Deut.
2310 4558 2364 4610 v,
2417 4541 2529 4611 27),
2566 4564 2592 4589 ››
2643 4541 2754 4595 nisi
2812 4542 2951 4611 quia
3008 4543 3159 4612 quod
3203 4543 3281 4598 ibi
3314 4544 3738 4616 prohibuit,hic

335 4631 500 4686 Sicut
529 4645 878 4701 responsum
910 4632 999 4682 est
1028 4627 1230 4698 Moysi,
1263 4642 1397 4680 cum
1430 4635 1868 4684 consummaret
1901 4637 1985 4685 ta-
2015 4656 2062 4720 D
2095 4630 2385 4701 implevit?

334 4717 714 4774 bernaculum
757 4734 769 4771 :
827 4716 994 4783 Vide,
1035 4715 1246 4787 inquit,
1297 4716 1495 4769 omnia
1550 4716 1722 4771 facito
1772 4735 1979 4773 secun-

331 4810 474 4863 dum
505 4807 660 4878 quod
695 4805 799 4860 tibi
836 4809 1138 4860 ostensum
1170 4806 1259 4858 est
1289 4803 1349 4857 in
1390 4809 1590 4857 monte
1620 4805 1815 4874 (Exod.
1847 4825 1978 4877 xxv,

331 4897 441 4967 40).
479 4918 506 4945 ››
540 4892 1097 4964 Omnia'siquidem,
1124 4891 1244 4946 sive
1274 4892 1688 4962 sacerdotium,
1723 4895 1841 4951 sive
1894 4903 1979 4952 ta-

329 4983 739 5048 bernaculum,
800 4982 919 5037 sive
978 4979 1286 5045 sacriﬁcia,
1347 4981 1564 5034 umbra:
1622 4982 1876 5049 fuerunt,
1923 4991 1981 5041 et

328 5071 722 5142 exemplaria:
755 5069 1080 5125 caelestium
1108 5070 1356 5137 ﬁguram
1388 5068 1792 5133 ostendebant,
1818 5074 1981 5128 coele-

327 5159 481 5213 tium
512 5158 729 5229 quippe
758 5156 1095 5213 deserviunt
1124 5156 1307 5227 (1414)
1334 5174 1347 5222 ;
1380 5156 1436 5209 id
1472 5162 1580 5223 est,
1606 5157 1744 5211 Novi
1775 5160 1975 5217 Testa-

334 5244 515 5300 menti
544 5261 740 5316 Opera,
774 5262 899 5316 quas
934 5245 1200 5300 Ecclesiae
1252 5246 1512 5299 coelestia
1561 5255 1978 5318 nuncupantur

329 5348 527 5403 opera,
561 5331 698 5401 quia
726 5348 794 5386 ex
822 5349 891 5387 ea
921 5332 1177 5388 cmlestia
1207 5338 1635 5404 promerentur.
1665 5336 1751 5389 Ad
1780 5353 1974 5394 exem-

327 5420 494 5492 plum
527 5417 746 5489 quippe
776 5420 1134 5475 tabernaculi
1182 5421 1441 5477 Ecclesia
1496 5429 1832 5480 constructa
1863 5434 1970 5497 est,

330 5508 470 5580 quia
489 5505 643 5561 sicut
671 5507 1117 5563 tabernaculum
1149 5510 1208 5564 in
1238 5526 1432 5566 eremo
1455 5511 1794 5569 institutum
1843 5523 1968 5589 est;

327 5597 410 5655 ita
442 5591 696 5649 Ecclesia
754 5595 813 5651 in
855 5595 1037 5666 hujus
1066 5598 1192 5653 vitae
1215 5615 1409 5657 eremo
1439 5605 1529 5657 est
1553 5603 1972 5677 constituta,de

398 5697 587 5784 (1414)
610 5698 842 5765 Scilicet
869 5701 1101 5760 umbrae.

2165 4741 2191 4767 ‹‹
2230 4720 2289 4773 In
2326 4719 2438 4787 die,
2464 4734 2581 4789 qua
2612 4718 2967 4789 apprehendi
2992 4736 3233 4775 manum
3254 4720 3587 4790 illorum,ut
3607 4722 3735 4776 edu-

2091 4824 2280 4862 cerem
2319 4806 2450 4862 illos
2508 4808 2579 4861 de
2634 4812 2789 4862 terra
2836 4809 3087 4879 zEgypti.
3124 4830 3151 4857 »
3205 4811 3476 4866 Deﬁnivit
3533 4811 3734 4883 quippe

2090 4901 2347 4967 tempus,
2380 4896 2537 4967 quod
2568 4900 2986 4951 testamentum
3019 4898 3193 4953 dicat.
3226 4900 3351 4954 Non
3384 4901 3545 4955 enim
3580 4897 3730 4963 dixit,

2089 4989 2533 5049 testamentum,
2569 4985 2723 5055 quod
2757 4984 2861 5038 feci
2895 4986 3162 5056 patribus
3220 5005 3447 5053 eorum,
3498 5006 3571 5043 ne
3602 4989 3731 5041 forte

2088 5072 2256 5141 illud,
2293 5073 2447 5143 quod
2481 5073 2552 5126 ad
2576 5073 2869 5127 Abraham
2905 5079 3006 5129 aut
3038 5075 3155 5131 Noe
3188 5077 3406 5131 factum
3430 5077 3729 5148 est,ipsum

2087 5178 2214 5216 esse
2244 5162 2621 5215 aestimarent.
2659 5162 2791 5216 [deo
2823 5161 3022 5217 intulit
3050 5181 3063 5218 :
3100 5185 3128 5212 (ί
3152 5165 3210 5219 In
3242 5165 3336 5219 die
3384 5182 3504 5236 qua
3536 5178 3729 5235 appre.

2086 5258 2261 5313 hendi
2296 5274 2535 5313 manum
2566 5257 2826 5327 illorum,
2862 5264 2926 5313 ut
2955 5261 3263 5316 educerem
3297 5262 3430 5317 illos
3492 5263 3564 5317 de
3593 5268 3734 5315 terra

2083 5348 2332 5419 z‘Egypti.
2365 5368 2393 5395 »
2453 5348 2601 5417 Ergo
2659 5346 2803 5400 illud
2853 5355 3018 5403 vetus
3047 5355 3188 5413 erat,
3226 5351 3364 5421 quia
3384 5351 3496 5406 hoc
3528 5362 3731 5405 novum

2083 5442 2191 5491 est.
2253 5435 2416 5490 Unde
2470 5435 2650 5506 igitur
2677 5435 2823 5490 illud
2853 5442 3039 5504 vetus,
3065 5438 3173 5493 hoc
3214 5456 3452 5509 novum,
3486 5456 3620 5494 cum
3653 5437 3734 5490 lex

2083 5525 2286 5578 eadem
2306 5524 2734 5595 impleaturper
2748 5530 3167 5581 testamentum
3196 5544 3571 5599 novumque:
3595 5524 3732 5580 dixit

2082 5613 2141 5668 in
2174 5612 2405 5668 Veteri:
2444 5634 2472 5663 ‹‹
2498 5613 2623 5667 Non
2656 5615 3034 5685 concupisces
3056 5616 3084 5670 ‘I
3112 5617 3259 5682 Quia
3288 5616 3421 5689 ipsi,
3454 5636 3482 5666 ιι
3524 5614 3729 5688 inquit,

2151 5718 2334 5800 (1415)
2356 5717 2806 5797 Vulg.sancitum
2839 5739 2852 5779 :
2879 5722 3309 5786 Ambrosiaster
3326 5724 3731 5803 sanctiﬁcatum
