3898 6410
137 394 262 454 ’ΠἿ

692 397 1115 461 EXPOSITIO
1161 400 1238 458 IN
1283 399 1726 493 EPISTOLAS’
1764 403 2024 468 PAULI.
2069 442 2144 452 -—
2193 411 2271 470 IN
2322 413 2571 476 EPIST.
2617 419 2722 478 AD
2767 418 3004 482 HEBR.

3464 429 3582 490 778

139 542 272 583 esse
294 525 518 618 coelum
549 527 734 597 (Hebr.
774 545 879 596 xu,
921 530 1033 597 24),
1066 534 1125 586 et
1155 531 1548 589 velamentum
1581 534 1812 605 coelum,
1847 540 1900 603 Α
1932 537 2012 593 Ne
2043 541 2196 596 enim
2229 542 2489 600 dicerent
2518 551 2811 618 quomodo
2843 568 3027 608 unum
3059 559 3148 611 est
3178 555 3531 615 sacriﬁcium
3553 561 3583 614 ἱ)

137 623 198 672 et
229 632 471 672 carnem
505 616 824 672 intrantem
877 619 937 672 in
971 619 1251 675 interiora
1287 621 1594 677 velaminis
1628 624 1810 693 (Hebr.

137 723 219 772 v1,
262 707 374 774 19),
415 706 528 761 hoc
570 712 661 761 est
701 707 1096 763 velamentum
1145 710 1337 765 carnis
1377 713 1504 779 ejus
1537 711 1718 783 (Hebr.
1753 730 1809 777 x,

135 797 254 865 20).
286 801 553 850 Aureum
586 795 983 862 thuribulum,
1030 797 1184 852 idem
1233 799 1358 870 ipse
1400 800 1668 855 Christus
1701 807 1810 856 est.

139 889 292 938 Arca
322 884 667 939 testamenti
703 901 815 939 non
849 884 1173 958 incongrue
1222 886 1414 958 ipsam
1463 890 1693 944 Domini
1726 895 1814 945 est

138 971 457 1028 Salvatoris
493 972 679 1029 nostri
733 973 1196 1029 incarnationem
1252 977 1546 1048 designat,
1601 979 1660 1032 in
1694 996 1810 1049 quo

139 1067 280 1117 sunt
310 1079 521 1118 omnes
553 1063 816 1117 thesauri
845 1063 1147 1134 sapientiae
1181 1069 1237 1119 et.
1276 1067 1533 1121 scientia:
1561 1068 1806 1122 abscon-

139 1150 268 1205 diti.
301 1151 699 1206 Circumtecta
729 1167 796 1205 ex
830 1154 987 1206 omni
1030 1159 1191 1223 parte
1224 1172 1366 1209 auro
1390 1156 1805 1223 mundissimo,

138 1239 276 1310 quia
292 1244 607 1312 assumpta
638 1257 672 1294 a
703 1239 846 1295 Filio
878 1241 975 1295 Dei
1009 1241 1270 1296 humana
1300 1249 1529 1310 natura,
1553 1250 1611 1300 et
1643 1247 1804 1302 intus

138 1327 350 1384 virtute
372 1329 566 1384 sancti
593 1327 849 1400 Spiritus
875 1329 1046 1400 plena
1063 1336 1206 1397 erat,
1229 1337 1284 1386 et
1308 1334 1446 1388 foris
1464 1334 1804 1390 hominibus

139 1422 334 1488 aperte
354 1417 546 1472 sancti
570 1417 827 1489 Spiritus
859 1435 1035 1490 opera
1057 1422 1566 1490 praemonstrabat.
1589 1423 1804 1478 Urnam

139 1521 371 1577 quoque
385 1522 652 1573 auream,
675 1506 784 1561 hoc
799 1510 908 1574 est,
930 1523 1164 1563 carnem
1187 1509 1572 1581 intelligimus
1590 1512 1805 1567 Christi

137 1610 345 1664 puram
363 1602 539 1666 atque
554 1596 868 1662 sinceram,
902 1612 1028 1667 quae
1045 1599 1487 1654 reconditumin
1516 1617 1576 1656 se
1592 1618 1808 1656 manna

133 1689 429 1755 perpetuae
441 1685 769 1740 divinitatis
783 1693 1081 1740 conservat
1094 1729 1105 1750 ,
1121 1693 1177 1740 et
1195 1688 1443 1760 angelici
1461 1689 1622 1744 illius
1640 1691 1806 1762 panis

133 1789 452 1844 perennem
469 1773 767 1830 ccelestem
787 1775 1342 1846 geritdulcedinem.
1372 1779 1604 1834 Necnon
1629 1779 1803 1834 etiam

130 1861 356 1935 virgam
391 1870 612 1931 Aaron,
647 1864 707 1918 id
735 1869 842 1934 est,
872 1866 1137 1934 ejusdem
1163 1867 1384 1921 summi
1405 1868 1642 1939 verique
1665 1885 1806 1940 pon-

130 1951 332 2021 tiﬁcis,
366 1969 487 2008 non
521 1953 637 2008 nisi
668 1953 894 2008 Domini
931 1954 1115 2009 nostri
1139 1955 1279 2010 Jesu
1311 1956 1522 2012 Christi
1549 1958 1805 2013 salutare

129 2041 434 2108 vexillum,
448 2046 509 2097 et
524 2043 877 2098 immortalis
894 2043 1189 2099 memoriae
1204 2060 1438 2117 semper
1450 2047 1802 2102 viriditatem

126 2131 528 2186 frondentem.
554 2131 790 2186 Tabulae
818 2148 1052 2203 quoque
1073 2131 1316 2204 lapidosa
1341 2151 1455 2189 non
1479 2135 1805 2208 incongrue

127 2218 390 2290 duplicis
407 2222 743 2274 testamenti
759 2226 1097 2292 perpetuam
1114 2221 1452 2277 ﬁrmitatem
1471 2224 1801 2296 designant.

128 2307 622 2379 Propitiatorium
655 2309 871 2380 quippe
919 2325 1036 2363 non
1071 2308 1231 2364 aliud
1275 2328 1452 2381 quam
1487 2312 1803 2367 Dominum

131 2397 525 2465 Salvatorem,
561 2396 783 2452 scilicet
813 2397 1125 2469 specialius
1154 2399 1211 2453 in
1235 2415 1300 2454 eo
1325 2399 1548 2455 viscera
1570 2401 1803 2472 pietatis

129 2487 448 2558 designat;
479 2488 549 2541 de
579 2503 694 2557 quo
727 2486 871 2541 dicit
901 2487 1255 2558 Apostolus:
1316 2509 1342 2537 «
1376 2494 1558 2555 Quem
1593 2507 1801 2561 propo-

127 2576 250 2630 suit
268 2576 424 2630 Deus
439 2573 918 2646 propitiationem
933 2593 1035 2647 per
1047 2577 1222 2630 ﬁdem
1241 2578 1298 2630 in
1315 2579 1601 2650 sanguine
1618 2581 1802 2650 ipsius

130 2667 312 2735 (Rom.
353 2681 441 2730 ιιι,
473 2665 586 2736 25).
624 2687 651 2713 ››
679 2665 823 2718 Nam
858 2677 912 2719 et
943 2665 1073 2719 ideo
1123 2667 1377 2736 desuper
1409 2667 1626 2738 posuit,
1663 2670 1804 2740 quia

129 2753 612 2824 superexaltatur
635 2753 1035 2808 misericordia
1067 2755 1291 2825 judicio
1324 2774 1335 2810 :
1373 2758 1530 2811 unde
1566 2763 1621 2811 et
1642 2756 1800 2812 Psal-

131 2844 358 2898 mista:
403 2864 429 2893 ι
459 2843 692 2910 Suavis,
729 2843 943 2914 inquit.
966 2843 1251 2898 Dominus
1277 2846 1585 2914 universis,
1613 2851 1668 2901 et
1692 2847 1800 2900 mi-

131 2933 461 2989 serationes
483 2933 612 3001 ejus
635 2949 812 3003 super
833 2931 1029 2986 omnia
1061 2949 1237 3004 opera
1267 2935 1395 3003 ejus
1418 2935 1587 3004 (Psal.
1617 2953 1799 3006 CXLIV,

129 3025 208 3094 9).
245 3045 273 3073 ››
308 3024 491 3092 Cujus
523 3038 556 3076 a
588 3021 826 3088 dextris,
861 3026 917 3076 et
949 3038 981 3077 a
1030 3021 1289 3077 sinistris
1335 3024 1451 3078 duo
1497 3025 1800 3080 cherubim

133 3111 492 3179 consistunt,
522 3111 676 3182 quod
701 3115 789 3165 est
813 3110 1115 3181 plenitudo
1135 3113 1412 3179 scientize,
1440 3111 1499 3166 id
1524 3119 1634 3179 est,
1657 3114 1799 3169 dile-

134 3201 250 3255 ctio
274 3199 376 3255 Dei
400 3203 458 3254 et
480 3199 727 3271 proximi
753 3219 766 3262 ς
800 3216 903 3270 per
939 3200 1092 3270 quod
1137 3199 1422 3256 Dominus
1447 3202 1794 3257 ostenditur.

1925 627 2189 684 Ostendit
2220 632 2360 686 illud
2407 635 2534 705 jam
2587 637 2721 693 inde
2754 640 2825 694 ab
2879 641 3065 712 initio,
3099 643 3391 716 siquidem
3425 650 3580 718 quod

1924 723 2183 773 sanctius
2215 729 2362 787 erat,
2398 741 2582 780 unum
2616 733 2761 784 erat.
2795 731 2959 785 Tunc
2991 733 3148 788 enim
3180 736 3457 804 pontifex,
3491 737 3580 792 in-

1923 807 2070 875 quit,
2092 809 2269 863 semel
2293 811 2586 883 offerebat,
2609 821 2664 870 et
2683 821 2865 873 semel
2886 821 3180 876 credimus
3199 822 3578 881 Mediatorem

1923 901 2187 951 nostrum
2218 898 2272 953 in
2300 902 2570 971 passione
2593 905 2879 962 oblatum.
2905 909 2970 963 l‘lt
3003 909 3151 966 bene
3191 913 3359 983 dixit,
3404 936 3433 963 «
3466 931 3582 970 non

1920 983 2046 1039 sine
2069 988 2388 1058 sanguine:
2414 1013 2441 1038 »
2464 991 2520 1046 id
2547 997 2657 1059 est,
2683 1012 2798 1050 non
2823 997 2949 1052 sine
2963 998 3238 1069 passione
3262 1000 3586 1058 Salvatoris

1919 1074 2104 1128 nostri
2136 1077 2423 1149 redempti
2457 1097 2688 1138 sumus.

1990 1201 2018 1227 «
2054 1179 2170 1235 Hoc
2203 1183 2571 1254 signiﬁcante
2600 1188 2818 1259 Spiritu
2845 1197 3071 1258 sancto,
3099 1215 3127 1242 »
3153 1195 3525 1267 subauditur,
3549 1213 3585 1252 a

1918 1267 2134 1356 Moyse,
2168 1273 2321 1342 quod
2356 1274 2626 1332 Christus
2657 1278 2838 1334 semel
2894 1286 3203 1351 pateretur
3233 1300 3335 1356 pro
3366 1300 3583 1356 genere

1919 1355 2218 1414 humano:
2253 1383 2280 1410 «
2317 1361 2588 1418 Nondum
2641 1366 3005 1438 propalatam
3063 1387 3191 1426 esse
3237 1355 3579 1428 sanctorum

1915 1444 2066 1499 viam
2101 1448 2290 1516 (Exod.
2321 1467 2452 1516 xxx,
2489 1452 2592 1506 10:
2627 1455 2750 1509 Leu.
2803 1473 2914 1525 xvr,
2944 1457 3022 1528 2).
3066 1480 3088 1509 ι
3129 1458 3346 1515 Idcirco
3380 1461 3579 1520 adhuc

1915 1531 2017 1587 illa
2049 1537 2385 1607 manebant,
2420 1539 2560 1610 quia
2604 1543 2854 1598 necdum
2883 1544 2994 1600 ista
3026 1548 3415 1619 apparebant,
3450 1565 3577 1621 qua

1917 1638 2020 1691 per
2048 1622 2179 1678 illas
2209 1624 2497 1698 imagines
2529 1630 2890 1687 umbraticas
2923 1633 3428 1705 signiﬁcabantur.

1987 1761 2013 1784 ‹‹
2050 1739 2259 1794 Adhuc
2283 1743 2474 1812 priore
2495 1745 2872 1802 tabernaculo
2903 1747 3160 1806 habente
3177 1756 3416 1808 statum.
3437 1755 3575 1818 Ome
3640 1797 3644 1801 ι

1915 1827 2192 1896 parabola
2215 1833 2303 1884 est
2336 1832 2616 1902 temporis
2648 1833 2948 1892 instantis.
2978 1859 3005 1886 η
3033 1837 3179 1893 Illud
3203 1841 3360 1894 enim
3385 1841 3578 1897 taber-

1835 1907 1881 1970 B
1915 1915 2191 1970 naculum
2219 1919 2409 1990 figura
2433 1920 2546 1974 fuit
2574 1924 2856 1995 temporis
2887 1924 3191 1994 instantis,
3215 1928 3275 1982 id
3297 1934 3405 1997 est,
3426 1946 3574 2001 pra:-

1917 2003 2100 2059 sentis
2121 2005 2400 2075 ecclesiae,
2429 2024 2558 2079 qua
2601 2028 2757 2067 nunc
2791 2012 2853 2067 in
2892 2030 3037 2070 novo
3071 2019 3425 2073 testamento
3455 2022 3568 2074 est.

1995 2139 2021 2169 α
2045 2118 2220 2175 Juxta
2243 2138 2420 2192 quam
2457 2140 2722 2192 munera,
2747 2132 2805 2181 et
2839 2127 3042 2183 hostia:
3065 2129 3408 2202 offeruntur,
3444 2148 3572 2204 qum

1917 2223 2031 2262 non
2066 2214 2316 2278 possunt
2339 2211 2509 2280 juxta
2558 2213 2979 2270 conscientiam
3028 2217 3350 2288 perfectum
3384 2220 3573 2277 facere

1917 2295 2284 2368 servientem,
2318 2299 2690 2356 solummodo
2740 2303 2799 2358 in
2832 2304 2999 2369 cibis,
3046 2310 3104 2360 et
3134 2306 3192 2360 in
3225 2307 3482 2379 potibus,
3514 2312 3580 2364 et.

1914 2384 2092 2440 variis
2115 2387 2447 2458 baptismis,
2471 2389 2790 2460 etjustitiis
2812 2393 3008 2448 carnis
3027 2409 3214 2461 usque
3235 2396 3306 2450 ad
3333 2399 3568 2468 tempus

1914 2475 2290 2531 correctionis
2314 2477 2628 2548 impositis.
2652 2501 2680 2528 ››
2703 2481 2953 2536 Attende
2991 2483 3146 2553 quod
3168 2481 3314 2537 nihil
3337 2485 3409 2538 ad
3430 2501 3560 2555 per-

1913 2563 2132 2617 fectum
2165 2565 2409 2619 adduxit
2433 2565 2544 2623 lex.
2581 2568 2688 2622 Per
2715 2573 2938 2625 veteres
2963 2569 3180 2642 quippe
3205 2570 3430 2627 hostias
3452 2589 3569 2628 non

1914 2657 2231 2721 potuerunt
2263 2656 2613 2724 emundari;
2648 2673 2763 2711 non
2795 2658 2950 2712 enim
2992 2660 3195 2714 sordes
3227 2659 3435 2715 animae
3467 2661 3566 2716 de-

1915 2739 2316 2808 mittebantur,
2343 2745 2441 2798 sed
2476 2749 2708 2800 tantum
2742 2746 2894 2802 circa
2923 2763 3134 2819 corpus
3155 2753 3341 2814 erant,
3361 2765 3571 2804 secun-

1913 2829 2050 2883 dum
2076 2830 2261 2901 legem
2288 2834 2548 2887 mandati
2571 2834 2844 2890 carnalis.
2867 2836 2992 2890 Non
3011 2836 3165 2891 enim
3184 2836 3563 2909 adulterium,

1914 2935 2030 2972 non
2065 2919 2446 2976 homicidium
2491 2922 2785 2979 dimittere
2815 2929 3063 2995 poterat.
3098 2925 3215 2980 Hoc
3245 2925 3401 2981 enim
3429 2943 3566 2999 age-

1913 3007 2046 3062 bat:
2074 3007 2182 3063 hoc
2207 3011 2439 3064 comede
2465 3028 2478 3077 ;
2503 3009 2648 3066 illud
2671 3028 2787 3066 non
2811 3014 3105 3068 comedas.
3137 3034 3164 3066 α
3187 3013 3567 3070 Solummodo

1914 3095 2241 3151 differentia
2276 3099 2334 3151 in
2368 3098 2514 3152 cibis
2545 3103 2602 3153 et
2630 3099 2689 3153 in
2720 3100 2977 3170 potibus.
3015 3122 3042 3150 »
3074 3103 3186 3156 Hoc
3216 3106 3436 3173 potare,
3470 3103 3560 3157 in-

1913 3184 2076 3254 quit;
2107 3183 2214 3238 hoc
2244 3201 2360 3239 non
2385 3185 2536 3240 licet.
2569 3209 2590 3235 «
2621 3188 2689 3241 Et
2711 3187 2888 3242 variis
2907 3188 3220 3260 baptismis
3240 3189 3564 3260 etjustitiis

134 3289 322 3345 Nemo
345 3263 509 3344 enim
543 3292 733 3358 potest
764 3263 1062 3358 pervenire
1093 3290 1163 3343 ad
1197 3289 1534 3357 Dominum,
1560 3291 1674 3344 nisi
1699 3307 1801 3362 per
1831 3263 1874 3328 Ο
1911 3273 2125 3362 Carnis:
2163 3295 2190 3321 ”
2224 3273 2354 3328 Ηωο
2386 3274 2541 3328 enim
2573 3280 2696 3329 erat
2717 3276 2954 3346 ,ἱυδίίίίθι
2983 3277 3198 3333 οᾶτηίεο
3233 3277 3296 3332 In
3327 3278 3436 3333 hoc
3462 3278 3561 3334 de“

135 3379 512 3434 charitatem.
549 3376 858 3431 Plenitudo
891 3377 1046 3431 enim
1094 3376 1244 3449 legis
1290 3378 1521 3434 dilectio
1552 3385 1659 3434 est.
1690 3361 1800 3434 Alii
1905 3361 2038 3432 .licit
2068 3361 2170 3416 illa
2194 3368 2584 3431 sacramenta:
2618 3365 2937 3421 οειθηάθηδ
2968 3365 3108 3436 qni“
3136 3365 3362 3422 “unum
3391 3366 3564 3422 habe‘

133 3469 343 3524 eadem
377 3467 494 3522 duo
526 3465 856 3532 cherubim,
887 3467 1002 3521 duo
1053 3466 1396 3539 intelligunt
1423 3473 1801 3535 testamenta,

136 3574 268 3629 qua:
301 3554 778 3629 propitiatorium
811 3555 934 3620 Dei,
964 3556 1021 3610 id
1057 3559 1164 3624 est,
1199 3555 1412 3610 Christi
1436 3561 1804 3612 sacramenta

135 3647 522 3713 obumbrant,
554 3648 809 3700 testante
843 3644 1161 3716 pr0pheta:
1191 3666 1218 3695 ‹‹
1251 3644 1311 3699 In
1338 3645 1528 3701 medio
1551 3647 1800 3701 duorum

139 3733 492 3791 animalium
522 3733 895 3806 cognosceris
927 3734 1077 3804 (Isai.
1114 3753 1128 3789 ι
1159 3735 1237 3806 3).
1272 3757 1301 3784 »

215 3849 242 3874 «
261 3825 345 3881 De
359 3823 578 3895 quibus
600 3839 716 3878 non
740 3823 1017 3878 estmodo
1037 3823 1350 3878 dicendum
1368 3841 1469 3896 per
1485 3824 1746 3897 singula;
1777 3847 1802 3871 ››

139 3913 437 3982 fortassis,
471 3913 612 3984 quia
643 3911 831 3968 multo
871 3928 1142 3968 sermone
1173 3929 1320 3984 opus
1350 3912 1645 3969 habebant
1675 3915 1804 3969 ideo

145 4005 333 4060 dixit:
373 4003 507 4058 «De
530 4003 748 4073 quibus
773 4019 887 4057 non
913 4006 1002 4057 est
1023 4002 1196 4057 modo
1221 4003 1534 4056 dicendum
1562 4021 1664 4074 per
1683 4003 1804 4058 sin-

141 4094 304 4168 gula.
337 4115 365 4143 »
401 4091 690 4154 Quoniam
724 4107 841 4147 non
875 4090 995 4146 haec
1032 4090 1156 4146 sola
1177 4095 1360 4158 erant,
1388 4108 1512 4161 quae
1533 4093 1807 4146 videban-

139 4189 260 4249 tur,
302 4182 406 4238 sed
438 4180 772 4253 aenigmata.
827 4180 906 4234 Ad
932 4196 1080 4252 quos
1121 4197 1248 4247 nos,
1289 4179 1347 4233 in
1391 4185 1676 4251 quantum
1713 4180 1807 4236 ille

141 4272 308 4328 dedit
355 4270 458 4342 qui
510 4285 576 4324 os
633 4273 934 4324 mutorum
985 4269 1216 4340 aperuit
1262 4273 1318 4323 et
1347 4269 1579 4341 linguas
1612 4270 1806 4325 infan-

141 4362 296 4416 tium
328 4359 468 4414 facit
499 4357 752 4413 disertae
801 4357 950 4430 (Sap.
983 4376 1041 4426 x,
1085 4358 1199 4428 21),
1235 4359 1508 4414 accedere
1533 4375 1807 4430 procura-

137 4451 364 4505 vimus.

217 4564 245 4590 α
287 4539 388 4593 Ilis
419 4553 557 4594 vero
589 4536 956 4609 compositis,
991 4535 1051 4589 in
1087 4536 1263 4607 priori
1288 4536 1525 4608 quidem
1550 4539 1810 4593 taberna-

1912 3452 2054 3504 bant
2083 3450 2379 3506 virtutem.
2418 3451 2501 3517 Et,
2528 3467 2839 3522 quousque
2858 3455 2929 3508 ad
2952 3457 3187 3525 tempus
3209 3455 3566 3526 corrigeren-

1912 3542 2027 3608 tur,
2053 3555 2240 3608 usque
2263 3540 2403 3593 dum
2426 3539 2748 3596 transirent
2767 3544 2957 3598 vetera
2982 3559 2995 3609 ;
3036 3542 3254 3597 umbrae
3286 3547 3344 3597 et
3362 3543 3563 3614 ﬁgura

1915 3644 2041 3698 qius
2076 3628 2348 3695 fuerunt;
2384 3633 2440 3683 et
2465 3628 2764 3685 venissent
2795 3645 2961 3685 nova.

1990 3734 2315 3790 «Christus
2348 3739 2545 3791 autem
2593 3736 2878 3792 assistens
2925 3736 3184 3808 pontifex
3233 3737 3565 3793 futurorum

1912 3824 2225 3892 bonorum,
2258 3840 2363 3896 per
2392 3825 2646 3898 amplius
2677 3830 2734 3881 et
2780 3825 3094 3898 perfectius
3122 3825 3564 3882 tabernaculum

1918 3930 2032 3968 non
2065 3914 2509 3982 manufactum;
2559 3915 2615 3968 id
2665 3919 2775 3982 est,
2827 3932 2943 3970 non
2987 3915 3166 3984 huius
3215 3915 3566 3983 creationis;

1917 4018 2106 4071 neque
2129 4019 2228 4072 per
2249 4003 2597 4073 sanguinem
2625 4002 2945 4072 hircorum,
2979 4008 3081 4058 aut
3099 4003 3439 4072 vitulorum,
3460 4004 3563 4059 sed

1919 4108 2019 4162 per
2044 4090 2346 4162 proprium
2371 4091 2720 4162 sanguinem
2745 4092 3007 4146 introivit
3034 4090 3215 4146 semel
3247 4091 3305 4146 in
3338 4095 3566 4158 sancta,

1918 4184 2132 4234 aeterna
2189 4180 2589 4251 redemptione
2645 4179 2899 4235 inventa.
2935 4201 2963 4229 ››
3011 4179 3302 4246 Christus,
3350 4179 3566 4252 inquit,

1919 4269 2223 4339 assistens,
2258 4268 2376 4323 sive
2408 4273 2471 4322 ut
2502 4267 2560 4323 in
2595 4269 2952 4340 quibusdam
2977 4269 3277 4324 codicibus
3297 4268 3567 4333 habetur,

1919 4357 2235 4412 adveniens
2263 4358 2469 4428 (1418),
2520 4357 2629 4412 hoc
2677 4363 2787 4424 est,
2828 4358 2898 4412 ad
2947 4357 3055 4413 hoc
3085 4357 3280 4429 ipsum
3310 4355 3571 4422 veniens,

1919 4439 2034 4500 non
2071 4446 2203 4500 aliis
2235 4447 2574 4500 succedens.
2629 4447 2753 4501 Non
2801 4447 2990 4517 primo
3037 4445 3292 4512 advenit,
3343 4449 3402 4500 et
3430 4450 3572 4500 tunc

1922 4536 2110 4588 factus
2135 4538 2243 4602 est,
2268 4534 2368 4587 sed
2393 4532 2568 4586 simul
2593 4532 2771 4588 venit.
2809 4533 2882 4586 Et
2909 4549 3024 4588 non
3066 4532 3230 4604 dixit,
3254 4532 3568 4588 adveniens

140 4629 280 4686 culo
326 4643 563 4698 semper
612 4625 937 4681 introibant
984 4627 1342 4696 sacerdotes,
1395 4627 1817 4682 sacriﬁciorum
1849 4635 1895 4698 Ι)
1927 4623 2183 4694 pontifex
2205 4621 2552 4698 hostiarum,
2574 4622 2674 4676 sed
2698 4622 3016 4689 bonorum;
3037 4621 3214 4676 veluti
3237 4637 3352 4677 non
3373 4620 3574 4676 valens

141 4719 343 4775 ofﬁcia
374 4719 882 4772 consummantes.
920 4738 941 4765 ι
979 4715 1084 4769 His
1109 4713 1189 4768 ita
1213 4715 1640 4785 prmordinatis,
1664 4715 1818 4770 sicut

143 4806 424 4880 superius
444 4803 757 4874 Apostolus
776 4804 1066 4869 narravit;
1088 4802 1144 4855 in
1170 4803 1347 4873 priori
1369 4803 1606 4872 quidem
1630 4805 1816 4859 taber-

144 4895 359 4953 naculo
390 4911 626 4966 semper
658 4892 962 4947 intrabant
992 4892 1345 4959 sacerdotes,
1380 4892 1564 4946 donec
1597 4894 1818 4948 veniret

145 4987 439 5043 Mediator
459 4983 584 5053 Dei,
608 4981 711 5052 qui
737 4980 914 5036 semel
942 4981 1186 5035 introiit.
1222 4981 1398 5035 Erant
1423 4982 1655 5052 quidem
1681 4983 1815 5052 ista,

145 5077 251 5131 sed
285 5091 402 5129 non
438 5073 748 5127 fruebatur
776 5072 859 5126 eis
901 5069 1194 5142 populus:
1247 5087 1361 5124 non
1398 5070 1552 5124 enim
1588 5071 1819 5125 videbat

148 5165 298 5220 illud
333 5163 490 5234 quod
552 5160 1026 5232 praefigurabant.
1080 5159 1326 5214 Proinde
1377 5177 1491 5214 non
1545 5159 1662 5214 illis
1694 5177 1815 5214 ma-

149 5255 240 5327 gis
271 5257 441 5309 erant
472 5249 795 5305 constituta
837 5265 1014 5320 quam
1069 5247 1205 5317 illis,
1258 5249 1475 5319 quibus
1508 5249 1817 5320 prepheta-

149 5343 388 5398 bantur.

224 5454 252 5480 ‹‹
288 5433 349 5487 In
374 5429 640 5487 secundo
665 5433 862 5482 autem
891 5426 1071 5483 semel
1094 5427 1151 5481 in
1179 5444 1331 5482 anno
1355 5427 1517 5482 solus
1536 5427 1814 5498 pontifex,

150 5540 268 5578 non
304 5521 432 5577 sine
466 5517 778 5590 sanguine,
813 5534 992 5588 quem
1024 5516 1194 5570 oll‘ert
1243 5533 1345 5586 pro
1397 5533 1504 5570 sua
1533 5520 1590 5569 et
1620 5514 1819 5587 populi

152 5610 510 5687 ignorantia.
551 5631 572 5657 ι
614 5605 863 5662 Intueris
885 5608 1011 5677 jam
1046 5606 1265 5660 formas
1295 5609 1431 5660 ante
1461 5605 1818 5676 praemissas,

220 5719 409 5801 (1418)
442 5713 550 5772 Vel
579 5714 758 5772 etiam
788 5717 855 5770 ut
893 5713 954 5769 in
997 5712 1151 5785 aliis,
1183 5710 1461 5771 accedens.

486 5851 754 5914 ΡΑτιιοι.
801 5841 1124 5910 CXXXIV.

1931 4727 2200 4766 sermone
2227 4710 2568 4765 universum
2599 4710 2942 4782 exprimere.
2968 4711 3434 4766 Tabernaculum
3457 4726 3572 4766 non

1928 4801 2351 4866 manufactum,
2385 4799 2576 4870 ipsam
2609 4816 2841 4854 carnem
2874 4799 3170 4871 pontiﬁcis
3194 4798 3380 4854 nostri
3410 4798 3572 4870 dicit,

1927 4894 1983 4944 et
2003 4906 2133 4944 vere
2157 4906 2269 4943 non
2296 4889 2474 4958 hujus
2495 4888 2826 4959 creationis,
2852 4887 2990 4959 quia
3012 4893 3130 4943 tota
3154 4887 3410 4942 Trinitas
3431 4902 3572 4958 ope-

1927 4983 2053 5033 rata
2086 4984 2174 5034 est
2205 4979 2261 5032 in
2287 4995 2371 5033 ea.
2400 4977 2598 5049 Neque
2621 4995 2687 5032 ex
2709 4977 2800 5031 his
2832 4977 3117 5032 creaturis
3138 4981 3247 5044 est,
3277 4976 3376 5031 sed
3399 4975 3571 5047 spiris

1926 5067 2062 5122 talis
2102 5085 2170 5123 ex
2201 5067 2418 5139 Spiritu
2454 5073 2676 5121 sancto.
2717 5073 2797 5120 Ac
2830 5083 2930 5136 per
2951 5066 3060 5120 hoc
3092 5069 3198 5129 est,
3235 5064 3488 5136 amplius
3519 5069 3577 5119 et

1928 5158 2263 5227 perfectius,
2295 5157 2434 5227 quia
2459 5161 2668 5210 cuncta
2689 5154 2875 5209 sancti
2899 5154 3152 5224 Spiritus
3182 5153 3438 5225 operatio
3470 5153 3573 5209 ha-

1929 5247 2072 5300 bitat
2114 5247 2171 5300 in
2212 5263 2299 5315 ea,
2340 5247 2478 5316 quia
2522 5245 2577 5297 in
2620 5243 2748 5314 ipso
2799 5243 3022 5297 habitat
3051 5242 3243 5298 omnis
3275 5243 3576 5314 plenitudo

1928 5335 2274 5389 divinitatis.
2299 5332 2689 5404 Corporaliter
2715 5355 2740 5381 «
2768 5348 2869 5402 per
2896 5331 3583 5402 proprium,inquit,san-

1928 5423 2165 5495 guinem
2183 5424 2443 5477 introivit
2457 5421 2634 5477 semel
2649 5422 2708 5475 in
2726 5424 3169 5490 sancta,eterna
3180 5421 3580 5492 redemptione

1865 5507 1888 5518 ’
1928 5513 2182 5567 inventa.
2216 5534 2242 5560 »
2267 5512 2508 5574 Quando
2531 5511 2689 5577 dicit,
2719 5532 2739 5560 οι
2773 5510 3075 5577 inventa,»
3102 5509 3358 5565 ostendit
3377 5525 3579 5564 eorum

1929 5617 2080 5670 esse,
2106 5601 2206 5674 qui
2221 5617 2334 5656 non
2350 5599 2817 5658 inveniebantur.
2831 5597 2946 5654 Alii
2960 5597 3294 5657 sacerdotes
3306 5599 3577 5670 frequen-

3185 5836 3278 5912 25.
