3898 6408
294 396 410 454 779

1317 378 1654 440 ATTONIS
1698 372 2288 437 VERCELLENSIS
2333 369 2682 431 EPISCOPI

3584 364 3713 427 780

293 531 381 580 ter
410 521 680 578 intrando
713 535 827 574 non
873 517 1260 580 invenerunt;
1316 513 1424 566 iste
1476 525 1579 580 per
1628 523 1812 562 unum
1848 507 1935 560 in-
1971 507 2024 571 Α
2054 503 2198 574 lege,
2223 519 2402 557 unam
2425 501 2639 558 Christi
2665 503 2934 563 mortem,
2959 515 3089 570 quae
3124 513 3227 570 pro
3250 496 3422 554 nobis
3449 498 3716 569 gratuita

297 627 565 684 gressum
597 613 871 663 aeternam
906 603 1369 674 redemptionem
1395 597 1632 654 invenit.

373 720 400 752 ι
431 701 642 753 Sancta
673 719 701 746 »
733 696 841 750 hoc
871 694 930 748 in
976 693 1122 761 loco,
1175 690 1384 746 cmlum
1436 686 1708 757 appellat,
1742 684 1801 738 in
1833 698 1946 754 quo

298 785 576 842 introivit.
593 789 825 839 Intuere
839 782 1132 853 quomodo
1147 775 1674 841 tabernaculum,et
1685 773 1946 828 velamen

298 880 357 930 et
377 873 587 930 cmlum
610 872 755 926 illud
778 870 1147 926 Dominieum
1173 883 1382 938 corpus
1402 867 1586 919 vocat.
1613 865 1800 928 Quare
1813 876 1948 932 ergo

300 964 408 1018 hoc
422 961 599 1017 facit?
612 959 944 1016 Secundum
962 957 1158 1021 aliam,
1175 960 1230 1010 et
1245 953 1418 1010 aliam
1436 951 1946 1024 signiﬁcationem.

302 1051 376 1108 Ut
398 1056 538 1123 puta
558 1047 757 1114 veluti,
785 1047 938 1118 quod
967 1045 1094 1100 dico
1117 1044 1399 1111 velamen,
1425 1040 1633 1096 coelum
1658 1044 1766 1094 est.
1791 1037 1953 1093 Sicut

304 1141 460 1195 enim
494 1155 660 1194 muro
687 1136 941 1207 quodam
977 1131 1257 1187 discernit
1303 1134 1507 1186 sancta
1536 1146 1638 1199 per
1665 1126 1950 1189 velamen,

305 1229 387 1284 sic
418 1232 474 1284 et
503 1243 633 1282 caro
665 1224 1028 1280 abscondens
1059 1221 1449 1276 divinitatem.
1484 1214 1951 1272 Tabernaculum

305 1317 538 1388 quippe,
573 1320 629 1369 et
655 1313 919 1368 velamen
953 1316 1010 1365 et
1037 1309 1271 1379 ccelum,
1305 1306 1592 1378 quidquid
1627 1305 1787 1358 intus
1819 1303 1953 1358 reti-

305 1410 464 1469 nent,
498 1402 640 1457 foris
671 1419 783 1456 non
818 1404 1076 1471 apparet,
1113 1398 1194 1450 ita
1223 1415 1353 1450 caro
1386 1394 1774 1460 abscondens,
1805 1391 1958 1446 sicut

305 1494 580 1558 diXimus,
613 1491 1001 1544 divinitatem.

379 1605 404 1630 «
431 1581 488 1636 Si
512 1580 668 1634 enim
693 1578 935 1649 sanguis
961 1577 1275 1640 hircorum,
1302 1579 1357 1627 et
1383 1579 1704 1634 taurorum,
1735 1573 1789 1623 et
1812 1568 1959 1622 cinis

307 1669 502 1724 vitula:
534 1684 810 1740 aspersus
841 1665 1178 1735 inquinatos
1222 1663 1549 1717 sanctiﬁcat
1570 1661 1640 1714 ad
1673 1659 1960 1714 emunda-

312 1759 530 1813 tionem
550 1755 764 1819 carnis,
780 1758 998 1825 quanto
1018 1751 1205 1823 magis
1226 1749 1468 1820 sanguis
1485 1747 1719 1811 Christi,
1742 1745 1840 1816 qui
1865 1761 1964 1815 per

312 1845 597 1918 Spiritum
611 1849 881 1898 sanctum
896 1840 1278 1910 semetipsum
1293 1833 1963 1941 obtulitimmaculatLum
1997 1877 2043 1941 B

314 1935 452 2004 Deo,
485 1931 827 1988 emundabit
858 1927 1271 1984 conscientiam
1307 1929 1567 1979 nostram
1592 1925 1663 1977 ab
1686 1921 1959 1993 operibus

314 2023 583 2089 mortuis,
611 2021 681 2075 ad
706 2018 1074 2075 serviendum
1099 2016 1212 2070 Deo
1239 2014 1450 2069 viventi
1474 2015 1500 2066 ‘Z
1521 2035 1547 2061 ››
1574 2011 1631 2066 Si
1657 2011 1810 2066 enim
1837 2027 1960 2065 car-

315 2128 469 2177 nem,
522 2109 735 2179 inquit,
784 2111 972 2177 potest
1021 2104 1305 2158 mundare
1350 2101 1591 2172 sanguis
1632 2106 1957 2167 taurorum,

316 2200 501 2254 multo
523 2196 777 2268 amplius
799 2195 1005 2250 animae
1029 2194 1257 2248 sordem
1277 2191 1448 2245 diluit
1466 2187 1705 2260 sanguis
1722 2188 1958 2243 Christi.

316 2287 421 2341 Hic
452 2285 707 2341 ostendit
739 2284 1043 2352 utriusque
1093 2279 1495 2334 mundationis
1548 2276 1958 2344 diti'erentiam,

321 2375 612 2447 quomodo
634 2377 828 2428 autem
852 2372 966 2424 ista
983 2368 1208 2424 exclesa
1235 2369 1331 2430 sit,
1355 2366 1454 2421 illa
1477 2371 1669 2421 autem
1694 2365 1958 2419 humilis.

321 2464 525 2518 Merito
556 2461 869 2532 siquidem,
903 2459 1043 2529 quia
1072 2457 1171 2511 illa
1202 2455 1525 2522 mundatio,
1561 2454 1800 2524 sanguis
1832 2459 1960 2507 tau-

322 2568 520 2608 rorum
546 2568 558 2618 ;
586 2551 697 2606 ista
719 2553 913 2602 autem
937 2545 1170 2601 Christi.
1197 2546 1263 2598 Et
1285 2561 1397 2597 non
1415 2543 1464 2597 ei
1490 2542 1705 2596 sufﬁcit
1726 2542 1962 2596 nomine

320 2644 548 2695 tantum
573 2638 678 2693 hoc
701 2637 933 2708 signare
951 2651 962 2688 :
981 2634 1141 2705 ponit
1157 2633 1330 2687 etiam
1350 2631 1520 2684 modo
1539 2629 1957 2684 differentiam:

319 2751 348 2776 «
390 2728 489 2799 qui
519 2743 620 2797 per
650 2724 952 2795 Spiritum,
988 2745 1016 2769 »
1067 2720 1277 2791 inquit,
1317 2739 1336 2765 α
1371 2723 1663 2782 sanctum,
1698 2718 1959 2787 scipsum

317 2816 531 2871 obtulit
560 2812 1003 2868 immaculatum
1036 2810 1188 2874 Deo;
1225 2830 1250 2856 ››
1287 2808 1393 2862 hoc
1443 2813 1552 2872 est,
1583 2807 1960 2870 sacriﬁcium,

317 2901 761 2958 immaculatum
794 2904 938 2968 erat,
973 2897 1261 2951 mundum
1296 2913 1328 2950 a
1360 2896 1639 2966 peccatis;
1677 2894 1782 2948 hoc
1803 2895 1958 2948 enim

316 3009 418 3062 per
450 2990 730 3061 Spiritum
763 2992 1052 3053 sanctum,
1088 3002 1200 3038 non
1252 3002 1352 3055 per
1392 2985 1606 3054 ignem,
1642 3000 1828 3053 neque
1862 3001 1963 3054 per

316 3079 481 3136 vituli
513 3077 876 3149 sanguinem.
917 3099 936 3123 α
974 3075 1042 3128 Et
1073 3073 1400 3139 mundabit,
1436 3094 1462 3121 »
1511 3071 1728 3141 inquit,
1765 3096 1784 3119 «
1823 3088 1959 3126 con-

316 3168 621 3225 scientiam
644 3170 903 3221 nostram
926 3165 998 3218 ab
1011 3161 1284 3233 operibus
1300 3161 1565 3216 mortuis.
1584 3183 1610 3210 »
1628 3161 1777 3215 Bene
1791 3160 1959 3228 dixit,

2056 593 2268 664 pietate
2301 596 2533 663 peracta
2564 595 2672 657 est,
2725 589 3161 662 signiﬁcabant,
3214 591 3279 642 ut
3334 585 3493 642 illius
3525 589 3721 642 morte

2055 682 2448 736 intercedente
2472 679 2848 735 abluerentur
2869 677 3056 748 culpa
3089 676 3585 732 conscientiarum
3610 692 3718 730 no-

2057 775 2335 839 strarum,
2360 787 2486 841 quae
2511 785 2612 839 per
2626 767 2972 838 sanguinem
2993 765 3484 821 irrationabilium
3507 782 3724 820 emun-

2058 859 2183 916 dari
2217 877 2332 914 non
2394 862 2682 929 poterant.
2741 855 2958 910 Idcirco
3018 854 3305 910 Dominus
3364 859 3420 910 et
3449 851 3727 910 Salvator

2060 953 2262 1003 noster
2291 947 2423 1003 novi
2448 945 2784 1002 testamenti
2818 943 3107 999 mediator
3157 944 3348 998 factus
3379 947 3488 1009 est,
3523 946 3589 998 ut
3620 957 3729 1014 per

2062 1036 2383 1092 indebitam
2416 1052 2585 1092 suam
2623 1039 2871 1089 mortem
2922 1034 3144 1088 umbrae
3196 1032 3414 1105 pariter
3463 1031 3634 1103 legis,
3669 1035 3729 1087 et

2063 1125 2246 1196 culpae
2306 1125 2614 1180 hominum
2679 1122 3009 1177 ﬁnirentur.
3075 1145 3102 1170 ‹‹
3137 1123 3198 1176 In
3255 1120 3728 1192 redemptionem

2063 1214 2401 1269 earumdem
2432 1211 2996 1286 praevaricationum,
3033 1228 3160 1281 quas
3193 1215 3360 1265 erant
3393 1209 3506 1265 sub
3538 1209 3727 1281 priori

2065 1307 2440 1369 testamento,
2478 1323 2504 1350 »
2539 1302 2594 1354 id
2626 1306 2736 1367 est,
2767 1317 2867 1370 per
2897 1300 3146 1371 gratiam
3180 1298 3398 1353 Christi
3428 1297 3729 1368 accipiant

2068 1392 2474 1446 remissionem
2509 1394 2902 1460 peccatorum,
2937 1404 3112 1458 quam
3155 1387 3366 1442 habere
3398 1387 3510 1440 sub
3541 1385 3726 1458 priori

2069 1480 2719 1548 testamento,jubente.
2745 1482 2935 1531 etnon
2961 1477 3272 1546 adjuvante
3291 1475 3587 1546 percipere
3609 1491 3727 1530 non

2071 1573 2407 1641 potuerunt,
2467 1573 2522 1621 et
2576 1566 3092 1637 repromissionem
3147 1565 3436 1635 accipiant
3494 1569 3726 1619 aeternae

2071 1658 2253 1726 (1419)
2288 1655 2662 1721 hereditatis,
2711 1655 2766 1708 id
2827 1661 2934 1722 est,
2997 1653 3318 1724 percipiant
3376 1652 3434 1706 in
3470 1651 3731 1707 Ecclesia

2073 1763 2174 1816 per
2201 1745 2502 1802 Christum
2535 1745 2688 1815 quod
2740 1743 2831 1798 lex
2879 1743 3154 1807 ostendit,
3203 1743 3304 1797 sed
3336 1741 3731 1796 sectatoribus

2075 1833 2200 1889 suis
2233 1835 2370 1888 dare
2404 1850 2518 1888 non
2550 1833 2757 1904 potuit.

2148 1947 2173 1971 ‹‹
2210 1923 2315 1978 Ubi
2359 1924 2512 1978 enim
2565 1911 2985 1977 testamentum
3040 1926 3148 1987 est,
3184 1937 3342 1976 mors
3372 1936 3614 1976 necesse
3643 1924 3734 1976 est

2074 2012 2392 2067 intercedat
2412 2011 2728 2066 testatoris.
2753 2012 3194 2066 Testamentum
3217 2010 3374 2065 enim
3396 2009 3456 2064 in
3477 2010 3732 2064 mortuis

2072 2101 2483 2155 conﬁrmatum
2516 2104 2625 2163 est,
2657 2099 2877 2170 alioqui
2911 2099 3176 2154 nondum
3206 2097 3378 2167 valet,
3407 2099 3553 2153 dum
3589 2097 3733 2152 vivit

2073 2189 2173 2258 qui
2203 2193 2470 2244 testatur.
2507 2211 2534 2236 »
2589 2187 2877 2243 Fortassis
2923 2187 3081 2244 enim
3123 2191 3364 2259 possent
3395 2187 3590 2257 multi,
3625 2187 3728 2259 qui

2073 2277 2367 2332 inﬁrmius
2398 2276 2820 2343 afﬁciebantur,
2877 2293 2946 2331 ex
2999 2293 3088 2344 eo,
3147 2275 3299 2346 quod
3333 2280 3605 2331 mortuus
3639 2281 3732 2332 est

2071 2366 2360 2432 Christus,
2386 2366 2636 2420 maxime
2663 2382 2773 2420 non
2799 2365 3032 2420 credere
3052 2365 3550 2436 promissionibus
3570 2367 3620 2436 ej
3636 2382 3727 2422 us.

2072 2453 2188 2508 Hoc
2225 2453 2541 2525 Apostolus
2563 2455 2819 2524 exponit,
2843 2452 3109 2525 exempla
3143 2470 3213 2508 ex
3237 2455 3536 2509 communi
3560 2472 3732 2510 assu-

2031 2587 2034 2592 .
2073 2560 2238 2598 mens
2261 2544 2702 2598 consuetudine.
2728 2543 2907 2608 Quale
2930 2548 3125 2598 autem
3149 2543 3258 2598 hoc
3280 2544 3403 2598 est?
3419 2545 3733 2626 Propterea

2074 2631 2252 2702 igitur
2274 2637 2516 2700 oportet,
2538 2631 2750 2702 inquit,
2771 2631 3082 2697 conﬁdere,
3104 2632 3243 2702 quia
3261 2649 3376 2686 non
3396 2632 3729 2689 viventibus

2071 2719 2468 2788 testatoribus,
2505 2721 2603 2774 sed
2640 2720 2908 2785 mortuis,
2943 2723 3082 2775 tunc
3115 2721 3345 2776 ﬁrmata
3375 2726 3513 2777 sunt
3544 2726 3731 2776 testa-

2074 2814 2270 2862 menta
2288 2813 2343 2862 et
2365 2807 2764 2862 fortitudinem
2790 2809 3104 2880 accipiunt.
3123 2810 3565 2864 Testamentum
3581 2815 3727 2866 tunc

2072 2899 2310 2951 ﬁrmum
2337 2896 2445 2951 erit
2468 2902 2777 2968 postquam
2802 2897 2977 2952 homo
3017 2899 3086 2952 de
3118 2898 3226 2952 hoc
3253 2899 3464 2953 saculo
3513 2901 3731 2970 migra-

2070 2987 2252 3052 verit;
2287 2986 2482 3040 vivens
2514 3003 2666 3056 vero,
2722 2987 2951 3056 quoties
3004 2987 3272 3054 voluerit,
3335 2989 3608 3044 mutabit.
3643 2991 3733 3046 Ita

2073 3091 2230 3128 mors
2253 3074 2466 3128 Christi
2492 3091 2704 3129 novum
2729 3079 3144 3131 testamentum
3175 3077 3560 3134 conﬁrmavit.
3593 3083 3730 3134 Pro-

2072 3167 2266 3234 pterea
2300 3180 2400 3234 pro
2433 3164 2600 3218 nobis
2624 3163 2682 3217 in
2706 3163 2932 3218 Christo
2953 3181 3165 3219 novum
3189 3170 3609 3222 testamentum
3637 3169 3730 3223 ﬁr-

318 3259 390 3313 ab
429 3256 702 3327 operibus
751 3253 1016 3308 mortuis.
1069 3251 1192 3320 Hic,
1245 3251 1294 3304 si
1345 3250 1477 3321 quis
1530 3249 1783 3320 tetigerit
1812 3244 2034 3322 opus.C
2074 3257 2297 3306 metum
2331 3268 2458 3307 esse
2489 3251 2716 3320 asserit,
2750 3253 2921 3322 cujus
2970 3253 3293 3310 similitudo
3344 3259 3512 3311 vetus
3541 3260 3724 3312 testa-

317 3350 640 3410 mortuum,
663 3341 1098 3398 contaminatur
1123 3357 1134 3405 ;
1159 3339 1262 3406 ibi,
1288 3340 1335 3394 si
1360 3339 1494 3409 quis
1519 3339 1959 3409 tangebatmor-

314 3442 507 3500 tuum,
529 3432 914 3504 polluebatur,
946 3452 965 3478 ι
990 3430 1073 3483 Ad
1099 3429 1487 3493 serviendum,
1514 3450 1540 3475 ››
1563 3425 1771 3498 inquit,
1804 3428 1956 3482 «Deo

314 3521 607 3579 viventi.»
656 3521 949 3574 Viventem
1004 3517 1219 3588 quippe
1266 3516 1424 3585 dicit,
1483 3520 1714 3586 propter
1745 3515 1956 3570 distin-

314 3613 565 3668 ctionem
597 3611 838 3664 deorum
884 3614 1270 3661 mortuorum.
1309 3604 1413 3657 Hic
1435 3603 1788 3669 manifestat,
1822 3603 1960 3674 quia

313 3717 491 3773 opera
510 3703 740 3754 mortua
764 3697 1044 3751 habentes
1066 3712 1179 3749 non
1204 3699 1451 3764 possunt
1473 3692 1688 3746 servire
1706 3693 1959 3746 Deovivo

316 3796 376 3845 et
396 3805 550 3844 vero.
575 3786 784 3842 Nullus
809 3785 982 3853 igitur
1001 3800 1174 3854 opera
1195 3786 1428 3836 mortua
1467 3780 1709 3846 habens,
1735 3779 1959 3851 ingredi

316 3881 507 3950 potest
524 3877 595 3931 ad
612 3877 858 3929 Patrem.
880 3874 938 3927 Si
956 3872 1111 3926 enim
1132 3887 1287 3936 eum,
1307 3869 1407 3940 qui
1427 3886 1638 3940 corpus
1657 3874 1958 3924 mortuum

314 3967 611 4038 tangebat,
637 3981 752 4018 non
777 3961 1078 4034 oportebat
1098 3959 1315 4013 intrare
1334 3959 1391 4012 in
1409 3957 1716 4028 templum,
1739 3964 1958 4028 quanto

313 4056 501 4126 magis
520 4070 674 4116 eum,
692 4051 791 4122 qui
813 4067 983 4122 opera
1005 4053 1228 4103 mortua
1252 4046 1464 4102 habet?
1481 4045 1725 4100 Pollutio
1745 4047 1959 4117 quippe

312 4149 400 4198 est
430 4143 705 4214 pessima.
739 4141 969 4194 Mortua
999 4137 1212 4208 quippe
1244 4153 1415 4206 opera
1461 4140 1598 4189 sunt
1629 4152 1756 4205 qua:
1779 4135 1955 4188 vitam

311 4248 424 4286 non
450 4231 818 4299 habentque:
836 4227 974 4281 foris
987 4243 1100 4280 non
1117 4223 1616 4294 operantur.Sicut
1629 4223 1785 4276 enim
1807 4239 1956 4276 mor-

308 4325 479 4375 tuum
501 4335 712 4390 corpus
742 4317 815 4371 ad
848 4315 1077 4369 nullum
1109 4329 1346 4368 sensum
1369 4311 1631 4371 estutile,
1666 4327 1866 4365 verum
1899 4327 1956 4365 e-

305 4408 449 4464 tiam
463 4401 1813 4476 contristatappropinquantes;sicetpeccatum
1829 4416 1959 4453 con-

307 4498 502 4553 festim
517 4495 795 4551 rationale
809 4499 1074 4548 nostrum
1092 4491 1422 4562 percutit,et
1435 4506 1547 4544 non
1564 4489 1848 4559 permittit
1863 4504 1956 4543 ne-

2071 3345 2334 3394 mentum
2366 3345 2510 3406 erat,
2545 3340 2604 3394 in
2635 3357 2749 3411 quo
2781 3357 2941 3396 mors
2987 3342 3282 3398 testatoris
3323 3359 3425 3414 per
3452 3343 3725 3401 victimas

2071 3429 2573 3500 praeﬁgurabatur.
2609 3429 2667 3484 Si
2699 3445 2836 3501 ergo
2867 3434 3162 3500 quaeratur
3208 3433 3500 3502 quomodo
3531 3433 3726 3490 simus

2071 3518 2392 3572 secundum
2407 3518 2582 3572 verba
2593 3518 2641 3587 ej
2653 3519 2853 3572 usdem
2869 3517 3127 3587 Apostoli
3141 3519 3470 3576 coheredes
3483 3520 3726 3593 Christi,

2072 3611 2128 3659 et
2152 3605 2252 3659 ﬁlii
2278 3611 2454 3678 atque
2477 3605 2736 3660 haeredes
2759 3606 2857 3660 Dei
2883 3608 3059 3677 (Rom.
3084 3625 3204 3678 vm,
3239 3610 3350 3676 17),
3375 3625 3509 3665 cum
3547 3611 3730 3667 etiam

2072 3693 2380 3749 brereditas
2403 3699 2586 3749 morte
2609 3695 2932 3750 decessoris
2955 3696 3126 3751 ﬁrma
3147 3701 3434 3765 teneatur,
3484 3715 3588 3755 nec
3607 3700 3732 3756 ullo

2072 3782 2186 3837 alio
2202 3783 2372 3836 modo
2389 3781 2694 3837 hmreditas
2711 3783 2894 3854 possit
2909 3783 3176 3858 intelligi,
3196 3787 3586 3858 respondetur
3599 3789 3730 3860 ipso

2072 3870 2309 3940 quidem
2335 3876 2566 3926 mortuo
2604 3873 2784 3927 factos
2820 3889 2926 3927 nos
2961 3890 3089 3929 esse
3128 3875 3410 3940 beeredes,
3441 3877 3730 3948 quoniam

2071 3957 2173 4012 ﬁlii
2193 3960 2319 4029 ejus
2344 3959 2536 4029 etjam
2561 3959 2697 4014 dicti
2713 3977 2950 4016 sumus:
2973 3983 3002 4011 «
3017 3963 3439 4034 nonjejunant,
3463 3987 3490 4013 »
3509 3966 3729 4038 inquit,

2071 4071 2098 4096 «
2122 4047 2223 4101 lilii
2244 4048 2466 4119 sponsi,
2485 4050 2742 4118 quandiu
2761 4065 2893 4104 cum
2909 4049 3025 4105 illis
3040 4057 3129 4107 est
3159 4069 3416 4124 sponsus
3455 4055 3644 4121 (Marc.
3663 4073 3728 4123 11,

2072 4137 2180 4205 19).
2209 4157 2235 4184 ››
2255 4137 2520 4191 Hmredes
2539 4153 2673 4208 ergo
2687 4140 2813 4208 ejus
2828 4138 3099 4208 dicimur,
3127 4142 3266 4212 quia
3293 4141 3530 4213 reliquit
3552 4145 3725 4200 nobis

2071 4224 2230 4293 pacis
2253 4223 2657 4279 ecclesiastica;
2681 4227 3133 4299 possessionem,
3161 4246 3263 4300 per
3286 4230 3458 4285 ﬁdem
3487 4231 3726 4304 dispen-

2069 4313 2313 4367 sationis
2346 4313 2696 4382 temporalis,
2732 4331 2909 4386 quam
2942 4316 2999 4371 in
3032 4317 3140 4373 hac
3171 4318 3290 4374 vita
3320 4319 3721 4390 possidemus,

2069 4401 2361 4471 quomodo
2393 4405 2640 4456 testatus
2689 4409 2777 4457 est
2820 4403 3056 4460 dicens:
3108 4428 3135 4455 ‹‹
3172 4406 3372 4464 Pacem
3425 4408 3500 4464 do
3530 4410 3722 4480 vobis,

2068 4506 2265 4559 pacem
2302 4506 2492 4544 meam
2539 4489 2802 4561 relinquo
2832 4493 2994 4547 vobis
3042 4494 3221 4564 (Joan.
3275 4512 3390 4564 xw,
3439 4497 3555 4568 27).
3589 4519 3617 4548 »
3657 4499 3722 4554 lu

242 4655 245 4660 ‘
307 4579 1536 4657 queintelligentiamipsamquiescere,sed
1559 4579 1953 4648 perturbat,et
1985 4612 2031 4675 Β
2066 4579 2382 4632 offensione
2415 4578 2629 4649 quippe
2671 4596 2938 4648 eramus;
2999 4583 3150 4637 mori
3209 4600 3316 4639 nos
3373 4587 3719 4656 oportebat;

305 4679 646 4738 commovet,
667 4678 724 4726 et
741 4672 1014 4726 continuo
1033 4670 1091 4722 in
1128 4668 1385 4722 animam
1413 4666 1617 4720 insilit.
1641 4667 1764 4720 Non
1789 4667 1949 4720 vides

303 4780 420 4831 eos,
440 4763 536 4834 qui
555 4764 755 4816 morbo
769 4760 1124 4819 afﬁciuntur,
1141 4757 1432 4826 quomodo
1447 4761 1674 4809 tumore
1691 4757 1946 4825 quodam

301 4857 678 4920 occupantur,
714 4849 1005 4918 quomodo
1036 4850 1265 4898 vertunt
1315 4861 1376 4897 se
1420 4849 1595 4912 atque
1628 4848 1942 4909 revertunt,

299 4940 591 5009 quomodo
609 4938 909 4992 fcetoribus
925 4932 1272 5004 suntrepleti
1291 4932 1580 5000 quomodo
1596 4936 1792 5000 turpes
1809 4937 1948 4985 sunt

298 5042 498 5080 eorum
530 5027 723 5090 facies,
759 5025 1050 5095 quomodo
1082 5039 1179 5092 per
1213 5026 1399 5074 totum
1435 5018 1723 5071 immundi
1759 5021 1944 5074 sunt?

297 5113 465 5167 Tales
480 5114 1034 5184 quippesuntetiam
1053 5115 1376 5181 peccantes,
1394 5107 1499 5161 etsi
1521 5123 1632 5160 non
1651 5105 1937 5163 videntur.

376 5221 401 5250 α
425 5202 636 5254 Etideo
670 5201 799 5254 novi
827 5198 1155 5254 testamenti
1201 5197 1481 5251 Mediator
1519 5200 1625 5257 est,
1671 5200 1735 5248 ut
1758 5201 1940 5250 morte

293 5288 701 5354 intercedente,
726 5289 782 5340 in
811 5287 1269 5357 redemptionem
1303 5283 1641 5338 earumdem
1669 5284 1938 5352 praevari-

294 5370 611 5435 cationum,
635 5389 760 5441 quae
783 5380 948 5426 erant
987 5373 1095 5427 sub
1140 5370 1314 5443 priori
1359 5374 1703 5424 testamento
1735 5387 1937 5442 repro-

293 5456 636 5512 missionem
666 5461 970 5530 accipiant,
999 5461 1097 5531 qui
1121 5459 1302 5514 vocati
1331 5463 1469 5512 sunt
1507 5463 1731 5512 aeterna}
1756 5458 1933 5515 haere-

291 5544 558 5604 ditatis.»
583 5543 825 5600 Diversae
847 5549 1001 5602 enim
1022 5548 1290 5613 victimae,
1308 5547 1933 5618 quaeoccidebanturin

2065 4672 2328 4720 mortuus
2344 4672 2428 4720 est
2448 4684 2548 4738 pro
2566 4668 2753 4735 nobis,
2769 4674 2824 4723 et
2838 4670 2969 4724 fecit
2984 4687 3089 4726 nos
3108 4672 3316 4744 dignos
3330 4677 3718 4743 testamento;

2061 4757 2159 4808 sed
2185 4755 2567 4827 quiaindigni
2595 4757 2726 4811 facti
2762 4774 2989 4824 sumus,
3036 4777 3150 4814 non
3192 4762 3318 4831 jam
3362 4766 3719 4819 testamento

2058 4860 2205 4913 opus
2228 4848 2369 4908 erat,
2398 4846 2496 4898 sed
2533 4862 2722 4915 poena.
2770 4847 2916 4909 Quid
2942 4847 3120 4916 igitur
3160 4850 3431 4920 gloriaris
3454 4850 3513 4906 in
3541 4851 3672 4924 lege
3692 4853 3721 4907 ‘?

2058 4933 2230 5000 (Rom.
2257 4950 2318 4997 11,
2341 4934 2455 5002 23.)
2485 4933 2545 4986 1n
2570 4937 2796 4987 tantum
2827 4942 3130 5005 peccatum
3172 4938 3389 5009 quippe
3426 4956 3534 4994 nos
3567 4957 3713 4996 con-

2055 5019 2261 5086 siituit,
2290 5026 2353 5075 ut
2376 5021 2586 5074 salvari
2611 5039 2723 5076 non
2747 5039 3054 5092 possemus
3076 5025 3357 5097 alioquin,
3384 5028 3496 5082 nisi
3521 5027 3718 5084 Domi-

2054 5127 2164 5163 nus
2199 5127 2299 5180 pro
2342 5110 2510 5163 nobis
2569 5117 2912 5166 moreretur.
2973 5113 3316 5171 Cohzeredes
3346 5122 3547 5172 autem
3579 5119 3714 5188 ejus

2051 5199 2359 5261 efﬁcimur,
2385 5215 2516 5252 cum
2543 5198 2599 5252 in
2639 5200 2752 5254 ﬁne
2791 5202 2986 5255 saeculi
3029 5205 3443 5260 absorbebitur
3466 5223 3629 5262 mors
3653 5209 3713 5262 in

2047 5285 2291 5340 victoria
2324 5287 2366 5356 (I
2400 5287 2502 5340 Cor
2531 5303 2625 5353 xv,
2656 5288 2768 5357 5/1).
2804 5311 2830 5336 ‹‹
2867 5290 3030 5345 Tunc
3063 5292 3218 5346 enim
3253 5293 3476 5348 similes
3509 5295 3560 5348 ei
3593 5296 3710 5349 eri-

2050 5391 2204 5434 mus.
2255 5375 2534 5445 quoniam
2585 5374 2919 5432 videbimus
2977 5395 3112 5433 eum
3145 5380 3319 5436 sicuti
3353 5386 3442 5436 est
3473 5383 3521 5452 (I
3548 5383 3710 5440 Joan.

2047 5467 2216 5529 111,2).
2237 5466 2462 5528 nQuam
2487 5463 2883 5520 bmreditatem
2908 5483 3022 5521 non
3041 5469 3169 5538 ejus
3183 5469 3366 5540 patris
3379 5475 3569 5526 morte
3583 5472 3712 5526 adi-

2043 5551 2347 5620 piscimur,
2365 5551 2461 5623 qui
2480 5551 2628 5608 mori
2645 5569 2760 5609 non
2777 5558 2994 5626 potest;
3010 5558 3289 5629 quoniam
3319 5558 3564 5633 quidem
3580 5560 3710 5636 ipse

364 5646 548 5726 (1419)
578 5646 732 5703 Inter
771 5659 989 5710 aeterna
1036 5658 1092 5711 et
1140 5652 1474 5710 haereditatis
1519 5651 1735 5727 legitur
1773 5654 1931 5713 lectio
1971 5670 2136 5715 nona.
