3898 6412
255 468 386 540 ’185

812 467 1228 530 EXPOSITIO
1275 469 1353 534 ΙΝ
1398 468 1830 540 EPISTOLAS
1877 469 2136 544 PAULI.
2173 505 2246 514 —
2295 473 2370 532 IN
2417 474 2666 546 EPIST.
2712 476 2814 534 AD
2859 475 3092 536 HEBR.

3579 474 3696 546 786

255 604 454 680 Quare
486 599 904 666 multorum,et
926 616 1041 661 non
1073 600 1341 656 omnium
1366 601 1394 656 ‘I
1417 601 1562 666 Quia
1588 617 1703 656 non
1726 619 1930 658 omnes
1959 603 2014 668 Α
2043 604 2255 672 offerri,
2287 610 2522 678 propter
2547 605 2970 676 inﬁrmitatem,
3004 610 3060 661 et
3091 612 3153 661 ut
3184 607 3465 662 memoria
3497 623 3696 679 pecca-

253 690 661 746 crediderunt.
699 689 823 745 Non
855 693 1051 744 autem
1084 689 1350 750 omnium
1379 696 1616 761 peccata
1660 691 1924 758 abstulit,

252 785 500 854 propter
530 781 684 852 quod
718 779 955 834 credere
982 778 1315 834 noluerunt.

332 893 360 919 «
389 867 658 926 Secundo
690 867 817 923 sine
850 872 1082 938 peccato
1110 868 1416 940 apparebit
1446 869 1922 940 exspectantibus

241 959 391 1019 sein
405 958 680 1014 salutem.
699 980 727 1006 ››
742 957 1316 1021 Quia,sicutnecesse
1330 963 1418 1012 est
1438 975 1922 1030 unumquemque

250 1054 529 1104 nostrum
557 1051 689 1120 post
718 1051 966 1101 mortem
1000 1047 1258 1118 recipere
1281 1049 1450 1117 juxta
1482 1065 1658 1119 opera
1690 1065 1818 1114 sua,
1840 1048 1922 1103 ita

240 1139 484 1210 justum
508 1142 620 1204 est,
649 1136 1012 1202 utChristus,
1043 1137 1268 1191 devicta
1299 1141 1482 1192 morte
1505 1143 1560 1192 et
1589 1139 1796 1211 adepto
1828 1155 1918 1193 re-

247 1244 393 1304 gno,
413 1227 671 1282 secundo
694 1229 972 1298 appareat
984 1226 1459 1296 exspectantibus
1474 1227 1622 1294 se,in
1642 1226 1916 1295 salutem,

249 1318 485 1387 etjuste
505 1315 760 1371 vindicet
781 1332 940 1378 suos,
968 1315 1068 1386 qui
1089 1315 1306 1384 injuste
1327 1333 1538 1387 passus
1562 1323 1647 1370 est
1679 1317 1749 1371 ab
1774 1315 1914 1371 alie-

249 1406 370 1462 nis.
405 1404 610 1462 Melior
633 1410 722 1460 est
754 1404 875 1459 haec
906 1403 1189 1476 apparitio
1220 1405 1694 1476 exspectantibus
1737 1423 1819 1472 se,
1855 1405 1913 1459 in

237 1494 535 1570 “salutem,
580 1511 758 1565 quam
802 1493 1134 1548 communis
1168 1494 1334 1558 visio,
1367 1495 1436 1548 de
1491 1512 1608 1566 qua
1659 1495 1910 1550 dicitur:

249 1608 280 1634 ι(
305 1583 543 1639 Videbit
564 1600 698 1638 eum
722 1583 917 1638 omnis
939 1582 1167 1653 oculus,
1186 1589 1241 1637 et
1263 1583 1364 1654 qui
1384 1599 1516 1637 eum
1539 1589 1916 1655 pupugerunt

243 1674 436 1747 (Apoc.
468 1691 508 1742 1,
533 1673 610 1744 7).
649 1695 676 1721 »
709 1672 872 1737 Quod
904 1688 1037 1728 vero
1082 1672 1182 1742 ait,
1217 1673 1473 1727 secundo
1506 1673 1634 1728 sine
1677 1677 1911 1744 peccato

248 1761 882 1836 apparebit.quomodo
905 1761 1162 1816 secundo
1185 1760 1311 1816 sine
1325 1765 1559 1832 peccato
1572 1761 1598 1814 '?
1613 1761 1913 1832 Nunquid-

246 1867 392 1906 nam
421 1849 482 1905 in
515 1850 704 1922 primo
734 1850 892 1905 venit
923 1865 1056 1904 cum
1091 1854 1345 1920 peccato,
1379 1851 1450 1904 de
1482 1867 1597 1922 quo
1626 1851 1908 1920 scriptum

245 1945 380 1996 est:
414 1939 520 2006 Qui
543 1945 850 2012 peccatum
868 1956 982 1994 non
1008 1939 1275 2009 fecit,nec
1300 1938 1579 1995 inventus
1625 1946 1713 1995 est
1743 1940 1911 1996 dolus
1939 1976 1991 2040 B

249 2030 312 2084 in
335 2045 433 2085 ore
453 2029 824 2101 ejus?(P.sal.
845 2045 1000 2096 xxx1,
1030 2029 1107 2100 2).
1133 2028 1200 2083 Et
1229 2028 1354 2102 ipse
1384 2029 1455 2084 de
1497 2046 1558 2085 se
1587 2030 1767 2084 dicit:
1802 2030 1910 2086 Ve-

250 2117 342 2174 nit
362 2119 520 2186 enim
542 2117 817 2191 princeps
839 2118 1020 2188 hujus
1040 2117 1266 2186 mundi,
1292 2121 1347 2172 et
1369 2117 1427 2172 in
1458 2135 1549 2174 mc
1581 2118 1723 2176 nihil
1760 2119 1914 2176 inve-

249 2208 371 2277 niet
421 2209 602 2280 (Joan.
637 2225 753 2274 xiv,
785 2206 895 2278 30).
921 2207 1039 2264 Hoc
1059 2213 1148 2262 est
1168 2224 1328 2279 ergo,
1351 2209 1609 2264 secundo
1631 2225 1911 2281 apparere

247 2298 380 2369 sine
394 2302 656 2370 peccato,
679 2299 804 2370 jam
847 2314 963 2352 non
995 2296 1176 2352 videri
1209 2296 1268 2350 in
1299 2296 1689 2354 similitudine
1717 2297 1910 2354 carnis

233 2386 496 2465 peccati,
517 2387 630 2460 sed
667 2403 772 2461 nec
804 2385 1054 2442 aliorum
1077 2390 1314 2458 peccata
1337 2390 1666 2458 portantem
1692 2387 1750 2442 in
1783 2405 1909 2444 cor-

237 2475 390 2551 pore
412 2493 519 2532 suo
543 2493 722 2548 super
739 2476 990 2549 lignum,
1009 2475 1164 2531 sicut
1186 2475 1244 2530 in
1270 2476 1461 2548 primo
1484 2476 1734 2532 adventu
1753 2477 1906 2544 fecit,

248 2583 358 2632 nec
379 2565 729 2636 intervenire
749 2566 878 2640 jam
906 2564 1162 2637 amplius
1185 2582 1289 2637 pro
1307 2565 1584 2638 peccatis,
1607 2566 1707 2620 sed
1724 2566 1910 2621 vindi-

248 2661 408 2716 ctam
441 2671 705 2712 exercere
735 2653 795 2709 in
830 2658 1158 2727 peccantes.

324 2745 486 2816 (CAP.
519 2745 612 2817 Χ.)
647 2768 674 2794 ‹‹
710 2743 990 2819 Umbram
1021 2745 1179 2800 enim
1211 2744 1433 2799 habens
1492 2744 1581 2800 lex
1619 2745 1908 2801 bonorum

238 2836 589 2907 futurorum
625 2851 737 2888 non
753 2834 943 2906 ipsam
966 2833 1282 2906 imaginem
1299 2851 1627 2906 rerum,per
1649 2834 1911 2906 singulos

250 2940 441 2988 annos
463 2923 686 2978 eisdem
712 2923 859 2997 ipsis
877 2922 1111 2994 hostiis,
1136 2940 1283 2994 quas
1300 2924 1554 2978 offerunt
1576 2924 1911 2978 indesinen-

252 3020 362 3082 ter,
396 3029 703 3084 nunquam
753 3015 946 3084 potest
990 3014 1330 3067 accedentes
1381 3013 1663 3082 perfectos
1705 3014 1913 3078 facere,

253 3102 516 3174 alioquin
541 3107 872 3157 cessassent
895 3101 1086 3157 offerri
1114 3119 1126 3168 ;
1152 3100 1280 3156 ideo
1302 3103 1456 3174 quod
1481 3102 1701 3156 nullam
1737 3103 1913 3158 habe-

253 3196 384 3247 rent
403 3191 552 3246 ultra
571 3191 990 3248 conscientiam
1015 3190 1518 3262 peccati,cultores
1540 3191 1721 3246 semel
1746 3209 1915 3246 mun-

231 3281 398 3352 dati,
416 3281 517 3336 sed
547 3281 604 3335 in
629 3280 776 3354 ipsis
790 3280 1272 3336 commcmoratio
1288 3285 1654 3352 peccatorum
1680 3281 1913 3352 persin-

2038 698 2232 749 torum
2267 695 2449 750 fieret.
2483 694 2631 759 Quid
2684 712 2818 767 ergo
2867 696 3016 750 nos?
3051 696 3253 751 Nonne
3299 713 3399 768 per
3429 695 3694 767 singulos

2034 783 2158 839 dies
2176 784 2478 839 offerimus
2503 784 2531 838 ἱ)
2552 784 2862 840 Offerimus
2885 785 3142 856 quidem,
3179 785 3280 840 sed
3315 785 3385 839 ad
3420 786 3692 840 recorda-

2035 873 2254 928 tionem
2287 873 2564 928 facientes
2585 874 2790 929 mortis
2823 875 3035 945 ejus,et
3068 892 3182 930 una
3213 879 3300 929 est
3331 874 3450 928 haec
3475 874 3685 944 hostia,

2032 978 2147 1016 non
2183 962 2400 1017 multae.
2435 963 2735 1025 Quomodo
2768 980 2885 1017 una
2915 967 3024 1032 est,
3075 967 3132 1018 et
3167 979 3283 1017 non
3336 962 3531 1017 multae
3557 963 3584 1017 ?
3621 965 3690 1017 Et

2031 1053 2172 1125 quia
2194 1051 2374 1107 semel
2399 1053 2594 1106 oblata
2615 1058 2703 1107 est
2727 1071 2739 1116 ;
2763 1052 2864 1106 illa
2895 1052 3089 1106 oblata
3119 1057 3207 1106 est
3238 1052 3295 1106 in
3330 1057 3530 1107 sancto
3553 1069 3687 1107 san-

2029 1149 2280 1206 ctorum,
2317 1141 2425 1195 hoc
2454 1146 2647 1195 autem
2672 1139 3025 1195 sacriﬁcium
3049 1138 3347 1210 exemplar
3369 1143 3456 1193 est
3487 1138 3684 1205 illius;

2027 1233 2099 1285 ad
2133 1231 2327 1302 ipsum
2348 1231 2529 1301 (1426)
2557 1229 3252 1299 semperofl'erimus;ncc
3272 1245 3425 1282 nunc
3448 1228 3684 1299 quidem

2027 1319 2188 1375 aliud
2225 1321 2442 1383 minus,
2479 1318 2636 1372 aliud
2668 1318 2860 1382 hodie,
2903 1316 3061 1372 aliud
3123 1334 3272 1387 cras,
3333 1333 3566 1387 semper
3614 1317 3684 1370 ad

2024 1409 2220 1480 ipsum
2252 1409 2474 1479 (1427):
2508 1407 2750 1477 proinde
2783 1423 2965 1460 unum
2997 1412 3086 1460 est
3144 1405 3251 1460 hoc
3309 1405 3685 1460 sacrificium.

2027 1497 2303 1568 Alioquin
2336 1496 2444 1550 hac
2473 1495 2720 1564 ratione,
2788 1494 3066 1565 quoniam
3124 1511 3156 1548 a
3187 1493 3389 1548 multis
3422 1494 3681 1560 offertur,

2024 1587 2193 1641 multi
2211 1585 2421 1641 Christi
2445 1589 2598 1639 sunt.
2629 1584 3142 1654 Nequaquam,sed
3173 1600 3326 1638 unus
3340 1583 3556 1654 ubique
3570 1588 3679 1648 est,

2023 1681 2080 1730 et
2104 1676 2196 1730 hic
2224 1675 2429 1747 plenus
2456 1675 2730 1743 existens,
2756 1678 2811 1727 et
2842 1672 2962 1728 illic
2977 1672 3204 1745 plenus,
3239 1689 3420 1726 unum
3445 1688 3678 1743 corpus.

2021 1767 2181 1819 Sicut
2211 1765 2366 1819 enim
2393 1763 2492 1834 qui
2521 1763 2740 1834 ubique
2763 1763 3024 1830 offertur,
3051 1778 3236 1816 unum
3259 1778 3470 1832 corpus
3493 1765 3602 1826 est,
3625 1765 3681 1815 et

2020 1870 2136 1908 non
2170 1853 2355 1908 multa
2383 1868 2644 1923 corpora,
2679 1850 2759 1905 ita
2787 1851 2963 1905 etiam
2995 1854 3051 1904 et
3081 1866 3265 1904 unum
3305 1849 3676 1904 sacriﬁcium.

2023 1943 2283 1998 Pontifex
2308 1946 2500 1996 autem
2526 1945 2722 1995 noster
2741 1939 2959 2005 illeest,
2980 1938 3081 2009 qui
3107 1938 3362 1994 hostiam
3388 1938 3679 1993 mundan-

2022 2037 2139 2088 tem
2166 2049 2273 2086 nos
2291 2029 2522 2086 obtulit.
2549 2033 2743 2100 Ipsam
2768 2028 3069 2083 offerimus
3091 2033 3147 2082 et
3169 2043 3345 2097 nunc,
3381 2044 3506 2097 quae
3540 2032 3678 2082 tunc

2023 2125 2112 2177 est
2141 2120 2356 2175 oblata.
2383 2118 2590 2174 Oblata
2623 2117 2862 2190 quidem
2891 2115 3160 2171 consumi
3187 2132 3300 2170 non
3325 2121 3534 2186 potest.
3561 2116 3678 2171 Hoc

2020 2215 2241 2280 autem,
2267 2209 2422 2281 quod
2447 2224 2553 2262 nos
2577 2206 2852 2271 facimus,
2874 2211 2932 2259 in
2965 2204 3582 2260 commemorationem
3618 2206 3682 2258 ﬁt

2021 2301 2149 2371 ejus
2177 2299 2329 2370 quod
2363 2299 2585 2352 factum
2637 2301 2745 2350 est.
2783 2318 2811 2346 «
2867 2295 2985 2350 Hoc
3034 2294 3189 2349 enim
3236 2293 3424 2358 facite,
3465 2293 3678 2364 inquit,

2020 2390 2079 2444 in
2116 2405 2307 2444 meam
2343 2384 2965 2442 commemorationem
2988 2383 3138 2454 (Luc.
3166 2399 3304 2448 χχιι,
3359 2382 3463 2448 19;
3494 2386 3521 2436 1
3555 2381 3673 2437 Cor.

2023 2496 2083 2547 11,
2115 2479 2225 2549 24).
2253 2500 2280 2527 ››
2297 2476 2423 2531 Non
2445 2474 2602 2530 aliud
2629 2471 3167 2535 sacrificium,sicut
3192 2469 3446 2540 pontifex
3469 2471 3674 2539 (11128),

2020 2567 2121 2623 sed
2145 2567 2340 2639 ipsum
2361 2581 2590 2635 semper
2612 2561 2879 2618 facimus.
2903 2560 3086 2631 Magis
3109 2565 3303 2615 autem
3328 2559 3676 2614 recordatio-

2021 2673 2153 2712 nem
2182 2654 2452 2711 sacrificii
2483 2669 2813 2724 operamur.

2097 2768 2124 2795 ‹‹
2157 2745 2289 2800 Ideo
2320 2741 2656 2814 ingrediens
2677 2741 2967 2795 mundum
2991 2738 3166 2793 dicit:
3194 2737 3476 2804 Hostiam,
3501 2742 3556 2792 et
3579 2737 3678 2791 ob-

2026 2835 2304 2890 lationem
2330 2830 2592 2898 noluisti,
2620 2845 2833 2900 corpus
2856 2832 3055 2882 autem
3079 2825 3293 2897 aptasti
3319 2825 3489 2878 mihi:
3518 2824 3678 2879 holo-

2024 2927 2411 2991 caustomata,
2446 2925 2501 2974 et
2533 2923 2650 2991 pro‘
2668 2922 2902 2990 peccato
2931 2933 3045 2971 non
3095 2914 3200 2970 tibi
3255 2913 3473 2985 placuit
3505 2915 3678 2983 (1)δηὶ.

2025 3031 2178 3078 xx1x,
2210 3011 2494 3082 7)(1429).
2531 3010 2695 3063 Tunc
2743 3005 2895 3060 dixi:
2954 3005 3098 3059 Ecce
3155 3003 3360 3058 venio:
3395 3003 3451 3056 in
3495 3003 3682 3074 capite

2028 3102 2161 3156 libri
2185 3101 2470 3172 scriptum
2495 3102 2583 3151 est
2604 3098 2674 3150 de
2707 3112 2819 3163 me,
2854 3099 2918 3147 ut
2949 3094 3180 3162 faciam,
3214 3091 3389 3159 Deus,
3413 3091 3681 3146 volunta-

2028 3196 2144 3246 tem
2169 3195 2354 3244 tuam.
2386 3186 2666 3256 Superius
2687 3185 2924 3238 dicens:
2961 3181 3097 3254 quia
3131 3181 3375 3246 hostias,
3426 3185 3483 3234 et
3522 3179 3681 3235 obla-

2030 3280 2241 3347 tiones,
2265 3282 2321 3332 ct
2352 3277 2875 3339 holocaustomata,
2910 3277 2966 3326 et
2992 3289 3094 3344 pro
3151 3276 3386 3342 peccato
3419 3268 3680 3335 noluisti,

245 3339 624 3444 gulo'sannos
645 3339 732 3424 fit.
760 3369 1132 3441 Impossibile
1153 3339 1990 3441 enimestsanguinetauro-~C
2030 3386 2136 3425 nec
2170 3339 2384 3440 placita
2416 3369 2556 3420 sunt
2586 3362 2690 3418 tibi
2723 3379 2848 3434 quae
2881 3339 3404 3430 secundumlcgem
3429 3359 3681 3412 offerun-

234 3477 383 3528 ,rum
419 3464 476 3515 et
505 3457 806 3514 hircorum
840 3459 1055 3514 auferri
1086 3463 1342 3531 peccata.
1381 3480 1408 3506 »
1442 3459 1748 3530 Exemplar
1789 3464 1913 3513 tan-

249 3551 403 3616 tum,
437 3545 712 3616 ostendit,
748 3562 862 3600 non
894 3545 1191 3611 virtutem,
1225 3544 1376 3599 sicut
1416 3545 1475 3599 in
1534 3545 1914 3618 imaginibus,

242 3633 556 3708 exemplar
579 3633 838 3690 hominis
861 3633 1038 3688 habet
1060 3633 1397 3705 imago,non
1421 3637 1595 3688 etiam
1616 3634 1912 3702 virtutem,

254 3722 477 3789 Umbra
499 3723 656 3777 enim
680 3722 809 3789 fuit,
836 3739 953 3777 non
977 3723 1104 3794 ipsa
1126 3721 1360 3776 veritas.
1385 3721 1913 3778 Multifariasacrao

256 3816 458 3876 menta
476 3811 689 3867 Christi
721 3817 778 3867 et
808 3811 1072 3867 Ecclesiae
1104 3827 1208 3884 per
1238 3811 1532 3882 umbram,
1567 3812 1623 3866 id
1670 3817 1777 3882 est,
1815 3829 1917 3884 per

238 3903 510 3976 ﬁguram
533 3901 896 3974 ostendebat,
923 3902 1105 3956 donec
1128 3900 1350 3955 veniret
1377 3901 1506 3973 ipsa
1526 3902 1760 3969 veritas,
1786 3917 1913 3971 quae

247 3977 596 4062 interiorem
612 3991 878 4062 ejusdem
894 3991 1095 4062 figurae
1110 4006 1350 4044 sensum
1366 3989 1632 4044 Ecclesiae
1647 4006 1766 4044 suae
1779 3991 1914 4044 data

253 4081 513 4152 Spiritus
543 4079 729 4136 sancti
765 4079 955 4152 gratia
980 4079 1350 4151 patefaceret,
1411 4083 1468 4132 et
1521 4079 1822 4134 moriendo
1853 4077 1910 4132 in

233 4186 430 4236 ,cruce
452 4169 652 4224 omnia
675 4167 776 4224 illa
797 4173 1166 4224 sacramenta
1192 4167 1494 4223 revelaret.
1517 4168 1914 4239 Expiabantur

240 4259 586 4334 ,peccataqad
622 4263 880 4330 tempus,
914 4274 1028 4312 non
1083 4257 1550 4312 remittebantur.
1597 4258 1911 4327 Nunquam

239 4339 411 4416 enim
444 4347 636 4422 potuit
664 4349 1006 4406 accedentes
1059 4347 1345 4418 perfectos
1394 4346 1600 4414 facere,
1653 4346 1912 4416 alioquin

229 4446 590 4514 cessassent
620 4436 775 4494 ultra
805 4437 1021 4494 offerri.
1056 4438 1182 4501 Qua
1211 4437 1433 4492 ratione
1456 4435 1676 4491 eisdem
1696 4438 1917 4491 sacrifi-

231 4527 364 4596 ιοίἱε
386 4544 621 4600 semper
637 4528 998 4584 curabantur
1017 4526 1272 4582 auferri?
1290 4526 1345 4579 Si
1363 4526 1518 4582 enim
1543 4525 1614 4580 ab
1638 4525 1915 4580 omnibus

235 4621 458 4690 (essent
486 4615 718 4672 liberati
772 4615 1048 4687 peccatis,
1100 4631 1474 4686 nequaquam
1518 4630 1618 4686 per
1647 4614 1914 4686 singulos

2028 3463 2144 3526 tur,
2181 3463 2320 3511 tunc
2355 3453 2508 3508 dixi:
2547 3453 2688 3506 Ecce
2717 3451 2908 3513 venio,
2944 3455 3007 3504 ut
3058 3448 3265 3502 faciam
3320 3446 3680 3501 voluntatem

2026 3550 2212 3609 tuam,
2235 3542 2623 3598 Deus.Aufei-t
2654 3539 2934 3610 primum,
2969 3542 3033 3590 ut
3062 3549 3312 3604 sequens
3342 3538 3580 3588 statuat.
3617 3534 3680 3587 In

2029 3632 2451 3708 quavoluntale
2476 3626 2818 3685 sanctificati
2836 3642 3045 3680 sumus
3059 3622 3525 3696 peroblationem
3540 3624 3682 3677 Cor-

2027 3725 2187 3798 poris
2231 3726 2369 3776 Jesu
2403 3718 2616 3776 Christi
2668 3716 2871 3789 (1430).
2899 3737 2924 3762 ››
2957 3713 3288 3768 Anteriores
3319 3711 3556 3782 quidem
3590 3727 3682 3765 os-

2025 3813 2215 3869 tendit
2245 3810 2486 3866 inutiles
2518 3824 2646 3862 esse
2678 3805 2899 3861 hostias
2931 3804 3001 3859 ad
3037 3802 3325 3873 integram
3351 3800 3682 3855 mundatio-

2027 3919 2182 3970 nem,
2218 3904 2274 3954 et
2303 3901 2550 3953 formam
2588 3895 2776 3961 magis
2808 3910 2906 3948 eas
2937 3910 3088 3957 esse,
3127 3908 3230 3945 nec
3262 3906 3391 3946 esse
3422 3893 3684 3959 accepta-

2025 3991 2194 4046 biles.
2229 3989 2342 4043 Nec
2378 3987 2459 4040 illi
2495 3984 2842 4057 placuerunt
2882 3982 2952 4034 ab
2986 3981 3176 4044 initio,
3209 3979 3364 4033 sicut
3396 3992 3500 4048 per
3523 3977 3683 4032 Jere-

2027 4079 2206 4134 miam
2258 4074 2604 4148 prophetam
2670 4089 2746 4138 v1,
2807 4071 2877 4122 20
2934 4068 3110 4122 dicit:
3172 4066 3685 4121 Holocaustomata

2023 4172 2217 4224 vestra
2247 4181 2361 4218 non
2387 4166 2526 4216 sunt
2559 4165 2815 4235 accepta,
2849 4161 2906 4212 et
2927 4155 3171 4209 victima:
3193 4159 3397 4209 vestrae
3422 4170 3536 4208 non
3559 4152 3682 4239 pla:

2025 4259 2276 4313 cuerunt
2306 4251 2448 4308 mihi
2487 4252 2619 4323 (lsa.
2657 4267 2695 4316 1,
2732 4250 2790 4303 11
2819 4268 2835 4313 -,
2868 4247 3032 4302 Amos
3087 4263 3142 4311 v,
3202 4245 3314 4313 2t).
3375 4242 3484 4298 Sed
3517 4242 3567 4296 si
3601 4241 3683 4295 illl

2029 4363 2142 4402 non
2176 4344 2544 4417 placuerunt,
2578 4355 2683 4393 nec
2711 4336 2982 4392 voluntas
3007 4333 3166 4388 illius
3193 4332 3336 4387 fuit:
3388 4332 3681 4402 quomodo

2025 4451 2161 4506 ergo
2185 4430 2491 4503 imperavit
2511 4434 2575 4483 ut
2595 4425 2788 4483 offerri
2812 4419 3321 4479 debuissent?Tali
3341 4420 3510 4475 modo
3531 4422 3680 4490 Apo-

2025 4522 2233 4591 stolus,
2263 4525 2530 4575 creatura
2559 4517 2890 4570 Creatorem
2943 4527 3197 4582 sequens
3247 4509 3504 4580 peregit:
3549 4508 3682 4565 Volo

2028 4627 2232 4668 omnes
2267 4607 2536 4663 homines
2571 4620 2718 4671 esse,
2754 4601 2907 4657 sicut
2938 4600 3230 4670 meipsum
3263 4599 3308 4668 (Ι
3339 4598 3458 4652 Cor.
3481 4614 3578 4662 v11,
3601 4597 3684 4667 7),

243 4705 383 4772 dies
402 4705 753 4762 offerrentur
774 4705 1064 4760 sacrificia
1080 4721 1184 4776 pro
1202 4704 1362 4758 omni
1396 4703 1607 4776 populo
1640 4709 1696 4758 et
1727 4704 1784 4757 in
1825 4720 1919 4757 ve-
1950 4711 1998 4774 Ι)
2031 4701 2087 4756 in
2122 4695 2518 4761 conscientia;
2566 4699 2623 4750 et
2673 4693 2880 4746 iterum
2909 4708 2921 4745 :
2973 4688 3137 4758 Volo,
3190 4687 3403 4776 inquit,
3436 4687 3684 4776 juvenes

233 4811 426 4870 ,spere
457 4799 515 4850 et
545 4794 604 4848 in
637 4794 750 4850 die.
785 4794 1033 4850 Proinde
1064 4793 1360 4848 accusatio
1407 4798 1778 4864 peccatorum
1815 4793 1922 4847 fuit

254 4884 415 4955 quod
444 4884 640 4949 ﬁebat,
668 4900 779 4938 non
805 4883 1042 4952 solutio,
1066 4881 1362 4937 accusatio
1385 4881 1767 4948 inﬁrmitatis,
1803 4898 1919 4936 non

251 4973 491 5046 virtutis
515 4971 796 5038 ostensio.
821 4972 1107 5042 Quoniam
1125 4971 1338 5042 quippe
1354 4969 1542 5042 primo
1565 4969 1756 5024 hostia
1772 4968 1915 5024 nihil

251 5060 504 5132 valebat,
529 5059 707 5132 etiam
739 5062 998 5116 secundo
1024 5060 1394 5126 offerebatur,
1428 5059 1750 5130 quaeetiam
1769 5057 1916 5112 nihil

241 5149 617 5224 proficiebat.
639 5149 703 5205 In
721 5166 787 5206 eo
810 5150 966 5206 enim
982 5149 1139 5221 quod
1158 5147 1572 5218 offerebantur,
1583 5148 1916 5218 redargutio

241 5233 630 5312 “peccatorum
661 5243 824 5305 erat;
857 5239 915 5292 in
947 5255 1013 5293 eo
1071 5237 1226 5308 quod
1285 5252 1538 5308 semper,
1581 5236 1916 5307 redargutio

252 5328 641 5389 inﬁrmitatis.
661 5327 904 5401 Propter
925 5328 1034 5383 hoc
1057 5326 1388 5398 imperavit,
1422 5324 1635 5396 inquit,
1687 5340 1920 5397 semper

348 5561 514 5630 1426)
547 5560 820 5615 Fortasse
853 5558 1112 5630 idipsum.

355 5562 491 5616 1426
547 5561 820 5615 Fortasse
853 5561 1112 5630 idipsum.

355 5561 514 5706 1427)
546 5632 818 5688 Fortasse
851 5637 916 5686 ut
947 5649 1101 5702 sup.,
1134 5628 1228 5684 hic
1258 5626 1432 5683 etiam
1464 5625 1800 5699 legendum,
1835 5628 1920 5682 id-

235 5723 517 5851 ‘mitinkgw
549 5775 613 5833 Id
644 5779 756 5846 est,
789 5772 945 5834 sicut
973 5771 1125 5831 alius
1154 5789 1270 5830 non
1301 5774 1390 5828 est
1419 5769 1697 5842 pontifex.

2033 4791 2272 4853 nubere,
2309 4785 2461 4840 ﬁlios
2484 4797 2787 4856 procreare
2815 4782 2862 4848 (Ι
2890 4779 3036 4834 Illim.
3072 4793 3126 4831 ν.
3190 4777 3295 4845 14).
3358 4775 3498 4830 Ecce
3537 4774 3685 4829 duas

2031 4879 2358 4933 voluntates
2390 4871 2714 4934 constituit,
2775 4869 2874 4926 sed
2927 4885 3040 4922 non
3091 4865 3274 4920 amba:
3329 4864 3456 4933 ejus
3510 4867 3684 4924 sunt;

2027 4968 2283 5040 primum
2302 4965 2542 5018 dicens:
2569 4959 2712 5015 Volo
2736 4975 2941 5014 omnes
2962 4955 3229 5011 homines
3253 4969 3380 5008 esse
3395 4951 3547 5006 sicut
3569 4968 3685 5006 me-

2027 5059 2221 5127 ipsum
2261 5071 2272 5122 ;
2310 5051 2604 5106 secundo:
2639 5047 2778 5102 Volo
2803 5047 3048 5116 juvenes
3081 5043 3336 5098 nubere:
3374 5041 3456 5096 sic
3505 5040 3682 5095 etiam

2028 5145 2123 5200 hic
2155 5159 2269 5198 non
2293 5145 2417 5196 erat
2433 5141 2562 5210 ejus
2591 5136 2860 5192 voluntas
2891 5139 2956 5188 ut
2986 5130 3366 5204 prmcedentia
3397 5129 3685 5185 sacriﬁcia

2029 5235 2257 5296 fierent,
2292 5231 2418 5293 sed,
2453 5229 2608 5282 sicut
2639 5224 2911 5296 superius
2943 5221 3111 5288 dixit,
3145 5221 3284 5292 quia
3343 5236 3458 5274 non
3491 5218 3684 5275 solum

2033 5340 2148 5378 non
2209 5319 2412 5384 voluit,
2473 5316 2572 5372 sed
2633 5329 2737 5369 nec
2797 5311 3151 5367 desideravit
3210 5309 3354 5365 hoc:
3389 5325 3525 5382 ergo
3556 5325 3686 5381 pro-

2103 5551 2288 5622 (1129)
2322 5549 2386 5604 In
2415 5549 2511 5603 cit.
2551 5546 2742 5602 Psal.:
2795 5545 3171 5601 holocaustum
3227 5548 3278 5600 et
3333 5559 3432 5615 p70
3469 5547 3688 5614 peccato

2109 5643 2138 5667 η
2168 5622 2492 5667 nnstulnsli:
2524 5619 2900 5667 Vnimautem
2927 5619 2982 5667 in
3019 5617 3125 5667 hac
3154 5617 3254 5667 En.
3285 5634 3335 5667 Χ-
3367 5618 3420 5667 6.
3455 5615 3532 5667 ita
3580 5614 3688 5667 ha-

2032 5617 2142 5681 noh
2161 5617 2492 5696 postulasti;
2524 5619 2900 5689 Vulg.autem
2927 5619 2984 5671 in
3019 5617 3125 5672 hac
3154 5617 3254 5688 Ep.
3285 5634 3336 5685 κ,
3367 5618 3420 5682 6,
3455 5617 3532 5670 ita
3580 5617 3688 5668 ha-

2032 5698 2129 5752 bet
2159 5714 2170 5751 :
2198 5695 2636 5750 holocautomala
2654 5707 2755 5760 pro
2799 5699 3015 5762 peccato
3036 5706 3146 5744 non
3202 5688 3307 5742 (ibi
3332 5688 3680 5762 placuerunt.

2104 5768 2288 5841 (1430)
2321 5764 2491 5838 Vulg.
2525 5759 2661 5838 post
2685 5779 2754 5820 ea
2782 5759 2958 5820 verba
2983 5762 3165 5828 addit,
3197 5759 3385 5816 semel.
