3916 6402
283 512 401 575 787

1301 506 1639 571 ATTONIS
1682 502 2271 569 VEBCELLENSIS
2317 507 2670 571 EPISCOPI

3592 507 3719 571 788

285 646 416 717 pter
442 640 632 715 (1431)
662 640 1023 699 voluntatem
1053 639 1155 697 Dei
1184 639 1686 697 sacrificabantur.
1719 639 1935 694 Redar-
1965 639 2019 705 Α
2050 638 2175 706 sed,
2210 662 2240 689 «
2273 644 2337 695 ut
2368 628 2665 713 ponantur
2694 641 2805 697 sub
2834 640 3085 714 pedibus
3116 640 3269 712 ejus.
3304 661 3332 689 »
3368 639 3495 697 Non
3528 638 3721 712 igitur

285 735 428 806 guta
446 730 568 786 haec
597 747 692 787 res
711 735 857 799 erat,
887 729 1111 786 nullam
1142 731 1366 785 habens
1395 728 1693 797 virtutem,
1717 728 1820 782 sed
1847 727 1938 782 in-

285 821 624 884 fructuosae,
656 822 713 874 et
743 818 983 874 inutiles
1012 822 1214 886 erant;
1266 818 1466 871 forma:
1527 817 1744 888 quippe
1775 820 1942 871 erant

288 909 623 965 futurorum
655 907 889 971 Christi,
923 917 979 962 et
1006 907 1314 972 Ecclesiae;
1349 907 1671 961 offerebant
1725 904 1942 976 quippe

288 1014 376 1065 ea,
410 1012 483 1052 ne
515 995 642 1051 sine
671 994 957 1051 sacriﬁcio
989 996 1282 1059 sedentes,
1313 994 1371 1048 in
1431 995 1655 1048 cultum
1698 994 1942 1048 deorum

290 1084 639 1154 alienorum,
673 1084 813 1138 dum
845 1082 1133 1138 vidissent
1161 1081 1308 1137 alios
1330 1083 1555 1149 offerre,
1596 1081 1941 1136 inciderent.

291 1173 643 1245 Impositum
664 1171 820 1228 enim
843 1170 961 1226 illis
988 1176 1113 1226 erat
1133 1170 1193 1226 in
1218 1171 1578 1236 servitutem,
1608 1170 1946 1240 nonjustifi-

293 1262 601 1318 cntionem.
660 1261 911 1315 Proinde
971 1260 1303 1315 sacriﬁcare
1363 1277 1478 1314 non
1539 1264 1628 1313 est
1675 1258 1946 1313 voluntas

294 1350 394 1407 Dei
418 1350 620 1421 (1432).
643 1348 714 1405 Et
745 1350 886 1404 dum
918 1348 1003 1403 illi
1034 1348 1136 1403 illa
1162 1366 1278 1404 non
1328 1349 1698 1420 placuerunt,
1747 1348 1944 1403 statim

296 1438 551 1508 advenit,
574 1438 727 1494 sicut
758 1438 1045 1510 scriptum
1079 1443 1199 1494 est:
1236 1461 1262 1488 «
1287 1438 1451 1492 Tunc
1482 1438 1637 1492 dixi:
1674 1438 1817 1491 Ecce
1848 1453 1945 1491 ve-

297 1528 431 1584 nio:
465 1550 494 1578 »
528 1528 684 1600 quod
714 1529 785 1583 de
814 1527 977 1583 nullo
999 1528 1133 1596 alio,
1164 1526 1278 1582 nisi
1336 1528 1406 1581 de
1465 1527 1691 1582 Christo
1723 1527 1946 1581 dictum

297 1621 406 1673 est.
431 1618 567 1686 Sed,
591 1618 641 1672 si
668 1616 867 1672 formas
885 1622 1075 1684 erant,
1100 1618 1394 1687 quomodo
1420 1616 1661 1671 veritate
1684 1615 1950 1670 veniente

300 1723 415 1762 non
447 1709 775 1773 cessarunt,
808 1722 997 1776 neque
1026 1705 1469 1760 discesserunt?
1498 1705 1622 1760 Non
1656 1705 1812 1759 enim
1845 1721 1949 1775 po-

296 1798 492 1851 terant
514 1795 676 1865 prius
694 1793 1111 1864 auferri,quam
1134 1793 1279 1848 illud
1299 1793 1654 1849 sacrificium
1680 1797 1951 1847 sanctum

298 1887 662 1953 sanctorum,
696 1881 851 1953 quod
885 1899 1097 1953 corpus
1127 1886 1234 1949 est,
1270 1882 1476 1936 fuisset
1498 1880 1780 1936 oblatum.
1806 1881 1952 1936 Nam

299 1972 402 2045 qui
433 1975 634 2044 postea
684 1969 789 2025 illa
843 1970 1129 2026 sacrificia
1185 1970 1678 2037 sacrificaverunt,
1723 1987 1954 2041 semper
1984 2002 2032 2067 Β

297 2059 541 2132 Spiritui
573 2063 779 2115 sancto
814 2060 1179 2115 restiterunt.
1211 2059 1328 2114 Nec
1358 2060 1514 2114 enim
1566 2058 1780 2130 placita
1811 2062 1950 2114 sunt

296 2147 407 2217 illi,
438 2165 565 2221 quas
597 2148 924 2204 secundum
946 2146 1133 2219 legem
1155 2148 1481 2202 offeruntur
1505 2164 1516 2202 :
1543 2170 1572 2198 «
1598 2148 1712 2205 Nec
1734 2147 1945 2215 hostia,

297 2254 402 2294 nec
428 2236 667 2302 oblatio,
691 2253 796 2292 nec
824 2235 1329 2292 holocaustomata
1358 2240 1415 2291 et
1444 2253 1546 2307 pro
1595 2241 1831 2308 peccato
1863 2234 1946 2289 illi

297 2325 537 2398 placuit.
566 2346 594 2376 »
628 2325 696 2380 Et
725 2324 834 2381 hoc
864 2341 980 2380 non
1010 2342 1080 2380 ex
1120 2341 1268 2380 novo
1326 2325 1536 2379 iterum
1572 2329 1946 2391 testamento,

299 2414 402 2472 sed
424 2430 493 2470 ex
512 2412 811 2487 prophetis
832 2413 1105 2480 ostendit,
1129 2429 1197 2468 ex
1228 2413 1630 2484 superioribus
1660 2412 1947 2485 tempori-

288 2504 402 2559 bus
426 2502 726 2575 proferens
748 2502 1178 2570 testimonium,
1203 2502 1342 2573 quia
1363 2519 1601 2557 cessura
1622 2503 1944 2558 erant.Ideo

291 2592 511 2666 quippe
541 2592 767 2649 hostias
794 2592 915 2664 jam
947 2592 1133 2648 dictas
1193 2592 1399 2648 offerre
1439 2593 1643 2663 jussit,
1699 2592 1837 2664 quia
1886 2592 1945 2646 in

291 2682 483 2754 figura
498 2685 666 2738 erant
688 2682 759 2736 ad
783 2681 1038 2737 hostiam
1063 2698 1416 2752 veram,qu:e
1440 2685 1627 2736 totum
1655 2681 1945 2735 mundum

292 2772 364 2827 de
394 2774 627 2842 peccato
651 2769 936 2824 solveret:
970 2773 1028 2824 et
1049 2775 1356 2841 propterea
1386 2771 1794 2841 reprobantur,
1810 2769 1948 2841 quia

285 2860 415 2932 jam
435 2874 571 2913 vera
590 2857 783 2913 hostia
803 2856 1333 2929 apprOpinquabat.
1367 2859 1435 2913 Et
1467 2858 1605 2913 dicit
1624 2858 1942 2929 Propheta:

293 2970 322 2998 ‹‹
356 2947 499 3003 Ecce
527 2945 733 3013 venio;
767 2945 827 3000 in
857 2945 1049 3017 capite
1078 2944 1210 3001 libri
1246 2945 1530 3017 scriptum
1585 2951 1672 3001 est
1728 2947 1799 3001 de
1855 2962 1947 3002 me

294 3035 465 3107 (Psal.
497 3050 688 3099 χχχιχ,
710 3034 800 3102 7):
837 3055 865 3082 »
898 3033 953 3088 id
986 3037 1097 3099 est,
1120 3033 1376 3099 Levitici,
1402 3034 1503 3105 qui
1556 3034 1705 3090 liber
1724 3036 1948 3091 hostias

293 3124 566 3196 imperat,
599 3126 656 3178 et
685 3126 905 3177 narrat.
942 3123 1090 3177 Dum
1121 3126 1319 3178 autem
1348 3140 1479 3178 sum
1513 3123 1950 3195 principalis,et

295 3211 423 3268 sola
452 3210 755 3267 sufﬁciens
774 3210 970 3266 hostia
995 3236 1008 3278 ;
1030 3210 1159 3267 ideo
1182 3211 1241 3265 in
1262 3212 1471 3283 capite,
1498 3212 1554 3267 id
1578 3217 1688 3283 est,
1713 3213 1770 3268 in
1795 3214 1949 3284 prin-

297 3300 452 3372 cipio
481 3299 612 3354 libri
648 3298 977 3355 hostiarum
1007 3300 1079 3354 de
1105 3316 1198 3355 me
1228 3300 1510 3372 scriptum
1553 3306 1641 3356 est
1673 3306 1767 3357 ut:
1808 3325 1829 3352 ι
1886 3303 1947 3357 In

298 3366 585 3461 principio
616 3388 752 3443 fecit
782 3393 933 3443 Deus
960 3387 1192 3443 ccnlumi
1214 3393 1271 3443 et
1292 3366 1504 3445 terram
1547 3389 1703 3459 (Gen.
1740 3409 1777 3457 ι,
1816 3392 1885 3461 1).
1918 3412 1944 3444 η
1981 3366 2024 3433 C

300 3476 448 3542 Quid
471 3482 580 3549 est,
615 3499 643 3528 «
667 3481 733 3532 ut
763 3475 973 3532 faciam
1002 3476 1357 3532 voluntatem
1406 3483 1570 3533 tuam
1592 3479 1620 3533 ‘I
1653 3502 1681 3528 »
1714 3480 1952 3535 Memet-

297 3566 496 3639 ipsum
522 3566 772 3635 tradere,
800 3565 910 3620 hoc
931 3570 1021 3620 est
1043 3566 1141 3621 Dei
1162 3566 1454 3632 voluntas,
1480 3591 1507 3617 ‹‹
1527 3568 1585 3622 in
1610 3585 1728 3638 qua
1747 3569 1952 3624 volun-

297 3658 417 3710 tate
440 3654 791 3710 sanctificati
811 3671 1040 3709 sumus.
1069 3677 1097 3703 »
1119 3659 1208 3709 An
1231 3655 1407 3709 etiam
1432 3655 1591 3710 aliud
1606 3656 1775 3711 dixit:
1799 3658 1954 3721 Quo-

298 3743 460 3798 niam
478 3759 593 3797 nou
617 3741 903 3797 sacrificia
918 3736 1186 3798 homines
1208 3744 1518 3809 mundant,
1554 3746 1656 3799 sed
1688 3745 1955 3802 voluntas

299 3831 450 3886 Dei?
474 3853 502 3881 «
536 3830 740 3886 Aufert
770 3830 1050 3901 primum,
1084 3835 1149 3886 ut
1179 3848 1430 3902 sequens
1461 3837 1719 3901 statuat;
1747 3857 1774 3884 »
1810 3853 1873 3891 ac
1905 3838 1953 3891 si

298 3919 491 3975 dicat:
528 3918 820 3990 Reprobat
842 3923 1028 3990 vetus,
1062 3924 1118 3974 et
1139 3920 1393 3975 affirmat
1423 3938 1658 3979 novum.

375 4030 404 4058 «
436 4008 507 4063 Et
534 4007 728 4064 omnis
762 4007 1001 4079 quidem
1034 4008 1306 4065 sacerdos
1336 4016 1545 4082 praesto
1576 4018 1664 4068 est
1695 4015 1956 4084 quotidie

301 4095 670 4161 ministrans,
703 4099 763 4151 et
791 4096 1027 4151 easdem
1059 4113 1210 4169 saepe
1250 4098 1497 4155 offerens
1552 4099 1797 4171 hostias,
1832 4120 1956 4174 qua:

302 4200 610 4256 nunquam
635 4191 885 4256 possunt
903 4185 1132 4240 auferre
1155 4190 1409 4257 peccata.
1438 4187 1540 4242 Hic
1553 4193 1747 4245 autem
1774 4192 1818 4262 (Ι
1834 4194 1957 4265 433)

304 4290 408 4347 pro
426 4273 684 4346 peccatis
697 4271 978 4328 offerrens
989 4272 1243 4328 hostiam
1251 4274 1335 4344 ,in
1358 4276 1779 4347 sempiternum
1798 4283 1959 4337 sedet

300 4360 364 4415 in
395 4359 765 4430 dexteraDei,
784 4360 855 4414 de
869 4364 1073 4415 caetero
1094 4366 1438 4432 exspectans
1460 4363 1642 4419 donec
1668 4374 1961 4437 ponantur

299 4448 525 4504 inimici
555 4450 684 4520 ejus
715 4448 1036 4504 scabellum
1071 4450 1285 4521 pedum
1346 4451 1476 4521 ejus
1530 4453 1700 4523 (Psal.
1734 4473 1844 4511 CIX.
1880 4460 1955 4528 2).

302 4538 430 4594 Una
459 4536 615 4592 enim
648 4537 939 4593 oblatione
971 4540 1402 4595 consummavit
1429 4540 1487 4595 in
1535 4544 1957 4615 sempiternum

302 4625 722 4682 sanctificatos.
740 4647 767 4675 »
785 4626 1113 4682 Ministrare
1128 4629 1362 4698 signum
1378 4634 1466 4685 est
1480 4632 1956 4692 ministrationis:

2051 729 2379 785 efficiamur
2399 747 2464 786 ex
2481 747 2726 786 numero
2749 730 3143 785 inimicorum.
3171 730 3297 785 Non
3322 729 3480 785 enim
3498 729 3580 785 illi
3603 731 3717 787 soli

2049 817 2296 886 inimici,
2331 820 2430 891 qui
2461 819 2730 875 infideles
2786 823 2944 889 sunt,
2979 819 3078 874 sed
3111 819 3287 874 etiam
3321 818 3421 890 qui
3450 819 3571 873 vita
3602 820 3718 874 im-

2053 908 2276 961 munda
2297 907 2452 979 pleni
2476 914 2634 963 sunt.
2652 931 2679 957 «
2707 908 3027 962 Prudentia
3044 912 3240 961 autem
3256 907 3450 962 carnis
3472 907 3722 963 inimica

2053 1000 2143 1050 est
2194 1000 2306 1051 Deo
2354 999 2525 1068 (Rom.
2578 1014 2698 1064 vm,
2724 999 2820 1066 6);
2872 995 2984 1067 legi
3019 1000 3215 1051 autem
3246 995 3347 1051 Dei
3381 1014 3496 1051 non
3531 996 3725 1069 subji-

2054 1085 2226 1137 citur.
2260 1108 2280 1133 α
2311 1084 2435 1139 Una
2457 1086 2613 1140 enim
2638 1085 2931 1140 oblatione
2948 1084 3415 1150 consummavit;
3442 1083 3496 1138 id
3523 1085 3721 1153 est,ad

2056 1171 2187 1227 illos
2213 1178 2342 1242 post
2371 1174 2497 1228 dies
2527 1174 2660 1229 illos
2692 1174 2832 1229 dicit
2862 1174 3187 1229 Dominus:
3217 1196 3243 1222 ‹‹
3305 1173 3507 1228 Dando
3554 1172 3725 1244 leges

2058 1278 2219 1316 meas
2243 1262 2300 1316 in
2323 1263 2600 1317 cordibus
2624 1281 2849 1334 eorum,
2879 1269 2935 1317 et
2958 1263 3016 1317 in
3051 1262 3348 1317 mentibus
3380 1278 3586 1316 eorum
3615 1278 3724 1316 su-

2059 1351 2417 1421 perscribam
2451 1369 2549 1406 eas
2576 1369 2589 1419 ;
2614 1357 2669 1406 et
2701 1358 3096 1424 peccatorum,
3121 1356 3177 1405 et
3208 1350 3593 1422 iniquitatum
3626 1367 3726 1405 eo-

2059 1457 2188 1493 rum
2206 1441 2329 1507 jam
2355 1458 2467 1496 non
2487 1442 2833 1497 recordahor
2853 1440 3131 1512 amplius.
3156 1440 3263 1495 Ubi
3289 1443 3482 1494 autem
3505 1439 3726 1494 horum

2060 1529 2327 1584 remissio
2354 1531 2508 1599 :jam
2557 1548 2671 1584 non
2696 1529 2937 1584 oblatio
2990 1547 3092 1601 pro
3127 1533 3361 1601 peccato
3394 1529 3528 1599 (Jer.
3561 1545 3725 1587 XXXI.

2059 1620 2171 1691 33).
2188 1641 2214 1668 ››
2233 1619 2393 1684 Quod
2417 1623 2668 1673 testatur
2689 1620 2924 1691 quidem
2940 1618 3193 1689 Spiritus
3218 1621 3457 1672 sanctus
3472 1633 3724 1687 perpro-

2063 1709 2322 1781 phetam,
2347 1707 2733 1779 adimpletum
2767 1714 2875 1762 est.
2907 1706 3023 1761 Illac
3055 1706 3256 1761 statim
3279 1706 3724 1772 discesserunt;

2063 1797 2201 1869 quia
2219 1796 2484 1851 veniente
2504 1798 2763 1862 veritate,
2789 1796 2999 1851 umbra
3025 1794 3315 1850 discessit.
3345 1817 3366 1842 ι
3392 1793 3499 1849 Ubi
3524 1796 3727 1847 autem

2062 1887 2273 1941 horum
2307 1885 2595 1952 remissio,
2632 1908 2659 1934 ››
2720 1886 2912 1957 inquit
2964 1884 3302 1955 Apostolus,
3337 1905 3365 1931 ‹‹
3411 1883 3542 1953 jam
3604 1898 3726 1937 non

2063 1975 2279 2032 oblatio
2311 1992 2413 2046 pro
2438 1979 2691 2046 peccato.
2730 1997 2756 2022 ››
2789 1974 2858 2029 Et
2888 1974 2996 2028 hoc
3029 1989 3143 2028 non
3173 1976 3397 2026 tantum
3426 1969 3552 2025 sine
3579 1968 3727 2024 scri-

2065 2064 2307 2136 ptis,sed
2324 2064 2499 2118 etiam
2516 2081 2651 2118 cum
2669 2063 3365 2135 scriptisargumentatus
3380 2062 3731 2130 cstAposto-

2058 2153 2152 2209 lus
2173 2178 2187 2221 ;
2212 2160 2267 2208 et
2294 2153 2518 2207 dictum
2541 2151 2947 2224 propheticum
2981 2149 3253 2205 adhibuit
3282 2148 3486 2203 dicens
3516 2163 3530 2202 :
3561 2168 3588 2196 »
3611 2147 3723 2202 Sa-

2059 2242 2346 2298 crificium
2378 2247 2435 2297 et
2466 2239 2822 2296 oblationem
2855 2238 3094 2295 noluisti
3125 2238 3295 2309 (Psal.
3329 2254 3522 2302 xxxrx,
3548 2236 3606 2307 7)
3644 2253 3657 2303 ;
3696 2258 3719 2285 ιι

2057 2337 2115 2388 et
2142 2331 2202 2386 in
2234 2331 2344 2386 hoc
2377 2330 2501 2386 loco
2527 2346 2539 2385 :
2577 2331 2691 2385 Hoc
2720 2327 3335 2400 testamentum,quod
3359 2325 3624 2381 testabor
3643 2325 3717 2380 ad

2056 2420 2189 2476 illos
2222 2424 2353 2492 post
2384 2419 2508 2474 dies
2540 2418 2694 2484 illos,
2752 2418 2893 2473 dicit
2942 2418 3265 2474 Dominus:
3316 2415 3519 2471 Dando
3551 2413 3715 2486 leges

2058 2526 2217 2565 meas
2241 2510 2299 2563 in
2321 2508 2595 2564 cordibus
2615 2524 2839 2578 eorum,
2865 2506 3000 2562 etin
3032 2506 3329 2562 mentibus
3363 2520 3571 2560 eorum
3606 2520 3707 2558 su-

2057 2599 2414 2670 perscribam
2446 2615 2564 2666 eas,
2599 2614 2713 2652 non
2745 2597 2804 2651 in
2862 2595 3080 2651 tabulis
3135 2594 3403 2667 lapideis,
3464 2592 3622 2648 sicut
3650 2592 3713 2647 in

2057 2687 2273 2760 populo
2302 2687 2501 2752 veteri,
2551 2686 2651 2741 sed
2711 2685 2772 2740 in
2830 2684 3048 2740 tabulis
3106 2683 3297 2739 cordis
3354 2681 3715 2738 carnalibus.

2062 2797 2089 2829 α
2117 2778 2183 2832 Et
2209 2780 2601 2848 peccatorum,
2634 2774 3014 2846 iniquitatum
3046 2790 3246 2829 eorum
3281 2789 3399 2827 non
3443 2771 3714 2827 recorda-

2057 2866 2163 2921 bor
2194 2863 2470 2936 amplius.
2509 2886 2536 2912 ››
2569 2868 2651 2918 Ac
2683 2865 2733 2919 si
2764 2864 3018 2918 diceret:
3058 2862 3162 2918 Ubi
3222 2860 3545 2917 recordatio
3587 2876 3717 2932 pec-

2058 2960 2320 3009 catorum
2354 2970 2468 3008 non
2499 2957 2608 3020 est,
2636 2955 2761 3022 jam
2791 2967 3027 3008 necesse
3085 2968 3201 3006 non
3259 2954 3348 3006 est
3406 2954 3472 3004 ut
3524 2947 3724 3004 hostia

2059 3043 2353 3099 offeratur.
2401 3041 2560 3097 Unde
2626 3047 2682 3096 et
2734 3041 2792 3096 in
2849 3038 3346 3111 consequentibus
3406 3037 3718 3109 adjungit:

2060 3156 2088 3182 «
2121 3131 2228 3187 Ubi
2260 3135 2456 3186 autem
2482 3130 2691 3185 horum
2726 3129 3017 3198 remissio,
3040 3129 3167 3199 jam
3195 3145 3309 3183 non
3365 3125 3583 3183 oblatio
3618 3141 3722 3198 pro

2058 3225 2315 3292 peccato.
2355 3242 2375 3268 ιο

2134 3332 2162 3358 ‹‹
2195 3308 2486 3363 Habentes
2519 3308 2739 3378 itaque,
2765 3308 2992 3373 fratres,
3022 3305 3301 3360 ﬁduciam
3360 3303 3419 3358 in
3469 3302 3725 3357 introitu

2063 3403 2401 3455 sanctorum
2424 3396 2483 3451 in
2509 3396 2796 3468 sanguine
2817 3396 3050 3461 Christi,
3076 3412 3251 3466 quam
3274 3393 3526 3448 initiavit
3554 3392 3725 3448 nobis

2064 3488 2214 3544 viam
2238 3503 2469 3553 novam,
2497 3492 2554 3541 et
2574 3487 2863 3540 viventem
2888 3502 2990 3556 per
3020 3484 3307 3554 velamen,
3358 3483 3414 3536 id
3447 3486 3559 3547 est,
3596 3499 3723 3536 car-

2066 3594 2199 3632 nem
2228 3593 2421 3642 suam,
2453 3581 2509 3631 et
2540 3576 2902 3630 sacerdotem
2955 3590 3232 3645 magnum
3268 3588 3444 3644 super
3474 3571 3723 3625 domum

2066 3666 2186 3722 Dei.
2223 3688 2250 3715 »
2276 3665 2602 3721 Ostendens
2634 3681 2821 3734 usque
2853 3680 3007 3718 nunc
3039 3661 3355 3733 pontificis,
3388 3663 3446 3715 et
3495 3659 3723 3715 hostia-

2066 3771 2220 3821 rum,
2255 3758 2312 3809 et
2339 3750 2722 3816 tabernaculi,
2757 3756 2814 3805 et
2842 3750 3200 3817 testamenti,
3234 3754 3290 3805 et
3321 3746 3728 3819 repromissio-

2066 3843 2159 3898 nis
2190 3841 2556 3906 distantiam,
2581 3843 2637 3895 et
2658 3839 2905 3895 multam
2938 3837 3327 3894 differentiam
3354 3855 3366 3892 :
3400 3836 3722 3908 siquidem,

2063 3930 2276 4003 inquit,
2307 3929 2409 3985 illa
2427 3928 2773 4002 temporalia
2803 3928 2922 3983 haec
2953 3931 3148 3983 autem
3170 3932 3383 3981 aaterna
3411 3943 3425 3993 ;
3460 3924 3562 3980 illa
3593 3924 3725 3996 qui-

2067 4020 2199 4076 dem
2234 4020 2304 4074 de
2334 4018 2597 4090 proximo
2628 4018 2914 4089 parentia,
2974 4016 3094 4071 hinc
3149 4014 3557 4087 permanentia
3583 4032 3595 4082 ;
3626 4012 3727 4068 illa

2068 4108 2305 4180 quidem
2340 4106 2595 4176 infirma,
2625 4106 2746 4160 haec
2779 4110 2973 4159 autem
3012 4103 3305 4176 perfecta;
3338 4102 3441 4157 illa
3481 4102 3723 4174 quidem

2071 4196 2405 4261 forma,hzec
2428 4194 2643 4249 veritas
2667 4210 2680 4249 :
2708 4211 2819 4249 non
2842 4193 2998 4248 enim
3023 4194 3193 4264 juxta
3212 4191 3327 4248 tale
3350 4190 3725 4258 mandatum,

2070 4286 2283 4357 inquit,
2316 4282 2567 4353 carnale,
2602 4283 2701 4337 sed
2728 4284 2895 4353 juxta
2925 4281 3206 4337 virtutem
3236 4281 3365 4336 vita;
3386 4278 3727 4335 insolubilis

2069 4374 2340 4429 sacerdos
2367 4373 2552 4427 factus
2575 4377 2663 4427 est
2683 4372 2857 4427 Jesus
2890 4372 3083 4442 (Hebr.
3118 4388 3220 4439 v11,
3244 4371 3428 4437 16).Et
3456 4369 3677 4423 iterum
3711 4384 3725 4421 :

2070 4487 2097 4511 ‹‹
2129 4463 2216 4516 Tu
2251 4478 2310 4516 es
2342 4460 2685 4517 sacerdosin
2709 4464 2990 4515 aeternum
3032 4458 3216 4531 (Ibid.,
3255 4460 3377 4529 t7);
3428 4473 3561 4511 ecce
3593 4473 3727 4528 per-

2072 4550 2324 4623 petuitns
2355 4549 2693 4605 sacerdotis.
2754 4550 2823 4603 Et
2876 4549 2947 4603 de
3003 4552 3352 4604 testamento
3408 4545 3507 4601 illo
3555 4544 3729 4616 dixit,

2071 4640 2222 4711 quod
2257 4642 2554 4693 vetustum
2585 4642 2711 4692 est:
2747 4638 2901 4708 quod
2933 4641 3131 4692 autem
3161 4634 3486 4703 veterascit,
3538 4638 3597 4689 et
3627 4649 3729 4688 se-

302 4715 653 4788 ergosedere
670 4715 909 4787 signum
926 4720 1036 4783 est,
1061 4717 1188 4771 utei
1215 4717 1602 4775 ministretur.
1622 4721 1706 4776 Illi
1742 4724 1960 4780 multas
1993 4736 2036 4798 Ι)
2070 4728 2273 4795 nescit,
2309 4726 2636 4797 proximum
2672 4732 2761 4780 est
2810 4725 3094 4780 interitui.
3154 4729 3273 4779 Hoc
3303 4727 3727 4779 testamentum

302 4803 526 4861 hostias
551 4803 813 4876 quotidie
858 4805 1174 4871 offerendo,
1230 4822 1343 4860 non
1394 4814 1710 4877 potuerunt
1736 4814 1963 4869 auferre

303 4897 560 4965 peccata.
587 4894 694 4948 Hic
717 4897 915 4948 autem
936 4893 1317 4965 semetipsum
1347 4912 1450 4966 pro
1474 4898 1640 4953 nobis
1665 4900 1958 4970 obtulit,in

306 4980 739 5052 sempiternum
767 4981 917 5036 sedit
946 4981 1004 5035 in
1041 4982 1276 5037 dextera
1320 4984 1439 5039 Dei.
1495 4986 1704 5042 Sedere
1734 4989 1791 5043 in
1827 4992 1961 5046 dex-

304 5072 451 5135 tera,
500 5069 798 5139 judicium
852 5086 1028 5125 suum
1095 5070 1481 5126 demonstrat.
1544 5097 1570 5121 «
1628 5074 1707 5130 De
1760 5083 1963 5134 caetero

307 5161 677 5226 exspectans.
732 5158 855 5221 Qua
905 5174 1083 5212 causa
1141 5159 1254 5213 ista
1302 5159 1549 5216 dilatio?
1580 5162 1967 5235 Utponantur

307 5242 533 5298 inimici
547 5244 677 5313 ejus
691 5244 1013 5300 scabellum
1037 5246 1251 5317 pedum
1274 5247 1422 5317 ejus.
1444 5249 1664 5304 Inimici
1683 5254 1811 5322 ejus
1828 5262 1967 5310 sunt

307 5330 516 5400 Judaei,
550 5335 608 5386 et
637 5331 912 5401 haretici,
936 5333 1024 5389 vel
1052 5336 1562 5410 omnesinfideles,
1587 5341 1685 5411 qui
1712 5346 1965 5413 ponendi

309 5423 452 5477 sunt
482 5419 592 5471 sub
617 5424 904 5488 potestate
926 5422 1107 5477 illius.
1132 5424 1237 5478 Hic
1262 5424 1646 5495 nimietatem,
1672 5436 1728 5484 et
1757 5438 1963 5502 poten-

309 5504 452 5558 tiam
473 5504 855 5569 subiectionis
876 5508 1961 5591 significans,nondixit,subjiciantur,

381 5624 570 5765 (1431)
608 5625 805 5711 (ξρῐίυε
838 5628 1079 5713 fortasse
1108 5633 1217 5705 legi
1249 5634 1541 5693 videretur
1564 5651 1787 5710 prwtcr.

415 5695 684 5765 Ἀδέρῳ
717 5701 867 5765 quod
897 5718 1148 5759 maxxme
1192 5706 1399 5765 probat
1446 5714 1600 5765 quod
1662 5718 1787 5765 naul

415 5695 867 5785 ξξξὲέεξξξὶμςμοᾳ
897 5704 1148 5759 maxime
1165 5695 1399 5785 "probat
1446 5695 1600 5779 quod
1636 5695 1834 5785 paulo
1861 5733 1958 5771 su-

307 5761 509 5836 perius
541 5761 818 5825 diximus.
840 5769 967 5828 loco
994 5761 1212 5844 ρνοριεὶ
1241 5761 1600 5852 voluntatem:

2074 4833 2312 4884 novum,
2346 4815 2746 4869 remissionem
2774 4819 3143 4887 peccatorum
3174 4813 3419 4878 habens,
3451 4810 3598 4866 illud
3621 4828 3730 4867 au-

2076 4911 2189 4961 tem
2217 4904 2363 4960 nihil
2387 4904 2728 4974 hujusmodi
2759 4929 2772 4969 ;
2807 4903 2952 4957 nihil
2979 4902 3136 4958 enim
3164 4901 3405 4974 perfecit
3434 4900 3525 4955 lex
3541 4900 3729 4967 (Ibid.,

2076 4995 2183 5060 19).
2214 4993 2358 5048 Illud
2391 4993 2627 5063 quidem
2663 4993 3009 5063 sanguinem
3042 4990 3363 5058 hircorum,
3413 5004 3530 5042 non
3562 4987 3730 5042 Chri-

2075 5083 2149 5138 sti
2171 5083 2418 5137 habrbat
2447 5100 2458 5147 ;
2493 5081 2602 5136 hoc
2623 5087 2840 5147 autem,
2865 5080 3166 5151 proprium
3197 5077 3547 5150 sanguinem
3570 5076 3734 5131 Chri-

2075 5171 2321 5227 sti.lllud
2338 5172 2574 5241 quidem
2591 5170 2990 5224 manufaetum
3015 5168 3269 5223 habebat
3282 5165 3733 5221 tabernaculum

2075 5261 2182 5315 hoc
2206 5266 2399 5315 autem
2438 5276 2551 5313 non
2586 5260 2987 5313 manufactum
3020 5275 3032 5325 ;
3069 5274 3183 5311 non
3215 5255 3392 5323 enim,
3421 5255 3638 5326 inquit,
3670 5255 3731 5309 in

2074 5349 2429 5403 munuf‘actis
2461 5348 2679 5401 sanctis
2737 5350 2910 5402 Jesus
2942 5344 3204 5401 introivit
3261 5345 3451 5417 (Hebr.
3504 5360 3582 5414 1x,
3614 5345 3728 5414 24).

2072 5437 2352 5500 Quoniam
2390 5436 2569 5509 igitur
2600 5440 2808 5490 cuncta
2864 5434 2967 5489 illa
3018 5434 3247 5489 minora
3290 5434 3572 5499 affirmat,
3606 5431 3727 5487 haac

2071 5532 2266 5581 autem
2302 5526 2542 5595 majora;
2570 5530 2893 5596 propterea,
2925 5523 3139 5593 inquit,
3170 5520 3301 5594 plus
3321 5520 3614 5576 habemus
3660 5521 3725 5574 fi-

2068 5657 2272 5719 prmter
2298 5649 2652 5719 voluntatem.

2141 5721 2327 5790 (1433)
2356 5718 2553 5789 Vulg,
2587 5719 2676 5773 hic
2698 5720 2883 5772 autem
2935 5734 3104 5773 unam
3155 5732 3257 5813 pro
3293 5717 3563 5788 peccatis,
3612 5720 3721 5772 etc.
