3916 6414
195 491 322 552 789

759 491 1176 556 EXPOSITIO
1221 493 1300 554 IN
1347 493 1775 556 EPISTOLAS
1820 493 2083 556 PAULI.
2112 527 2188 538 —-
2216 495 2294 555 IN
2339 495 2585 558 EPIST.
2636 499 2740 558 AD
2785 497 3022 557 HEBR.

3514 498 3633 558 790

197 625 442 682 duciam
475 639 582 698 per
611 625 959 697 sanguinem
990 626 1522 698 Cbristimundari,
1549 645 1726 700 quam
1758 627 1865 693 illi,
1896 629 1949 694 Α
1981 629 2360 685 mundamur.
2395 630 2542 694 Quid
2575 634 2664 685 est
2693 631 2875 696 enim,
2907 630 3256 685 accedamus
3282 645 3415 684 cum
3439 629 3628 684 veraci

199 716 306 788 qui
337 714 654 770 carnaliter
684 715 908 770 hostias
940 715 1282 772 offerebant.
1318 719 1378 771 In
1429 722 1657 772 tantum
1709 718 1864 773 enim

199 806 492 876 majorem
527 804 805 858 fiduciam
857 804 1166 870 habemus,
1220 804 1280 859 in
1330 810 1616 878 quantum
1679 807 1865 878 magis

200 893 538 950 cobazredes
555 892 743 947 effecti
767 898 1060 958 sumus,et
1077 898 1240 947 tanta
1262 893 1570 949 dilectione
1591 895 1864 964 fruimur,

199 984 518 1038 Introitum
551 986 918 1049 sanctorum,
951 983 1106 1052 quod
1140 982 1304 1049 dicit,
1338 983 1574 1054 coelum,
1611 985 1730 1039 sive
1763 1003 1862 1040 ac-

199 1088 439 1128 cessum
474 1071 546 1126 ad
579 1069 870 1142 spiritalia
903 1069 1230 1142 intelligere
1287 1073 1592 1128 debemus.
1655 1073 1864 1130 Nullus

200 1161 361 1217 enim
394 1161 465 1214 ad
497 1161 652 1215 dona
681 1159 936 1230 Spiritus
961 1159 1144 1214 sancti
1167 1163 1464 1232 pervenire
1489 1161 1723 1228 valebit,
1749 1163 1862 1218 nisi

199 1269 306 1323 per
336 1250 536 1304 ﬁdem.
565 1251 802 1314 «Quam
836 1248 1108 1316 initiavit,
1147 1250 1360 1320 inquit,
1384 1251 1538 1305 viam
1563 1269 1772 1307 novam
1797 1269 1808 1307 :
1833 1273 1859 1304 ιι

197 1339 311 1394 hoc
333 1343 442 1405 est,
478 1337 716 1393 initium
735 1337 933 1392 utendi
959 1337 1138 1393 dedit.
1156 1339 1324 1393 Viam
1350 1356 1559 1395 novam
1583 1341 1740 1408 dicit,
1763 1359 1866 1413 per

199 1445 379 1500 quem
404 1427 532 1499 ipse
563 1427 835 1498 perrexit,
868 1427 1180 1482 tribuendo
1205 1427 1373 1483 nobis
1397 1429 1726 1501 exemplum
1752 1431 1860 1484 hu-

199 1517 513 1573 militatis:
549 1533 666 1571 non
698 1516 863 1586 sequi
897 1517 1273 1571 caeremonias
1305 1516 1469 1588 legis,
1499 1520 1598 1574 sed
1624 1519 1859 1574 satisfa-

199 1605 459 1660 ctionem
491 1603 638 1676 spei.
676 1603 926 1658 Dicendo
959 1608 1175 1671 autem,
1211 1627 1238 1653 «
1273 1621 1506 1671 novam,
1541 1630 1560 1653 »
1615 1612 1862 1661 conatur

199 1694 512 1749 ostendere
570 1698 784 1748 cuncta
836 1693 1062 1763 majora
1113 1709 1220 1748 nos
1278 1694 1514 1755 habere,
1566 1695 1857 1766 siquidem

198 1799 360 1838 nunc
387 1786 599 1854 apertas
635 1786 776 1836 sunt
794 1786 971 1854 portae
993 1781 1118 1836 caeli
1146 1784 1327 1853 :quod
1355 1799 1542 1855 neque
1563 1785 1857 1840 Abraham

199 1872 470 1944 contigit.
511 1871 620 1926 Sed
652 1871 939 1926 viventem
970 1870 1071 1925 illa
1099 1873 1344 1940 vocavit,
1379 1873 1488 1928 hoc
1519 1878 1608 1930 est
1666 1876 1856 1946 perfe-

202 1966 386 2029 ctam,
411 1966 853 2033 permanentem
883 1978 984 2032 per
1005 1960 1269 2017 velamen
1291 1964 1560 2032 (1-i3ti),id
1585 1969 1692 2030 est,
1726 1981 1854 2020 car-
1888 1999 1935 2063 B

197 2067 338 2106 nem
373 2067 566 2106 suam.
601 2050 730 2105 Haec
775 2049 990 2120 quippe
1030 2066 1162 2106 caro
1213 2053 1429 2106 secavit
1472 2053 1660 2123 primo
1704 2053 1856 2108 viam

194 2142 383 2196 illam.
418 2141 548 2211 Ipse
580 2144 777 2194 autem
813 2139 1102 2194 dedicavit
1131 2157 1279 2196 eam.
1316 2141 1614 2197 Dedicavit
1662 2146 1858 2198 autem

193 2229 359 2285 illam
391 2229 500 2284 hac
531 2228 792 2283 ratione:
827 2227 1106 2299 quoniam
1139 2229 1266 2300 ipse
1296 2229 1354 2283 in
1417 2247 1545 2285 eam
1579 2232 1851 2301 perrexit.

193 2317 611 2373 Velamentum
642 2321 837 2372 autem
867 2315 1076 2371 merito
1105 2318 1349 2385 vocavit,
1371 2318 1508 2390 quia
1541 2319 1684 2374 celat
1707 2320 1855 2374 divi-

194 2407 442 2463 nitatem
479 2422 491 2461 :
526 2423 660 2460 cum
695 2405 851 2460 enim
884 2405 1144 2461 elevatus
1175 2411 1263 2462 est
1313 2407 1372 2460 in
1430 2407 1662 2475 coelum,
1721 2413 1855 2463 tunc

194 2499 604 2568 apparuerunt
634 2494 910 2550 ccelestia.

269 2608 298 2634 «
331 2585 698 2640 Accedamus
751 2600 887 2638 cum
945 2600 1080 2638 vero
1139 2584 1311 2639 corde
1366 2585 1423 2639 in
1482 2585 1854 2656 plenitudine

195 2675 357 2740 fidei,
392 2673 625 2746 aspersi
683 2673 860 2728 corda
908 2689 943 2727 a
996 2672 1354 2728 conscientia
1414 2675 1590 2740 mala,
1642 2679 1699 2730 et
1752 2676 1850 2730 ab-

190 2764 300 2819 luti
363 2779 578 2834 corpus
638 2777 790 2832 aqua
849 2762 1092 2832 munda,
1160 2764 1464 2817 teneamus
1540 2763 1662 2834 spei
1744 2781 1851 2818 no-

192 2859 327 2909 stra:
389 2851 819 2906 confessionem
882 2850 1358 2906 indeclinabilem
1421 2853 1632 2920 (ﬁdelis
1693 2853 1848 2908 enim

189 2947 280 2998 est
303 2941 407 3014 qui
427 2940 805 3012 repromisit),
831 2943 887 2994 et
911 2939 1350 2995 consideremus
1373 2940 1618 2996 invicem
1643 2943 1698 2996 in
1725 2959 1850 3013 pro-

190 3030 496 3088 vocatione
525 3029 850 3096 charitatis,
882 3032 938 3083 et
967 3029 1252 3084 bonorum
1281 3046 1544 3100 operum.
1577 3052 1603 3078 »
1642 3031 1699 3085 In
1734 3049 1850 3102 quo

190 3118 589 3177 accedamus?
610 3118 926 3173 Sanctitate
959 3117 1114 3183 fidei,
1147 3117 1400 3189 spiritali
1427 3118 1656 3174 cultura
1679 3120 1736 3174 in
1759 3136 1850 3175 ve-

189 3210 309 3266 raci
345 3209 541 3274 corde,
573 3207 633 3262 in
664 3207 1030 3278 plenitudine
1059 3206 1215 3275 ﬁdei,
1251 3207 1388 3278 quia
1420 3207 1562 3261 nihil
1596 3213 1684 3263 est
1713 3209 1850 3263 visi-

187 3298 306 3355 bile
337 3298 577 3368 horum,
615 3312 804 3367 neque
837 3296 1129 3365 sacerdos,
1161 3297 1314 3351 sicut
1355 3296 1413 3350 in
1463 3299 1642 3352 veteri
1701 3298 1848 3368 lege,

1979 719 2149 773 corde
2172 717 2199 771 ‘2
2230 719 2346 772 Hoc
2378 723 2486 786 est,
2516 719 2643 774 sine
2675 719 3072 774 simulatione.
3110 719 3200 773 Vae
3232 718 3389 773 enim
3421 735 3622 789 pecca-

1976 807 2084 861 tori
2114 808 2459 878 ingredienti
2487 808 2717 864 duabus
2738 809 2864 862 viis.
2889 808 3044 862 Nihil
3070 807 3384 878 sit,inquit,
3412 808 3624 862 falsum

1975 896 2035 951 in
2066 897 2252 951 vobis.
2289 898 2412 951 Non
2446 897 2561 952 alia
2591 897 2828 968 quidem
2862 897 3151 960 dicamus,
3177 895 3292 951 alia
3313 912 3446 949 vera
3467 898 3622 967 cogi-

1974 991 2188 1040 temus.
2221 991 2339 1040 Hoc
2369 990 2457 1040 est
2487 987 2663 1041 etiam
2695 1003 2811 1040 non
2864 985 2986 1039 veri
3040 985 3253 1040 cordis.
3300 989 3419 1038 Hoc
3466 985 3623 1039 enim

1977 1075 2347 1130 mendacium
2365 1073 3350 1146 nequissimum,pusillanimisest;
3369 1091 3481 1128 non
3502 1090 3624 1127 cre-

1974 1165 2164 1218 dendo
2193 1164 2347 1218 enim
2382 1164 2840 1236 pusillanimitas
2873 1162 3140 1217 efficitur.
3177 1161 3295 1216 Iloc
3327 1166 3415 1215 est
3443 1162 3620 1229 enim,

1973 1270 2076 1324 per
2106 1254 2280 1307 ﬁdem
2313 1270 2619 1324 aspergere
2650 1253 2845 1307 corda.
2891 1250 3157 1305 «Fidelis
3190 1252 3344 1305 enim
3378 1255 3464 1305 est
3520 1250 3622 1320 qui

1973 1342 2346 1414 repromisit:
2381 1346 2436 1396 et
2468 1343 2907 1396 consideremus
2938 1340 3183 1394 invicem
3228 1339 3285 1393 in
3348 1355 3625 1410 provoca-

1972 1432 2130 1485 tione
2163 1429 2467 1485 eharitatis
2499 1435 2555 1485 et
2571 1431 2858 1484 bonorum
2883 1445 3146 1499 operum.
3174 1450 3201 1476 »
3226 1427 3458 1494 Fidelis,
3487 1428 3626 1498 quia

1972 1536 2087 1574 non
2121 1518 2308 1585 fallit;
2347 1519 2501 1573 unde
2531 1518 2591 1572 in
2639 1517 2750 1572 alio
2802 1518 2922 1572 loco
2965 1516 3140 1571 dicit:
3204 1537 3232 1566 «
3265 1513 3476 1570 Fidelis
3533 1518 3625 1570 est

1973 1613 2144 1672 Deus,
2171 1625 2274 1679 per
2296 1624 2470 1678 quem
2495 1606 2678 1661 vocati
2707 1606 2847 1661 estis
2895 1607 2939 1674 (I
2967 1606 3087 1659 Cor.
3142 1623 3178 1666 ι,
3220 1605 3283 1668 9;
3338 1604 3515 1658 Thess.
3565 1621 3618 1669 ν,

1969 1698 2080 1767 24).
2110 1720 2136 1744 ››
2169 1696 2456 1762 Quoniam
2489 1700 2714 1767 oportet
2744 1695 2827 1749 ire
2860 1694 3020 1761 illuc,
3052 1698 3108 1748 et
3157 1692 3374 1748 intrare
3420 1693 3477 1746 in
3532 1708 3619 1746 re-

1970 1802 2174 1857 gnum.
2207 1784 2363 1839 Nihil
2385 1785 2567 1855 igitur
2588 1784 2888 1848 seruteris,
2915 1799 3105 1853 neque
3137 1782 3390 1836 rationes
3412 1797 3617 1851 exspe-

1968 1879 2122 1941 ctes;
2149 1874 2260 1928 ﬁde
2292 1890 2440 1944 opus
2472 1873 2689 1926 babent
2718 1876 2927 1925 nostras
2960 1887 3149 1925 causae
3176 1887 3188 1924 :

2041 1984 2068 2012 ‹‹
2105 1963 2554 2018 Consideremus
2585 1961 2832 2015 invicem
2857 1960 2913 2013 in
2938 1958 3347 2031 provocatione
3369 1957 3617 2011 charita-

1969 2052 2066 2107 tis.
2098 2075 2124 2101 ››
2147 2052 2295 2116 Quid
2320 2057 2426 2120 est,
2452 2048 2931 2105 consideremus?
2967 2048 3024 2102 ld
3081 2051 3172 2102 est
3219 2045 3619 2116 intelligamus

1970 2143 2124 2214 quod
2156 2142 2214 2195 in
2240 2140 2596 2212 quibusdam
2621 2137 3016 2192 codicibusita
3039 2135 3274 2207 legitur.
3298 2136 3374 2189 Ac
3400 2135 3448 2188 si
3473 2134 3620 2188 dice-

1967 2235 2093 2286 ret:
2129 2229 2438 2300 Siquisest
2461 2227 2677 2282 virtute
2714 2226 3010 2297 praeditus,
3046 2225 3201 2278 hunc
3241 2223 3532 2288 imitetur;
3559 2223 3614 2276 in

1966 2336 2099 2376 eum
2135 2319 2531 2380 intendamus,
2568 2315 2957 2387 utdiligamus
2975 2319 3031 2368 et
3050 2312 3410 2384 deligamur;
3435 2329 3502 2365 ex
3524 2311 3617 2365 di-

1966 2408 2208 2463 lectione
2233 2407 2448 2477 quippe
2475 2407 2626 2459 bona
2643 2420 2819 2475 opera
2839 2404 3007 2457 ﬁunt.
3029 2401 3173 2465 Quid
3190 2407 3299 2465 est,
3317 2401 3387 2455 ad
3413 2416 3615 2470 provo-

1965 2498 2254 2552 cationem
2279 2494 2579 2549 charitatis
2597 2493 2624 2547 ?
2644 2491 2914 2564 Amplius
2937 2490 3178 2561 diligere
3203 2493 3258 2542 ct
3289 2487 3471 2558 diligi.
3496 2510 3523 2535 «
3549 2488 3618 2541 Et

1964 2587 2251 2641 bonorum
2271 2599 2572 2655 operumzn
2599 2586 2662 2636 ut
2685 2581 2740 2634 in
2760 2580 2869 2635 hoc
2886 2579 3141 2634 habeant
3157 2575 3611 2631 aemulationem.

1964 2677 2173 2731 Facere
2194 2673 2352 2729 enim
2372 2688 2550 2742 quam
2569 2667 3026 2738 dicere,majoris
3040 2665 3270 2720 virtutis
3284 2669 3392 2720 est.
3418 2666 3613 2729 Quan-

1961 2771 2087 2819 tum
2112 2764 2181 2818 ad
2207 2762 2529 2817 doctrinam
2547 2757 3037 2830 pertinet,multos
3059 2754 3287 2809 habetis
3310 2753 3485 2808 etiam
3507 2769 3611 2806 vos

1963 2855 2228 2909 doctores
2259 2850 2318 2904 in
2350 2854 2542 2904 vestra
2573 2847 2951 2902 multitudine
2986 2860 3086 2916 per
3112 2859 3285 2915 Opera
3314 2842 3444 2913 ipsa
3500 2841 3608 2896 hoc

1961 2942 2262 2998 facientes.

2033 3055 2059 3081 ‹‹
2093 3032 2216 3085 Νοιι
2247 3031 2586 3084 deserentes
2609 3025 3012 3080 collectionem
3032 3026 3315 3089 nostram,
3342 3018 3495 3074 sicut
3522 3024 3613 3073 est

1961 3117 2408 3174 consuetudinis
2434 3114 2818 3185 quibusdam,
2846 3111 2946 3164 sed
2965 3107 3357 3174 consolantes,
3383 3109 3440 3160 et
3464 3109 3622 3160 tanto

1961 3208 2174 3278 magis,
2208 3208 2431 3277 quanto
2463 3200 2727 3256 videritis
2759 3198 3330 3271 appropinquantem
3383 3195 3560 3249 diem.
3592 3216 3617 3240 ››

1963 3297 2210 3368 Aliquos
2243 3297 2296 3348 in
2334 3293 2446 3348 hoc
2470 3291 2596 3346 loco
2623 3307 2737 3345 non
2754 3288 2944 3344 solum
2963 3286 3290 3350 admonuit,
3319 3284 3416 3339 sed
3443 3282 3620 3337 etiam

190 3403 535 3462 quanquam
552 3403 658 3442 nec
677 3387 950 3441 sacerdos
969 3385 1273 3458 ingressus
1295 3394 1383 3440 est
1402 3385 1460 3440 in
1479 3392 1702 3442 sancta.
1740 3367 1849 3442 Sed
1883 3367 1925 3434 (ἶ
1964 3367 2137 3441 tacite
2164 3384 2444 3455 culpavit.
2479 3378 2745 3434 Charitas
2772 3377 3234 3432 incrementatur
3257 3389 3359 3444 per
3378 3387 3622 3441 congre-

189 3478 371 3535 etiarn
391 3475 532 3548 quia
549 3492 654 3531 nos
677 3473 1433 3545 intravimus,proptereain
1455 3475 1853 3530 satisfactione

189 3567 326 3622 ﬁdei
357 3583 371 3634 ;
406 3581 520 3620 non
555 3580 689 3618 cum
724 3561 1093 3618 haesitatione
1123 3562 1351 3633 (quales
1378 3567 1517 3617 sunt
1541 3580 1696 3617 nunc
1717 3563 1850 3635 plu-

189 3655 329 3711 rimi
363 3655 647 3722 dicentes,
683 3652 962 3724 quoniam
998 3652 1391 3723 quorumdam
1438 3651 1547 3706 erit
1595 3669 1852 3707 resurre-

190 3744 330 3811 ctio,
367 3743 764 3815 quorumdam
801 3745 997 3796 autem
1031 3740 1169 3810 non)
1201 3739 1310 3794 hoc
1362 3746 1471 3809 est,
1522 3759 1637 3796 non
1695 3742 1848 3811 ﬁdei,

190 3833 432 3905 inquit;
465 3831 547 3888 sic
579 3847 686 3886 nos
716 3834 946 3902 oportet
977 3829 1209 3883 credere
1241 3829 1312 3883 de
1344 3829 1763 3895 invisibilibus,
1797 3836 1854 3885 et

191 3923 393 3980 adhuc
414 3919 694 3992 amplius.
720 3919 822 3974 Hic
844 3918 1083 3988 quidem
1119 3934 1292 3972 sensu
1319 3918 1708 3989 percipimus:
1736 3919 1854 3973 illic

191 4017 392 4068 autem
418 4009 654 4081 spiritu.
682 4031 710 4059 «
732 4007 968 4080 Aspersi
1002 4007 1222 4062 cordaa
1245 4007 1600 4062 conscientia
1622 4008 1795 4064 mala.
1826 4031 1852 4057 »

189 4099 468 4158 Ostendit
499 4097 640 4170 quia
666 4113 780 4152 non
811 4096 956 4151 ﬁdes
975 4095 1236 4164 sola,sed
1251 4095 1427 4150 etiam
1454 4096 1567 4150 vita
1587 4098 1851 4152 cumvir-

188 4195 316 4246 tute
349 4189 656 4260 quaeritur,
691 4191 747 4242 et
776 4191 841 4241 ut
869 4184 1017 4239 nihil
1050 4185 1161 4239 sibi
1194 4185 1446 4256 quisque
1476 4186 1746 4240 conscius
1778 4187 1856 4241 sit

190 4275 741 4350 malignitatis.Non
776 4273 930 4330 enim
966 4273 1307 4344 suscipiunt
1335 4290 1467 4328 cum
1491 4273 1856 4344 plenitudine

189 4367 329 4423 ﬁdei
363 4369 572 4422 sancta
601 4363 663 4434 ii,
698 4362 800 4434 qui
833 4380 948 4417 non
968 4363 1051 4417 ita
1074 4361 1432 4416 afﬁciuntur.
1465 4362 1674 4417 Nullus
1698 4364 1854 4418 enim

191 4455 642 4528 ingrediebatur
662 4453 723 4507 in
749 4456 972 4519 sancta,
997 4451 1047 4505 si
1069 4449 1224 4506 lotus
1250 4468 1364 4506 non
1389 4451 1615 4506 fuisset.
1639 4453 1706 4506 Et
1733 4453 1858 4507 nul-

192 4547 291 4602 lus
314 4544 603 4617 profanus
625 4539 1027 4613 ingrediturin
1050 4539 1210 4594 illam
1235 4539 1524 4596 ccelestem
1546 4541 1856 4607 visionem,

195 4635 314 4690 nisi
349 4633 518 4705 prius
551 4649 656 4704 per
685 4629 1090 4702 pcenitentiam
1123 4628 1279 4683 lotus
1312 4629 1505 4684 fuerit.
1541 4629 1624 4683 llli
1661 4635 1855 4684 autem

1963 3476 2294 3547 gationem;
2331 3472 2484 3525 unde
2518 3468 2804 3522 Dominus
2826 3465 2937 3520 ait:
2965 3486 2991 3513 «
3012 3463 3118 3518 Ubi
3145 3461 3364 3516 fuerint
3389 3461 3504 3514 duo
3526 3459 3616 3512 vel

1963 3571 2082 3619 tres
2115 3558 2450 3632 congregati
2486 3557 2543 3610 in
2577 3554 2813 3610 nomine
2847 3569 2997 3618 meo,
3030 3550 3109 3605 ibi
3144 3566 3275 3604 sum
3309 3549 3367 3602 in
3421 3547 3614 3602 medio

1963 3670 2164 3710 eorum
2191 3649 2402 3722 (Matth.
2429 3664 2592 3712 xviii,
2623 3646 2750 3709 20);
2781 3666 2804 3690 ››
2830 3648 2885 3696 et
2908 3639 3283 3694 Ecclesiastes
3309 3653 3322 3693 :
3367 3637 3616 3690 «Frater

1964 3743 2182 3814 quippe
2213 3757 2247 3794 a
2279 3739 2452 3792 fratre
2473 3736 2734 3804 adjutus,
2765 3730 2929 3802 quasi
2957 3730 3159 3783 civitas
3184 3725 3410 3780 munita
3431 3727 3614 3793 (Prov.

1963 3813 2124 3899 avni,
2152 3830 2260 3898 19).
2290 3826 2608 3896 nMagnum
2637 3821 2852 3892 quippe
2875 3820 3090 3874 bonum
3116 3821 3205 3870 est
3227 3813 3618 3886 congregatio.

1965 3921 2159 3992 Ipsam
2185 3931 2440 3983 namque
2459 3911 2801 3968 charitatem
2818 3913 3094 3979 cperatur
3109 3904 3509 3959 ferventiorem
3531 3917 3622 3969 ;ex

1965 3991 2032 4062 ea
2053 4009 2267 4061 cuncta
2290 4001 2514 4073 optima
2538 4002 2912 4070 generantur.
2935 3993 3088 4048 Nihil
3118 4007 3373 4062 namque
3395 3991 3616 4045 bonum

1966 4101 2075 4161 est,
2096 4095 2252 4166 quod
2283 4108 2392 4146 non
2414 4105 2517 4160 per
2537 4087 2878 4142 charitatem
2907 4085 2987 4136 fit.
3009 4084 3184 4136 Istam
3208 4080 3387 4150 igitur
3407 4079 3619 4133 conﬁr-

1965 4181 2472 4241 memusinvicem.
2503 4175 2807 4231 Plenitudo
2832 4172 2978 4242 legis
3003 4171 3282 4226 charitas.
3306 4169 3432 4222 Non
3459 4166 3611 4221 enim

1968 4275 2164 4330 labore
2189 4288 2337 4343 opus
2360 4269 2780 4335 habemus,aut
2802 4262 3139 4318 sudoribus.
3166 4259 3225 4314 Si
3244 4255 3622 4313 dilexerimus

1970 4363 2215 4417 invicem
2229 4401 2241 4425 ,
2261 4362 2588 4431 spontanea
2605 4353 2775 4408 nobis
2802 4352 2894 4405 via
2913 4345 3538 4421 prosterniturducens
3553 4343 3625 4396 ad

1967 4453 2266 4505 virtutem.
2290 4430 2876 4516 Appropinquantem
2901 4438 3080 4505 diem,
3109 4433 3263 4505 quod
3288 4433 3451 4494 dicit,
3477 4430 3623 4484 illud

1969 4544 2078 4604 est,
2095 4536 2250 4609 quod
2267 4535 2325 4588 in
2343 4531 2593 4588 alioloco
2610 4530 2763 4582 idem
2779 4524 3092 4596 Apostolus
3105 4521 3246 4576 dicit
3264 4537 3276 4577 :
3299 4544 3318 4568 α
3338 4519 3623 4575 Dominus

1969 4643 2147 4702 prope
2170 4620 2433 4686 est,nihil
2452 4617 2696 4674 sollicite
2716 4615 2847 4668 sitis
2865 4612 3282 4702 (Philz‘pp.iv,A5.
3307 4611 3362 4678 6)
3381 4627 3394 4676 ;
3413 4630 3440 4657 ››
3464 4624 3621 4663 nunc

196 4697 416 4795 corpus
447 4697 861 4792 aspergebant,
886 4735 993 4774 nos
1024 4718 1466 4775 conscientiam.
1500 4721 1686 4783 Quare
1745 4737 1860 4774 non
1895 4733 1939 4795 ι)
1970 4697 2167 4773 autem
2202 4710 2567 4784 prOpinquus
2597 4704 2766 4759 nobis
2797 4708 2885 4758 est
2908 4702 3090 4795 (μιξξ)
3117 4719 3129 4767 ;
3154 4697 3360 4753 salutis
3390 4702 3623 4766 tempus

197 4810 676 4880 dixit,mundati,
703 4812 760 4864 et
790 4807 1016 4880 aspersi
1035 4807 1472 4862 ?Diff'erentiam
1499 4808 1859 4879 aspersionis

193 4901 404 4958 volens
435 4899 764 4969 ostendere,
799 4897 928 4952 ideo
954 4895 1217 4968 protulit,
1274 4917 1294 4946 α
1331 4896 1628 4966 aspersi.»
1684 4897 1850 4952 Aliud

195 4991 442 5064 quidem
476 5004 608 5044 esse
633 4986 775 5053 Dei;
812 4985 972 5042 aliud
1033 4989 1229 5040 autem
1271 4990 1560 5040 nostrum.
1614 4985 1863 5045 Abluere

197 5081 444 5153 quippe,
475 5083 533 5134 et
564 5091 897 5148 aspergere,
933 5075 1030 5130 Dei
1064 5079 1152 5130 est
1179 5091 1194 5142 ;
1222 5090 1355 5129 cum
1387 5077 1627 5129 veritate
1667 5081 1861 5129 autem

201 5169 502 5235 recedere,
536 5171 595 5222 et
625 5164 990 5237 plenitudine
1013 5163 1169 5230 ﬁdei,
1198 5180 1328 5218 cum
1354 5164 1543 5236 gratia
1579 5163 1740 5218 illius
1771 5181 1866 5219 no-

196 5265 394 5316 strum
427 5261 538 5313 est.
599 5277 627 5306 «
663 5254 734 5308 Et
793 5252 1001 5324 abluti,
1038 5274 1066 5301 »
1118 5251 1333 5323 inquit,
1387 5274 1415 5302 «
1448 5269 1660 5324 corpus
1713 5269 1867 5324 aqua

196 5348 446 5404 munda.
475 5368 504 5395 »
527 5345 845 5400 Lavacrum
872 5340 1250 5414 baptismatis
1284 5341 1342 5394 in
1367 5340 1478 5395 hoc
1529 5339 1655 5396 loco
1686 5340 1826 5396 dicit
1851 5365 1865 5408 ;

196 5438 339 5509 quia
369 5436 518 5493 foris
549 5433 820 5490 lavamur
850 5447 1025 5503 aqua,
1057 5429 1219 5485 intus
1248 5445 1382 5484 vero
1413 5429 1630 5500 Spiritu
1665 5435 1868 5485 sancto

268 5580 460 5652 (1434)
494 5578 559 5634 In
585 5575 715 5631 cod.
740 5575 824 5628 ita
841 5576 1170 5652 perceptam,
1192 5587 1294 5652 per
1320 5572 1609 5652 velamen:
1625 5648 1631 5652 _
1664 5571 1870 5626 imme-

196 5642 351 5708 diate
373 5642 578 5708 autem
605 5663 788 5718 supra
815 5642 883 5701 ea
898 5642 1074 5700 verba
1094 5659 1192 5718 per
1210 5644 1476 5718 velamen,
1504 5642 1716 5714 legitur
1746 5659 1870 5714 pcr-

199 5715 824 5781 manentemfortasse
844 5715 1228 5788 transpositio
1250 5715 1559 5769 verborum
1583 5721 1869 5787 aptiorem

196 5813 450 5857 sensum
483 5791 782 5862 redderet,
813 5789 925 5846 hoc
955 5787 1159 5846 modo:
1206 5795 1642 5859 permanentem,
1687 5801 1872 5859 perce-

1966 4811 2090 4879 jam
2124 4800 2527 4858 abbreviatum
2559 4799 2648 4850 est
2686 4795 2860 4864 (Rom.
2899 4809 2972 4856 IX,
2999 4791 3109 4859 25).

2040 4917 2068 4947 «
2101 4889 2443 4948 Voluntarie
2472 4886 2629 4940 enim
2660 4881 3036 4954 peccantibus
3085 4876 3254 4931 nobis
3286 4877 3418 4944 post
3460 4889 3620 4927 acce-

1978 4991 2137 5058 ptam
2163 4979 2428 5036 notitiam
2453 4972 2859 5042 veritatis,jam
2880 4985 2992 5024 non
3010 4964 3360 5058 relinquitur
3375 4979 3476 5058 pro
3493 4977 3624 5058 pec-

1975 5051 2120 5129 catis
2144 5068 2359 5125 hostia.
2390 5089 2416 5113 ››
2443 5066 2567 5120 Non
2591 5061 2745 5116 enim
2765 5064 2852 5114 est
2870 5056 3062 5111 hostia
3085 5052 3363 5109 secunda.
3383 5051 3485 5104 Hic
3516 5051 3626 5104 ite-

1977 5179 2107 5218 rum
2139 5173 2390 5228 exsurgu
2403 5159 2482 5222 nt,
2496 5152 2595 5222 qui
2612 5147 3011 5222 paenitentiam
3027 5145 3320 5199 auferunt.
3337 5140 3622 5206 Quoniam

1975 5253 2035 5306 in
2061 5251 2167 5305 hoc
2189 5264 2305 5303 non
2331 5240 2732 5316 paenitentiam
2763 5235 3038 5300 excludit,
3065 5247 3250 5302 neque
3265 5229 3625 5302 propitiatio-

1976 5357 2134 5407 nem,
2169 5352 2295 5407 quae
2331 5334 2394 5386 ﬁt
2421 5345 2524 5402 per
2545 5325 3166 5399 pmnitentiam,neque
3184 5318 3434 5390 repellit,
3453 5323 3510 5407 et
3530 5317 3630 5372 de-

1970 5405 2238 5501 jicit'per
2268 5417 2732 5491 desperationem
2766 5412 3195 5482 delinquentes.
3229 5408 3355 5463 Non
3377 5405 3633 5462 enimita

1976 5579 2131 5642 ptam
2157 5582 2251 5642 per
2269 5563 2544 5642 gelumen.
2621 5629 2668 5642 Η
3006 5628 3011 5633 “
3250 5625 3258 5634 ⁸

2053 5622 2234 5706 (1495)
2269 5636 2435 5688 Rom.
2463 5648 2587 5693 xm,
2615 5629 2700 5706 ll,
2724 5644 2874 5706 nunc
2921 5628 3068 5680 enim
3093 5625 3322 5693 pmpior
3341 5624 3419 5674 est
3441 5622 3633 5671 nostra

1981 5699 2161 5775 salus,
2192 5699 2357 5780 quam
2387 5720 2512 5757 cum
2539 5701 2903 5757 credidimus.
