3916 6436
341 459 460 522 ’291
1182 512 1185 517 .
1366 453 1705 516 ATTONIS
1747 448 2001 513 VERGE

2187 448 2334 510 tSIS
2382 449 2733 512 EPISGOPI
3664 450 3795 509 799
3844 519 3851 523 .

346 595 437 650 est
465 591 745 649 inimicus
775 589 984 647 salutis
1013 592 1245 646 nostrae.
1279 589 1391 645 Sed
1420 587 1563 659 quid
1582 586 1610 641 ?
1657 583 1994 643 Secundum
2024 583 2081 649 Α
2112 584 2305 637 totum
2339 582 2650 638 zediﬁcium
2681 582 2981 639 subvertet
3010 595 3247 637 necesse
3276 584 3385 637 est.
3445 583 3794 653 Propterea

349 679 606 739 excludit
628 679 950 737 lavacrum.
983 680 1108 736 Non
1141 677 1296 735 enim
1329 677 1492 743 dixit,
1543 692 1657 731 non
1708 678 1797 729 est
1847 672 2000 727 ultra
2109 669 2219 726 hoc
2251 670 2392 725 dicit
2420 670 2698 737 Hebraeis,
2732 671 2871 742 quia
2899 687 2966 726 ex
2987 671 3142 725 Novo
3164 670 3549 725 Testamento
3572 670 3657 724 ad
3688 687 3789 726 sa-

340 767 712 842 ,pmnitentia,
744 784 934 839 neque
965 768 1130 831 dixit,
1158 766 1309 823 ultra
1334 781 1448 821 non
1474 770 1562 820 est
1583 762 1872 831 remissio,
1899 761 1998 815 sed

346 856 567 921 hostia,
598 855 817 928 inquit,
848 873 964 912 non
987 860 1077 911 est
1099 874 1111 922 ;
1138 856 1247 910 hoc
1273 859 1380 923 est,
1406 870 1546 909 crux
1568 852 1721 908 ultra
1742 850 2002 907 secunda

352 963 468 1003 non
498 949 608 1002 est.
642 943 905 1000 Hostiam
938 943 1159 1015 quippe
1190 944 1340 999 hanc
1370 947 1555 998 vocat.
1591 943 1714 997 Una
1745 956 2002 1010 namque

346 1032 581 1107 perﬁcit
609 1033 670 1089 in
704 1037 1055 1104 perpetuum
1079 1047 1199 1099 eos,
1231 1032 1331 1103 qui
1353 1028 2000 1100 sanctiﬁcanturUIebr.

350 1139 411 1189 ι,
436 1121 544 1195 14).
567 1121 694 1179 Non
714 1119 868 1177 sicut
887 1120 1165 1177 Judaicaa.
1196 1119 1347 1175 Illud
1366 1121 1523 1192 quod
1542 1119 1599 1173 in
1619 1119 1727 1174 hac
1749 1116 2006 1189 Epistola

355 1210 458 1283 qui
486 1208 828 1281 diligentius
856 1212 1237 1281 pertractant,
1264 1208 1349 1265 sic
1380 1208 1740 1280 intelligunt,
1775 1212 1840 1261 ut
1888 1223 2004 1261 non

357 1300 430 1357 de
459 1298 743 1355 sacriﬁcio
776 1297 1153 1354 contribulati
1205 1315 1309 1369 per
1361 1296 1763 1369 pmnitentiam
1814 1295 2006 1350 cordis

355 1386 759 1459 accipiendum
791 1386 870 1443 sit
893 1388 1049 1458 quod
1083 1386 1306 1442 dictum
1338 1391 1447 1453 est,
1502 1403 1617 1441 non
1663 1385 1854 1441 adhuc
1903 1400 2005 1456 pro

353 1475 610 1550 peccatis
641 1475 997 1548 relinquitur
1025 1474 1382 1531 sacriﬁcium
1410 1493 1422 1541 ;
1456 1475 1558 1530 sed
1591 1475 1663 1529 de
1694 1471 2004 1538 sacriﬁcio,

354 1566 429 1621 do
452 1581 567 1636 quo
588 1562 1095 1635 tuncloquebatur
1116 1562 1451 1634 Apostolus,
1479 1563 1534 1617 id
1557 1566 1647 1618 est
1669 1561 2006 1617 holocausto

357 1653 670 1710 Dominicis
686 1651 1172 1724 passionis,quod
1196 1668 1262 1707 eo
1283 1657 1546 1722 tempore
1568 1652 1733 1706 otl‘ert
1756 1650 2009 1722 quisque

356 1758 461 1815 pro
492 1740 767 1814 peccatis,
797 1757 913 1812 quo
936 1741 1200 1810 ejusdem
1225 1740 1523 1811 passionis
1546 1740 1658 1794 ﬁde
1683 1739 2005 1806 dedicatur,

357 1834 415 1886 et
429 1828 896 1887 Christianorum
910 1827 1171 1884 ﬁdelium
1192 1829 1429 1885 nomine
1450 1828 1781 1899 baptizatus
1796 1826 2007 1882 imbui-

358 1922 475 1974 tur.
505 1921 574 1973 Et
600 1916 712 1973 hoc
738 1916 1380 2016 signiﬁcat-Apostolus
1407 2005 1418 2016 .
1442 1933 1568 2016 non.
1616 1933 1787 1988 posse
1844 1914 2007 2016 dein-
2043 1952 2088 2016 Β

357 2006 663 2078 ceps,dum
678 2005 1244 2078 peccaverit,iterum
1260 2005 1610 2077 baptizando
1625 2004 2011 2077 purgari.Quo

354 2093 657 2153 intellectu
673 2111 788 2152 non
803 2093 1220 2151 intercluditur
1234 2093 1550 2165 paenitendi
1563 2093 1746 2149 locus.
1758 2095 1838 2148 Ita
1853 2110 2011 2161 sane,

357 2188 425 2241 ut
454 2199 576 2250 eos,
609 2181 709 2254 qui
740 2182 1003 2238 nondum
1035 2180 1314 2253 baptizati
1357 2186 1518 2253 sunt,
1581 2182 1841 2237 nondum
1892 2181 2012 2252 ple-

340 2289 489 2331 .nam
510 2270 817 2329 scientiam
834 2270 1095 2327 veritatis
1118 2270 1507 2344 accepisse,ut
1528 2276 1583 2326 et
1602 2270 1728 2342 jam
1755 2270 2014 2344 baptiza-

350 2359 842 2431 tus,intelligatur
869 2359 1209 2432 (1436).Non
1232 2364 1429 2415 autem
1447 2360 1641 2415 omnis
1659 2360 2012 2432 baptizatus,

332 2449 531 2506 vetiam
542 2447 1109 2505 scientiamveritatis
1121 2448 1607 2521 accepit,propter
1619 2449 2012 2520 quorumdam

338 2536 735 2612 .posteriorem
761 2542 1119 2608 provectum,
1152 2536 1239 2592 vel
1272 2537 1670 2597 miserabilem
1706 2538 2007 2611 negligen-

346 2626 521 2684 tiam.
549 2626 617 2682 Et
635 2629 831 2682 tamen
864 2624 1010 2681 illud
1034 2625 1391 2682 sacriﬁcium
1413 2625 1485 2681 de
1504 2643 1617 2696 quo
1638 2626 2009 2698 loquebatur,

346 2715 418 2771 .id
442 2718 556 2781 est,
578 2713 990 2771 holocaustum
1011 2713 1264 2781 Domini,
1284 2715 1440 2785 quod
1460 2719 1600 2770 tunc
1617 2732 1721 2787 pro
1745 2732 2010 2787 unoquo-

355 2820 471 2877 que
484 2803 1327 2873 oﬁ'erturquodammodo,cum
1341 2803 1470 2873 ejus
1484 2804 1720 2858 nomine
1734 2804 2009 2876 baptizan

357 2893 431 2948 do
453 2891 741 2962 signatur,
774 2890 1012 2960 iterum,
1031 2890 1078 2945 si
1107 2891 1647 2962 peccaverit,oti‘erri
1664 2909 1778 2947 non
1798 2898 2006 2963 potest.

356 2980 483 3039 Non
507 2979 664 3035 enim
688 2982 937 3052 possunt
958 2979 1149 3034 denuo
1167 2979 1468 3051 baptizari,
1495 2980 1596 3052 qui
1619 2980 1798 3035 semel
1821 2982 2007 3053 bapti-

345 3068 469 3125 zati
487 3067 924 3140 sunt.quamvis
935 3068 1110 3123 etiam
1126 3069 1630 3140 postbaptismum
1648 3086 1749 3140 per
1762 3070 2006 3141 ignoran

354 3158 499 3215 tiam
530 3157 795 3213 veritatis
815 3157 1196 3228 peccaverint.
1218 3158 1398 3229 (1437)
1422 3158 1507 3212 Ita
1527 3158 1612 3224 ﬁt,
1641 3163 1705 3213 ut
1727 3159 2006 3229 quoniam

356 3247 486 3303 sine
496 3244 790 3316 baptismo
808 3260 978 3301 nemo
997 3248 1150 3300 recte
1163 3244 1376 3300 dicitur
1391 3245 1685 3317 accepisse
1698 3247 2001 3302 scientiam

2110 759 2433 815 cerdotium
2457 765 2622 814 vetus
2637 759 2960 815 declinasse
2981 759 3663 830 videbantur.«ldeoque
3687 776 3788 815 re—

2112 848 2431 913 mittentes,
2463 847 2675 921 inquit,
2724 847 2876 903 initii
2924 847 3141 905 Christi
3192 848 3462 920 verbum,
3515 849 3577 902 in
3636 865 3787 903 con-

2112 938 2567 991 summationem
2627 937 3037 1008 respiciamus,
3088 953 3161 992 ne
3208 937 3423 993 iterum
3474 936 3789 1009 jacientes

2114 1024 2563 1081 fundamentum
2597 1026 2950 1097 posuitentiae
2973 1043 3007 1081 a
3028 1026 3276 1081 mortuis
3298 1026 3605 1097 operibus,
3638 1031 3702 1082 et
3720 1027 3788 1081 ﬁ-

2114 1114 2206 1169 dei
2225 1114 2718 1178 inDeum,lavacri
2737 1114 3439 1187 doctrinae,impositionis
3454 1131 3788 1179 manuum,

2116 1202 2563 1258 resurrectionis
2594 1202 2773 1258 etiam
2804 1206 3195 1270 mortuorum,
3223 1207 3281 1259 et
3304 1202 3517 1274 judicii
3575 1202 3791 1258 mterni

2117 1292 2300 1363 (Hebr.
2333 1308 2409 1355 v1,
2437 1292 2486 1359 1,
2517 1292 2594 1363 2).
2621 1314 2647 1342 »
2677 1292 2794 1347 Ista
2817 1291 3090 1347 omniain
3116 1292 3410 1364 baptismo
3434 1292 3789 1361 traduntur,

2117 1396 2245 1451 quae
2272 1386 2445 1453 negat
2473 1398 2601 1437 esse
2634 1381 2967 1453 repetenda,
3004 1381 3208 1452 utique
3239 1382 3299 1436 in
3348 1381 3784 1437 consecrandis

2118 1468 2427 1524 ﬁdelibus:
2462 1486 2603 1524 nam
2636 1469 2692 1524 in
2724 1470 2884 1525 verbi
2909 1469 3009 1525 Dei
3040 1470 3409 1537 tractatione,
3442 1476 3631 1543 atque
3675 1471 3787 1526 do-

2118 1557 2307 1613 ctrina
2329 1576 2444 1613 non
2466 1558 2677 1614 iterum
2702 1564 2954 1626 tantum,
2980 1560 3079 1613 sed
3106 1558 3320 1631 saepius
3344 1558 3596 1615 dicenda
3620 1566 3790 1629 sunt,

2119 1648 2272 1704 sicut
2293 1663 2510 1714 rerum,
2536 1648 2605 1703 de
2632 1647 2847 1719 quibus
2873 1648 3206 1717 disseritur,
3234 1649 3657 1719 opportunitas
3682 1651 3788 1705 fla-

2118 1738 2285 1808 gitat.
2312 1760 2337 1785 (ι
2363 1736 2665 1792 Terribilis
2686 1742 2880 1792 autem
2908 1737 3174 1806 quendam
3200 1741 3288 1792 est
3309 1739 3678 1809 exspectatio
3693 1740 3793 1810 ju-

2119 1824 2280 1891 dicii,
2312 1831 2371 1880 et
2403 1825 2557 1897 ignis
2591 1825 2909 1891 aemulatio,
2943 1842 3071 1896 quas
3103 1831 3537 1897 consumptura
3562 1830 3667 1883 est
3688 1828 3792 1885 ad-

2117 1913 2427 1968 versarios.
2459 1935 2487 1962 »
2510 1913 2629 1969 Hoc
2648 1914 2703 1968 in
2728 1913 2852 1969 loco
2874 1912 3191 1986 Apostolus
3222 1918 3550 1969 extremum
3568 1914 3792 1986 judicii

2124 2002 2305 2067 diem,
2336 2002 2456 2057 sive
2488 2002 2681 2074 ignem
2701 2007 3051 2074 perpetuum
3083 2002 3569 2059 manifestissime
3587 2003 3792 2060 decla-

2125 2095 2233 2146 rat.
2249 2092 2411 2155 «Quae
2426 2097 2854 2164 consumptura
2866 2096 2953 2147 est
2970 2091 3791 2149 adversarios.»Adversarios

2123 2181 2280 2236 enim
2305 2198 2420 2236 non
2442 2180 2708 2236 inﬁdeles
2731 2181 2869 2236 dicit
2890 2180 3251 2249 tantum,sed
3274 2180 3451 2239 etiam
3475 2183 3782 2237 contraria

2121 2269 2323 2324 virtuti
2347 2275 2607 2340 agentes,
2642 2270 2938 2325 daemones
2986 2268 3276 2336 videlicet,
3310 2286 3410 2325 seu
3444 2269 3784 2337 hmreticos,

2122 2357 2209 2413 vel
2241 2375 2446 2414 omnes
2478 2357 2630 2413 male
2663 2371 2903 2429 agentes
2933 2358 3351 2428 concremabit,
3384 2358 3526 2425 sive,
3552 2359 3703 2431 quia
3731 2365 3791 2415 et

2122 2447 2473 2502 domesticos
2503 2452 2560 2502 et
2591 2446 2931 2512 familiares,
2962 2447 3118 2503 idem
3149 2447 3275 2520 ipse
3323 2446 3478 2520 ignis
3528 2448 3793 2520 accipiat

2122 2536 2297 2591 etiam
2333 2536 2680 2592 contrarios.

2195 2625 2378 2696 (1438)
2408 2648 2435 2675 «
2465 2626 2693 2681 lrritam
2728 2626 2829 2698 qui
2863 2626 3034 2682 faciet
3064 2625 3253 2698 legem
3278 2626 3482 2697 Moysi,
3510 2626 3646 2683 sine
3667 2626 3790 2683 ulla

2122 2714 2496 2769 miseratione
2526 2715 2781 2780 duobus,
2813 2714 2900 2771 vel
2970 2716 3161 2771 tribus
3224 2716 3477 2772 testibus
3528 2716 3789 2773 moritur

2119 2804 2299 2873 (Deut.
2330 2821 2469 2873 xvu,
2501 2804 2576 2874 6).
2608 2825 2635 2853 ››
2667 2803 2804 2860 Sine
2836 2804 3240 2870 miseratione,
3274 2804 3486 2876 inquit,
3524 2810 3591 2860 ut
3621 2804 3789 2862 nulla

2121 2892 2199 2946 sit
2226 2890 2414 2961 venia,
2440 2891 2602 2947 nulla
2633 2892 2707 2948 sit
2729 2893 3162 2960 misericordia;
3194 2910 3536 2965 quanquam
3560 2894 3788 2968 Moysis

2118 2985 2273 3036 esset
2299 2980 2402 3036 illa
2433 2982 2543 3048 lex,
2577 2980 2845 3053 plurima
2896 2998 3160 3053 namque
3206 2983 3331 3055 ipse
3380 2983 3783 3054 disposuerat.

2116 3069 2264 3132 Quid
2298 3075 2403 3136 sst,
2439 3086 2635 3126 coram
2686 3072 2938 3142 duobus,
2972 3070 3063 3126 vel
3097 3071 3341 3127 tribus?
3388 3071 3446 3129 Si
3494 3073 3638 3138 duo,
3689 3073 3782 3130 vel

2114 3162 2234 3214 tres
2264 3159 2560 3215 testiﬁcati
2583 3159 2819 3225 fuerint,
2853 3160 3162 3216 confestim
3185 3160 3481 3233 judicium
3512 3162 3680 3220 dant.
3707 3164 3771 3220 Si

2117 3246 2299 3321 igitur
2329 3247 2385 3302 in
2409 3247 2599 3304 Veteri
2624 3250 3022 3317 Testamento,
3054 3249 3151 3305 ubi
3174 3248 3264 3304 lex
3283 3249 3468 3323 Moysi
3490 3251 3657 3307 irrita
3682 3252 3769 3319 ﬁt,

353 3332 641 3404 veritatis,
672 3332 757 3389 sic
787 3331 922 3389 licet
953 3332 1090 3404 quia
1120 3333 1312 3389 omnis
1339 3334 1439 3406 qui
1472 3334 1693 3407 accepit
1711 3352 1864 3403 eam,
1889 3354 2003 3393 non
2036 3317 2080 3384 (ἶ
2118 3317 2387 3392 homines
2416 3342 2751 3409 peccatores
2782 3342 2947 3394 tanto
2979 3354 3045 3394 ac
3063 3337 3165 3394 tali
3188 3337 3475 3411 supplicio
3489 3341 3771 3397 condem-

353 3421 722 3494 relinquatur
749 3437 854 3493 pro
887 3420 1142 3494 peccatis
1174 3422 1529 3479 sacriﬁcium
1557 3443 1572 3492 ;
1605 3422 1713 3479 hoc
1744 3430 1833 3480 est
1889 3443 2005 3481 non

354 3510 545 3583 possit
573 3510 766 3566 denuo
806 3509 1110 3582 baptizari,
1147 3527 1250 3567 nec
1280 3515 1478 3567 tamen
1509 3513 1724 3581 omnis,
1758 3514 1856 3585 qui
1890 3531 2003 3570 non

354 3599 566 3673 accipit
586 3615 690 3673 per
711 3599 1037 3655 doctrinam
1064 3599 1369 3659 scientiam
1388 3601 1669 3664 veritatis,
1692 3602 1777 3657 sic
1799 3604 2008 3658 debeat

350 3686 628 3745 arbitrari
659 3703 836 3758 posse
861 3704 965 3759 pro
994 3704 1056 3742 se
1089 3686 1235 3742 illud
1266 3688 1472 3743 offerre
1501 3688 1874 3745 sacriﬁcium.
1905 3711 1925 3739 α
1949 3692 2007 3746 Si

349 3777 477 3848 jam
501 3773 740 3830 ablutus
759 3779 849 3829 est
876 3790 889 3828 :
914 3773 969 3829 id
996 3780 1105 3839 est,
1131 3775 1190 3830 in
1213 3777 1413 3847 sejam
1439 3776 1705 3846 ejusdem
1746 3779 2006 3837 veritatis

355 3879 462 3936 per
490 3861 852 3933 baptismum
880 3869 1247 3919 sacramenta
1273 3865 1548 3936 percepit,
1578 3883 1689 3921 non
1716 3884 1885 3939 posse
1903 3869 2006 3925 ite-

362 3967 496 4009 rum
522 3949 828 4024 baptizari.
863 3953 1172 4024 Tanquam
1206 3953 1251 4009 si
1286 3952 1614 4010 diceremus
1643 3972 1879 4012 omnem
1911 3958 2009 4014 ho-

368 4039 587 4096 minem
617 4056 731 4096 non
763 4056 892 4096 esse
926 4041 1407 4113 quadrupedem;
1458 4060 1572 4098 non
1625 4043 1755 4099 ideo
1808 4050 2007 4103 tamen

361 4144 536 4185 omne
568 4127 808 4197 animal,
835 4129 991 4201 quod
1016 4128 1192 4185 homo
1209 4148 1325 4186 non
1348 4136 1454 4197 est,
1478 4133 1814 4205 quadrupes
1837 4136 2010 4192 debet

358 4233 510 4288 esse,
543 4220 653 4272 etc.
688 4217 799 4272 Eos
829 4218 1008 4286 enim,
1043 4218 1144 4289 qui
1169 4220 1293 4288 jam
1326 4220 1604 4290 baptizati
1625 4221 1862 4291 fuerint,
1907 4242 1997 4280 cu-

356 4305 475 4362 rari
504 4303 717 4363 melius
749 4303 1024 4371 dicimus,
1057 4322 1236 4377 quam
1270 4323 1372 4377 per
1398 4307 1801 4377 paenitentiam
1836 4329 2007 4369 reno-

353 4392 477 4448 vari
512 4410 526 4460 ;
555 4392 694 4467 quia
724 4394 1019 4450 renovatio
1050 4394 1109 4450 in
1142 4395 1436 4466 baptismo
1468 4401 1578 4466 est,
1614 4398 1711 4452 ubi
1769 4400 2005 4470 quidem

341 4486 634 4556 operatur
663 4482 1019 4554 pcenitentia,
1045 4484 1147 4539 sed
1169 4489 1452 4556 tanquam
1477 4484 1857 4543 fundamento
1882 4508 2005 4545 ma-

355 4572 553 4627 nente.
587 4569 790 4642 Itaque
820 4588 854 4628 a
880 4571 1265 4629 fundamento
1288 4574 1540 4629 recurari
1569 4575 1879 4632 aediﬁcium
1905 4596 2003 4650 po-

2118 3425 2448 3480 nabantur:
2489 3446 2510 3473 ι
2537 3427 2765 3491 Quanto
2797 3426 2988 3499 magis
3012 3427 3232 3499 putatis
3255 3428 3541 3485 deteriora
3557 3430 3772 3486 mereri

2116 3513 2428 3586 supplicia,
2461 3516 2562 3586 qui
2596 3514 2807 3570 Filium
2840 3515 2940 3571 Dei
2972 3515 3423 3586 conculcaverit,
3445 3522 3504 3574 et
3533 3519 3772 3591 sangui-

2117 3619 2250 3657 nem
2268 3604 2603 3658 testamenti
2627 3603 2923 3675 pollutum
2945 3603 3194 3673 duxerit,
3221 3604 3279 3659 in
3303 3621 3417 3677 quo
3439 3607 3773 3663 sanctiﬁca-

2116 3695 2213 3746 tus
2244 3695 2354 3759 est,
2387 3694 2445 3745 et
2473 3691 2716 3762 Spiritui
2749 3693 2950 3765 gratiae
2995 3693 3411 3753 contumeliam
3472 3696 3717 3752 fecerit?
3741 3719 3770 3746 »

2116 3779 2415 3843 Quomodo
2439 3781 2742 3836 conculcet
2760 3782 3009 3855 quisque
3037 3781 3243 3837 Fiiium
3272 3783 3414 3838 Dei?
3436 3789 3581 3839 Cum
3609 3785 3770 3841 enim

2115 3866 2356 3941 indigne
2386 3884 2455 3922 ex
2486 3885 2551 3924 eo
2586 3870 2897 3941 participat
2928 3872 3181 3943 quisque
3223 3889 3323 3944 per
3378 3879 3767 3943 sacramenta,

2117 3974 2309 4012 nonne
2342 3961 2579 4029 peccata
2610 3959 2964 4027 committit;
3000 3978 3193 4017 nonne
3223 3960 3392 4017 illum
3441 3962 3766 4031 conculcet,

2118 4063 2312 4101 nonne
2330 4046 2526 4118 ipsum
2549 4049 2909 4104 contemnit?
2931 4049 3175 4106 Sicutea
3196 4068 3325 4123 qua!
3352 4049 3768 4109 conculcamus

2119 4134 2341 4189 nullius
2374 4136 2655 4191 momenti
2692 4137 3025 4209 pendimus,
3086 4139 3171 4194 sic
3228 4144 3285 4194 et
3343 4139 3445 4211 qui
3502 4146 3766 4211 peccant,

2117 4223 2413 4278 Uhristum
2451 4223 2676 4281 nullius
2708 4227 2988 4282 momenti
3048 4228 3407 4284 existimant.
3457 4228 3669 4285 Factus
3708 4246 3770 4285 es

2117 4329 2330 4384 corpus
2360 4312 2599 4383 Christi,
2623 4319 2681 4370 et
2704 4315 2889 4371 tradis
2916 4316 3171 4387 teipsum
3194 4315 3425 4372 diabolo
3448 4321 3512 4373 ut
3533 4318 3768 4374 concul-

2117 4418 2211 4456 ces
2244 4401 2562 4457 Christum.
2590 4424 2617 4452 ››
2651 4404 2719 4459 Et
2778 4405 3150 4477 sanguinem,
3178 4428 3205 4454 »
3260 4406 3472 4477 inquit,
3531 4429 3558 4456 ‹‹
3593 4411 3771 4463 testa-

2118 4490 2295 4546 menti
2313 4490 2601 4562 pollutum
2619 4492 2879 4549 duxerit:
2904 4516 2931 4544 »
2949 4493 3090 4564 sive,
3107 4494 3245 4550 utin
3269 4494 3466 4552 Graeco
3498 4494 3767 4564 habetur,

2116 4602 2144 4628 ‹‹
2175 4582 2821 4651 communemjudicas.
2848 4605 2877 4632 ››
2895 4583 3220 4660 Commune
3237 4584 3770 4656 quidem,immun-

354 4662 473 4716 test
501 4658 552 4714 si
585 4660 1267 4717 autemfundamentum
1300 4661 1511 4719 iterare
1560 4665 1693 4736 quis
1739 4666 2009 4740 voluerit,
2044 4682 2087 4745 υ
2120 4669 2282 4734 dum,
2315 4670 2434 4724 sive
2468 4670 2621 4741 quod
2647 4670 2790 4725 nihil
2816 4658 3074 4745 amplius
3107 4689 3141 4728 a
3169 4672 3393 4729 caeteris
3415 4672 3647 4733 habeat.
3674 4673 3766 4729 Illi

430 4802 615 4882 (1436)
646 4802 880 4882 Sensus
898 4803 1008 4882 hic
1024 4806 1193 4882 tanto
1207 4805 1514 4882 verborum
1536 4807 1835 4882 involuch
1857 4812 2001 4882 tegi-

354 4876 474 4949 tur,
506 4878 576 4949 ut
603 4889 749 4949 eum
768 4879 838 4929 ut
866 4874 1355 4949 inintelligibilem
1389 4892 1535 4949 pene
1560 4874 2002 4949 reliquerimus,

344 4944 893 5021 isiautemdivinari
908 4946 996 5001 fas
1017 4944 1352 5021 sit,vide_tur
1373 4944 1635 5003 nobisita
1654 4944 1964 5021 legendum
1989 4944 2001 5009 Ξ

356 5017 436 5069 ita
465 5032 623 5085 sane,
655 5021 715 5075 ut
744 5016 919 5072 illud:
945 5017 1192 5071 nondum
1208 5017 1429 5087 plenam
1449 5016 1737 5074 scientiani
1756 5024 2006 5078 veritatis

352 5088 678 5161 qqpepit,_d_e
706 5088 949 5161 nondum
982 5090 1271 5161 baptizare
1303 5090 1672 5161 intelligatur,
1696 5095 1792 5161 qui
1814 5111 1919 5148 non
1946 5100 2005 5149 ut

355 5157 476 5220 ille,
510 5158 606 5227 qui
624 5159 748 5228 jam
779 5158 1087 5227 baptizatus
1115 5167 1217 5225 est,
1246 5158 1453 5214 habere
1486 5157 1846 5218 vulcﬂUnde
1879 5164 2003 5221 loco

354 5228 623 5306 utetiam,
653 5232 718 5282 ut
745 5238 797 5284 et
816 5231 940 5301 jam
968 5229 1281 5306 legendum
1314 5232 1676 5306 censuimus.
1716 5237 1878 5299 Quod
1912 5254 2000 5291 se-

332 5301 558 5366 quitur
585 5312 746 5373 vero,
798 5316 907 5355 non
959 5303 1164 5369 autem,
1211 5301 1544 5370 signiﬁcare
1592 5303 1840 5373 videtur,
1888 5325 2001 5362 non

356 5381 562 5448 omnes
590 5368 915 5448 baptizatos
945 5368 1507 5448 omnemscientiam
1530 5374 1791 5432 veritatis
1814 5368 2001 5448 possi-

359 5437 516 5519 delre,
542 5437 637 5519 vel.
655 5437 887 5509 propter
908 5443 1663 5519 quorumdamprotectum,
1690 5448 1789 5519 qui
1814 5437 1997 5515 addit,

354 5505 461 5589 vel.
476 5505 712 5589 propter
736 5505 1140 5589 quorumdam
1162 5505 1603 5589 negligentiam,
1626 5505 1753 5589 qua:
1774 5520 1861 5574 vel
1888 5505 2000 5576 im:

345 5577 537 5662 pedit,
558 5578 653 5662 χιιι
672 5577 827 5659 delet
856 5579 1030 5662 ineis
1062 5577 1386 5662 scientiam.
1416 5577 1698 5662 ggeter'uhi
1733 5591 1999 5662 patienti,

352 5645 410 5701 et
441 5645 717 5702 acutioris
750 5648 968 5718 ingenii
1000 5649 1192 5708 lcatori
1244 5672 1366 5712 rem
1416 5658 1666 5717 libenter
1714 5645 1996 5734 relinqui:

352 5732 507 5773 mus.

2184 4812 2369 4881 (1436)
2399 4814 2535 4877 Qum
2574 4819 2926 4884 sequuntur,
2958 4832 3073 4870 non
3116 4815 3315 4871 minus
3363 4816 3633 4872 obscura.
3684 4817 3765 4873 [ta

2115 4887 2311 4957 tamen
2326 4884 2598 4938 videntur
2617 4884 3018 4955 intelligenda,
3045 4886 3095 4940 si
3118 4886 3281 4943 locus
3296 4889 3643 4957 conjectura:
3656 4889 3759 4943 sit:

2116 4955 2201 5008 ita
2230 4955 2313 5023 ﬁl.
2350 4964 2409 5008 ut
2440 4956 2720 5024 (quoniam
2751 4973 2872 5011 sine
2893 4959 3162 5029 baptismo
3190 4974 3347 5014 nemo
3376 4955 3519 5014 recte
3558 4959 3764 5016 dicitur

2116 5028 2389 5102 accepisse
2418 5029 2703 5082 srz‘cntzam
2736 5028 3006 5102 veritatis)
3039 5032 3217 5084 omnis
3245 5032 3343 5101 qui
3368 5048 3501 5086 eam
3541 5034 3759 5102 accepit,

2116 5098 2241 5172 {rica
2264 5100 2394 5165 quia
2425 5114 2545 5151 eam
2575 5101 2800 5169 accepit,
2858 5098 2995 5154 non'
3024 5104 3196 5171 possit
3250 5098 3427 5157 denuo
3469 5098 3758 5172 baptizari.

2113 5167 2224 5222 Nec
2253 5176 2433 5243 tamen
2465 5172 2666 5243 omnis,
2699 5167 2825 5240 ‘qui
2880 5189 2986 5226 non
3024 5167 3246 5243 '(zccipit
3303 5190 3401 5242 per
3459 5167 3764 5228 doctrinam

2110 5241 2402 5314 scientiam
2435 5242 2823 5314 υθνίἰαίίθδίο
2851 5243 3043 5314 debeat
3072 5241 3353 5298 arbitrari
3379 5259 3535 5314 posse
3554 5261 3660 5314 pro
3685 5261 3759 5311 se,

2112 5316 2224 5363 etc.
2262 5310 2481 5365 Sensus
2512 5313 2790 5377 auctoris,
2851 5320 2909 5367 et
2959 5310 3434 5371 coheerentiorem
3488 5310 3761 5377 superius

2108 5381 2304 5504 iiicttus
2336 5383 2677 5454 arripuisse,
2713 5388 2777 5438 ut
2807 5384 2953 5440 mihi
2977 5385 3267 5453 blandior,
3295 5388 3542 5442 videtur.
3561 5381 3763 5445 Videat

2133 5468 2194 5504 ΘΟ
2224 5469 2307 5504 0r.

2133 5468 2307 5506 ΘΟῑΟΓ.

2184 5524 2366 5603 (1438)
2395 5524 2499 5579 Hic
2524 5523 2600 5608 _in
2659 5542 2847 5608 marg,
2902 5525 3118 5599 legitur
3172 5544 3313 5608 capt
3362 5527 3560 5608 XXVI,
3621 5532 3757 5603 quin

2108 5598 2382 5675 superius
2437 5600 2642 5652 caetera
2700 5598 2887 5668 capita
2944 5598 3191 5655 numero
3250 5598 3501 5671 isignata
3585 5598 3757 5675 appa-

2107 5672 2291 5721 reant.
