3916 6414
115 452 248 516 ’193

707 452 1124 515 EXPOSI'I‘IO
1169 454 1247 516 IN
1295 453 1723 518 EPlS'i'OLAS
1768 455 2032 518 PA'ULI.
2065 488 2142 499 —
2171 455 2251 516 ΙΝ
2294 454 2546 516 EPIST.
2592 453 2696 514 AD
2739 453 2976 514 HEBR.

3437 446 3558 510 794

111 584 359 658 quippe
379 584 744 657 sanguinem
775 586 987 642 Christi
1020 584 1431 660 polluunt,qui
1462 589 1794 646 haereticam
1825 589 1879 655 Α
1910 591 2209 656 docens,et
2235 587 2369 645 aliis
2391 587 2744 645 testimoniis
2771 583 3026 656 amplius
3046 583 3560 650 hocafﬁrmans,et

117 675 470 732 doctrinam
501 674 561 730 in
595 692 656 730 se
686 676 1061 748 recipiunt,et
1093 694 1205 734 non
1221 678 1567 750 Christi.per
1596 694 1796 750 pecca-

118 770 189 822 ta
223 781 435 821 eorum
467 765 769 820 Christum
803 766 873 821 de
902 782 963 822 se
1008 767 1272 837 ejiciunt,
1325 768 1568 838 Spiritui
1598 769 1797 838 gratiae

117 854 559 910 contumeliam
613 854 835 909 faciunt
885 856 986 926 qui
1054 874 1167 911 non
1235 858 1479 912 credunt
1533 857 1689 928 quod
1739 858 1798 912 in

115 943 396 1000 Ecclesia
428 945 495 998 fit
526 943 796 999 remissio
835 950 1209 1016 peccatorum
1251 964 1264 1001 :
1298 952 1363 1002 ut
1385 948 1604 1001 dictum
1659 951 1749 1002 est
1782 963 1793 1000 :

121 1056 153 1081 «
192 1032 307 1096 Qui
341 1033 400 1087 in
433 1032 654 1100 Spiritu
683 1038 886 1088 sancto
916 1033 1430 1105 blasphemaverit,
1458 1053 1572 1092 non
1603 1036 1798 1091 remit-

125 1127 302 1176 tetur
361 1121 435 1189 ei,
471 1137 661 1191 neque
694 1121 754 1177 in
785 1121 894 1176 hoc
941 1122 1175 1188 smculo,
1238 1142 1425 1195 neque
1484 1126 1543 1180 in
1603 1125 1797 1180 futuro

129 1213 300 1282 (Luc.
334 1228 436 1266 xu.
475 1211 580 1277 19;
613 1209 799 1266 Matth.
832 1229 932 1273 xu,
968 1213 1074 1278 32;
1108 1214 1277 1268 Marc.
1313 1232 1395 1280 Ill,
1430 1216 1578 1287 29).»
1612 1215 1800 1287 Siqui-

133 1302 277 1356 dem
311 1304 369 1354 et
391 1298 490 1356 ille
520 1300 764 1371 Spiritui
796 1300 994 1372 gratia:
1045 1304 1462 1358 contumeliam
1527 1305 1663 1359 facit
1696 1305 1794 1376 qui

125 1389 295 1460 quod
326 1388 422 1444 ille
455 1389 680 1459 tribuit,
714 1407 828 1446 non
855 1397 1103 1446 exercet.
1129 1393 1232 1455 Qui
1265 1394 1422 1447 enim
1447 1393 1794 1449 beneﬁcium

127 1495 254 1533 non
292 1476 561 1549 suscipit,
622 1478 867 1548 injuriat
923 1480 1070 1536 bene
1121 1481 1450 1536 facientem.
1529 1483 1687 1536 Fecit
1742 1488 1797 1538 te

123 1567 358 1622 lilium:
385 1571 444 1620 tu
478 1572 676 1622 autem
700 1567 925 1622 visﬁeri
957 1585 1159 1624 servus
1189 1569 1216 1624 ‘I
1246 1570 1498 1625 Venitad
1523 1571 1794 1626 habitan-

121 1657 284 1711 dum
319 1655 471 1726 apud
505 1659 652 1720 te;tu
687 1661 882 1710 autem
917 1658 1163 1714 adducis
1193 1658 1243 1712 ei
1275 1660 1657 1731 cogitationes
1681 1678 1796 1715 ma-

120 1744 329 1815 lignas
360 1744 388 1798 ?
417 1739 687 1799 Christus
717 1744 842 1800 vult
883 1744 1120 1801 solidari
1177 1749 1330 1818 apud
1364 1755 1419 1803 te
1454 1767 1466 1816 ;
1500 1753 1563 1804 tu
1596 1753 1793 1805 autem

122 1850 270 1888 eum
310 1831 626 1889 conculcas
658 1849 761 1905 per
792 1834 1116 1906 crapulam,
1153 1853 1255 1907 per
1285 1837 1648 1893 ebrietatem.
1677 1843 1792 1894 Au-

123 1922 376 1982 diamus
438 1922 538 1994 qui
607 1921 847 1993 indigne
906 1931 1273 1980 sacramenta
1349 1928 1790 1998 participamus.
1827 1963 1874 2026 B

123 2011 469 2066 Audiamus
493 2010 596 2082 qui
624 2009 866 2082 indigne
889 2012 958 2066 ad
986 2029 1250 2068 mensam
1269 2013 1426 2069 illam
1459 2015 1793 2070 accedimus

120 2100 272 2173 quid
307 2105 593 2170 sequatur
625 2115 638 2154 :

207 2210 235 2240 ι
268 2189 508 2245 Scimus
539 2188 697 2244 enim
732 2188 872 2260 quid
913 2189 1060 2245 dixit
1092 2207 1103 2246 :
1140 2191 1282 2246 Mihi
1344 2192 1688 2262 vindictam,
1737 2198 1795 2250 et

121 2295 237 2351 ego
265 2278 619 2333 retribuam.
656 2278 952 2334 Etiterum
983 2297 996 2334 :
1031 2282 1169 2351 quia
1193 2281 1480 2351 iudicabit
1513 2284 1793 2338 Dominus

120 2367 418 2441 populum
451 2383 630 2422 suum
665 2367 845 2438 (Deut.
881 2369 1176 2438 xxxn,35;
1209 2372 1378 2426 Ecclz'.
1413 2389 1646 2439 xxxvm,
1682 2373 1785 2444 1).»

122 2457 210 2514 De
238 2454 502 2510 inimicis
533 2454 644 2511 hoc
676 2456 900 2511 dictum
942 2463 1048 2524 est,
1082 2459 1179 2529 qni
1221 2459 1372 2515 male
1406 2461 1644 2526 faciunt,
1676 2479 1793 2518 non

125 2548 201 2602 de
235 2546 351 2613 his,
387 2546 487 2618 qui
517 2545 671 2602 male
702 2547 1343 2618 patiuntur.Hicautem
1374 2556 1430 2606 et
1460 2551 1796 2608 consolatur

127 2652 255 2706 eos,
290 2635 492 2690 dicens
526 2651 539 2690 :
577 2658 605 2685 «
641 2636 760 2707 Ego
782 2636 1123 2693 retribuam.
1151 2660 1178 2687 ››
1211 2643 1524 2696 Permanet
1553 2641 1709 2696 enim
1732 2642 1792 2696 in

128 2725 568 2796 sempiternum
601 2723 777 2790 Deus,
802 2730 858 2779 et
881 2725 1023 2780 vivit
1057 2743 1068 2781 :
1104 2727 1346 2798 proinde
1364 2728 1471 2784 etsi
1501 2747 1655 2785 nunc
1677 2748 1793 2787 non

127 2814 663 2887 recipiunt,postea
695 2815 979 2886 recepturi
1005 2816 1314 2885 sunt.Illos_
1333 2824 1561 2890 oportet
1583 2837 1792 2893 conge-

130 2905 409 2973 miscere,
448 2921 561 2960 non
596 2920 723 2960 nos.
758 2904 874 2959 Nos
907 2905 1065 2960 enim
1107 2906 1164 2960 in
1198 2905 1437 2963 illorum
1474 2907 1793 2966 incidimus

138 3010 364 3050 manus
401 3011 413 3060 ;
449 2991 532 3047 illi
566 2997 762 3048 autem
823 2993 882 3048 in
943 3011 1154 3050 manus
1204 2996 1322 3052 Dei.
1383 2997 1582 3069 Neque
1637 3000 1792 3056 enim

135 3083 242 3155 qui
299 3082 540 3156 patitur,
620 3081 860 3156 aliquod
920 3083 1144 3140 malum
1206 3085 1447 3156 patitur,
1533 3089 1633 3143 sed
1693 3089 1792 3160 qui

127 3171 294 3229 facit.

205 3285 234 3312 ‹‹
271 3261 641 3318 Horrendum
659 3266 748 3317 est
765 3261 1021 3317 incidere
1046 3264 1105 3317 in
1130 3280 1342 3318 manus
1365 3265 1465 3320 Dei
1489 3266 1792 3322 viventis.»

129 3351 414 3408 Incidunt
441 3351 501 3406 in
536 3368 751 3406 manus
786 3351 1040 3420 Domini,
1075 3352 1174 3423 qui
1225 3354 1455 3423 judicia
1486 3354 1793 3413 hominum
1826 3331 1869 3397 (ἶ

126 3442 677 3498 contremiscentes.
711 3439 936 3510 judicia
965 3440 1067 3496 Dei
1110 3441 1564 3512 parvipendunt.
1599 3445 1709 3500 Sed
1744 3451 1800 3500 et

126 3539 195 3588 tu
227 3530 574 3602 quicunque
605 3533 876 3602 peccator
923 3546 1006 3595 es,
1063 3531 1111 3585 si
1173 3547 1287 3586 non
1340 3533 1704 3603 pmnitueris,
1737 3534 1796 3589 in

129 3636 349 3677 manus
377 3618 613 3675 Domini
647 3617 890 3674 incides.
928 3618 1081 3674 Illud
1113 3621 1270 3675 enim
1305 3623 1685 3677 metuendum
1712 3629 1800 3679 est

131 3710 192 3765 id
227 3708 632 3778 estjudicium
661 3707 902 3773 Dei,hoc
924 3713 1120 3763 autem
1146 3709 1290 3764 nihil
1323 3710 1494 3774 est,id
1530 3716 1617 3766 est
1641 3713 1800 3782 judi-

132 3799 295 3854 cium
327 3796 662 3854 hominum.
695 3800 835 3851 Cum
867 3796 1190 3853 viderimus
1230 3798 1412 3870 igitur
1441 3818 1797 3872 quemquam

131 3888 230 3943 hic
263 3884 606 3958 puniri,non
639 3885 1053 3942 tremiscamus
1086 3887 1156 3940 ad
1191 3889 1516 3958 prmsentia,
1535 3891 1636 3945 sed
1661 3909 1797 3947 con-

131 3975 554 4034 tremiseamus
587 3975 785 4030 futura
817 3973 916 4030 Dei
942 3974 1535 4044 judicia.Secundum
1571 3980 1799 4036 miseri-

131 4065 399 4122 cordiam
431 4063 590 4120 enim
625 4063 1190 4135 ejus,etindignatio
1221 4067 1466 4136 ejusest,
1489 4073 1546 4122 et
1569 4085 1802 4142 semper

133 4170 314 4226 super
345 4157 688 4225 peccatores
721 4151 1036 4224 requiescit
1082 4153 1244 4208 furor
1300 4157 1431 4225 ejus
1472 4156 1529 4212 in
1571 4174 1668 4214 eos
1701 4160 1798 4231 qui

128 4244 406 4301 incidunt
437 4243 496 4300 in
531 4259 744 4298 manus
776 4243 932 4310 ejus.

209 4355 237 4382 ι(
268 4331 776 4390 Remcmoramini
821 4335 1016 4388 autem
1071 4332 1353 4404 pristinos
1401 4335 1546 4400 dies,
1583 4337 1800 4407 quibus

127 4422 476 4489 illuminati,
511 4438 797 4495 magnum
831 4427 1129 4478 certamen
1177 4422 1548 4480 sustinuistis
1575 4426 1798 4497 passio-

127 4531 298 4584 num,
333 4516 394 4567 et
427 4511 486 4566 in
520 4510 702 4566 altero
736 4511 977 4582 quidem
1011 4511 1342 4581 opprobriis
1376 4517 1432 4567 et
1469 4513 1799 4570 tribulatio-

128 4603 310 4660 nibus
343 4599 752 4674 spectaculum
779 4600 984 4656 facti.»
1018 4599 1238 4671 Optimi
1271 4601 1630 4658 medicorum
1661 4620 1796 4658 cum

1910 681 2112 734 dicens
2144 680 2526 735 metuendum
2563 693 2692 733 esse
2751 675 3009 732 incidere
3066 673 3124 730 in
3186 690 3397 730 manus
3459 675 3556 732 Dei

1907 768 2422 840 viventis,proinde
2455 785 2526 823 ne
2557 765 2742 822 multo
2775 767 2984 821 timore
2999 765 3404 837 desperantem
3426 765 3550 820 ani-

1911 877 2067 915 mam
2102 857 2402 914 absorberi
2433 853 3124 921 faceret,consolatureos
3155 872 3259 927 per
3279 854 3480 910 laudes
3502 857 3560 909 et

1910 948 2224 1012 orationes,
2256 951 2314 1002 et
2343 945 2804 1001 immolationem
2839 944 3222 999 domesticam
3273 943 3324 999 ei
3361 943 3556 1016 profe-

1909 1055 2154 1094 rens:«
2218 1035 2734 1101 Rememoramini,
2793 1033 3010 1104 inquit,
3071 1031 3351 1104 pristinos
3407 1033 3552 1099 dies,

1910 1128 1968 1182 in
2029 1127 2244 1199 quibus
2303 1125 2616 1180 illuminati
2684 1139 2966 1195 magnum
3025 1126 3319 1178 certamen
3377 1123 3557 1178 susti-

1909 1217 2142 1271 nuistis.
2180 1238 2206 1266 ››
2235 1219 2314 1271 Ac
2346 1216 2393 1270 si
2425 1216 2642 1270 diceret
2675 1230 2686 1268 :
2724 1213 3004 1285 quoniam
3042 1211 3356 1266 introducti
3389 1211 3552 1279 estis,

1908 1306 2008 1376 qui
2033 1323 2147 1360 non
2167 1305 2224 1359 in
2247 1304 2447 1359 ordine
2467 1301 2889 1374 discipulorum
2903 1301 3332 1367 eratis,tantam
3346 1299 3554 1355 alacri-

1909 1400 2085 1450 tatem
2104 1393 2774 1457 demonstratis,tantam
2792 1389 3192 1446 fortitudinem
3228 1407 3242 1456 ;
3275 1406 3432 1445 nunc
3456 1407 3556 1462 per

1908 1484 2456 1540 rememorationom
2490 1497 2627 1551 rogo
2663 1485 2724 1535 ut
2753 1479 2812 1534 in
2868 1480 2997 1550 ipsa
3056 1479 3456 1551 perseveretis,
3491 1482 3556 1536 ut

1910 1574 2292 1646 perdurantes
2310 1571 2367 1626 in
2397 1569 2899 1638 tribulationibus,
2920 1568 3158 1639 possitis
3172 1568 3402 1623 effectui
3426 1584 3554 1624 esse

1909 1661 2244 1732 unicuique.
2281 1660 2496 1716 Dividit
2527 1658 2776 1731 qualiter
2805 1657 3135 1714 sustineant
3176 1657 3550 1724 tentationes,

1907 1769 2009 1807 seu
2042 1751 2383 1815 certamina,
2418 1751 2572 1821 quod
2606 1753 2691 1804 est
2722 1747 3016 1803 maximus
3040 1745 3250 1802 titulus
3283 1745 3551 1802 laudum.

1905 1841 2125 1897 Deinde
2155 1840 2496 1911 exsequitur
2532 1837 2870 1893 minutatim
2928 1835 3184 1892 dilatans
3223 1852 3553 1891 sermonem

1905 1947 2104 1995 suum,
2137 1934 2193 1985 et
2222 1928 2424 1984 laudes
2457 1926 2743 1998 plurimas
2774 1923 3376 1997 proferens.0umodo
3407 1924 3557 1981 hoc?

1908 2043 1935 2071 «
1967 2021 2136 2075 Nunc
2167 2019 2430 2089 quidem,
2462 2016 2674 2088 inquit,
2725 2015 3054 2086 opprobriis
3113 2018 3169 2070 et
3217 2012 3556 2070 tribulatio-

1905 2110 2081 2165 nibus
2112 2106 2513 2180 spectaculum
2545 2105 2702 2160 facti.
2741 2128 2761 2153 ι
2799 2103 3002 2160 Gravis
3041 2103 3255 2174 quippe
3311 2119 3404 2158 res
3463 2105 3552 2158 est

1905 2197 2371 2270 opprobrium,et
2399 2196 2609 2250 idonea
2622 2194 2694 2248 ad
2712 2193 2970 2249 animam
2989 2191 3469 2260 subvertendam,
3495 2195 3554 2246 et

1905 2288 1975 2343 ad
2009 2286 2409 2342 excaecandam
2443 2287 2873 2340 mentem.Nam
2892 2280 3030 2338 audi
3063 2281 3217 2352 quod
3250 2280 3396 2338 dixit
3416 2281 3554 2336 Pro-

1905 2376 2079 2448 pheta
2114 2393 2127 2432 :
2168 2397 2194 2428 α
2224 2375 2370 2430 Cum
2403 2373 2607 2428 dicunt
2655 2370 2800 2427 mihi
2859 2371 3070 2441 inquit.
3133 2386 3236 2442 per
3287 2368 3555 2440 singulos

1903 2466 2031 2520 dies
2067 2482 2079 2520 :
2115 2463 2223 2520 Ubi
2255 2468 2346 2518 est
2375 2463 2529 2518 Deus
2559 2466 2699 2516 tuus
2729 2460 2757 2515 ?
2788 2481 2820 2512 ιν
2849 2460 3024 2530 (Psal.
3077 2475 3194 2523 xu,
3229 2459 3306 2526 4.)
3350 2458 3418 2514 Et
3449 2457 3553 2513 ite-

1905 2572 2037 2610 rum
2072 2572 2084 2608 :
2127 2575 2153 2607 α
2179 2552 2236 2606 Si
2267 2552 2544 2607 inimicus
2575 2551 2952 2622 exprobraret
2997 2547 3166 2612 mihi,
3197 2546 3552 2604 sustinerem

1903 2643 2143 2715 (1430).-
2183 2641 2470 2706 Quoniam
2499 2641 2960 2711 valdeappetens
2990 2636 3339 2708 estgloriam
3366 2652 3555 2709 genus

1904 2733 2275 2788 humannum
2301 2735 2605 2803 propterea
2624 2729 2800 2786 etiam
2814 2727 3144 2800 opprobriis
3166 2725 3336 2782 facile
3363 2727 3552 2799 capti-

1902 2827 2089 2878 vatur.
2127 2823 2194 2877 Et
2252 2838 2367 2875 non
2425 2817 2774 2891 simpliciter
2829 2817 2997 2884 dixit,
3053 2814 3402 2888 opprobriis,
3450 2815 3552 2872 sed

1904 2912 2082 2968 etiam
2106 2910 2199 2966 hic
2226 2914 2611 2982 augmentum
2646 2906 3008 2973 fecit,dicens
3037 2922 3050 2961 :
3083 2903 3553 2976 etspectaculum

1905 3001 2061 3058 facti.
2095 2999 2240 3055 Cum
2273 2998 2429 3054 enim
2462 2996 2595 3067 quis
2624 3000 2845 3052 secreto
2897 2993 3300 3066 exprobratur,
3333 2993 3550 3050 contri-

1905 3095 2096 3147 statur
2127 3088 2364 3160 quidem
2427 3087 2525 3140 sed
2588 3083 2773 3140 multo
2832 3081 3112 3155 amplius,
3172 3098 3305 3137 cum
3354 3098 3552 3138 coram

1905 3179 2184 3236 omnibus
2221 3195 2234 3244 ;
2268 3178 2558 3247 quantum
2593 3178 2718 3230 erat
2781 3172 3027 3238 malum,
3088 3171 3454 3229 discedentes
3486 3171 3558 3228 ab

1908 3267 2252 3325 infirmitate
2281 3264 2526 3321 Judaica
2544 3267 2599 3319 et
2629 3262 2700 3318 ad
2723 3261 3009 3333 optimam
3038 3260 3215 3316 vitam
3249 3265 3559 3318 transeun-

1909 3364 2018 3423 tes,
2051 3361 2108 3412 et
2139 3363 2412 3428 paternas
2443 3351 2788 3408 traditiones
2846 3355 3308 3417 contemnentes,
3367 3354 3433 3405 ut
3482 3350 3558 3406 ab

1910 3446 2053 3519 ipsis
2108 3442 2448 3500 domesticis
2491 3445 2832 3512 paterentur
2889 3438 3075 3494 multa
3122 3437 3298 3505 mala,
3333 3456 3366 3494 a
3396 3438 3558 3495 nullo

1909 3536 2194 3592 haberent
2242 3531 2665 3587 defensionem.
2728 3533 2852 3585 Non
2907 3528 3114 3593 habeo,
3169 3526 3382 3600 inquit,
3417 3527 3559 3600 quid

1910 3626 2125 3692 dicam,
2160 3621 2300 3694 quia
2328 3620 2438 3676 hoc
2469 3619 2626 3692 passi
2661 3618 2899 3688 quidem
2953 3617 3116 3683 estis,
3165 3622 3222 3671 et
3279 3617 3424 3674 forte
3455 3617 3558 3672 do-

1910 3713 2126 3783 luistis,
2161 3713 2278 3766 imo
2311 3709 2502 3780 magis
2531 3707 2897 3780 gaudebatis.
2931 3707 3054 3762 Non
3084 3704 3303 3772 solum,
3361 3705 3558 3778 inquit

1911 3804 1967 3859 in
2002 3801 2254 3875 propriis
2286 3798 2660 3872 passionibus
2691 3814 2806 3852 non
2837 3795 3341 3866 erubuistis,quin
3374 3783 3554 3852 etiam

1907 3891 2041 3948 aliis
2073 3890 2266 3945 taliter
2331 3887 2688 3958 patientibus
2733 3885 2875 3941 socii
2907 3885 3044 3940 facti
3076 3884 3218 3940 estis
3253 3905 3267 3950 ;
3301 3886 3456 3956 quod
3487 3885 3559 3940 de

1911 3977 2192 4052 apostolis
2223 3976 2444 4031 dictum
2479 3991 2607 4030 esse
2659 3974 2930 4030 arbitror.
2967 3995 2995 4024 «
3028 3973 3091 4028 In
3151 3972 3331 4028 altero
3362 3977 3558 4028 autem

1911 4069 2054 4124 socii
2087 4066 2282 4122 taliter
2311 4063 2784 4121 conversantium
2814 4061 3022 4120 effecti.
3063 4085 3082 4111 ι
3119 4063 3194 4118 Ac
3249 4061 3299 4116 si
3352 4061 3510 4118 dicat
3543 4078 3557 4116 :

1909 4158 2046 4223 Vos,
2080 4157 2179 4228 qui
2213 4155 2329 4210 illis
2361 4151 2736 4221 ministratis,
2785 4151 2926 4207 socii
2981 4151 3122 4206 estis
3177 4151 3442 4223 ipsorum
3499 4150 3557 4206 in

1911 4245 2404 4302 remuneratione.

1987 4357 2015 4386 «
2048 4335 2193 4392 Nam
2225 4338 2283 4390 et
2313 4331 2526 4388 vinctis
2557 4329 2852 4402 compassi
2883 4328 3045 4399 estis,
3078 4333 3135 4384 et
3166 4329 3432 4400 rapinam
3466 4328 3562 4383 bo-

1910 4441 2120 4482 norum
2151 4428 2478 4477 vrstrorum
2512 4437 2648 4474 cum
2685 4417 2902 4490 gaudio
2942 4416 3307 4488 suscepistis,
3341 4433 3558 4489 cogno-

1910 4518 2140 4570 scentes
2173 4527 2273 4566 vos
2286 4509 2500 4564 habere
2517 4507 2818 4564 meliorem
2843 4510 2900 4561 et
2920 4510 3256 4562 manentem
3281 4506 3560 4562 substan-

1909 4604 2074 4660 tiam.
2109 4623 2136 4650 «
2171 4599 2348 4654 Vides
2381 4596 2521 4668 quia
2549 4596 2621 4650 de
2652 4595 2778 4667 ipso
2812 4594 2975 4662 dicit,
3006 4597 3064 4651 et
3083 4593 3297 4651 dealiis
3326 4594 3556 4652 vinctis.

123 4691 429 4752 malitiam
490 4689 821 4748 secaverint
867 4693 925 4745 et
975 4705 1081 4760 per
1151 4688 1500 4746 incisionem
1560 4693 1802 4748 fecerint
1831 4709 1878 4772 D
1911 4693 2038 4749 Non
2071 4689 2227 4746 enim
2262 4686 2514 4759 putastis
2543 4684 2778 4740 vincula
2835 4701 2962 4740 esse
3021 4682 3121 4739 illa
3171 4682 3424 4749 vincula,
3457 4684 3558 4740 sed

127 4781 354 4840 doloris
402 4784 815 4852 augmentum,
865 4777 1142 4835 solatium
1199 4779 1398 4836 statim
1441 4782 1709 4848 afferunt,
1744 4788 1800 4837 et

125 4869 467 4930 remedium
499 4868 586 4924 illi
620 4867 769 4936 loco,
805 4867 905 4924 ubi
936 4867 1293 4935 dolorinest,
1337 4873 1392 4925 et
1427 4871 1797 4942 pertubatam

124 4964 392 5019 refovent
427 4961 692 5016 animam
735 4979 748 5028 ;
783 4963 1098 5030 postquam
1153 4963 1346 5014 autem
1395 4961 1796 5028 recreaverint,

125 5052 376 5108 alteram
399 5051 533 5122 jam
569 5065 690 5125 non
728 5048 1016 5118 adjiciunt
1048 5048 1406 5104 sectionem:
1441 5049 1583 5120 quin
1620 5050 1798 5104 etiam

122 5142 312 5211 illam,
349 5157 484 5212 qua:
519 5139 674 5193 facta
704 5141 812 5205 est,
846 5137 1344 5193 medicaminibus
1386 5137 1720 5193 mitioribus
1743 5142 1799 5194 et

121 5231 464 5288 valentibus
488 5226 941 5299 amplitudinem
966 5226 1233 5299 mitigare
1252 5227 1469 5283 doloris
1492 5229 1799 5284 confovent

121 5321 238 5377 Hoc
271 5319 461 5375 etiam
493 5315 816 5388 Apostolus
847 5315 1326 5387 fecit.Postquam
1353 5316 1651 5372 concnssit
1681 5315 1800 5370 ani-

119 5427 246 5468 mas
277 5423 490 5468 eorum
527 5410 587 5460 et
639 5404 985 5476 compunxit
1037 5403 1337 5460 mentione
1397 5404 1697 5476 gehennae,
1740 5408 1798 5460 et

113 5501 289 5556 fidem
323 5497 576 5564 faciens,
614 5493 754 5566 quia
783 5493 1062 5550 omnibus
1096 5492 1292 5548 modis
1332 5497 1561 5564 oportet
1609 5494 1796 5565 perire

113 5589 509 5660 injuriantem
556 5583 658 5641 Dei
723 5582 996 5653 gratiam,
1058 5585 1114 5639 et
1169 5580 1280 5636 hoc
1329 5597 1398 5636 ex
1429 5580 1555 5653 lege
1612 5581 1796 5654 Moysi

1909 4783 2065 4838 sicut
2095 4777 2347 4842 athletae,
2378 4776 2556 4834 fortes
2588 4773 2669 4830 sic
2701 4773 2947 4830 stetistis
2983 4790 2995 4828 :
3031 4773 3131 4844 qui
3189 4789 3305 4829 non
3365 4771 3557 4828 solum

1909 4869 2120 4925 vestris
2152 4884 2300 4938 opus
2326 4882 2442 4921 non
2475 4863 2770 4920 habuistis
2797 4862 3127 4919 hortatione
3173 4859 3260 4918 vel
3292 4861 3556 4918 consola-

1908 4960 2084 5024 tione,
2120 4973 2318 5012 verum
2347 4955 2524 5010 etiam
2558 4953 2690 5009 aliis
2721 4953 2972 5008 hortatio
3003 4958 3058 5007 et
3088 4950 3407 5007 consolatio
3425 4950 3558 5007 facti

1909 5048 2070 5104 estis.
2107 5068 2133 5097 ‹‹
2168 5047 2236 5100 Et
2265 5044 2532 5117 rapinam
2565 5041 3033 5098 substantiarum
3064 5046 3389 5096 vestrarum
3422 5057 3556 5096 cum

1909 5136 2124 5210 gaudio
2157 5132 2518 5205 suscepistis.
2556 5155 2583 5180 ››
2644 5131 2952 5203 Rapinam,
2994 5129 3148 5201 quod
3210 5129 3370 5195 dicit,
3422 5145 3557 5186 cum

1906 5224 2122 5298 gaudio
2155 5221 2520 5294 suscepistis,
2553 5220 2606 5275 id
2643 5226 2732 5275 est
2763 5219 2861 5290 qui
2917 5235 3009 5275 res
3061 5218 3297 5275 illorum
3339 5219 3411 5274 ab
3441 5217 3559 5274 illis

1908 5315 2334 5378 abstraxerant,
2397 5327 2530 5365 cum
2585 5309 2802 5382 gaudio
2858 5313 3262 5380 susceperant,
3323 5314 3560 5381 pr0pter

1907 5401 2771 5460 remunerationemmternam.
2805 5398 3149 5455 Mirabiliter
3179 5397 3468 5456 satisfecit
3499 5401 3558 5454 et

1907 5491 2265 5563 comprobat.
2322 5489 2467 5545 Nam
2529 5487 2736 5560 rapina
2788 5487 2890 5543 illa
2948 5487 3214 5544 fortassis
3269 5486 3556 5544 violentia:

1907 5586 2208 5652 raptorum
2241 5577 2572 5634 ascribitur.
2607 5577 2816 5633 Nullus
2849 5577 3003 5634 enim
3041 5581 3238 5651 posset
3266 5575 3554 5633 violentos

174 5769 369 5844 (1439)
399 5765 562 5826 Psal.
593 5763 794 5828 LIV/.13
821 5780 839 5825 ;
871 5763 1141 5830 [inimicus
1195 5759 1572 5830 maledixit“:
1605 5761 1782 5833 mihi,
1821 5761 2212 5828 sustinuissent
2239 5738 2452 5834 utique.
