3916 6394
123 497 222 560 797
621 493 1034 556 EXPOSITlO
1077 495 1156 556 IN
1202 491 1631 555 EPISTOLAS
1673 490 1937 554 PAULI.
1971 525 2050 538 —
2091 493 2171 554 IN
2216 492 2469 555 EPIST.
2515 493 2618 554 AD
2661 491 2900 555 HEBR.

3391 490 3511 553 798

124 631 310 696 animo,
341 631 393 685 et
419 626 571 682 virili
601 643 749 698 opus
781 627 976 692 habet,
1007 627 1207 682 omnia
1255 629 1734 700 supergrediente
1761 626 1815 692 Α
1848 626 2135 683 Dominus
2165 644 2344 699 super
2361 627 2526 694 Abel,
2550 631 2606 682 et
2629 643 2803 696 super
2827 623 3183 682 sacriﬁcium
3211 624 3370 696 ejus;
3405 640 3510 680 seu

124 717 406 786 sensibilis,
438 721 493 770 et
524 717 925 771 inﬁrmitatem
960 717 1254 772 rationum
1301 719 1610 775 hominum
1642 721 1735 775 in-

124 811 439 863 transeuntc.
472 806 596 860 Non
630 806 787 860 enim
820 811 1010 877 potest
1041 806 1209 861 aliter
1239 807 1556 879 quisquam
1593 810 1737 864 ﬁde-

122 897 179 951 lis
208 894 456 960 ﬁeri,nisi
489 895 750 965 seipsum
785 913 818 950 a
849 897 1274 951 consuetudine
1310 898 1610 952 communi
1633 900 1738 953 ab-

127 987 289 1040 ducat.
313 985 448 1047 Quia
477 1001 615 1054 ergo
645 984 855 1038 anima:
892 985 1259 1039 Hebraeorum
1295 988 1518 1042 debiles
1549 995 1734 1053 erant,

117 1081 160 1128 et
187 1092 214 1128 a
244 1075 343 1128 fide
375 1073 610 1143 quidem
643 1073 877 1127 initium
914 1085 1308 1145 sumpserant,
1343 1093 1409 1130 ex
1445 1078 1730 1147 passioni-

117 1164 206 1216 bus
222 1168 395 1216 autem
413 1161 858 1217 tribulationum
879 1163 1288 1234 pusillanimes
1305 1165 1734 1235 efﬁciebantur,

114 1258 159 1306 et
201 1252 376 1306 minus
425 1253 712 1323 patienter
771 1253 1057 1318 ferebant,
1108 1260 1164 1307 et
1213 1256 1729 1323 concutiebantur;

113 1342 272 1412 primo
299 1358 390 1396 eos
434 1359 500 1396 ex
529 1342 740 1412 seipsis
773 1343 1118 1397 adhortatus
1151 1350 1259 1413 est,
1285 1345 1483 1399 dicens
1515 1364 1526 1400 :
1561 1371 1588 1395 α
1625 1348 1732 1401 Re-

111 1431 478 1485 memoramini
514 1431 641 1486 dies
674 1431 1028 1501 pristinos,»
1070 1432 1280 1487 deinde
1332 1450 1400 1488 ex
1430 1436 1732 1505 Scriptura

111 1519 278 1574 divina
296 1519 510 1574 dicente
548 1536 559 1574 :
597 1543 623 1569 «
657 1520 864 1575 Justus
899 1538 963 1575 ex
997 1522 1110 1574 ﬁde
1143 1523 1282 1577 vivit
1317 1541 1328 1577 :
1367 1546 1393 1571 ››
1428 1523 1638 1578 deinde
1662 1542 1729 1579 ex

109 1607 635 1673 ratiocinationibus,
686 1610 936 1665 dicens:
973 1634 998 1659 ‹‹
1045 1611 1212 1665 Fides
1265 1617 1354 1666 est
1409 1615 1725 1683 speranda-

109 1704 215 1741 rum
244 1690 566 1744 substantia
596 1707 812 1755 rerum,
840 1713 867 1740 ››
904 1691 1187 1746 convictio
1221 1710 1585 1764 earum,quae
1612 1711 1726 1749 non

104 1777 365 1845 videntur;
399 1797 557 1835 nunc
588 1785 786 1835 autem
820 1786 877 1835 et
931 1781 1298 1852 genitoribus
1329 1782 1535 1854 incipit
1567 1783 1726 1854 loqui

105 1868 301 1936 magnis
329 1868 551 1934 viris,et
583 1869 932 1925 mirabiliter
953 1870 1084 1924 illos
1119 1888 1450 1942 proponens
1473 1873 1640 1927 nobis
1667 1873 1722 1927 in

102 1955 414 2054 exemplum,
442 1958 605 2030 quia,
627 1959 780 2014 sicut
810 1959 893 2014 illi
926 1977 1129 2016 omnes
1162 1979 1263 2032 per
1293 1962 1468 2015 ﬁdem
1512 1961 1718 2017 salvati
1758 1996 1804 2060 B

100 2049 228 2112 sunt,
259 2044 334 2099 ita
378 2051 432 2101 et
484 2064 595 2102 nos
642 2064 744 2118 per
787 2049 962 2103 ﬁdem
996 2065 1200 2104 omnes
1231 2049 1549 2105 salvamur.
1584 2053 1726 2105 Cum

106 2131 520 2190 eniminvenerit
544 2137 812 2192 animain
837 2139 1058 2193 eisdem
1080 2139 1458 2209 passionibus
1484 2138 1732 2194 socium.

109 2222 386 2291 requiescit
413 2231 469 2280 et
502 2225 774 2296 respirat.
814 2228 928 2282 Hoc
968 2232 1025 2282 et
1065 2227 1122 2282 in
1154 2227 1286 2292 ﬁde,
1321 2227 1429 2282 hoc
1455 2235 1511 2283 et
1539 2231 1596 2282 in
1629 2228 1730 2282 tri-

100 2306 364 2368 bulatione
393 2315 549 2369 solet
573 2315 1117 2372 accidere.Proinde
1145 2318 1222 2371 sit
1257 2319 1309 2371 in
1342 2318 1506 2372 vobis
1531 2334 1732 2372 conso-

102 2393 236 2464 latio,
263 2399 582 2473 inquit,per
612 2409 880 2460 mutuam
914 2406 1300 2461 ﬁdem.Valde
1331 2406 1486 2462 enim
1523 2406 1728 2480 fragile

102 2489 173 2538 est
198 2501 369 2558 genus
397 2489 732 2546 humanum
765 2499 820 2548 et
851 2493 1100 2549 nimium
1134 2494 1412 2550 hzesitans
1434 2496 1493 2549 in
1518 2497 1729 2567 cogita’

102 2571 248 2629 tione.
297 2579 614 2649 Apostolus
663 2597 800 2653 ergo
849 2598 916 2636 ex
965 2582 1230 2654 patribus
1284 2600 1382 2638 eos
1438 2585 1722 2642 hortatur.

106 2660 159 2714 Et
184 2663 354 2733 primo
372 2684 438 2722 ex
460 2671 768 2724 communi
794 2670 1287 2734 intellectu,initio
1321 2673 1722 2743 manifestum,

102 2747 391 2824 inquit,est,
442 2759 588 2830 quia
634 2776 747 2814 non
802 2762 1190 2830 exstantibus,
1225 2779 1350 2831 quae
1384 2768 1542 2830 sunt,
1572 2764 1724 2821 Deus

101 2839 250 2895 efﬁcit
296 2860 307 2895 :
358 2847 455 2900 sed
510 2864 583 2901 ex
626 2847 1026 2906 invisibilibus
1055 2849 1330 2921 visibilis,
1364 2868 1432 2906 ex
1464 2869 1577 2906 non
1611 2854 1724 2908 exi-

101 2930 361 2988 stentibus
384 2936 873 2992 subsistentia.Et
895 2939 1049 2993 unde
1066 2939 1212 2994 hoc?
1242 2941 1388 3003 Quia
1416 2943 1590 2996 verbo
1616 2942 1724 2998 hoc

96 3015 617 3080 fecit.Ratiocinatio
651 3027 889 3097 quidem
922 3027 982 3082 in
1015 3027 1123 3083 hoc
1149 3028 1292 3083 nihil
1325 3030 1491 3084 nobis
1524 3031 1726 3086 suifra-

97 3110 261 3175 gatur.
315 3112 470 3170 Unde
539 3115 775 3186 quidem
841 3117 1149 3185 habemus,
1209 3118 1350 3188 quia
1403 3124 1557 3174 Deus
1616 3119 1724 3174 hoc

96 3194 226 3264 fecit,
257 3201 396 3258 ratio
425 3221 552 3260 non
601 3207 972 3278 suffragatur.
1027 3206 1275 3277 Aliquis,
1327 3209 1562 3278 quando
1618 3209 1722 3264 ﬁe-

93 3281 230 3353 bant,
261 3305 369 3345 non
400 3293 630 3350 aderat.
667 3295 826 3350 Unde
879 3312 1014 3366 ergo
1072 3300 1293 3350 certum
1328 3298 1454 3351 est?
1484 3298 1723 3354 Manife-

1849 733 1949 787 per
1971 716 2132 772 illam
2155 717 2384 773 Domini
2405 715 2940 788 sententiam,quod
2965 733 2997 770 a
3018 714 3208 788 primo
3233 720 3507 784 martyre,

1848 806 1948 874 qui
1979 806 2089 860 fuit
2113 823 2296 877 usque
2318 807 2388 860 ad
2415 812 2740 862 extremum
2773 810 3197 860 rcmemoratus
3223 809 3310 859 est
3335 809 3506 871 Deus,

1849 895 2134 949 vindicari
2170 912 2347 966 super
2380 895 2612 966 his,qui
2649 895 2870 949 faciunt
2898 892 3216 948 vindictam
3241 894 3300 947 in
3325 893 3507 950 servis

1848 985 1970 1039 suis
2021 1002 2034 1038 :
2087 991 2150 1039 ut
2194 985 2249 1038 in
2302 984 2610 1055 Evangelio
2661 984 2913 1054 legimus
2958 983 3177 1050 (Matth.
3211 1000 3368 1049 XXIII,
3400 984 3502 1050 35;

1850 1079 1980 1128 Luc.
2018 1092 2079 1138 II,
2111 1075 2200 1145 51)
2227 1091 2277 1128 :u
2308 1081 2352 1126 A
2387 1075 2673 1145 sanguine
2699 1071 2838 1128 Abel
2863 1073 3012 1143 justi
3046 1089 3234 1143 usque
3266 1074 3336 1127 ad
3369 1090 3503 1128 san-

1845 1164 2084 1235 guinem
2118 1164 2406 1218 Zachariae
2429 1166 2504 1230 (Il
2527 1165 2890 1229 Paral.xx1v,
2911 1164 3022 1234 22),
3051 1162 3153 1216 ﬁlii
3188 1163 3501 1231 Barachize,

1844 1269 2019 1322 quem
2049 1254 2388 1307 occiderunt
2433 1253 2584 1307 inter
2630 1252 2940 1324 templum,
2974 1257 3029 1306 et
3061 1253 3263 1307 altare.
3298 1254 3367 1306 Et
3399 1271 3503 1324 per

1842 1341 2002 1395 illam
2040 1343 2354 1396 defunctus
2386 1343 2576 1396 adhuc
2609 1341 2887 1413 loquitur,
2921 1362 2948 1392 η
2985 1345 3050 1395 ut
3079 1340 3294 1395 dicitur
3317 1358 3328 1394 :
3354 1340 3500 1396 San-

1840 1429 1973 1501 guis
2002 1430 2144 1484 Abel
2179 1430 2394 1485 clamat
2426 1432 2495 1484 ad
2532 1448 2623 1484 me
2655 1431 2724 1484 de
2756 1435 2910 1484 terra
2944 1429 3092 1500 (Gen.
3130 1445 3204 1495 Iv,
3241 1429 3347 1495 10),
3395 1445 3499 1484 seu

1841 1518 2033 1573 adhuc
2085 1518 2374 1590 loquitur;
2423 1519 2532 1573 hoc
2577 1524 2686 1586 cst,
2733 1518 3029 1573 interemit
3071 1517 3306 1589 quidem
3338 1535 3497 1586 eum,

1842 1609 1941 1662 sed
1977 1625 2092 1662 non
2125 1626 2259 1662 cum
2293 1625 2358 1662 eo
2390 1607 2685 1663 interemit
2717 1611 2844 1679 ejus
2876 1607 3144 1681 gloriam.
3169 1610 3248 1662 Ac
3280 1607 3326 1662 si
3352 1606 3501 1662 dice-

1839 1702 1946 1762 ret,
1983 1714 2097 1751 non
2129 1697 2224 1752 ille
2260 1705 2528 1752 mortuus
2562 1703 2672 1767 est,
2705 1714 2840 1769 ergo
2874 1714 2978 1752 nec
3005 1713 3106 1751 vos
3139 1696 3496 1752 moriemini.

1839 1784 2048 1840 Omnia
2079 1786 2201 1842 haec
2230 1787 2348 1857 egit
2377 1787 2715 1858 Apostolus,
2748 1793 2812 1841 ut
2843 1788 3175 1858 capacioces
3216 1802 3314 1841 eos
3365 1785 3495 1839 red-

1836 1875 1997 1930 deret
2018 1875 2075 1928 in
2101 1875 2211 1930 ﬁde
2235 1881 2291 1930 et
2315 1876 2603 1932 ﬁrmiores
2635 1877 2705 1931 ad
2739 1874 3392 1930 tolerandum.Proinde
3414 1879 3499 1928 tot

1836 1963 2026 2033 signa,
2059 1969 2145 2019 tot
2177 1963 2484 2032 miracula,
2519 1967 2596 2018 tot
2637 1964 3069 2019 consolationes
3120 1961 3493 2033 multiplicat.

1848 2055 2074 2118 Quanto
2108 2053 2242 2124 quis
2273 2053 2467 2108 acrius
2499 2071 2708 2125 passus
2742 2052 2934 2118 fuerit,
2967 2056 3127 2106 tanto
3161 2049 3350 2122 magis
3372 2049 3492 2122 glo-

1844 2142 1931 2197 ria
1963 2142 2544 2214 procrescit.Quando
2577 2142 2768 2196 adhuc
2794 2141 3074 2212 loquitur,
3099 2139 3206 2195 hoc
3227 2139 3384 2194 enim
3408 2139 3496 2194 in-

1843 2231 2061 2286 dicium
2085 2233 2358 2302 est,quod
2378 2231 2698 2302 vivit,quod
2725 2231 2780 2285 in
2805 2248 2901 2285 ore
2923 2230 3188 2285 omnium
3207 2234 3492 2294 versatur,

1842 2321 1994 2391 quod
2047 2337 2250 2375 omnes
2299 2337 2432 2376 eum
2481 2320 2851 2375 admirantur
2892 2324 2949 2374 et
2994 2318 3348 2373 beatiﬁcant.
3385 2319 3492 2383 Qui

1840 2410 1997 2464 enim
2020 2410 2296 2464 admonet
2322 2409 2466 2465 alios
2493 2414 2558 2464 ut
2579 2409 2728 2480 justi
2756 2408 2874 2464 sint
2897 2408 3313 2480 loquitur.Non
3334 2405 3491 2462 enim

1839 2504 2070 2554 tantum
2133 2499 2361 2570 proﬁcit
2419 2515 2634 2563 sermo,
2703 2502 2992 2570 quantum
3061 2495 3256 2568 passio
3309 2495 3488 2551 illius.

1837 2588 1999 2644 Sicut
2057 2587 2265 2643 ccelum
2335 2592 2565 2642 tantum
2616 2604 2904 2659 apparens
2958 2585 3240 2658 loquitur,
3296 2585 3380 2640 sic
3436 2589 3494 2640 et

1835 2677 1950 2748 ille,
1987 2678 2124 2732 dum
2162 2677 2220 2731 in
2255 2678 2598 2732 memoriam
2649 2675 2825 2731 venit.
2878 2676 3190 2746 Nunquam
3240 2674 3397 2729 enim
3429 2673 3488 2728 in

1835 2771 1998 2822 tanta
2026 2771 2180 2822 esset
2209 2766 2620 2831 admiratione,
2667 2765 2716 2819 si
2766 2764 2926 2819 mille
2962 2763 3196 2836 linguas
3227 2763 3487 2834 haberet,

1835 2857 1884 2912 si
1924 2856 2158 2924 viveret,
2215 2855 2272 2910 in
2325 2861 2544 2927 quanta
2594 2872 2750 2910 nunc
2796 2853 3185 2909 admiratione
3215 2857 3323 2908 est.
3357 2856 3488 2907 Hac

1833 2944 2020 3016 gloria
2050 2962 2164 2998 non
2200 2943 2526 3015 acquiritur
2553 2943 2678 2998 sine
2709 2940 3003 3014 periculis.

1906 3057 1933 3082 «
1968 3033 2107 3088 Fide
2139 3033 2374 3087 Henoch
2409 3030 2732 3087 translatus
2757 3034 2846 3085 est
2875 3046 2945 3084 ne
2965 3029 3184 3085 videret
3214 3033 3485 3100 mortem,

1833 3126 1890 3177 et
1919 3139 2034 3176 non
2066 3121 2491 3189 inveniebatur,
2547 3118 2684 3190 quia
2734 3115 3038 3172 transtulit
3087 3116 3255 3171 illum
3309 3117 3486 3182 Deus,

1835 3215 1967 3266 ante
1999 3209 2442 3265 translationem
2477 3207 2630 3262 enim
2664 3205 3070 3262 testimonium
3118 3205 3327 3260 habuit
3359 3205 3486 3278 pla-

1836 3299 2029 3355 cuisse
2063 3299 2343 3354 Deo.Sine
2377 3298 2488 3352 ﬁde
2519 3301 2713 3352 autem
2749 3294 3113 3367 impossibile
3143 3298 3231 3350 est
3261 3294 3489 3367 placere

90 3377 230 3431 stum
259 3384 360 3450 est,
393 3383 559 3452 quod
610 3384 746 3438 ﬁdei
795 3401 889 3439 res
942 3390 1050 3439 est.
1091 3408 1111 3432 α
1146 3385 1282 3439 Fide
1314 3385 1720 3457 intelligimus,
1756 3366 1798 3432 (ἶ
1839 3389 1975 3443 Deo.
2012 3389 2255 3443 Credere
2298 3386 2454 3442 enim
2505 3389 2730 3456 Oportet
2787 3366 3154 3439 accedentem
3199 3366 3276 3439 ad,
3305 3389 3486 3439 Deum

89 3460 276 3537 inquit,
336 3477 540 3542 aptata
599 3489 727 3528 esse
795 3473 1006 3528 saecula
1083 3475 1254 3529 verbo
1314 3474 1433 3528 Dei.
1498 3497 1527 3524 »
1589 3477 1723 3532 Fide

88 3551 276 3625 quippe
306 3560 610 3615 credimus
642 3561 930 3632 aptata.id
966 3569 1074 3627 est,
1103 3563 1374 3633 perfecta,
1412 3581 1512 3618 seu
1546 3565 1719 3621 facta:

90 3640 210 3708 quia
238 3660 341 3701 non
377 3664 444 3702 ex
475 3649 841 3717 visibilibus,
877 3653 976 3704 sed
1027 3669 1093 3706 ex
1146 3651 1539 3707 invisibilibus
1574 3655 1722 3708 facta

87 3734 207 3784 sunt
235 3749 354 3803 quas
383 3736 684 3794 videntur.
724 3740 835 3794 Hoc
868 3745 1066 3794 autem
1098 3746 1188 3795 est
1220 3742 1372 3795 ﬁdei.
1407 3743 1724 3799 lnvisibilia

89 3818 281 3892 Quippe
308 3831 493 3893 erant,
529 3827 814 3899 quoniam
865 3829 1115 3883 tenebrae
1148 3835 1312 3884 erant
1344 3848 1521 3902 super
1550 3833 1722 3904 abys-

88 3921 201 3961 sum
231 3911 376 3979 (Gen.
411 3931 451 3983 ι,
485 3917 566 3985 2).
602 3915 873 3971 Visibilia
902 3917 1055 3972 facta
1086 3923 1243 3984 sunt,
1277 3920 1556 3988 quoniam
1597 3939 1720 3976 om-

88 3994 170 4048 nia
199 3998 436 4057 formam
471 4009 850 4076 acceperunt.

145 4085 316 4156 (1442)
342 4114 367 4140 ‹‹
403 4092 543 4148 Fide
576 4092 895 4164 plurimam
930 4093 1183 4148 hostiam
1216 4095 1560 4167 Abel,quam
1585 4097 1719 4152 Cain

86 4170 274 4232 obtulit
304 4183 434 4248 Deo,
470 4199 580 4254 per
612 4199 786 4252 quam
816 4183 1220 4238 testimonium
1253 4191 1605 4242 consecutus
1637 4192 1725 4242 est

82 4265 848 4335 essejustus,testimonium
869 4271 1211 4344 perhibente
1230 4276 1575 4330 muneribus
1598 4278 1724 4346 ejus

82 4347 264 4416 Deo,et
285 4358 569 4427 perillam
587 4360 898 4415 defunctus
921 4361 1114 4416 adhuc
1135 4361 1721 4434 loquitur.»Primum

76 4441 221 4507 penit
248 4449 520 4520 eum,qui
553 4447 710 4504 mala
741 4467 954 4520 passus
987 4454 1094 4518 est,
1127 4455 1182 4505 et
1232 4451 1340 4506 hoc
1372 4457 1428 4506 ct
1459 4471 1493 4507 a
1525 4454 1719 4509 fratre.

79 4524 365 4613 Proprium
400 4536 645 4592 illorum
693 4537 893 4608 posuit
937 4538 1272 4608 exemplum
1307 4556 1319 4593 :
1355 4542 1568 4596 etenim
1597 4560 1720 4613 vos,

75 4611 271 4688 inquit,
316 4625 528 4681 eadem
581 4626 740 4697 passi
785 4626 926 4682 estis
958 4645 990 4682 a
1021 4627 1449 4684 contribulibus
1490 4611 1718 4687 vestris.

1834 3477 1973 3548 quia
2000 3485 2108 3542 est,
2140 3480 2196 3530 et
2224 3474 2659 3546 inquirentibus
2690 3491 2751 3529 se
2775 3478 3178 3528 remunerator
3208 3473 3349 3528 sit.»
3364 3478 3487 3530 Non

1833 3566 1989 3621 enim
2040 3565 2184 3620 dixit
2230 3566 2383 3636 apud
2439 3565 2700 3636 seipsum
2742 3562 2999 3631 Henoch,
3034 3562 3187 3634 quod
3221 3579 3368 3633 opus
3399 3569 3490 3618 est

1833 3653 2065 3709 labores
2089 3659 2142 3708 et
2174 3653 2432 3726 pericula
2454 3652 2916 3708 sustinere.Ecce
2936 3649 3075 3705 Abel
3096 3655 3363 3705 mortuus
3385 3668 3488 3722 pro

1834 3760 2030 3797 amore
2063 3743 2250 3808 Dei,et
2282 3742 2531 3797 necdum
2567 3740 3054 3796 resurrectionem
3091 3739 3338 3810 adeptus
3362 3743 3486 3807 est;

1834 3833 1935 3887 sed
1968 3831 2327 3886 desiderium
2350 3830 2587 3901 quidem
2611 3831 2742 3900 ejus
2764 3829 3143 3884 manifestum
3170 3831 3341 3897 est,et
3363 3844 3489 3898 quis

1835 3920 1907 3974 ab
1941 3919 2040 3974 illo
2074 3919 2196 3974 ﬁeri
2229 3919 2542 3982 debebant,
2577 3918 2728 3972 facta
2760 3922 2918 3971 sunt.
2951 3916 3084 3979 Quae
3122 3932 3254 3970 vero
3285 3916 3490 3971 donari

1834 4014 2165 4081 sperantur,
2203 4007 2454 4061 necdum
2487 4005 2570 4060 illi
2605 4005 2816 4060 collata
2845 4005 3131 4059 sunt.Sed
3165 4019 3270 4058 nec
3301 4005 3490 4074 parri-

1835 4097 1963 4153 cida
1994 4096 2253 4168 suscepit
2285 4095 2717 4150 contritionem.
2749 4093 3003 4148 Minatur
3032 4092 3268 4164 quidem
3298 4093 3370 4147 ab
3402 4109 3489 4163 eo,

1835 4187 1937 4242 sed
1969 4187 2220 4242 necdum
2253 4185 2302 4240 ei
2336 4183 2626 4239 retribuit.
2661 4182 2804 4246 Quid
2841 4180 2923 4235 illi
2957 4199 3025 4236 ex
3054 4180 3164 4236 hoc
3195 4181 3491 4253 proderit?

1835 4277 1935 4331 sed
1969 4276 2040 4330 ab
2082 4273 2427 4345 hujusmodi
2450 4272 2821 4328 cunctatione
2843 4271 3244 4343 pertransiens
3268 4269 3492 4325 intelle-

1834 4363 2233 4434 xit,quoniam
2259 4364 2308 4418 si
2333 4368 2422 4418 est
2451 4364 2621 4431 Deus,
2649 4361 2986 4416 omnimodo
3021 4358 3328 4413 retributio
3359 4358 3488 4413 erit.

1833 4455 1904 4509 Et
1931 4471 2032 4508 vos
2063 4452 2487 4524 igitur,inquit,
2509 4449 2792 4505 attendite
2811 4465 2942 4515 vos;
2965 4453 3023 4502 et
3042 4447 3089 4501 si
3111 4446 3320 4502 videtis
3342 4446 3489 4502 nihil

1832 4559 1933 4597 vos
1961 4542 2056 4596 hic
2089 4540 2408 4612 percipere,
2437 4555 2553 4594 non
2576 4536 3023 4609 perturbemini.
3057 4535 3114 4590 Si
3141 4533 3224 4590 illi
3250 4536 3333 4591 sic
3363 4535 3485 4607 pla-

1833 4635 2082 4687 cuerunt
2111 4629 2248 4695 Deo,
2283 4629 2381 4699 qui
2407 4626 2572 4682 nulla
2601 4624 2887 4698 exempla,
2922 4643 3048 4696 quae
3094 4625 3486 4696 intenderent,

80 4703 339 4766 llortatur
367 4715 534 4769 enim
569 4731 690 4782 eos,
714 4721 799 4782 ut,
832 4715 984 4770 sicut
1013 4715 1108 4770 ille
1141 4717 1358 4786 injuste
1388 4719 1616 4776 occisus
1639 4726 1727 4777 est
1760 4729 1802 4794 [)
1835 4720 2414 4789 habuerunt,quanto
2448 4717 2636 4788 magis
2658 4733 2764 4771 nos
2794 4715 3078 4770 debemus
3112 4713 3489 4785 placere,qui-

75 4810 101 4846 a
147 4796 340 4868 fratre,
394 4807 452 4858 et
506 4820 624 4858 non
685 4805 971 4860 recusavit
1003 4807 1488 4877 persecutionem,
1531 4810 1612 4864 ita
1645 4811 1724 4865 illi

73 4899 172 4938 non
196 4892 623 4961 recusarent,si
644 4892 862 4964 injuste
881 4899 1266 4965 paterentura
1291 4898 1722 4955 contribulibus

67 4987 274 5034 eorum.
310 4979 646 5036 Plurimam
680 4983 897 5054 quippe
923 4983 1175 5038 hostiam
1201 4985 1549 5057 Abel,quam
1582 4989 1719 5044 Cain

66 5063 281 5136 obtulit,
317 5087 437 5125 non
487 5071 645 5141 quod
681 5069 781 5124 illa
811 5071 1002 5127 hostia
1051 5073 1111 5127 in
1161 5074 1336 5128 rebus
1386 5077 1722 5133 carnalibus

67 5155 244 5225 major
272 5159 627 5230 exstitisset,
661 5161 760 5215 sed
797 5160 1087 5232 quidquid
1133 5163 1420 5232 Optimum
1473 5165 1724 5221 habebat

67 5243 334 5310 Abel,Deo
370 5265 482 5321 per
514 5249 694 5304 ﬁdem
725 5249 1003 5305 benevolo
1035 5251 1232 5306 animo
1274 5253 1620 5323 proferebat.
1657 5256 1723 5310 Et

62 5331 253 5391 exinde
278 5337 330 5392 ei
368 5355 486 5393 sua
519 5337 910 5410 multiplicata
940 5339 1196 5395 fuerunt.
1231 5341 1297 5395 Et
1335 5341 1722 5414 intelligimus

61 5420 241 5490 ipsum
290 5444 394 5498 per
440 5427 559 5483 hoc
612 5426 904 5500 placuisse
935 5428 1070 5484 Deo.
1103 5429 1531 5485 Testimonium
1563 5432 1720 5488 enim

58 5521 400 5572 consecutus
435 5520 533 5571 est
562 5533 690 5572 esse
713 5518 934 5587 justus;
960 5519 1078 5573 sive
1112 5519 1266 5590 quod
1301 5519 1454 5591 ignis
1476 5520 1722 5577 descen-

56 5599 130 5652 dit
161 5603 229 5658 de
269 5605 524 5677 caalo,ut
574 5606 633 5660 in
671 5606 1033 5663 Theodotion
1080 5605 1296 5680 legitur
1334 5608 1722 5666 inﬂammavit

115 5781 299 5856 (1442)
327 5783 438 5840 Hic
472 5782 538 5838 in
575 5785 702 5842 cod.
735 5801 922 5858 marg.
955 5784 1168 5859 legitur
1195 5803 1320 5859 cap.
1355 5785 1594 5845 XXVIII.

1839 4811 1946 4865 bus
1977 4813 2063 4863 tot
2093 4807 2272 4861 stellae
2300 4807 2582 4861 micantes
2613 4805 3000 4870 emicuerunt,
3035 4805 3219 4858 donec
3266 4803 3488 4858 veniret

1833 4917 2004 4954 verus
2057 4897 2194 4952 Sol?
2247 4897 2403 4964 Fide,
2454 4895 2668 4966 inquit,
2719 4893 3043 4949 translatus
3091 4897 3180 4947 est
3225 4893 3484 4948 Henoch.

1837 4987 2066 5043 llenoch
2097 5004 2200 5058 per
2231 4987 2404 5040 ﬁdem
2438 4983 2658 5056 placuit
2709 4988 2836 5049 Deo,
2872 4989 2934 5037 ut
2965 4983 3258 5053 quomodo
3293 4986 3486 5053 patres

1833 5077 2164 5148 superiores
2196 5079 2327 5128 ante
2359 5074 2696 5139 adventum,
2737 5071 2902 5126 illum
2949 5088 3060 5126 non
3111 5071 3382 5125 viderunt
3429 5075 3487 5126 et

1833 5167 2234 5231 crediderunt,
2267 5164 2346 5218 ita
2395 5169 2452 5218 et
2503 5180 2609 5216 nos
2660 5161 2907 5216 scientes
2941 5161 3174 5215 credere
3204 5160 3487 5216 debemus

1834 5257 1989 5328 quod
2014 5271 2127 5309 non
2153 5254 2440 5320 videmus,
2470 5257 2535 5306 ut
2568 5251 2927 5322 accipiamus
2959 5250 3111 5304 sicut
3139 5248 3222 5304 illi
3255 5265 3488 5322 accepe-

1833 5349 1992 5408 runt,
2022 5349 2086 5399 ut
2115 5343 2333 5398 dicitur
2364 5359 2376 5396 :
2415 5362 2441 5390 «
2473 5339 2720 5403 Quaerite
2751 5338 3086 5406 Dominum,
3113 5344 3171 5394 et
3200 5339 3489 5396 conforta-

1833 5433 2000 5501 mini,
2053 5431 2292 5505 quaerite
2323 5429 2530 5484 faciem
2564 5430 2694 5500 ejus
2725 5445 2956 5500 semper
2986 5429 3160 5499 (Psal.
3203 5445 3310 5498 ειν,
3345 5428 3419 5500 4).
3454 5451 3482 5477 ››

1832 5522 1906 5578 Ut
1934 5522 2090 5578 enim
2123 5519 2557 5584 transferretur,
2591 5534 2768 5572 causa
2800 5517 2910 5573 fuit
2939 5535 3042 5590 per
3072 5518 3224 5589 quod
3250 5517 3484 5590 placue-

1829 5617 1938 5666 rat.
1973 5611 2085 5666 Sed
2116 5613 2181 5664 ut
2211 5606 2444 5663 choch
2477 5605 2728 5682 placeret
2761 5608 2894 5675 Deo,
2928 5623 3108 5663 causa
3137 5611 3262 5662 erat
3315 5606 3479 5661 ﬁdes.
