3916 6410
451 386 568 448 803

1469 381 1807 443 ATTONIS
1853 380 2443 442 VERCELLENSIS
2491 382 2843 445 EPISCOPI

3757 385 3882 444 804

448 517 706 574 lutarent
735 533 852 571 eos.
888 517 968 571 Ex
999 514 1344 587 metaphora
1365 514 1768 585 navigantium
1793 513 1900 568 hoc
1921 514 2088 579 dixit,
2121 520 2174 584 Α
2206 513 2264 568 in
2298 515 2442 569 actis
2475 517 2882 570 nefandorum.
2911 515 3020 569 Sed
3049 513 3130 568 illi
3150 515 3230 569 ita
3250 518 3416 569 erant
3439 513 3602 580 clari,
3626 515 3711 569 ita
3732 531 3882 570 con—

447 607 585 677 quia
617 624 649 660 a
682 606 852 677 longe
876 605 1238 678 prospiciunt
1259 605 1619 659 desideratas
1643 603 1925 664 civitates,
1952 620 2099 672 quas

445 701 762 766 antequam
796 695 1219 765 ingrediantur,
1254 693 1603 747 salutatione
1633 691 2017 762 prieveniuiit,
2045 697 2101 744 et

443 800 542 838 eas
565 785 674 838 sibi
702 784 1018 838 familiares
1041 782 1322 836 efﬁciunt.
1339 780 1788 850 Aspiciebantin
1813 781 1947 844 ﬁde,
1972 797 2100 834 eon—

442 872 762 926 ﬁtebantur
785 872 839 925 in
862 871 1251 933 sermonibus,
1273 869 1411 940 quia
1430 870 1741 939 peregrini,
1759 873 1813 922 et
1837 869 2097 938 hospites

441 965 626 1030 erant,
650 965 715 1014 ut
735 959 1016 1030 scriptum
1041 963 1155 1012 est:
1177 957 1523 1027 Peregrinus
1545 974 1698 1026 sum,
1719 957 1872 1011 sicut
1892 973 2096 1011 omnes

440 1053 636 1120 patres
685 1048 798 1102 mei
850 1051 897 1117 (ι
922 1053 1059 1102 Ραν.
1092 1064 1246 1113 xx1x,
1283 1047 1349 1100 15
1384 1064 1396 1112 ;
1456 1046 1583 1101 Gen.
1617 1063 1780 1115 xxxii,
1815 1047 1881 1112 fi;
1935 1047 2090 1100 Psal.

438 1153 676 1202 xxxvm,
712 1136 818 1206 13).
853 1135 960 1190 Ubi
1010 1138 1206 1190 autem
1258 1135 1567 1189 conﬁtetur
1610 1133 1902 1188 Abraham
1936 1135 2090 1203 quod

439 1225 804 1298 peregrinus,
839 1228 897 1280 et
935 1223 1150 1295 hospes
1207 1223 1302 1290 sit,
1338 1240 1575 1278 necesse
1623 1226 1712 1277 est
1749 1221 2089 1292 inquirere;

435 1313 702 1368 fortassis
732 1313 888 1368 enim
921 1313 1097 1368 etiam
1123 1313 1316 1384 ipsum
1351 1313 1456 1367 hoc
1476 1313 1808 1366 confessum
1842 1327 1970 1365 esse
2001 1327 2087 1366 re-

435 1403 746 1474 periemus.
767 1402 1082 1457 Confessus
1104 1406 1298 1456 tamen
1315 1401 1616 1466 estDavid,
1635 1400 1786 1454 sicut
1807 1399 2085 1466 diximus;

434 1491 574 1562 quia
605 1491 968 1562 peregrinus,
1002 1490 1212 1560 inquit,
1265 1493 1424 1553 sunt,
1476 1489 1628 1543 sicut
1659 1504 1862 1542 omnes
1893 1493 2086 1558 patres

436 1579 546 1634 mei
573 1598 586 1646 ;
611 1579 954 1652 peregrinus
978 1596 1010 1633 a
1034 1595 1270 1650 peregre
1302 1577 1724 1647 proﬁciscendo
1748 1576 1960 1630 dictus.
1984 1577 2084 1631 Pe-

432 1685 667 1739 ragrare
688 1669 866 1734 enim,
891 1667 1296 1738 perambulare
1325 1665 1616 1732 dicimus;
1643 1666 1782 1736 quia
1809 1665 1866 1717 in
1895 1665 2081 1718 taber-

431 1755 656 1811 naculis
679 1757 1044 1820 habitabant,
1068 1755 1166 1826 qui
1191 1755 1458 1826 sepulcra
1481 1754 1744 1825 pecuniis
1777 1770 2082 1822 compara-

430 1844 594 1899 bant.
628 1847 858 1898 Certum
883 1847 972 1898 est
997 1843 1273 1913 quoniam
1300 1842 1585 1914 peregrini
1611 1845 1795 1907 erant,
1823 1845 1885 1894 ut
1905 1841 2079 1895 etiam

429 1949 535 1988 nec
566 1932 666 1987 ubi
697 1932 1008 2004 sepelirent
1039 1948 1176 1986 suos
1210 1931 1513 1986 haberent.
1566 1931 1712 1995 Quid
1765 1942 1851 1984 est
1897 1946 2031 2000 ergo
2055 1930 2081 1983 ‘?

428 2021 704 2092 Nunquid
738 2021 896 2076 illius
930 2025 1115 2088 terrae,
1142 2021 1198 2074 in
1232 2037 1348 2090 qua
1377 2019 1673 2074 Palaestini
1704 2023 1889 2087 erant,
1924 2019 2080 2073 dice-

427 2110 568 2165 bant
599 2127 661 2165 se
691 2108 1029 2182 peregrinos
1059 2124 1187 2163 esse
1207 2108 1234 2162 ‘I
1282 2108 1658 2179 Nequaquam
1692 2125 1704 2173 ;
1752 2108 1851 2161 sed
1898 2107 2079 2162 totius

426 2199 654 2254 mundi.
691 2199 759 2253 Et
789 2197 1016 2252 merito.
1041 2196 1196 2251 Nihil
1232 2196 1448 2268 quippe
1470 2195 1907 2266 conspiciebant
1930 2195 1990 2249 in
2013 2212 2078 2250 eo

423 2304 648 2357 eorum,
673 2304 800 2358 quae
825 2285 1230 2351 volebant,sed
1254 2284 1452 2340 omnia
1473 2288 1798 2355 peregrina,
1814 2289 1869 2338 et
1891 2283 2079 2339 aliena

423 2375 540 2430 illis
572 2381 757 2442 erant,
791 2376 892 2445 qui
941 2375 1216 2429 virtutem
1253 2374 1348 2429 Dei
1407 2373 1593 2428 colere
1642 2373 2074 2427 desiderabant.

424 2464 747 2534 Quomodo,
782 2463 994 2534 inquit,
1037 2461 1327 2535 peregrini
1359 2461 1569 2516 erant?
1614 2461 1737 2516 Non
1788 2465 1911 2515 erat
1941 2461 2076 2514 dili-

421 2551 618 2623 gentia
647 2569 846 2607 eorum
879 2552 1032 2606 circa
1063 2568 1150 2616 ea,
1185 2567 1312 2620 quas
1344 2549 1524 2619 hujus
1557 2550 1765 2604 mundi
1813 2555 1985 2603 sunt:
2023 2555 2077 2604 et

422 2641 530 2696 hoc
563 2659 678 2696 non
711 2641 900 2696 verbis
935 2639 1145 2709 solum,
1181 2639 1280 2693 sed
1339 2638 1513 2692 etiam
1575 2639 1747 2691 rebus
1795 2637 1960 2708 ipsis,
2021 2642 2078 2691 et

420 2731 695 2801 operibus
727 2730 1233 2783 demonstrabant.
1269 2727 1423 2780 Dixit
1473 2731 1622 2780 Deus
1653 2726 1897 2780 Abrahae
1925 2743 1937 2780 :
1974 2726 2072 2778 Exi

421 2819 492 2872 de
523 2822 678 2872 terra
710 2823 831 2881 tua,
865 2833 992 2886 quae
1020 2817 1337 2886 putabatur
1367 2831 1494 2868 esse
1521 2813 1725 2884 patria.
1753 2814 1963 2868 Statim
1987 2829 2075 2867 ex-

422 2905 543 2977 ivit,
575 2912 632 2961 et
661 2921 776 2960 non
819 2911 905 2960 est
955 2908 1214 2959 retentus
1265 2919 1462 2957 amore
1521 2903 1911 2973 propriorum,
1972 2903 2072 2956 sed

421 2996 575 3050 sicut
596 2994 939 3067 peregrinus
962 3009 1236 3064 egressus
1257 2997 1368 3061 est,
1402 2991 1502 3046 sed
1533 2991 1689 3044 venit
1718 2991 1786 3045 ad
1822 2989 2071 3045 alienam

421 3089 660 3140 terram.
694 3082 847 3138 Dixit
875 3082 929 3137 ei
952 3099 965 3136 :
991 3081 1146 3136 Oll‘er
1175 3080 1321 3135 mihi
1373 3079 1556 3134 ﬁlium
1589 3084 1780 3134 tuum.
1814 3079 1908 3133 Sic
1937 3096 2070 3134 eum

419 3173 632 3229 obtulit
645 3177 926 3245 tanquam
942 3172 989 3228 si
1005 3188 1120 3226 non
1139 3169 1774 3226 habuissethumanam
1799 3173 2070 3223 naturam

2215 604 2453 658 ﬁdentia
2477 605 2734 672 pleni.ut
2757 622 2870 658 non
2895 604 3524 667 confunderetur,cum
3549 620 3757 659 eorum
3781 621 3880 658 vo-

2212 699 2440 746 caretur
2462 695 2633 748 Deus.
2657 695 2879 747 Dicitur
2894 695 3047 748 enim
3079 699 3225 746 Deus
3246 700 3428 759 terrae,
3455 701 3508 746 et
3531 693 3688 747 Deus
3712 695 3872 763 eceli,

2211 780 2501 850 siquidem
2533 789 2588 835 et
2622 789 2770 836 Deus
2802 784 3084 853 gentium.
3119 788 3176 835 et
3199 799 3310 835 non
3346 781 3535 836 solum
3569 781 3870 852 gentium,

2207 869 2306 921 sed
2341 870 2518 923 totius
2550 871 2774 939 mundi,
2809 872 2945 941 quia
2977 872 3101 941 ipse
3133 871 3413 934 condidit,
3447 877 3502 924 et
3532 873 3873 925 construxit

2205 957 2437 1023 omnia;
2475 965 2809 1013 sanctorum
2837 976 2966 1012 vero
2991 959 3224 1013 illorum
3250 976 3361 1013 non
3388 959 3470 1014 sic
3491 960 3731 1029 dicitur,
3763 962 3871 1014 sed

2205 1045 2359 1100 sicut
2388 1048 2633 1102 amicus.
2660 1049 2884 1102 Dicitur
2905 1053 2961 1101 et
2992 1065 3147 1101 nunc
3179 1047 3481 1118 Dominus,
3516 1053 3668 1103 Deus
3701 1049 3874 1103 Chri-

2203 1134 2555 1203 stianorum,
2589 1142 2644 1192 et
2676 1141 2871 1192 tamen
2895 1137 3119 1191 excedit
3140 1136 3246 1191 hoc
3265 1153 3476 1192 nomen
3503 1137 3871 1208 dignitatem

2203 1228 2485 1290 nostram.

2272 1334 2300 1360 ‹‹
2334 1313 2471 1367 Fide
2501 1314 2718 1368 obtulit
2738 1314 3031 1369 Abraham
3061 1315 3238 1382 Isaac,
3263 1331 3395 1370 cum
3429 1318 3782 1384 tentaretur,
3812 1321 3875 1371 et

2199 1400 2570 1471 unigenitum
2612 1402 2907 1472 offerebat,
2929 1401 3027 1473 qui
3067 1407 3406 1473 susceperat
3443 1404 3870 1474 repromissio-

2198 1504 2330 1552 nes;
2352 1490 2420 1544 ad
2442 1507 2614 1560 quem
2631 1491 2848 1544 dictum
2865 1495 2982 1544 est:
3005 1490 3151 1556 Quia
3169 1490 3227 1544 in
3251 1491 3408 1546 Isaac
3422 1491 3730 1545 vocabitur
3749 1492 3870 1545 tibi

2197 1594 2416 1647 semen,
2445 1579 2734 1633 arbitrans
2756 1579 2895 1649 quia
2915 1584 2970 1633 et
2991 1596 3023 1632 a
3046 1580 3295 1634 mortuis
3318 1580 3603 1634 suscitare
3637 1585 3866 1651 potens

2195 1671 2281 1720 est
2315 1671 2480 1720 Deus.
2510 1692 2530 1717 ι
2586 1668 2886 1738 Siquidem
2922 1668 2978 1721 in
3013 1684 3127 1722 uno
3159 1669 3480 1738 eodemque
3512 1668 3662 1722 facto
3698 1669 3866 1722 beati

2193 1755 2700 1819 Abraham,Jacob
2723 1772 2965 1825 operum
2987 1757 3114 1824 ejus
3134 1756 3862 1826 magniﬁcentiamU/i-iél),

2194 1842 2408 1897 Paulus
2429 1844 2557 1897 ﬁdei
2581 1845 2970 1897 constantiam
2995 1843 3273 1912 laudavit,
3298 1860 3402 1898 nec
3427 1850 3623 1899 tamen
3649 1844 3860 1916 dispa-

2191 1947 2333 2000 rem,
2359 1932 2766 2003 diversamque
2792 1950 2824 1986 a
2844 1933 3060 1987 Jacobo
3084 1933 3326 2003 protulit
3357 1933 3578 1989 Paulus
3607 1939 3857 1988 senten-

2189 2019 2351 2072 tiam.
2374 2020 2646 2074 Sciebant
2667 2037 2922 2091 namque
2943 2022 3115 2075 ambo
3137 2023 3291 2091 quod
3315 2022 3612 2076 Abraham
3631 2027 3693 2076 et
3716 2023 3852 2089 ﬁde,

2189 2107 2532 2178 etoperibus
2551 2113 2674 2162 erat
2697 2109 3019 2179 perfectus;
3040 2114 3094 2163 et
3116 2109 3244 2163 ideo
3259 2109 3500 2180 quisque
3521 2110 3766 2166 illorum
3794 2113 3857 2165 il-

2189 2192 2302 2246 lam
2321 2194 2508 2265 magis
2523 2195 2659 2250 ineo
2677 2196 2956 2250 virtutem
2973 2197 3448 2267 praedicavit,qua
3463 2214 3604 2252 suos
3619 2198 3853 2254 audito-

2189 2297 2280 2333 res
2302 2282 2558 2352 amplius
2590 2282 2851 2354 indigere
2883 2285 3195 2354 prospexit.
3225 2285 3370 2346 Quia
3399 2285 3556 2339 enim
3587 2286 3854 2344 Jacobus

2189 2366 2303 2421 illis
2327 2370 2642 2437 scribebat,
2661 2371 2759 2440 qui
2786 2372 2958 2425 ﬁdem
2976 2372 3100 2426 sine
3123 2372 3396 2442 operibus
3410 2373 3658 2428 otiosam
3684 2380 3850 2431 tene-

2188 2456 2347 2525 bant,
2372 2463 2698 2529 Opportune
2721 2459 2860 2513 illud
2885 2460 3128 2530 protulit
3150 2461 3503 2532 exemplum,
3527 2462 3583 2516 in
3610 2465 3850 2534 quoilla

2187 2547 2479 2616 praecipua
2502 2548 2919 2617 ﬁdesAbrahze,
2937 2565 3062 2618 qua:
3079 2554 3133 2603 et
3156 2550 3842 2622 prius,Scripturateste,

2183 2633 2420 2689 laudata
2441 2641 2548 2698 est,
2574 2642 2897 2706 appareret,
2924 2638 3062 2706 quia
3083 2653 3198 2691 non
3225 2639 3409 2692 otiosa
3431 2639 3560 2708 ejus
3581 2639 3639 2694 in
3665 2644 3843 2698 corde

2187 2725 2522 2792 torpuisset,
2549 2726 2647 2778 sed
2673 2725 2742 2778 ad
2771 2725 3160 2778 obediendum
3185 2725 3400 2781 divinis
3427 2726 3840 2800 imperiisjam

2184 2817 2454 2883 prompta
2485 2813 2808 2883 ﬂagrasset.
2863 2813 3006 2875 Quia
3035 2831 3167 2868 vero
3217 2816 3431 2869 Paulus
3483 2816 3836 2891 instruebat,

2183 2900 2282 2971 qui
2315 2901 2439 2955 sine
2470 2903 2655 2971 gratia
2676 2903 2806 2956 ﬁdei
2833 2903 2903 2956 de
2925 2902 3050 2957 suis
3070 2920 3131 2956 se
3151 2903 3504 2958 extollebant
3533 2907 3838 2976 operibus,

2182 2990 2436 3044 ostendit
2467 2991 2605 3061 quia
2637 2991 2763 3046 sine
2786 2991 2896 3044 ﬁde
2929 2991 3292 3061 impossibile
3321 2997 3410 3046 est
3440 2993 3553 3048 Deo
3580 2994 3834 3064 placere.

2180 3080 2367 3148 Atque
2400 3079 2471 3132 ad
2504 3079 2994 3150 redarguendam,
3047 3081 3569 3152 corrigendumque
3624 3100 3838 3142 eorum

2180 3168 2589 3236 temeritatem,
2605 3168 2860 3224 collectis
2883 3170 3146 3223 omnium
3163 3169 3625 3240 patriarcharum
3641 3190 3839 3230 exem-

423 3283 452 3315 ι
481 3263 588 3326 Qui
611 3261 766 3318 enim
790 3261 898 3317 hoc
916 3260 1137 3330 dicunt,
1165 3259 1500 3331 signiﬁcant
1520 3274 1581 3312 se
1606 3256 1850 3329 patriam
1874 3257 2067 3328 inqui-
2102 3253 2145 3318 C
2187 3256 2316 3327 plis,
2352 3257 2659 3312 manifeste
2677 3257 2910 3312 edocuit
2940 3257 3078 3328 quia
3099 3274 3303 3312 omnes
3334 3261 3671 3316 testimonio
3695 3264 3835 3318 ﬁdei

418 3367 544 3407 rere
570 3371 584 3420 ;
614 3374 635 3400 1
672 3351 730 3405 id
761 3354 870 3418 est,
896 3348 1208 3404 caelestem.
1233 3347 1302 3401 Et
1323 3362 1393 3402 ne
1416 3346 1548 3417 quis
1579 3345 1798 3400 diceret
1819 3347 2066 3417 patriam

415 3457 545 3496 esse
574 3445 785 3495 terram
817 3437 1244 3505 Chaldazorum,
1278 3435 1541 3490 addidit:
1586 3456 1612 3482 ‹‹
1648 3434 1714 3488 Et
1745 3434 1793 3488 si
1825 3435 2064 3505 quidem

413 3529 573 3584 illius
596 3529 1026 3592 meminissent,
1043 3527 1112 3581 de
1127 3542 1243 3598 qua
1263 3526 1538 3591 exierant,
1558 3523 2066 3595 habebantutique

413 3623 648 3689 tempus
679 3616 1001 3672 revertendi
1029 3633 1041 3670 :
1080 3639 1106 3665 ››
1142 3615 1196 3669 id
1222 3619 1328 3679 est,
1360 3613 1656 3666 habebant
1684 3612 1942 3682 spatium
1975 3628 2062 3666 re-

411 3705 672 3760 vertendi
704 3705 761 3758 in
794 3704 1146 3769 Chaldzeam,
1171 3703 1324 3756 unde
1357 3705 1413 3754 et
1439 3701 1694 3765 fuerunt,
1721 3701 1819 3753 sed
1855 3699 2063 3754 melio-

411 3810 536 3849 rem
569 3798 874 3865 appetunt,
921 3792 978 3845 id
1012 3795 1118 3861 est,
1167 3789 1459 3844 cmlestem
1491 3787 1837 3843 Jerusalem.
1870 3789 2062 3842 Prima

411 3883 600 3938 virtus
629 3887 736 3952 est,
772 3880 1145 3952 peregrinum
1173 3895 1300 3933 esse
1323 3878 1527 3932 mundi
1560 3878 1756 3947 hujus,
1783 3882 1840 3932 et
1871 3876 2062 3948 hospi-

406 3976 546 4043 tem,
572 3976 628 4027 et
659 3971 807 4027 nihil
841 3985 1156 4025 commune
1187 3967 1401 4022 habere
1430 3983 1564 4020 cum
1612 3966 1848 4037 regibus
1881 3965 2060 4036 hujus

407 4059 624 4126 saeculi,
650 4059 930 4115 removeri
955 4059 1025 4112 ab
1049 4059 1154 4123 eis,
1171 4055 1320 4111 sicut
1340 4056 1705 4128 peregrinus.
1729 4055 1841 4109 Istc
1864 4060 2058 4108 autem

405 4149 676 4220 egregius
697 4149 1040 4219 praadicator
1063 4163 1174 4200 non
1206 4145 1576 4216 peregrinum
1603 4144 1864 4214 seipsum
1891 4144 2057 4208 dixit,

403 4238 504 4293 sed
539 4242 838 4292 mortuum
872 4235 1111 4289 mundo.
1147 4234 1478 4298 «Mundus,
1510 4232 1720 4302 inquit,
1747 4231 1890 4285 mihi
1923 4248 2054 4286 cru-

402 4326 607 4380 ciﬁxus
639 4331 747 4391 est,
781 4330 839 4379 et
870 4340 974 4395 ego
1004 4323 1224 4376 mundo
1257 4321 1407 4391 (Gal.
1439 4337 1516 4387 v1,
1553 4321 1658 4391 14).

479 4433 502 4461 ε
538 4415 670 4469 Ideo
695 4431 809 4468 non
829 4412 1206 4468 confunditur
1228 4411 1380 4464 Deus
1404 4408 1592 4463 vocari
1616 4409 1770 4462 Deus
1796 4408 2050 4474 illorum;

399 4502 625 4573 paravit
647 4502 802 4558 enim
849 4501 967 4555 illis
998 4499 1292 4554 civitatem
1326 4503 1590 4551 sanctam
1632 4497 1835 4567 (1447).
1875 4520 1900 4546 ››
1933 4502 2048 4550 Ma-

397 4608 578 4662 gnum
613 4591 721 4645 hoc
748 4597 856 4656 est,
889 4596 947 4645 et
975 4606 1104 4643 vere
1137 4603 1440 4658 magnum,
1473 4591 1529 4640 et
1561 4585 1758 4639 multra
1798 4586 2050 4640 beatitu-
2082 4617 2130 4682 D

399 4681 553 4735 dinis
586 4679 889 4735 indicium.
915 4679 1248 4732 Laudemus
1269 4693 1406 4746 ergo
1429 4674 1939 4746 ineﬂ‘abiliterejus
1962 4692 2051 4730 es-

395 4767 669 4837 sentiam,
704 4773 760 4822 et
785 4783 1053 4822 amemus
1084 4765 1569 4831 misericordiam,
1595 4764 1750 4832 quod
1775 4763 2050 4834 dignatus

395 4861 484 4911 est
513 4857 726 4912 habere
758 4874 970 4912 nomen
1000 4853 1432 4919 misericordiae,
1458 4851 1703 4906 dicendo
1729 4869 1742 4906 :
1770 4853 1885 4923 Ego
1916 4869 2048 4907 sum

398 4946 548 5001 Deus
578 4945 888 5016 Abraham,
913 4950 971 5000 et
1009 4945 1164 4999 Deus
1187 4944 1366 5007 Isaac,
1391 4947 1447 4996 et
1496 4941 1650 4994 Deus
1681 4940 1880 5005 Jacob,
1913 4958 2047 4996 cum

393 5033 471 5088 sit
502 5051 711 5090 nomen
745 5037 873 5107 ejus
901 5041 1202 5089 aeternum.
1253 5029 1530 5086 Confusio
1575 5029 1790 5100 quippe
1822 5030 1904 5084 illi
1938 5037 2043 5098 est,

394 5124 628 5194 quando
651 5124 1043 5196 malignorum
1070 5121 1379 5176 hominum
1397 5124 1546 5172 Deus
1565 5125 1822 5188 vocatur,
1843 5126 1898 5174 et
1915 5137 2048 5175 con-

395 5211 585 5266 fundit
598 5213 726 5268 illos
741 5215 914 5268 etiam
932 5212 1236 5284 ipse,sicut
1251 5209 1405 5263 enim
1422 5207 2043 5278 gloriﬁcatur,quando

393 5297 874 5372 benignorum,et
895 5301 1250 5373 optimorum
1275 5297 1583 5351 hominum
1608 5300 1846 5350 vocatur
1871 5299 2041 5363 Deus,

392 5389 449 5440 et
477 5389 790 5444 colentium
821 5390 1120 5456 virtutem,
1153 5388 1237 5441 sic
1268 5401 1298 5440 e
1330 5384 1620 5440 contrario
1665 5385 2042 5441 confunditur

487 5511 646 5576 1447)
676 5511 1008 5581 Epithetum
1033 5517 1284 5566 sanctam
1313 5508 1486 5581 vulg.
1523 5525 1638 5563 non
1670 5509 1866 5565 habet.

485 5582 646 5662 1498)
674 5580 876 5664 Jacobi
907 5583 1142 5664 scilicetL
1158 5580 1408 5664 apostoli
1438 5580 1912 5664 lgusﬂAbrahﬁam‘
1932 5583 2036 5664 tri-

387 5649 529 5709 buta
557 5649 829 5709 inuuitur
856 5652 915 5712 in
945 5655 1074 5726 ejus
1103 5649 1364 5725 Epistola
1383 5650 1670 5710 catholica
1690 5669 1751 5727 ιι,
1774 5654 1840 5711 21
1865 5658 1923 5712 et
1942 5656 2035 5726 23,

2181 3345 2403 3418 probati
2430 3351 2586 3400 sunt.
2605 3345 2766 3401 Unde
2787 3350 2843 3400 et
2860 3345 3190 3416 specialiter
3209 3347 3280 3402 de
3303 3349 3598 3404 Abraham
3630 3351 3835 3407 intulit

2179 3434 2317 3506 quia
2350 3435 2461 3488 ﬁde
2509 3435 2741 3489 olferret
2781 3439 2962 3502 lsaac,
2997 3435 3309 3503 arbitrans,
3353 3437 3564 3508 inquit,
3599 3441 3742 3510 quia
3775 3448 3833 3497 et

2178 3530 2441 3577 mortuos
2472 3523 2755 3577 suscitare
2788 3528 2990 3594 potens
3019 3527 3108 3578 est
3139 3523 3314 3580 Deus.
3339 3525 3657 3596 Conjunxit
3688 3547 3832 3602 ergo

2175 3630 2321 3683 opus
2354 3613 2510 3679 ﬁdei,
2543 3613 2640 3682 qui
2675 3613 2802 3667 ideo
2834 3613 3018 3666 tilium
3045 3630 3179 3666 mox
3217 3614 3424 3669 offerre
3448 3616 3650 3685 voluit,
3685 3621 3833 3690 quia

2173 3701 2356 3756 Deum
2383 3701 2538 3755 hunc
2562 3701 2840 3755 continuo
2865 3701 3348 3756 resuscitaturum
3369 3721 3498 3759 esse
3529 3708 3830 3777 credebat;

2172 3791 2299 3843 ideo
2335 3794 2526 3844 autem
2551 3789 2708 3844 hunc
2731 3794 2862 3861 post
2885 3796 3129 3845 mortem
3155 3808 3188 3844 a
3209 3797 3319 3846 Deo
3344 3795 3830 3855 resuscitandum

2171 3895 2298 3933 esse
2329 3879 2619 3944 credebat,
2653 3879 2791 3949 quia
2820 3896 3022 3934 verum
3054 3881 3327 3935 credebat
3354 3897 3482 3937 esse
3521 3886 3679 3955 quod
3713 3905 3828 3942 au-

2171 3968 2376 4034 dierat,
2411 3967 2549 4037 quia
2595 3967 2653 4020 in
2688 3969 2849 4022 Isaac
2894 3968 3196 4023 vocabitur
3242 3970 3349 4023 tibi
3382 3988 3604 4028 semen.
3661 3977 3832 4034 Sicut

2169 4057 2324 4110 enim
2357 4056 2602 4110 credidit
2623 4073 2737 4110 non
2770 4073 2872 4126 per
2895 4059 3178 4112 rationem
3211 4057 3556 4128 humanam,
3591 4063 3734 4132 quia
3760 4083 3833 4122 ex

2167 4142 2338 4197 vulva
2369 4148 2618 4207 mortua,
2644 4149 2699 4196 et
2730 4159 2886 4209 sene,
2912 4143 3396 4216 licetineptajam
3430 4148 3581 4203 facta
3609 4152 3685 4205 ad
3720 4169 3830 4224 ge-

2169 4231 2517 4296 nerandum,
2549 4231 2764 4286 donare
2790 4232 3073 4301 potuisset
3115 4234 3339 4302 ﬁlium;
3369 4236 3452 4290 ita
3480 4237 3659 4292 etiam
3694 4242 3831 4311 ipsa

2166 4319 2279 4373 ﬁde
2302 4318 2557 4373 occisum
2583 4319 2929 4374 resuscitare
2947 4322 3212 4376 credidit.
3239 4323 3471 4378 Sciebat
3490 4327 3829 4386 certissime

2164 4407 2343 4462 Deum
2398 4408 2515 4461 l'alli
2565 4425 2679 4463 non
2714 4426 2907 4479 posse,
2952 4415 3028 4476 et,
3065 4410 3197 4466 licet
3250 4429 3395 4482 puer
3432 4416 3826 4486 occideretur,

2163 4497 2611 4567 promissionem
2647 4502 2844 4551 tamen
2879 4499 2978 4552 Dei
3012 4499 3229 4554 salvam
3256 4518 3618 4571 permanere.
3656 4505 3824 4563 Unde

2162 4592 2218 4639 et
2247 4585 2340 4639 hic
2371 4586 2687 4656 Apostolus
2719 4603 2819 4656 per
2865 4587 3139 4658 Spiritum
3193 4589 3292 4644 Dei
3327 4591 3613 4647 didicerat
3662 4599 3823 4666 quod

2164 4674 2359 4729 animo
2390 4673 2690 4730 habuisset
2713 4676 3004 4730 Abraham
3029 4680 3181 4732 intra
3203 4694 3282 4745 se,
3309 4680 3449 4734 dum
3482 4681 3659 4736 ﬁdem
3689 4687 3821 4754 ejus

2163 4762 2478 4827 laudando,
2510 4764 2688 4817 dicit:
2753 4764 2921 4819 Fides
2977 4766 3271 4821 Abraham
3334 4785 3447 4823 non
3502 4769 3821 4838 hzesitavit,

2161 4868 2293 4906 cum
2320 4853 2557 4907 unicum
2582 4853 2835 4918 oﬁ‘erret,
2860 4854 2917 4907 in
2941 4871 3057 4924 quo
3085 4862 3382 4926 acceperat
3405 4861 3821 4929 repromissio-

2160 4957 2282 5008 nes,
2317 4942 2578 5012 cogitans
2609 4941 2748 5012 quia
2776 4948 2882 4996 eta
2915 4945 3162 4998 mortuis
3183 4960 3315 4999 eum
3335 4947 3689 5004 resuscitare
3712 4968 3819 5021 po-

2157 5036 2285 5086 tens
2317 5037 2406 5084 est
2439 5037 2608 5086 Deus.
2646 5030 2787 5086 Vere
2819 5048 3033 5103 magna
3078 5039 3202 5087 erat
3253 5034 3398 5089 ﬁdes
3443 5036 3717 5094 Abrahae.
3755 5041 3819 5094 In

2154 5119 2294 5174 Abel
2327 5120 2561 5191 quippe,
2587 5124 2642 5174 et
2664 5121 2882 5187 Enoch,
2934 5126 2989 5175 et
3011 5123 3126 5177 Noe
3157 5123 3526 5179 ratiocinatio
3556 5133 3723 5196 erat;
3758 5129 3817 5183 in

2155 5210 2442 5263 Abraham
2466 5214 2661 5263 autem
2688 5209 3160 5266 ratiocinationes
3178 5214 3451 5268 excedere
3482 5214 3814 5272 videbatur.

2153 5298 2295 5352 Nam
2324 5303 2609 5369 praecepta
2630 5299 2847 5370 quippe
2869 5299 2969 5354 Dei
2993 5316 3128 5354 cum
3154 5302 3458 5373 praeceptis
3480 5302 3717 5375 litigare
3743 5308 3818 5360 vi-

2151 5387 2440 5442 debantur
2466 5405 2479 5454 ;
2514 5391 2570 5441 et
2600 5387 2744 5442 ﬁdes
2772 5389 2907 5442 ﬁdei
2941 5391 3305 5460 repugnabat
3331 5408 3344 5458 ;
3378 5397 3436 5447 et
3460 5394 3819 5451 mandatum

2150 5512 2249 5567 ubi
2272 5511 2533 5584 primum
2575 5527 2778 5584 ropera,
2811 5529 2960 5569 vers.
2993 5512 3218 5571 scilicet
3245 5515 3310 5569 21
3342 5531 3355 5582 ;
3404 5513 3626 5573 deinde
3668 5519 3821 5578 ﬁdes

2145 5583 2295 5640 vers.
2327 5584 2418 5653 23,
2451 5583 2785 5641 laudantur.
