3916 6418
105 397 207 459 805

651 392 1073 456 EXPOSITIO
1119 394 1196 454 IN
1239 392 1674 456 EPISTOLAS
1721 395 1976 457 PAULI.
2012 427 2090 441 —
2130 399 2205 457 IN
2254 397 2501 460 EPIST.
2549 403 2652 462 AD
2699 403 2931 466 HEBR.

3385 413 3502 473 806

106 529 194 586 Dei
222 529 340 584 erat
366 525 812 599 repromissioni
845 526 1229 592 contrarium,
1263 530 1327 582 ut
1358 531 1518 598 puta,
1553 526 1734 582 veluti
1763 539 1819 604 Α
1851 533 2061 599 potest,
2087 546 2265 600 quam
2289 530 2338 586 si
2362 531 2493 604 quis
2519 532 2706 590 ﬁlium
2732 536 2994 604 unicum,
3020 537 3502 599 dilectissimum-

105 618 244 690 quod
274 615 436 682 dixit,
464 615 744 686 quoniam
776 613 835 668 in
863 615 1020 668 Isaac
1042 613 1344 669 vocabitur
1374 614 1477 668 tibi
1512 631 1735 679 semen,

102 713 154 764 et
173 704 408 762 credidit
433 722 445 760 :
476 709 534 760 et
555 705 767 758 iterum
791 703 930 757 dicit
955 720 967 757 :
995 703 1268 758 Sacriﬁca
1289 703 1456 758 illum
1480 702 1645 767 mihi,
1671 719 1740 757 ex

101 799 260 868 cujus
279 793 504 852 semine
527 793 787 848 mundus
817 795 977 848 totus
999 798 1123 847 erat
1144 793 1478 864 replendus.
1508 794 1738 848 Intuere

102 887 252 942 litem
303 887 750 957 praceptorum,
802 884 860 936 et
908 881 1391 954 promissionum.
1437 881 1742 937 Contraria

101 975 302 1048 quippe
330 969 893 1044 repromissionibus
922 969 1270 1041 imperabat.
1309 971 1379 1024 Et
1425 986 1614 1040 neque
1659 969 1742 1025 sic

102 1061 396 1134 obstupuit
416 1061 624 1132 justus
653 1058 772 1130 ille,
805 1075 994 1130 neque
1025 1058 1335 1130 deceptum
1378 1075 1441 1114 se
1488 1059 1741 1114 dicebat.

101 1154 219 1210 Non
246 1151 400 1206 enim
432 1152 635 1222 posset
679 1147 997 1219 quisquam
1047 1147 1238 1203 dicere
1274 1164 1286 1202 :
1339 1148 1488 1212 Quia
1537 1147 1746 1203 habuit

103 1243 273 1298 alium
303 1238 516 1305 ﬁlium,
549 1254 618 1294 ex
644 1235 744 1292 illo
781 1236 1054 1307 sperabat
1083 1236 1601 1308 repromissionem
1632 1236 1742 1291 im-

105 1331 275 1405 plere,
308 1334 364 1384 et
408 1331 718 1400 propterea
747 1326 1050 1380 conﬁdens
1080 1324 1262 1381 istum
1296 1325 1526 1380 obtulit.
1561 1326 1744 1380 Etiam

10 1433 13 1436 '
105 1418 485 1491 unigenitum,
518 1415 731 1485 inquit,
764 1415 1062 1480 offerebat,
1105 1415 1204 1485 qui
1255 1415 1743 1486 repromissiones

105 1510 412 1579 acceperat,
449 1507 740 1575 quantum
771 1503 843 1558 ad
878 1503 1164 1557 rationem
1197 1503 1406 1558 attinet
1436 1503 1748 1574 repromis-

10 1623 12 1626 ν
104 1597 321 1663 sionis;
355 1599 662 1665 propterea
715 1591 940 1647 addidit
982 1591 1316 1663 Apostolus,
1350 1593 1743 1663 unigenitum,

102 1686 297 1742 volens
327 1683 632 1738 ostendere
660 1686 966 1753 propterea
989 1680 1358 1752 unigenitum
1386 1698 1535 1751 esse,
1559 1683 1657 1752 qui
1688 1682 1746 1735 in

102 1776 198 1832 illo
228 1777 565 1844 susceperat
593 1770 1104 1843 repromissiones,
1133 1770 1288 1824 sicut
1319 1771 1603 1841 scriptum
1638 1775 1746 1836 est,

103 1865 236 1937 quia
263 1863 321 1918 in
350 1863 510 1917 Isaac
542 1858 845 1915 vocabitur
870 1858 976 1914 tibi
1009 1875 1232 1915 semen.
1263 1859 1481 1914 Deinde
1513 1877 1584 1914 ne
1615 1860 1748 1930 quis

99 1957 326 2028 putaret
351 1950 634 2023 quoniam
666 1949 986 2020 desperans
1033 1948 1143 2004 hoc
1188 1949 1344 2014 fecit,
1377 1953 1433 2003 et
1486 1966 1589 2020 per
1641 1949 1749 2004 hoc

99 2045 446 2116 praeceptum
496 2038 672 2093 ﬁdem
720 2035 881 2092 illius
930 2037 1407 2109 repromissionis
1447 2037 1744 2105 amiserat,

102 2133 412 2205 cognoscat
436 2143 638 2183 revera
662 2125 1034 2198 omnis,quia
1055 2130 1113 2180 et
1133 2125 1296 2181 illam
1323 2126 1531 2182 habuit
1551 2127 1747 2192 fidem,

102 2223 233 2278 licet
251 2220 548 2275 videretur
567 2215 705 2271 huic
735 2215 1198 2287 repugnare(sed
1216 2233 1332 2271 non
1351 2215 1746 2287 repugnabat:

102 2327 215 2366 non
246 2308 404 2364 enim
447 2304 727 2360 humanis
759 2303 1309 2359 ratiocinationibus
1337 2304 1615 2358 virtutem
1649 2302 1750 2357 Dei

100 2398 401 2472 pensabat,
434 2390 537 2451 sed
570 2394 685 2449 ﬁde
715 2397 926 2448 cuncta
954 2393 1214 2465 gerebat)
1246 2411 1259 2460 ;
1293 2398 1602 2465 propterea
1632 2408 1748 2446 non

98 2493 328 2545 veretur
356 2485 550 2540 dicere
567 2481 902 2555 Apostolus,
929 2482 1069 2554 quia
1097 2486 1156 2536 et
1183 2497 1251 2536 ex
1283 2481 1530 2537 mortuis
1563 2481 1749 2536 susci-

98 2584 220 2634 tare
255 2579 459 2648 potens
491 2578 580 2628 est
607 2577 779 2627 Deus.
805 2570 919 2627 Vos
941 2571 1120 2640 enim,
1144 2571 1359 2642 inquit,
1383 2589 1482 2626 vos
1511 2587 1624 2626 non
1657 2588 1752 2642 po-

97 2667 264 2723 testis
296 2666 403 2720 hoc
434 2663 663 2729 dicere;
701 2660 841 2732 quia
870 2661 1130 2733 requiem
1160 2661 1324 2715 vobis
1355 2661 1414 2714 in
1449 2661 1669 2724 futuro,
1694 2664 1752 2713 et

96 2757 152 2811 in
182 2754 400 2810 mundo
418 2751 859 2807 tribulationem
881 2749 1168 2820 promisit.
1187 2750 1248 2804 In
1274 2750 1515 2816 mundo,
1536 2748 1748 2820 inquit,

94 2842 534 2899 tribulationem
567 2839 862 2895 habebitis
902 2838 1120 2909 (Matth.
1155 2855 1310 2906 xxrv,
1341 2840 1396 2910 9)
1425 2865 1438 2904 ;
1488 2843 1543 2893 et
1576 2853 1588 2892 :
1643 2838 1751 2901 Qui

95 2951 212 2989 non
244 2930 536 3003 acceperit
567 2945 799 2984 crucem
831 2945 1022 2992 suam,
1055 2933 1113 2984 et
1156 2933 1396 2983 secutus
1429 2945 1522 2983 me
1554 2927 1749 2996 fuerit,

92 3039 210 3078 non
244 3026 333 3076 est
363 3036 456 3074 me
488 3017 704 3091 dignus
736 3016 951 3088 (Matth.
1000 3034 1056 3086 x,
1109 3017 1215 3083 38;
1268 3018 1432 3071 Marc.
1478 3033 1600 3080 vm,
1641 3017 1750 3082 34;

91 3115 222 3168 Luc.
251 3128 326 3177 1x,
347 3110 442 3177 23)
467 3129 482 3179 ;
516 3113 575 3162 et
593 3108 806 3162 iterum
834 3124 846 3161 :
875 3110 1025 3160 Ante
1048 3105 1362 3177 principes,
1387 3110 1443 3160 et
1475 3105 1752 3177 praesides

93 3201 385 3257 inducent
411 3213 516 3253 vos
546 3203 781 3269 propter
812 3211 905 3250 me
934 3194 1147 3265 (Matth.
1189 3212 1244 3263 x,
1288 3196 1393 3263 18;
1426 3194 1590 3261 Marc,
1623 3212 1748 3262 xm,

1849 634 1960 687 que
1983 636 2156 673 suum
2183 637 2356 675 senex
2379 628 2620 692 cogatur
2645 625 2906 681 occidere
2925 628 2951 680 ?
2977 628 3277 690 Quomodo
3305 638 3499 688 autem

1849 706 2132 776 tunicam,
2159 709 2246 762 vel
2280 726 2444 765 escas
2475 729 2612 767 suas
2645 730 2748 784 pro
2779 715 2974 771 divino
3008 735 3205 773 amore
3238 723 3506 792 pauperi-

1850 795 1961 850 bus
1993 796 2130 852 dare
2162 797 2375 866 differt,
2409 800 2508 870 qui
2545 800 2754 867 ﬁlium,
2789 820 2962 873 quem
2999 822 3171 861 senex
3204 817 3508 881 acceperat

1852 883 2166 970 haeredem,
2190 886 2261 940 ad
2289 888 2616 956 jussionem
2650 891 2901 956 Domini,
2926 895 3128 949 statim
3165 898 3335 952 morti
3366 899 3506 955 dare

1853 990 1968 1027 non
1993 973 2270 1029 distulit?
2299 976 2442 1031 Illud
2470 978 2624 1033 enim
2650 980 2804 1051 quod
2830 981 3051 1037 dictum
3075 987 3182 1050 est,
3211 987 3506 1044 arbitrans

1855 1062 1994 1132 quia
2023 1068 2079 1118 et
2100 1081 2142 1118 -a
2171 1067 2420 1120 mortuis
2452 1069 2801 1124 resuscitare
2833 1074 3038 1140 potens
3068 1078 3156 1127 est
3186 1078 3360 1141 Deus,
3395 1093 3502 1148 po-

1855 1155 1966 1205 test
1999 1151 2181 1224 accipi
2214 1159 2452 1225 propter
2482 1153 2612 1210 illos
2643 1156 2864 1212 dictum
2897 1175 3046 1230 esse,
3079 1177 3226 1232 quos
3277 1163 3508 1221 volebat

1856 1240 1927 1294 ad
1959 1256 2125 1311 spem
2158 1243 2602 1298 resurrectionis
2634 1245 2942 1311 adducere,
2964 1253 3022 1303 et
3053 1249 3152 1319 qui
3184 1251 3375 1307 dicere
3408 1271 3510 1309 au-

1856 1328 2112 1395 debant;
2166 1330 2305 1401 quia
2355 1337 2487 1403 post
2531 1338 2774 1388 mortem
2810 1336 2979 1390 nobis
3013 1338 3164 1393 bona
3195 1342 3503 1410 promisit;

1855 1417 2124 1472 fortassis
2141 1418 2834 1491 enim,inquiunt,t’el’ellit
2853 1425 3250 1482 nos.Ostendit
3267 1431 3505 1503 quippe,

1858 1506 1996 1577 quia
2025 1524 2093 1560 ex
2126 1508 2372 1563 mortuis
2403 1509 2688 1565 suscitare
2721 1517 2925 1581 potens
2957 1520 3047 1568 est
3077 1515 3228 1571 Deus
3255 1538 3269 1586 ;
3313 1519 3363 1573 si
3397 1537 3506 1575 au-

1856 1599 1973 1649 tem
2007 1612 2074 1650 ex
2106 1599 2352 1652 mortuis
2385 1600 2672 1654 suscitare
2706 1606 2909 1671 potens
2958 1609 3046 1658 est
3093 1605 3270 1678 Deus,
3306 1610 3508 1681 utique

1858 1689 2068 1738 cuncta
2100 1686 2366 1740 restituet
2398 1703 2522 1757 quae
2555 1688 2842 1758 promisit.

1931 1795 1958 1821 ‹‹
1995 1771 2154 1826 Unde
2176 1778 2233 1827 et
2251 1773 2312 1827 in
2339 1776 2614 1845 parabola
2633 1778 2857 1848 accepit
2879 1794 3033 1834 eum.
3056 1803 3083 1831 ››
3113 1785 3350 1854 Accepit
3372 1803 3505 1842 eum

1857 1859 1917 1914 in
1951 1861 2286 1931 parabolam
2318 1881 2330 1926 ;
2365 1863 2503 1933 quia
2533 1865 2708 1919 ariete
2740 1866 2930 1922 occiso
2963 1869 3071 1924 iste
3117 1870 3376 1929 salvatus
3424 1882 3514 1930 est

1857 1953 2019 2018 (Gen.
2055 1968 2194 2016 xxu,
2231 1952 2336 2022 13).
2371 1952 2612 2008 Occisus
2645 1959 2735 2009 est
2767 1960 2950 2023 Isaac,
2987 1965 3273 2028 quantum
3310 1965 3380 2017 ad
3414 1982 3510 2020 vo-

1858 2037 2142 2093 luntatem
2165 2038 2323 2093 illius
2347 2041 2659 2111 pertinuit;
2679 2042 2887 2098 deinde
2904 2044 3069 2100 illum
3094 2049 3392 2104 redonavit
3414 2069 3513 2123 pa-

1861 2127 2124 2181 triarchae
2178 2128 2234 2181 in
2288 2129 2583 2198 parabola,
2637 2129 2694 2184 id
2745 2137 2854 2202 est,
2903 2132 2962 2187 in
3023 2135 3410 2195 similitudine
3457 2146 3516 2196 et

1860 2216 2048 2287 ﬁgura
2066 2216 2355 2286 passionis
2369 2217 2603 2273 Christi.
2621 2219 2684 2273 In
2704 2219 3151 2280 similitudinem
3172 2227 3329 2282 enim
3347 2237 3516 2287 erant

1860 2303 2096 2370 omnia;
2130 2321 2256 2375 quae
2289 2309 2484 2360 tamen
2517 2307 2841 2377 agebantur
2870 2310 2928 2364 in
2960 2312 3282 2380 Abraham,
3311 2318 3510 2373 formae

1860 2393 2127 2463 quaedam
2162 2398 2346 2463 erant,
2380 2411 2509 2464 qum
2553 2412 2655 2466 pro
2703 2397 2870 2452 nobis
2900 2416 3074 2455 verus
3102 2403 3419 2474 Abraham,
3452 2407 3511 2459 id

1859 2485 1948 2535 est
1967 2481 2121 2535 Deus
2143 2481 2330 2545 Pater,
2358 2481 2416 2534 in
2451 2483 2564 2537 ﬁne
2592 2483 2788 2538 saeculi
2822 2501 2991 2557 agere
3025 2489 3292 2545 debebat.
3326 2494 3511 2549 Abra-

1860 2570 1994 2624 ham
2021 2571 2236 2641 quippe
2261 2571 2508 2642 ﬁguram
2537 2571 2634 2626 Dei
2661 2572 2848 2628 Patris
2879 2577 3166 2650 gestabat,
3194 2579 3351 2636 Isaac
3379 2599 3512 2638 vero

1860 2659 2110 2729 ﬁguram
2135 2659 2369 2713 Christi.
2394 2659 2540 2714 Nam
2564 2662 2717 2715 sicut
2736 2662 3028 2718 Abraham
3054 2669 3316 2738 unicum,
3340 2675 3396 2724 et
3426 2671 3511 2724 di-

1859 2748 2073 2802 lectum
2103 2747 2289 2802 ﬁlium
2313 2754 2421 2802 Deo
2453 2749 2749 2805 victimam
2773 2752 3022 2820 obtulit;
3056 2755 3139 2810 ita
3161 2757 3314 2812 Deus
3341 2759 3513 2814 Pater

1864 2837 2100 2891 unicum
2123 2837 2332 2891 Filium
2358 2854 2532 2891 suum
2558 2855 2660 2908 pro
2684 2840 2851 2894 nobis
2873 2843 3149 2899 omnibus
3171 2847 3430 2902 tradidit.
3447 2852 3515 2902 Et

1861 2925 2014 2980 sicut
2037 2926 2196 2980 Isaac
2223 2925 2347 2996 ipse
2375 2925 2484 2980 sibi
2516 2925 2672 2997 ligna
2695 2929 2981 3000 portabat,
3009 2933 3226 3003 quibus
3252 2941 3377 2990 erat
3408 2954 3513 2991 1m-

1862 3015 2196 3086 ponendus;
2214 3013 2990 3087 itaetChristusgestabatin
3007 3019 3267 3076 humeris
3282 3022 3508 3095 lignum

1862 3103 2074 3168 crucis,
2107 3103 2164 3155 in
2215 3118 2330 3172 quo
2379 3107 2504 3156 erat
2551 3105 3002 3176 cruciﬁgendus.
3038 3108 3202 3164 Aries
3248 3116 3340 3167 est
3377 3130 3510 3170 caro

1861 3191 2097 3246 Christi.
2125 3192 2283 3245 Isaac
2305 3189 2535 3245 oblatus
2560 3196 2667 3257 est,
2692 3196 2748 3247 et
2770 3210 2884 3248 non
2907 3199 2997 3250 est
3024 3196 3385 3271 interfectus,
3409 3203 3511 3258 sed

91 3286 440 3362 9).Abrahae
456 3301 594 3341 vero
610 3289 848 3342 econtra
864 3283 1085 3339 factum
1104 3287 1285 3350 est,et
1309 3288 1514 3340 contra
1540 3283 1757 3355 quippe
1787 3269 1830 3335 C
1867 3281 2018 3336 aries
2050 3283 2281 3334 tantum
2310 3296 2324 3346 ;
2367 3280 2447 3333 ita
2490 3284 2548 3335 et
2590 3280 2856 3337 Christus
2891 3283 2948 3338 in
2981 3287 3254 3356 passione
3283 3269 3514 3348 oblatus

94 3375 560 3452 promissionem
590 3373 642 3429 ei
674 3371 1077 3444 imperabatur
1103 3379 1170 3426 ut
1215 3372 1451 3439 faceret,
1482 3375 1538 3426 et
1567 3387 1756 3442 neque

95 3469 182 3523 sic
210 3466 491 3522 turbatus
522 3467 632 3534 est,
655 3479 846 3534 neque
876 3461 1201 3533 obstupuit,
1228 3477 1331 3517 nec
1363 3477 1425 3518 se
1451 3462 1756 3531 deceptum

97 3554 524 3612 arbitrabatur.
557 3551 675 3608 Vos
705 3555 903 3607 autem
936 3550 1080 3605 nihil
1112 3554 1273 3606 extra
1303 3550 1756 3622 promissionem

88 3643 394 3718 patimini,
417 3647 477 3698 et
502 3639 961 3698 conturbamini.
977 3639 1077 3695 Ille
1101 3656 1233 3695 vero
1255 3639 1548 3694 contraria
1569 3656 1758 3711 repro-

91 3731 375 3790 missioni
405 3731 683 3788 audiebat
711 3729 784 3785 ab
816 3730 1022 3785 eodem
1055 3729 1207 3800 ipso,
1241 3729 1340 3800 qui
1389 3728 1490 3784 illa
1538 3729 1755 3800 promi-

87 3827 276 3890 serat,
311 3827 370 3877 et
418 3838 536 3877 non
585 3820 1069 3875 conturbabatur.
1106 3819 1264 3886 Fide,
1298 3819 1509 3889 inquit,
1545 3817 1759 3873 obtulit

87 3920 131 3966 Α
144 3911 399 3968 braham
414 3909 755 3973 Isaac.Quirl
772 3925 907 3981 ergo
920 3909 947 3963 ‘I
962 3908 1428 3980 IgnorabatDeus
1442 3907 1579 3979 quia
1593 3907 1758 3962 fortis

87 4007 219 4058 erat
239 4001 339 4058 ille
361 4001 468 4068 vir,
482 4004 540 4055 et
559 3997 918 4071 probabilis?
935 3999 1123 4063 Quare
1141 4013 1277 4069 ergo
1301 4013 1435 4052 eum
1458 3995 1758 4051 tentabat?

85 4092 218 4147 Non
249 4095 315 4145 ut
343 4090 474 4162 ipse
496 4092 894 4161 cognosceret,
919 4088 1019 4142 sed
1054 4091 1121 4141 ut
1149 4085 1280 4141 aliis
1301 4087 1754 4150 demonstraret,

81 4185 144 4236 et
191 4179 579 4236 manifestam
612 4179 742 4248 ejus
773 4175 1179 4232 fortitudinem
1212 4175 1596 4231 constitueret
1625 4174 1756 4228 uni-

76 4270 297 4326 versis.
327 4268 392 4323 Iu
425 4267 536 4323 hoc
565 4267 693 4322 loco
724 4264 900 4320 etiam
928 4263 1183 4320 ostendit
1213 4280 1452 4319 causam
1484 4263 1756 4318 tentatio-

77 4377 256 4424 num,
282 4375 360 4414 ne
391 4362 669 4430 putarent
695 4360 981 4426 tanquam
1013 4353 1323 4408 derelictas
1355 4370 1389 4408 a
1418 4353 1533 4408 Deo
1567 4351 1664 4407 ille
1697 4369 1759 4408 se

70 4447 340 4521 perpeti.
374 4445 433 4500 Si
468 4444 648 4517 igitur
677 4443 758 4499 ita
790 4444 1062 4516 probatos
1093 4441 1447 4497 tentationes
1482 4441 1756 4512 reddunt,

72 4543 146 4592 ut
177 4537 373 4592 etiam
397 4551 514 4590 non
541 4532 828 4589 existente
850 4549 1050 4598 causa,
1078 4531 1232 4586 Deus
1261 4534 1460 4585 tamen
1494 4534 1758 4585 exerceat

72 4643 228 4683 suos
257 4623 542 4691 athletas,
569 4621 756 4678 multo
779 4621 969 4694 magis
991 4637 1092 4675 vos
1115 4621 1186 4675 ob
1210 4635 1332 4675 rem
1356 4623 1568 4674 cuncta
1589 4636 1758 4690 opor-
1791 4641 1836 4704 Ι)

68 4721 157 4771 tet
193 4713 443 4770 fortiter
472 4711 742 4767 tolerare.
781 4711 1088 4781 Eleganter
1119 4707 1454 4779 exemplum
1489 4709 1650 4762 bonae
1688 4708 1759 4761 ﬁ-

69 4806 165 4859 dei
195 4805 277 4859 ab
311 4803 449 4874 ipso
472 4800 806 4873 patriarcha
826 4798 1056 4854 monuit
1076 4813 1207 4852 esse
1233 4796 1604 4861 discendum,
1631 4814 1759 4868 pro-

67 4910 306 4949 vocans
338 4891 615 4945 videlicet
657 4906 777 4960 eos,
803 4888 903 4961 qui
935 4889 1006 4944 de
1033 4887 1252 4942 Judaeis
1285 4885 1672 4954 crediderant,
1698 4891 1762 4941 ut

67 4983 258 5054 quasi
295 4981 470 5036 bona:
506 4979 740 5035 soboles
772 4979 945 5050 primi
996 4981 1055 5033 et
1105 4973 1344 5031 maximi
1375 4974 1466 5029 sui
1500 4976 1760 5046 parentis

1867 3373 1975 3440 est,
2010 3369 2110 3424 sed
2145 3367 2420 3423 divinitas
2450 3369 2836 3440 impassibilis
2880 3374 3116 3430 mansit.

1943 3481 1962 3505 α
2001 3456 2138 3511 Fide
2185 3461 2241 3510 et
2288 3457 2358 3510 de
2406 3457 2619 3512 futuris
2666 3458 2961 3516 benedixit
3008 3463 3189 3533 Isaac,
3230 3465 3410 3524 Jacob
3460 3474 3519 3527 et

1865 3548 2038 3602 Esau.
2070 3568 2096 3596 »
2128 3545 2383 3615 Futuris,
2409 3563 2523 3601 non
2557 3546 2820 3603 futurum
2845 3551 3124 3608 saeculum
3149 3554 3514 3626 signiﬁcans,

1867 3636 1967 3692 sed
2001 3637 2197 3690 futura
2227 3633 2404 3705 hujus
2437 3635 2655 3702 saeculi,
2688 3638 2758 3692 de
2789 3655 2904 3710 quo
2938 3641 3220 3698 Dominus
3264 3645 3407 3700 dicit
3454 3647 3514 3704 in

1865 3723 2214 3796 Evangelio:
2251 3725 2413 3788 Quod
2447 3748 2473 3774 «
2501 3724 2670 3780 multi
2705 3728 3022 3799 prophetae,
3046 3736 3104 3786 et
3136 3749 3302 3805 reges
3324 3735 3516 3792 volue-

1867 3819 2006 3869 runt
2035 3814 2228 3869 videre
2281 3831 2406 3885 quae
2462 3831 2564 3869 vos
2612 3815 2841 3884 videtis,
2875 3823 2931 3873 et
2979 3837 3092 3875 non
3137 3822 3428 3891 viderunt,
3461 3830 3520 3881 et

1866 3902 2070 3959 audire
2093 3920 2218 3974 qua:
2245 3903 2487 3970 auditis,
2509 3908 2566 3957 et
2597 3921 2710 3958 non
2738 3906 3053 3962 audierunt
3075 3909 3227 3979 (Luc.
3260 3929 3315 3978 x,
3347 3914 3458 3985 24).
3486 3934 3514 3965 n

1866 3993 1924 4048 Si
1954 3991 2108 4047 enim
2158 3996 2463 4063 propterea
2507 4009 2621 4046 non
2662 3993 3030 4050 revelabatur
3064 3997 3241 4053 Filius
3273 4001 3516 4071 quibus-

1868 4082 2024 4146 dam,
2052 4087 2286 4152 propter
2307 4079 2710 4135 inﬁrmitatem
2737 4097 2963 4153 eorum,
2989 4086 3086 4156 qui
3115 4103 3249 4142 eum
3283 4106 3398 4144 non
3423 4107 3521 4162 po-

1871 4174 2058 4225 terant
2087 4169 2371 4240 excipere,
2394 4175 2796 4224 verumtamen
2832 4170 2949 4227 illis
2980 4174 3080 4244 qui
3115 4175 3346 4232 virtutis
3381 4178 3518 4233 cha-

1868 4259 2037 4314 ritatc
2071 4259 2394 4331 fulgebant,
2419 4257 2803 4314 revelabatur.
2830 4260 2897 4314 Et
2928 4261 3036 4318 hoc
3068 4265 3242 4320 etiam
3272 4268 3518 4337 Aposto-

1869 4348 1961 4403 lus
1993 4347 2153 4417 dicit,
2187 4347 2325 4418 quia
2357 4364 2457 4418 per
2487 4347 2660 4401 ﬁdem
2696 4364 2793 4402 eos
2826 4349 3121 4407 benedixit
3153 4354 3350 4409 futura
3380 4371 3520 4426 prae-

1866 4436 2071 4490 videns
2099 4454 2111 4502 ;
2147 4436 2285 4506 quia
2321 4441 2378 4490 et
2407 4435 2586 4490 Jacob
2620 4438 2866 4506 ﬁguram
2899 4439 3132 4508 Christi,
3168 4441 3288 4497 sive
3320 4443 3518 4516 populi

1868 4524 2183 4581 Christiani
2214 4525 2500 4595 gestabat,
2535 4523 2685 4578 Esau
2720 4541 2848 4580 vero
2878 4529 3106 4583 Judaici
3139 4531 3346 4601 (1449).

1941 4637 1968 4662 ‹‹
2003 4612 2139 4667 Fide
2169 4612 2346 4666 Jacob
2379 4611 2655 4677 moriens,
2692 4611 2956 4684 singulos
2999 4617 3256 4674 ﬁliorum
3297 4621 3519 4693 Joseph

1872 4702 2180 4760 benedixit.
2207 4707 2262 4756 et
2284 4701 2546 4755 adoravit
2570 4701 2868 4773 fastigium
2898 4705 3069 4778 virga:
3095 4709 3243 4779 ejus.
3269 4732 3297 4758 »
3323 4710 3444 4765 Imo
3466 4714 3524 4765 et

1868 4793 1993 4864 ipse
2014 4793 2191 4846 Jacob
2215 4807 2316 4862 per
2338 4791 2511 4844 ﬁdem
2536 4791 2834 4846 benedixit
2857 4783 3124 4866 singulos
3149 4797 3402 4854 ﬁliorum
3420 4799 3521 4855 Jo-

1871 4881 2036 4953 seph,
2069 4880 2370 4952 Ephraim,
2399 4885 2454 4934 et
2485 4881 2838 4945 Manassem,
2864 4882 2919 4938 id
2954 4891 3061 4953 est,
3088 4887 3235 4943 duos
3265 4893 3519 4944 tantum.

1872 4973 2002 5027 Ideo
2026 4970 2242 5042 singuli
2271 4971 2564 5038 dicuntur,
2593 4971 2732 5041 quia
2763 4990 3248 5049 unumquemque
3275 4979 3345 5034 de
3378 4979 3522 5034 duo-

63 5076 250 5126 actus
285 5073 708 5141 sequerentur.
733 5068 801 5122 Et
831 5067 1110 5138 quoniam
1141 5082 1262 5135 eos,
1293 5081 1364 5118 ne
1397 5065 1454 5118 in
1486 5065 1757 5119 tentatio-

60 5160 259 5216 nibus
296 5160 645 5225 deﬁcerent,
680 5162 738 5212 et
782 5161 848 5211 ut
878 5157 1052 5211 ﬁdem
1086 5171 1255 5210 suam
1289 5170 1391 5224 per
1420 5170 1595 5225 opera
1627 5171 1759 5224 pro-

55 5250 318 5315 barent,
359 5247 740 5313 admonebat,
775 5245 1013 5317 elegans
1063 5245 1135 5298 de
1188 5241 1522 5314 patriarcha
1566 5241 1764 5313 posuit

53 5339 452 5412 exemplum,
489 5353 595 5409 per
631 5336 783 5408 quod
817 5351 917 5390 eos
951 5333 1011 5388 in
1043 5337 1293 5403 utraque
1321 5330 1534 5386 virtute
1565 5335 1762 5402 posset

50 5429 425 5484 instituere.
463 5425 601 5489 Quae
632 5424 792 5480 enim
824 5424 1073 5479 tentatio
1105 5421 1315 5492 major,
1348 5420 1604 5491 exceptis
1644 5419 1758 5488 his,
1871 5435 2100 5473 morare
2122 5416 2404 5480 voluit,ut
2425 5431 2526 5486 per
2544 5417 2846 5490 fastigium
2869 5421 3042 5495 virga:
3065 5425 3365 5480 adoranda
3382 5425 3529 5481 ﬁdes

47 5535 193 5590 quae
235 5518 321 5574 ad
361 5513 586 5588 prOprii
618 5511 884 5585 corporis
914 5511 1213 5584 pertinent
1240 5508 1464 5580 plagas,
1499 5508 1760 5565 accidere
1872 5508 2022 5578 ejus,
2047 5510 2104 5562 et
2132 5504 2441 5577 prOphetia
2470 5507 2894 5565 ostenderetur.
2925 5510 2988 5566 In
3020 5512 3185 5586 virga
3214 5513 3375 5570 enim
3406 5512 3526 5583 illa,

116 5624 340 5697 (1449)
364 5622 461 5706 .En
489 5618 1075 5706 quaeexpositionem
1094 5619 1378 5706 “apati-am
1408 5613 1468 5672 in
1509 5632 1578 5674 ea
1615 5617 1793 5679 verba
1819 5632 1970 5676 vers.
2005 5615 2072 5670 12
2101 5612 2280 5686 hujus
2310 5627 2462 5686 cap.,
2492 5617 2716 5687 propter
2745 5615 2887 5691 quod
2914 5619 3059 5678 etab
3089 5636 3200 5681 uno
3228 5621 3340 5681 orti
3367 5624 3525 5700 sunt,

38 5703 105 5760 et
123 5687 457 5776 'supe'rius
486 5687 774 5755 traditam
804 5691 1062 5754 maxime
1090 5687 1361 5749 fulciunt.

1872 5062 1981 5116 bus
2016 5059 2261 5115 seorsim
2293 5059 2606 5114 benedixit.
2641 5060 2785 5115 Nam
2836 5079 2941 5133 per
2989 5067 3294 5136 majorem,
3328 5067 3385 5122 id
3436 5071 3528 5125 est

1871 5167 1974 5221 per
2005 5150 2334 5215 Manassen,
2369 5150 2742 5220 praeﬁgurare
2775 5150 2957 5206 voluit
2987 5155 3270 5226 populum
3292 5158 3524 5214 Judaeo-

1873 5258 2002 5295 rum
2031 5258 2044 5306 ;
2080 5257 2181 5310 per
2212 5238 2497 5293 minorem
2529 5253 2684 5306 vero,
2720 5242 3004 5312 populum
3035 5245 3523 5303 Christianorum.

1871 5329 2132 5384 Duorum
2152 5328 2306 5382 enim
2329 5326 2580 5381 ﬁliorum
2608 5328 3069 5388 benedictionem
3093 5336 3257 5407 prius
3273 5353 3530 5392 comme-
