3916 6414
384 415 502 485 80⁸⁵1

1406 415 1746 477 ATTONIS
1791 416 2379 479 VERCELLENSIS
2426 415 2777 479 EPISCOPI

3682 414 3804 476 808

385 572 562 629 quam
611 551 875 609 adoravit
927 551 1130 621 Jacob,
1163 553 1218 606 et
1268 549 1608 605 summitate
1639 547 1821 615 illius,
1856 565 2032 621 quam
2061 562 2115 626 Α
2149 566 2355 621 neque,
2378 566 2512 604 cum
2539 552 2735 621 posset
2759 548 2916 604 ﬁlius
2937 547 3090 620 regis
3112 563 3261 615 esse,
3285 546 3662 619 contempsit,
3690 546 3804 602 sic-

385 644 685 702 osculatus
713 649 823 710 est,
839 657 1082 714 regnum
1097 638 1502 709 Christi,quod
1528 637 1817 708 praescivit
1840 639 1896 691 in
1922 639 2033 708 spi-

385 736 527 798 ritu.
561 734 718 805 quod
770 734 831 787 in
880 732 992 785 ﬁne
1027 728 1222 784 seaculi
1253 733 1376 782 erat
1411 727 1697 790 futurum,
1732 725 2027 790 adoravit;

384 825 540 895 quod
569 839 672 893 per
696 836 896 876 verum
917 817 1158 888 Joseph,
1182 817 1237 869 id
1262 819 1370 885 est,
1400 814 1708 869 Dominum
1733 813 2028 869 Christum

382 912 501 984 regi
535 911 901 983 praevidebat.
928 907 1039 961 Seu
1072 904 1377 977 prmscivit,
1404 904 1559 974 quod
1592 904 1661 957 de
1696 903 1897 958 eodem
1931 919 2028 974 ge-

2146 642 2210 692 ut
2257 639 2483 711 Moyses
2532 638 2708 705 fecit;
2765 641 2819 692 et
2872 655 2988 692 non
3040 635 3230 691 solum
3283 636 3654 706 contempsit,
3691 637 3794 692 sed

2143 728 2319 782 etiam
2347 727 2671 797 abnegavit.
2702 726 2852 781 leo
2877 727 3092 797 quippe
3120 725 3450 797 praeposito,
3477 723 3667 780 noluit
3700 725 3798 779 ad-

2143 816 2342 870 mirari
2372 815 2694 887 zEgyptiaci
2728 815 2889 887 regni
2923 814 3438 884 pulchritudinem,
3473 813 3664 885 magis
3697 813 3797 868 eli-

2141 921 2282 976 gens
2317 921 2450 959 cum
2485 904 2699 976 populo
2730 903 2830 958 Dei
2865 903 3068 973 afﬂigi,
3101 919 3279 974 quam
3310 902 3528 974 peccati
3575 903 3792 958 habere

383 1016 520 1055 nere
543 997 887 1070 quivirgam
909 993 1072 1066 regni
1099 996 1505 1062 susceperunt,
1532 997 1737 1062 postea
1760 991 2028 1048 Christus
2129 994 2585 1063 jucunditatem.
2622 994 2745 1047 Non
2777 992 2956 1064 afﬂigi
2989 1009 3121 1047 cum
3155 991 3305 1062 aliis,
3337 991 3446 1047 hoc
3480 997 3789 1063 peccatum

382 1088 716 1143 nasciturus
737 1090 876 1140 erat.
893 1081 992 1136 Vel
1016 1083 1168 1136 sicut
1188 1079 1283 1135 alii
1308 1079 1662 1152 intelligunt,
1679 1081 1832 1152 quod
1858 1079 2028 1134 nobis

381 1177 487 1231 abs
521 1191 578 1230 re
609 1190 737 1230 esse
765 1173 1013 1238 videtur,
1040 1169 1318 1240 quoniam
1345 1173 1778 1223 resurrecturus
1806 1173 1931 1222 erat
1959 1183 2028 1221 ex

380 1264 644 1335 Ephrem
667 1262 850 1333 (1450)
886 1277 1001 1324 rex,
1037 1259 1135 1330 qui
1168 1263 1369 1329 postea
1399 1274 1576 1328 super
1607 1258 1804 1312 decem
1837 1256 2025 1310 tribu~

380 1355 492 1408 bus
522 1351 820 1424 regnavit;
856 1352 1161 1421 propterea
1191 1350 1492 1403 adorasset
1525 1345 1822 1418 fastigium
1854 1345 2024 1415 virgze

378 1441 594 1513 Joseph
608 1484 620 1495 .

452 1553 480 1582 ‹‹
516 1531 651 1586 Fide
681 1529 897 1599 Joseph
931 1528 1205 1592 moriens,
1240 1526 1311 1580 de
1365 1525 1717 1596 profectione
1771 1522 2022 1577 ﬁliorum

377 1619 553 1676 Israel
581 1628 941 1674 memoratus
965 1621 1144 1680 est,et
1170 1617 1240 1669 de
1263 1615 1495 1669 ossibus
1518 1614 1642 1668 suis
1669 1612 2021 1666 mandavit.»

378 1709 503 1764 Non
532 1709 688 1763 enim
723 1707 868 1761 dixit
894 1705 1132 1776 Joseph,
1170 1703 1308 1776 quia
1343 1719 1434 1758 me
1471 1701 1699 1756 vivente
1731 1701 1878 1755 hanc
1913 1705 2024 1754 ter-

379 1813 505 1853 ram
534 1813 646 1852 non
681 1795 844 1850 dedit
875 1795 1020 1866 patri
1056 1810 1204 1859 meo,
1236 1808 1424 1863 neque
1454 1807 1556 1846 avo
1590 1807 1738 1855 meo,
1773 1805 2022 1860 quorum

376 1885 651 1940 virtutem
673 1883 870 1955 magni
891 1881 1359 1955 peudebat.Num
1378 1881 1523 1934 istos
1539 1879 1746 1951 dignos
1768 1878 2025 1933 facturus

377 1978 485 2041 est,
501 1978 566 2029 ut
587 1973 912 2046 percipiant
931 1987 1057 2042 qua:
1080 1969 1163 2023 illi
1181 1969 1340 2040 digni
1365 1973 1505 2023 sunt
1533 1967 1664 2022 facti
1688 1964 2025 2038 percipere?

374 2061 530 2118 Nihil
562 2062 774 2117 horum
820 2059 984 2126 dixit,
1017 2059 1117 2114 sed
1169 2061 1381 2113 cuncta
1428 2056 1700 2128 speravit,
1733 2055 1870 2126 quia
1923 2070 2026 2125 per

375 2151 553 2206 fidem
574 2148 838 2222 praevidit
861 2164 987 2220 quae
1014 2149 1210 2202 futura
1230 2150 1414 2202 erant.
1435 2145 1595 2200 Unde
1616 2149 1674 2200 et
1696 2144 1820 2214 ipse
1843 2143 1984 2198 dicit
2008 2160 2021 2197 :

376 2239 654 2295 Visitabit
674 2256 775 2294 vos
802 2239 950 2293 Deus
982 2241 1114 2308 post
1146 2236 1362 2290 multos
1389 2235 1539 2303 dies,
1566 2235 1705 2289 ferte
1736 2249 1870 2288 ossa
1897 2247 2028 2286 mea

374 2329 679 2384 vobiscum
711 2326 862 2398 (Gen.
911 2344 960 2394 ι,
1009 2326 1116 2393 23;
1165 2324 1343 2379 Exod.
1377 2341 1501 2390 xm,
1541 2325 1644 2394 1'9).
1680 2323 1824 2376 illnc
1875 2337 2026 2376 nun-

378 2433 556 2489 quam
588 2418 744 2472 enim
777 2417 846 2470 de
898 2415 1022 2470 suis
1063 2413 1298 2468 ossibus
1331 2414 1658 2476 mandaret,
1693 2410 1805 2465 nisi
1855 2409 2028 2481 plena

378 2507 492 2562 fide
522 2509 782 2576 speraret
813 2503 1103 2558 redditum
1139 2518 1338 2556 eorum
1374 2503 1431 2555 in
1463 2505 1677 2556 terram
1712 2499 2024 2569 repromis-

377 2595 580 2651 sionis.
599 2594 721 2652 Non
741 2593 896 2648 enim
915 2591 1063 2662 justi
1084 2607 1282 2645 curam
1302 2590 1583 2662 gerebant
1601 2587 2021 2659 sepulcrorum.

376 2685 502 2740 Non
533 2684 688 2739 enim
721 2682 1003 2737 debemus
1054 2679 1462 2751 pusillanimes
1508 2677 1654 2743 fieri,
1689 2676 2027 2745 ubicunque

375 2772 752 2844 sepeliamur,
781 2770 1028 2823 maxime
1051 2784 1184 2821 cum
1215 2767 1602 2838 plurimorum
1630 2764 1864 2819 fortium
1889 2780 2021 2816 san-

376 2865 606 2916 ctorum
638 2858 970 2913 nesciamus
1016 2856 1115 2910 ubi
1151 2871 1394 2925 corpora
1423 2870 1624 2908 eorum
1652 2853 1885 2923 jaceant
1916 2850 2024 2904 hu-

379 2954 570 3015 mata;
596 2951 814 3018 quanto
841 2945 1036 2999 minus
1062 2960 1169 2999 nos
1193 2944 1473 2999 debemus
1505 2943 1574 2997 de
1598 2942 1706 2996 hac
1738 2957 1796 2994 re
1824 2955 2025 2994 curam

379 3054 579 3110 gerere
597 3035 626 3090 ?

449 3126 632 3198 (1451)
679 3148 708 3175 ‹‹
740 3123 874 3179 Fide
904 3123 1129 3194 Moyses
1161 3125 1355 3185 natus,
1386 3118 1714 3175 occultatus
1746 3122 1835 3173 est
1864 3133 2026 3172 men-

383 3215 551 3272 sibus
581 3214 770 3269 tribus
823 3230 856 3268 a
906 3212 1245 3284 parentibus
1279 3210 1425 3276 suis,
1457 3226 1523 3264 eo
1555 3209 1710 3279 quod
1744 3208 2028 3262 vidissent

2139 1099 2266 1138 esse
2297 1082 2540 1154 putavit.
2575 1081 2631 1135 Si
2661 1081 2840 1153 igitur
2866 1080 2960 1136 ille
2992 1097 3106 1136 non
3139 1080 3318 1152 afﬂigi
3353 1080 3620 1136 alacriter
3649 1097 3790 1136 cum

2139 1171 2380 1237 caeteris,
2397 1175 2697 1242 peccatum
2718 1170 3459 1241 essejudicavit,quantum
3478 1169 3789 1225 cumulum

2137 1259 2357 1331 peccati
2391 1260 2646 1314 habituri
2693 1264 2885 1330 erunt,
2919 1261 3019 1330 qui
3073 1261 3585 1331 congregationem
3618 1261 3790 1315 dese-

2138 1349 2317 1402 runt?
2342 1348 2457 1403 Vos
2484 1349 2638 1403 enim
2662 1365 2764 1420 pro
2786 1349 2949 1404 vobis
2974 1348 3118 1419 ipsis
3141 1348 3442 1419 patimini;
3466 1347 3564 1403 ille
3587 1351 3790 1402 autem

2138 1453 2254 1490 non
2289 1435 2479 1491 solum
2513 1454 2618 1508 pro
2651 1454 2712 1491 se
2745 1437 2869 1492 solo
2913 1438 3204 1508 aspiciens
3256 1438 3313 1491 in
3364 1437 3793 1492 remuneratio-

2138 1542 2293 1590 nem,
2328 1526 2428 1580 sed
2462 1526 2636 1580 etiam
2680 1543 2780 1596 pro
2830 1525 2960 1580 aliis
3010 1526 3118 1580 hoc
3174 1525 3366 1598 elegit,
3400 1530 3465 1580 ut
3510 1525 3791 1580 cumulus

2137 1615 2420 1668 mercedis
2451 1615 2705 1686 amplius
2734 1619 3059 1680 cresceret;
3095 1620 3150 1668 et
3181 1615 3332 1669 ultro
3364 1631 3424 1670 se
3456 1615 3702 1686 projecit
3735 1616 3792 1669 in

2135 1707 2297 1757 tanta
2330 1702 2607 1772 pericula,
2642 1719 2774 1758 cum
2808 1703 2857 1757 ei
2893 1703 3088 1758 liceret
3122 1708 3179 1758 et
3211 1703 3302 1774 pie
3333 1703 3542 1774 vivere,
3577 1708 3635 1758 et
3682 1721 3788 1759 sm-

2135 1791 2430 1845 cularibus
2483 1792 2648 1846 bonis
2698 1792 2937 1863 perfrui.
2993 1792 3261 1862 Majores,
3302 1792 3518 1864 inquit,
3552 1792 3795 1848 divitias

2134 1880 2474 1935 existimans
2530 1881 2806 1935 thesauro
2866 1881 3295 1952 ngyptiorum,
3355 1881 3790 1953 improperium

2134 1968 2368 2024 Christi.
2403 1974 2510 2024 Pro
2539 1969 2764 2025 Christo
2787 1970 2972 2040 (1452)
3001 1971 3157 2025 enim
3190 1969 3616 2041 improperium
3655 1989 3790 2027 sus-

2133 2057 2316 2112 tinere
2349 2057 2560 2113 melius
2581 2058 2887 2130 judicavit,
2913 2074 3091 2130 quam
3121 2059 3180 2112 in
3211 2057 3436 2114 deliciis
3460 2075 3611 2114 esse.
3640 2059 3792 2124 Quid

2135 2151 2224 2202 est
2252 2146 2673 2218 improperium
2706 2145 2968 2202 Christi?
3016 2147 3133 2202 Hoc
3173 2151 3282 2216 est,
3316 2147 3486 2218 quale
3515 2147 3796 2204 Christus

2137 2235 2420 2290 srstinuit
2440 2235 2882 2306 improperium,
2899 2235 3070 2307 quale
3091 2252 3193 2291 vos
3216 2251 3370 2290 nunc
3390 2236 3727 2307 sustinetis,
3743 2243 3799 2293 et

2137 2325 2292 2394 quod
2339 2340 2442 2394 pro
2483 2325 2710 2379 Christo
2742 2325 3025 2379 sustinuit
3055 2325 3302 2396 Moyses,
3335 2324 3792 2397 improperium.

2136 2413 2484 2484 Respuendo
2537 2413 2693 2468 enim
2747 2420 3018 2485 paternos
3065 2430 3311 2475 errores,
3363 2414 3791 2486 improperium

2137 2501 2519 2572 sustinemus,
2541 2503 2694 2557 sicut
2712 2503 2884 2557 etiam
2913 2502 3138 2574 Moyses
3160 2502 3582 2574 improperium
3608 2505 3794 2559 susti-

2138 2591 2331 2661 nebat,
2357 2591 2588 2661 quando
2612 2592 2890 2657 audiebat
2919 2607 2931 2645 :
2973 2617 2990 2638 ιι
3021 2591 3295 2662 Nunquid
3332 2592 3671 2648 interimere
3699 2609 3795 2648 me

2135 2679 2241 2749 vis,
2276 2680 2429 2734 sicut
2459 2680 2798 2734 interfecisti
2846 2680 2968 2734 beri
3000 2679 3330 2751 [Egyptium
3351 2680 3380 2734 ?
3410 2700 3436 2731 η
3489 2681 3689 2752 (Exod.
3726 2700 3790 2752 II,

2138 2768 2245 2838 14.)
2275 2769 2386 2821 lloc
2407 2773 2496 2822 est
2519 2768 2933 2840 improperium
2955 2769 3192 2835 Christi,
3209 2771 3442 2841 quando
3465 2771 3788 2842 quisquam

2137 2873 2171 2911 a
2203 2857 2558 2921 domesticis,
2593 2858 2826 2928 quando
2859 2858 3170 2929 quisquam
3204 2859 3276 2913 ab
3306 2859 3390 2914 eis
3430 2860 3647 2931 quibus
3681 2861 3793 2916 be-

2138 2945 2411 3000 neficium
2447 2952 2700 3018 praestat,
2727 2946 2978 3002 sustinet
3008 2947 3452 3019 improperium,
3479 2948 3632 3003 sicut
3663 2949 3793 3020 ipse

2137 3033 2402 3088 Christus
2427 3035 2498 3088 ab
2520 3034 2603 3089 eis
2628 3035 2920 3099 audiebat,
2951 3051 3052 3106 pro
3075 3035 3291 3106 quibus
3315 3037 3794 3109 crucifigebatur,

2138 3122 2412 3178 dicendo:
2447 3145 2474 3173 «
2497 3123 2549 3177 Si
2570 3122 2750 3177 Filius
2769 3123 2864 3178 Dei
2888 3139 2971 3189 es,
2987 3124 3277 3178 descende
3297 3124 3369 3179 de
3394 3125 3792 3196 cruceUIIatth.

2135 3228 2310 3278 xxvn,
2347 3212 2455 3282 40).
2488 3235 2515 3262 ››
2565 3211 2786 3266 Etenim
2821 3212 3045 3282 Moyses
3077 3228 3178 3284 pro
3211 3213 3494 3268 beneficio
3527 3230 3634 3270 suo
3667 3215 3797 3270 haec

382 3303 710 3376 elegantem
742 3302 1045 3371 infantem,
1080 3305 1136 3354 et
1185 3315 1300 3355 non
1349 3299 1676 3353 timuerunt
1720 3295 1873 3367 regis
1904 3296 2027 3350 edi-
2059 3293 2100 3358 C
2141 3299 2491 3371 patiebatur,
2515 3301 2669 3356 sicut
2698 3305 2753 3356 et
2783 3300 3069 3356 Christus.
3097 3300 3242 3355 Hinc
3265 3303 3420 3356 enim
3445 3318 3544 3357 eos
3574 3303 3798 3359 excita-

383 3397 563 3448 ctum.
597 3415 617 3441 ι
655 3391 714 3447 Si
745 3407 862 3446 non
891 3390 1237 3457 timuerunt,
1262 3388 1555 3459 quomodo
1585 3384 2030 3440 custodierunt?

381 3485 461 3538 Ac
492 3483 540 3537 si
573 3497 688 3536 non
716 3479 1072 3546 timuissent,
1098 3477 1180 3532 ita
1210 3477 1328 3531 illis
1356 3479 1679 3547 reputatur.
1705 3473 1868 3529 Unde
1891 3489 2027 3546 ergo

380 3570 476 3625 isti
528 3571 907 3641 speraverunt
964 3571 1029 3621 ut
1086 3565 1377 3621 salvarent
1436 3581 1703 3635 puerum,
1755 3563 1868 3617 nisi
1928 3580 2030 3633 per

380 3659 557 3714 fidem
571 3657 598 3711 ?
613 3657 914 3728 Siquidem
935 3656 1006 3711 ab
1024 3655 1189 3709 initio
1206 3671 1273 3709 ex
1289 3654 1433 3725 ipsis
1451 3651 1824 3707 incunabulis
1843 3651 2028 3706 multa

379 3751 505 3802 erat
543 3747 704 3816 justo
753 3744 840 3798 illi
883 3744 1079 3798 infusa
1106 3743 1314 3814 gratia,
1349 3759 1461 3797 non
1497 3748 1706 3796 natura
1734 3741 1854 3796 haec
1885 3757 2025 3813 ope-

380 3842 567 3906 rante,
583 3835 739 3906 quod
757 3834 990 3905 genitus
1003 3837 1092 3888 est
1115 3833 1395 3888 honestus
1417 3831 1760 3897 infantulus,
1778 3832 1877 3886 sed
1902 3848 2027 3903 gra-

378 3925 459 3979 ti‘a
512 3924 732 3982 divina.
765 3938 881 3995 qua
927 3923 1101 3978 etiam
1158 3922 1466 3976 barbaram
1515 3921 1676 3975 illam
1719 3921 2024 3976 mulierem

377 4013 707 4085 [Egyptiam
739 4011 1026 4076 excitavit,
1061 4016 1125 4064 ut
1155 4016 1396 4078 amaret,
1432 4013 1496 4063 ut
1525 4013 1811 4078 sumuret,
1846 4014 1910 4063 ut
1941 4026 2026 4064 ar-

377 4102 610 4173 riperet.
635 4105 699 4155 In
735 4100 862 4155 istis
883 4100 1040 4155 enim
1073 4099 1216 4154 fides
1248 4115 1362 4153 non
1395 4099 1598 4153 habuit
1625 4099 1898 4153 idoneum
1932 4115 2025 4152 ar-

377 4195 750 4262 gumentum.
775 4189 937 4254 Quod
964 4203 1120 4259 ergo,
1145 4193 1202 4242 et
1233 4193 1516 4258 quantum
1545 4191 1686 4253 erat,
1712 4192 1775 4241 ut
1806 4187 1862 4240 in
1897 4187 2023 4258 ipso

373 4278 538 4334 vultu
562 4276 904 4333 crederent?
934 4277 1045 4332 Sed
1078 4293 1201 4343 vos,
1224 4276 1437 4347 inquit,
1465 4280 1551 4330 tot
1580 4275 1861 4329 habentes
1891 4275 2022 4330 ﬁdei

376 4368 642 4441 pignora,
672 4383 740 4422 ex
770 4365 915 4438 ipsis
942 4367 1117 4420 rebus
1142 4366 1358 4420 auditis
1384 4365 1622 4432 credite,
1646 4368 1710 4418 ut
1731 4380 1864 4418 cum
1889 4379 2025 4435 gau-

377 4457 471 4511 dio
493 4456 758 4528 rapinam
783 4471 979 4510 rerum
1003 4455 1360 4526 suscipiatis,
1377 4455 1645 4524 quamvis
1668 4453 1812 4508 ﬁdes
1835 4458 2025 4508 vestra

376 4562 480 4618 per
510 4544 697 4599 multa
727 4550 992 4616 tempora
1020 4544 1242 4611 tendat,
1274 4543 1426 4598 sicut
1455 4547 1512 4597 et
1541 4542 1855 4612 Abraham,
1884 4543 2023 4613 quia

375 4637 434 4690 et
460 4633 557 4689 isti
591 4650 692 4705 per
723 4633 895 4688 fidem
928 4649 1043 4688 non
1074 4633 1403 4688 timuerunt
1435 4632 1586 4703 regis
1634 4632 1910 4686 edictum.

453 4723 652 4778 «Fide
701 4721 929 4794 Moyses
974 4723 1215 4793 grandis
1264 4722 1454 4777 factus
1496 4721 1731 4793 negavit
1781 4737 1843 4775 se
1895 4736 2024 4775 esse

373 4811 563 4886 tilium
591 4810 721 4865 filiae
747 4810 1084 4874 Pharaonis,
1105 4810 1293 4881 magis
1316 4811 1537 4882 eligens
1562 4811 1736 4880 afﬂigi
1763 4826 1895 4864 cum
1922 4826 2021 4880 po-

378 4898 515 4972 pulo
531 4898 649 4966 Dei,
667 4916 842 4970 quam
862 4897 1204 4969 temporalis
1226 4898 1444 4969 peccati
1463 4899 2023 4969 haberejucundita-

375 4995 516 5059 tem,
553 4988 803 5058 majores
834 4987 1067 5042 divitias
1097 4987 1395 5042 aestimans
1427 4987 1702 5042 thesauro
1730 4987 2021 5060 [Egyptio-

377 5093 531 5147 rum,
563 5075 983 5148 improperium
1015 5075 1229 5131 Christi
1256 5093 1268 5144 ;
1305 5076 1622 5148 aspiciebat
1652 5077 1808 5130 enim
1843 5078 1900 5131 in
1934 5094 2020 5132 re-

378 5166 864 5220 munerationem.
888 5188 910 5213 ι
939 5167 1246 5236 Tanquam
1271 5165 1317 5220 si
1340 5166 1556 5220 diceret
1578 5166 1648 5220 ad
1667 5183 1786 5231 eos,
1804 5166 2021 5237 quibus

377 5251 499 5307 hac
521 5253 840 5309 scribebat:
873 5253 1080 5310 Nullus
1107 5259 1364 5310 vestrum
1385 5255 1613 5309 dimisit
1638 5253 1832 5309 aulam
1859 5271 2019 5327 rega-

377 5337 513 5410 lem,
546 5345 602 5396 et
630 5341 908 5412 amplam,
936 5347 992 5398 et
1020 5342 1258 5410 claram,
1292 5359 1480 5414 neque
1514 5342 1659 5398 tales
1690 5344 2019 5410 thesauros,

449 5483 634 5624 (1450)
667 5483 823 5562 Idem
852 5501 918 5539 ac
945 5486 1228 5556 Ephraim,
1262 5485 1411 5541 Psal.
1444 5503 1648 5557 LXXVII,
1681 5488 1734 5541 9.

476 5553 635 5624 1451)
665 5557 769 5624 μω
802 5555 980 5624 igitur
1009 5557 1178 5611 lectio
1219 5575 1340 5612 xm.

476 5553 635 5694 145,1;
667 5553 769 5606 Hic
802 5553 1178 5625 igitur—lectio
1214 5553 1340 5612 xm.

476 5623 612 5676 1452
661 5623 1340 5694 Idestimprnperiumsil

449 5623 634 5702 (1452)
661 5623 724 5676 Id
741 5623 1264 5702 estimpmperium
1277 5627 1469 5702 simile
1486 5629 2020 5702 improperio,quod

378 5693 648 5756 Christus
677 5693 991 5756 sustinuit:
1022 5693 1112 5755 vel
1137 5714 1238 5770 pro
1271 5699 1506 5770 Christo,
1531 5693 1754 5759 scilicet
1781 5693 1900 5774 pro.
1918 5718 2020 5775 po-

2139 3387 2239 3454 vit,
2276 3389 2611 3456 ostendens,
2647 3388 2783 3460 quia
2831 3393 2887 3443 et
2936 3388 3163 3461 Moyses
3195 3390 3396 3444 eadem
3429 3407 3645 3462 passus
3678 3398 3798 3456 est,

2141 3475 2292 3532 sicut
2321 3481 2376 3531 et
2403 3478 2690 3532 Christus.
2721 3478 3055 3534 Patiebatur
3085 3478 3240 3534 enim
3263 3479 3554 3552 Christus,
3579 3487 3804 3536 cuncta

2141 3567 2381 3632 ferebat,
2407 3565 2523 3621 illis
2551 3566 2918 3622 moventibus
2941 3567 3131 3639 capita
3153 3584 3281 3623 sua.
3307 3569 3418 3624 Sed
3451 3585 3641 3640 neque
3677 3570 3798 3625 ful-

2137 3671 2283 3726 gura
2303 3656 2626 3723 emittebat,
2652 3672 2840 3728 neque
2863 3658 3125 3728 seipsum
3147 3656 3332 3712 voluit
3353 3657 3578 3726 ulcisci,
3601 3664 3672 3714 ut
3693 3675 3805 3715 no-

2138 3744 2228 3799 bis
2261 3743 2589 3816 exemplum
2632 3744 2983 3801 humilitatis
3016 3751 3388 3802 monstraret.

2215 3852 2240 3884 σι
2275 3834 2408 3888 Fide
2441 3833 2675 3905 reliquit
2694 3838 3028 3906 zEgyptum,
3053 3851 3168 3890 non
3201 3836 3420 3892 veritus
3442 3837 3799 3896 animosita-

2135 3926 2252 3976 tem
2287 3923 2439 3994 regis
2471 3940 2483 3977 :
2517 3922 2807 3978 invisibile
2838 3925 3015 3991 enim,
3051 3929 3332 3996 tanquam
3364 3927 3568 3982 videns
3599 3929 3798 3984 susti-

2136 4011 2336 4065 nuit.»
2362 4012 2606 4068 Proinde
2627 4013 2802 4067 etiam
2821 4014 2974 4084 quod
2997 4013 3055 4067 in
3081 4014 3278 4084 fugam
3301 4030 3504 4070 versus
3520 4021 3630 4083 est,
3649 4016 3798 4074 ﬁdei

2135 4100 2262 4154 fuit.
2281 4102 2441 4165 Quod
2467 4117 2602 4173 ergo
2632 4117 2743 4156 non
2769 4101 3337 4173 permansit,inquit,
3355 4119 3425 4158 ne
3449 4120 3508 4158 se
3534 4105 3592 4158 in
3617 4122 3797 4177 aper-

2133 4193 2259 4243 tum
2284 4190 2672 4261 praecipitaret
2689 4189 3045 4261 periculum;
3077 4191 3216 4263 quia
3233 4191 3478 4262 hocjam
3500 4196 3798 4252 tentantis

2134 4281 2289 4332 esset
2308 4276 2530 4331 iusilire
2558 4278 2615 4332 in
2643 4278 2834 4333 medio
2859 4277 3122 4349 periculi,
3146 4284 3201 4334 et
3227 4280 3436 4342 dicere,
3464 4279 3796 4339 Videamus

2134 4365 2183 4420 si
2218 4382 2311 4421 me
2341 4365 2547 4421 liberet
2580 4372 2730 4422 Deus
2756 4385 2768 4424 :
2804 4367 2912 4421 hoc
2943 4367 3118 4422 etiam
3144 4367 3371 4424 Christo
3401 4369 3549 4423 dixit
3578 4370 3794 4428 diabo-

2133 4454 2264 4510 lus:
2299 4477 2325 4504 «
2361 4456 2523 4511 Mitte
2553 4461 2608 4510 te
2641 4457 3249 4526 deorsum(Matth.1v,
3281 4458 3352 4526 6;
3385 4462 3516 4512 Luc.
3544 4473 3620 4529 Iv,
3649 4460 3730 4532 9).
3765 4485 3794 4512 ››

2132 4544 2382 4600 Intueris
2405 4545 2543 4616 quia
2572 4545 2678 4600 hoc
2706 4546 3058 4601 diabolicum
3094 4551 3202 4613 est,
3227 4551 3292 4601 ut
3323 4563 3689 4618 supervacue
3722 4567 3797 4606 ac

2132 4633 2424 4706 superflue
2443 4635 2492 4689 si
2511 4635 2825 4705 quisquam
2845 4651 2908 4690 se
2926 4635 2982 4689 in
3003 4635 3543 4707 periculumjaciat,
3559 4641 3797 4696 tentare

2138 4729 2310 4778 Deum
2337 4723 2386 4778 si
2412 4724 2614 4778 salvet.
2631 4725 2857 4778 Etenim
2881 4725 3145 4794 essejam
3170 4724 3285 4780 illis
3309 4726 3380 4780 ad
3409 4725 3673 4797 regimen
3700 4745 3798 4783 eo-

2133 4828 2263 4865 rum
2314 4828 2429 4866 non
2483 4817 2726 4884 poterat,
2760 4813 2841 4867 ita
2869 4814 3096 4885 ingrate
3126 4813 3360 4868 afﬂictis
3393 4813 3529 4882 illis,
3564 4815 3792 4886 quibus

2133 4905 2295 4955 tanta
2325 4902 2691 4973 prastiterat.
2724 4902 2981 4957 Stultum
3014 4903 3229 4974 quippe
3259 4909 3401 4970 erat,
3435 4908 3491 4959 et
3516 4904 3791 4962 insensa-

2133 4994 2258 5044 tum
2295 5006 2633 5061 permanere
2674 4976 2814 5044 illic.

2208 5102 2229 5127 ‹ι
2264 5079 2399 5134 Fide
2429 5079 2738 5133 celebravit
2777 5079 2997 5135 Pascha
3044 5097 3112 5137 ex
3159 5080 3467 5153 sanguinis
3497 5079 3792 5139 effusione

2131 5168 2336 5238 (1453),
2371 5185 2442 5222 ne
2477 5168 2576 5238 qui
2615 5171 2880 5224 vastabat
2927 5170 3243 5241 primitiva,
3279 5175 3544 5242 tangeret
3601 5189 3726 5228 eos.
3763 5197 3788 5223 ››

2131 5256 2388 5311 Plurima
2420 5257 2573 5311 idem
2607 5257 2940 5328 Apostolus,
2977 5259 3129 5313 inter
3179 5260 3308 5332 ipsa
3338 5277 3466 5330 quae
3498 5259 3790 5331 loquitur,

2132 5345 2279 5400 solet
2301 5347 2721 5417 argumentari,
2749 5353 2806 5402 et
2828 5348 3046 5402 densus
3074 5354 3164 5402 est
3185 5349 3243 5403 in
3267 5349 3580 5405 sententiis
3605 5367 3618 5405 :
3656 5351 3789 5405 talis

2132 5435 2346 5508 quippe
2388 5440 2477 5490 est
2507 5435 2756 5507 Spiritus
2788 5437 2975 5492 sancti
3006 5438 3217 5508 gratia.
3253 5438 3378 5492 Non
3412 5437 3790 5494 abundantia

2131 5559 2289 5630 pulo,
2317 5577 2385 5614 ex
2409 5577 2524 5631 quo
2546 5561 2812 5616 Christus
2835 5561 3167 5616 nasciturus
3194 5565 3336 5625 erat,
3362 5559 3453 5618 vel

2131 5636 2521 5706 stoventuro,
2547 5633 2607 5688 in
2638 5646 2814 5706 quem
2847 5635 3164 5705 Sperabant
3183 5632 3355 5704 justi.

2202 5702 2388 5778 (1453)
2416 5702 2586 5775 Vulg.
2616 5702 2672 5761 εἰ
2696 5702 2992 5777 sanguinis
3019 5702 3356 5780 effusionem.

3482 5580 3594 5636 pro
3622 5564 3788 5621 Chri-
