3916 6410
74 362 296 445 ’809

767 384 1180 446 EXPOSITIO
1227 387 1305 446 IN
1353 387 1780 450 EPISTOLAS
1825 388 2086 453 PAULI.
2114 395 2288 454 -ΙΝ
2334 396 2585 459 EPlS'l‘.
2631 401 2733 460 AD
2781 401 3014 464 HEBR.

3480 410 3601 471 810

184 515 484 571 verborum
516 531 736 586 paucas
766 517 1025 572 continet
1057 520 1395 585 sententias,
1421 521 1520 576 sed
1555 523 1611 576 in
1647 523 1829 577 brcvi-
1861 526 1915 590 Α
1946 525 2075 592 quis
2109 527 2266 582 tubis
2298 528 2616 604 insonaret.
2651 533 2762 588 Sed
2793 533 2938 590 fides
2976 536 3174 593 omnia
3198 539 3367 596 valet.
3401 541 3598 613 Neque

184 611 291 660 tate
321 604 630 659 verborum
664 621 944 677 magnum
995 608 1186 674 habet,
1207 615 1264 663 et
1308 608 1629 678 plurimum
1662 611 1828 666 intel-

181 693 412 748 lectum.
444 695 524 747 Ac
555 693 600 748 si
633 692 754 748 illis
805 694 1022 749 diceret
1053 712 1065 749 :
1100 696 1157 749 Si
1191 699 1433 769 sanguis
1481 699 1735 770 agninus
1770 700 1830 755 in

182 782 366 836 medio
387 781 897 853 Egyptiorum,.et
917 783 975 837 in
1010 787 1172 839 tanta
1192 785 1588 841 devastatione
1621 788 1832 843 illaesos

182 871 420 925 servavit
448 870 685 926 Judaeos
729 871 918 944 (Exod.
943 873 1142 944 x11,7),
1173 874 1357 929 multo
1409 875 1662 946 amplius
1713 876 1828 931 sal-

179 959 328 1014 vabit
359 976 495 1026 nos;
532 976 647 1014 non
678 965 896 1031 postes,
932 962 1033 1015 sed
1068 962 1294 1017 animas
1328 969 1578 1020 nostras.
1613 966 1832 1020 Timuit

180 1048 325 1103 enim
357 1046 527 1102 illum
553 1049 899 1120 sanguinem
927 1051 1172 1120 angelus
1200 1070 1212 1108 :
1239 1052 1457 1107 sciebat
1477 1055 1633 1108 enim
1654 1056 1828 1126 cujus

179 1143 294 1192 erat
323 1142 526 1210 typus;
577 1138 900 1209 pertimuit,
938 1139 1296 1195 Dominicum
1332 1148 1580 1197 mortem
1614 1143 1825 1198 intelli-

179 1241 312 1297 gens
346 1243 358 1280 :
396 1219 702 1298 propterea
733 1244 848 1282 non
879 1229 1073 1300 tetigit
1114 1234 1332 1300 postes,
1371 1232 1642 1302 quamvis
1672 1235 1826 1303 quod

180 1315 366 1385 fiebat,
392 1332 508 1370 non
532 1321 704 1385 esset,
723 1316 820 1371 sed
849 1318 1005 1388 quod
1030 1333 1132 1388 per
1153 1317 1293 1372 illud
1323 1321 1823 1391 praefigurabatur,

179 1419 452 1475 magnum
501 1409 644 1459 erat.
688 1404 851 1470 Quod
898 1405 1056 1459 enim
1105 1406 1299 1474 fiebat,
1348 1409 1655 1480 sanguinis
1705 1415 1828 1465 erat

176 1493 404 1559 effusio;
439 1494 594 1564 quod
628 1499 824 1547 autem
867 1495 1368 1566 praetigurabatur,
1394 1497 1577 1563 salus,
1601 1503 1658 1552 et
1687 1516 1825 1553 con-

176 1581 380 1648 clusio,
403 1587 457 1636 et
479 1581 792 1653 prohibitio
817 1583 1182 1652 perditionis,
1206 1585 1424 1640 scilicet
1446 1587 1698 1641 cducens
1722 1606 1824 1642 nos

175 1670 241 1724 de
269 1670 539 1742 IEgypto,
563 1669 672 1724 hoc
693 1675 803 1734 est,
829 1672 1082 1725 tenebris
1109 1672 1466 1728 idololatriae.
1491 1674 1606 1729 Vos
1629 1681 1824 1730 autem

172 1757 352 1828 ipsius
380 1759 511 1829 agni
536 1758 816 1814 habentes
839 1759 1210 1830 sanguinem,
1235 1778 1349 1816 non
1374 1763 1822 1818 confundimini.

174 1845 494 1902 Induamur
542 1849 699 1903 enim
754 1850 1111 1918 arma(Rom.
1137 1866 1262 1916 x111,
1291 1851 1394 1921 12),
1421 1851 1531 1907 hoc
1579 1857 1688 1921 est,
1723 1853 1822 1909 illo
1855 1890 1903 1953 Β

172 1935 481 2003 sacriﬁcio;
503 1937 642 2007 quia
663 1937 764 2008 qui
782 1940 996 2004 vastat,
1013 1938 1070 1991 in
1096 1939 1389 2009 profunda
1409 1945 1573 1996 nocte
1597 1941 1820 1997 circuit.

171 2027 395 2080 Intuere
451 2025 633 2096 igitur
662 2026 954 2096 quomodo
986 2026 1320 2098 disputans,
1347 2028 1551 2085 volens
1581 2047 1678 2086 eos
1711 2034 1820 2088 sub

169 2114 472 2169 occasione
502 2113 852 2169 hortationis
876 2115 1186 2182 instruere,
1211 2119 1453 2188 sanguis
1477 2121 1646 2190 cujus
1679 2121 1819 2192 figu-

169 2219 309 2270 ram,
331 2207 390 2258 et
413 2207 621 2276 typum
649 2203 970 2259 habuisset.
995 2205 1294 2278 Sanguine
1319 2207 1454 2278 agni
1485 2207 1823 2265 illiniuntur

167 2291 564 2348 lsraelitarum
598 2297 816 2363 postes,
841 2310 912 2348 ne
943 2299 1201 2348 vastator
1221 2294 1469 2367 angelus
1493 2298 1706 2353 audeat
1735 2299 1820 2353 in-

167 2381 306 2437 ferre
336 2381 691 2454 perniciem;
719 2381 1030 2453 signantur
1059 2383 1226 2454 signo
1253 2384 1567 2439 Dominicas
1591 2387 1818 2457 passio-

166 2470 253 2525 nis
283 2471 340 2525 in
370 2469 667 2525 frontibus
693 2469 892 2525 ﬁdeles
913 2471 1112 2543 populi
1139 2473 1210 2526 ad
1234 2473 1478 2528 tutelam
1505 2474 1735 2546 salutis,
1754 2482 1820 2531 ut

165 2557 219 2612 hi
252 2559 358 2614 soli
389 2560 466 2614 ab
499 2559 739 2613 interitu
768 2557 1109 2628 liberentur,
1140 2561 1238 2632 qui
1270 2578 1474 2618 cruore
1505 2563 1815 2619 Dominicis

165 2648 454 2719 passionis
504 2649 703 2714 corde,
736 2653 792 2702 et
841 2648 1027 2703 fronte
1058 2650 1272 2722 signati
1306 2656 1464 2718 sunt,
1490 2653 1588 2723 qui
1638 2653 1814 2708 etiam

163 2754 255 2792 ore
295 2737 625 2810 loquuntur
657 2755 669 2790 :
701 2759 726 2785 ‹‹
759 2737 1065 2807 Signatum
1099 2743 1184 2792 est
1236 2756 1410 2810 super
1462 2758 1567 2795 nos
1616 2741 1814 2797 lumen

161 2825 348 2882 vultus
375 2826 485 2896 tui,
509 2825 755 2881 Domine
777 2826 957 2895 (Psal.
984 2843 1060 2890 IV,
1085 2827 1201 2898 7).»
1227 2827 1388 2883 Unde
1409 2833 1466 2883 et
1488 2829 1815 2901 appellatur

161 2915 282 2985 ipsa
317 2915 665 2971 solemnitas
692 2914 880 2985 phase,
906 2915 1061 2984 quod
1094 2932 1201 2970 nos
1249 2917 1565 2971 transitum
1600 2936 1810 2990 possu-

158 3019 286 3059 mus
316 3020 543 3074 vocare,
568 3019 634 3058 eo
665 3003 818 3074 quod
861 3004 931 3058 de
974 3004 1274 3075 pejoribus
1305 3005 1377 3059 ad
1411 3005 1652 3062 meliora
1682 3025 1811 3080 per-

155 3099 379 3162 gentes,
413 3093 786 3148 tenebrosam
818 3096 1131 3164 Egyptum
1167 3092 1665 3164 derelinquamus.

221 3205 248 3231 ‹‹
286 3182 429 3236 Fide
466 3181 827 3236 transierunt
879 3198 1038 3236 mare
1086 3182 1369 3248 Rubrum,
1400 3187 1675 3253 tanquam
1710 3203 1813 3256 per

151 3270 379 3325 aridam
442 3275 702 3325 terram:
751 3270 906 3341 quod
966 3271 1182 3340 experti
1231 3271 1502 3343 :Egyptii,
1553 3273 1806 3330 devorati
1840 3257 1882 3322 (ἶ

152 3365 310 3414 sunt.
336 3383 358 3412 ι
390 3358 885 3430 Contemplamini
915 3359 1054 3430 quia
1085 3359 1302 3430 ubique
1334 3361 1476 3416 fides
1509 3363 1809 3418 ratiocina-

153 3449 336 3504 tiones
368 3449 666 3504 humanas
698 3448 944 3513 excedit,
967 3453 1022 3502 et
1053 3448 1478 3514 infirmitatem,
1503 3455 1678 3521 atque
1708 3451 1808 3506 hu~

152 3537 463 3594 militatem
494 3537 804 3592 hominum
838 3541 1094 3608 superat.
1123 3537 1421 3591 Credendo
1447 3537 1602 3592 enim
1633 3539 1808 3594 etiam

150 3627 442 3698 supplicia
468 3626 930 3682 declinaverunt.
957 3626 1037 3679 Ex
1063 3625 1171 3680 hoc
1193 3626 1350 3680 enim
1381 3627 1685 3683 manifeste
1717 3646 1811 3700 ap-

152 3716 342 3787 paruit
366 3731 588 3787 aquam
611 3714 908 3785 esse,quia
930 3713 1014 3767 illi
1037 3715 1333 3769 venientes
1367 3715 1623 3786 absorpti
1649 3725 1807 3772 sunt.

152 3804 230 3858 Ex
258 3805 368 3860 hoc
400 3803 681 3877 apparuit
705 3820 817 3857 non
847 3819 975 3857 esse
1009 3802 1338 3873 phantasia,
1363 3804 1462 3858 sed
1497 3821 1691 3860 rerum
1727 3824 1812 3862 ve-

154 3891 311 3963 ritas,
336 3894 480 3966 quia
512 3891 733 3963 experti
757 3891 1005 3963 rEgypti,
1029 3893 1285 3946 devorati
1319 3897 1480 3946 sunt.
1505 3896 1582 3948 Ae
1616 3895 1661 3948 si
1696 3895 1813 3950 illis

152 3981 617 4054 diceret,quibus
641 3979 748 4035 hoc
771 3981 1064 4036 scribebat
1085 3998 1096 4034 :
1120 3980 1184 4034 In
1206 3984 1435 4034 tantum
1456 3983 1611 4036 enim
1640 3984 1811 4038 fidem

153 4076 342 4126 tenere
376 4072 690 4133 debemus,
725 4074 790 4123 ut
822 4069 1054 4140 quando
1088 4068 1144 4121 in
1180 4069 1589 4139 desperatione
1619 4071 1815 4142 aliqua

150 4160 381 4216 animus
416 4165 622 4215 noster
646 4159 911 4228 ﬂuctuat,
936 4162 1076 4212 tunc
1100 4175 1333 4228 quoque
1358 4158 1489 4212 fidei
1524 4160 1732 4226 simus,
1754 4166 1816 4215 ut

149 4247 506 4304 liberemur:
541 4265 607 4302 ac
639 4247 689 4302 si
723 4263 908 4318 usque
940 4247 1008 4300 ad
1044 4251 1291 4301 mortem
1323 4247 1648 4315 veniamus,
1670 4266 1734 4304 ac
1766 4250 1813 4304 ei

148 4338 214 4392 de
247 4339 420 4393 nobis
469 4338 545 4392 ab
579 4337 858 4391 omnibus
890 4336 1253 4406 desperetur,
1291 4341 1426 4390 tunc
1476 4337 1649 4391 fidem
1684 4338 1817 4410 plus

148 4425 393 4483 firmiter
427 4433 762 4482 teneamus.
788 4427 1061 4490 Quaenam
1091 4441 1225 4495 spes
1253 4429 1477 4494 poterat
1503 4442 1630 4481 esse
1660 4426 1818 4482 illis?

146 4514 509 4570 Circumdati
546 4515 700 4569 enim
739 4513 1019 4583 undique,
1050 4514 1097 4567 si
1144 4513 1360 4567 vellent
1388 4515 1603 4584 fugere,
1630 4521 1729 4570 aut
1760 4518 1816 4570 in

1943 618 2360 686 consequentia
2393 618 2511 673 ulla
2539 638 2753 686 rerum,
2779 639 2967 695 neque
2995 629 3218 681 natura:
3246 627 3370 700 lege
3401 632 3599 686 omnia

1945 706 2283 773 permulari,
2310 711 2406 761 sed
2461 715 2698 780 propter
2743 729 2908 783 spem
2940 720 3151 770 cuncta
3180 717 3325 772 fieri.
3350 718 3596 775 Proinde

1942 791 2116 846 etiam
2181 794 2274 847 hic
2333 802 2565 866 prOpter
2614 815 2776 870 spem
2827 807 3038 858 cuncta
3086 804 3597 863 ﬁunt.Conflrmat

1940 880 2096 935 enim
2119 884 2433 952 Apostolus
2451 902 2689 941 sursum
2711 894 2883 959 atque
2907 891 3348 966 deorsum,quia
3367 900 3596 967 oportet

1941 970 2173 1024 credere
2203 988 2304 1042 spe
2328 972 2560 1030 futuris.
2581 975 2830 1032 Proinde
2850 983 2969 1033 tam
3002 979 3243 1052 longum
3266 981 3448 1038 istum
3471 1000 3592 1040 ser-

1941 1074 2175 1113 monem
2209 1061 2436 1117 monuit
2474 1065 2790 1120 ostendens
2838 1068 2990 1137 quod
3043 1086 3158 1124 non
3193 1087 3369 1140 nunc,
3395 1072 3496 1128 sed
3526 1089 3594 1129 ex

1939 1145 2107 1202 initio
2140 1150 2338 1205 omnia
2369 1151 2651 1208 miracula
2679 1171 2782 1226 per
2811 1155 2987 1210 fidem
3019 1156 3330 1230 impetrata
3352 1166 3512 1228 sunt,
3537 1167 3594 1217 et

1940 1236 2212 1306 perfecta.
2238 1238 2582 1311 Figuraliter
2601 1242 2832 1298 Jericho
2857 1246 3145 1302 mundum
3168 1247 3484 1319 signiﬁcat.
3500 1251 3594 1307 Je-

1938 1323 2100 1380 richo
2117 1331 2312 1380 autem
2333 1345 2435 1399 per
2455 1329 2992 1401 interpretationem
3015 1333 3157 1390 luna
3177 1335 3410 1393 dicitur.
3430 1338 3593 1394 Luna

1937 1428 2070 1468 vero
2103 1415 2309 1468 mundi
2361 1416 2539 1487 hujus
2581 1420 2832 1489 speciem
2862 1425 3047 1490 tenet;
3083 1424 3221 1496 quia
3270 1426 3422 1484 sicut
3450 1427 3592 1483 luna

1938 1503 2257 1557 menstruis
2309 1506 2801 1576 completionibus
2832 1510 3046 1579 deficit,
3079 1512 3156 1567 ita
3185 1513 3279 1569 hic
3329 1517 3590 1572 mundus

1937 1590 2007 1643 ad
2036 1592 2442 1648 conflationem
2469 1600 2797 1667 temporum
2827 1615 3087 1668 currens,
3114 1603 3473 1672 quotidianis
3495 1605 3590 1659 de-

1936 1678 2182 1734 fectibus
2215 1682 2401 1736 cadet.
2439 1684 2501 1737 ln
2553 1701 2686 1739 arca
2714 1701 2847 1740 vero
2895 1686 3150 1743 Ecclesia
3178 1689 3493 1761 figuratur;
3525 1690 3585 1746 in

1934 1767 2095 1823 tubis
2127 1773 2322 1824 autem
2351 1771 2534 1839 aereis,
2558 1772 2966 1843 praedicatores
2989 1776 3166 1832 fortes
3195 1779 3582 1851 accipiuntur.

1935 1855 2093 1910 Hanc
2125 1874 2261 1929 ergo
2311 1860 2515 1915 urbem
2544 1861 2775 1917 Jericho
2808 1862 3014 1920 diebus
3062 1870 3282 1936 septem
3334 1867 3584 1925 ferentes

1934 1962 2129 2001 arcam
2165 1946 2461 2019 Israelita),
2487 1950 2663 2004 amcis
2685 1951 2841 2007 tubis
2865 1952 3274 2025 clangentibus
3292 1955 3582 2030 circuunt,

1934 2040 1989 2090 et
2021 2035 2173 2089 muri
2207 2036 2335 2105 ejus
2367 2053 2470 2108 per
2499 2054 2643 2092 arcas
2685 2040 3071 2110 praesentiam,
3097 2047 3272 2114 atque
3300 2060 3583 2101 asrearum

1933 2124 2210 2179 tubarum
2246 2125 2440 2179 sonitu
2475 2127 2714 2194 cadunt,
2745 2127 2882 2198 quia
2913 2128 2971 2184 in
3005 2129 3110 2185 hoc
3140 2135 3584 2206 tempore,quod

1933 2217 2156 2283 septem
2189 2212 2417 2268 dierum
2469 2214 2878 2272 vicissitudine
2908 2216 3181 2288 volvitur,
3214 2219 3354 2276 dum
3405 2222 3587 2278 fertur

1906 2318 2084 2370 arca,
2119 2301 2173 2354 id
2209 2305 2318 2368 est,
2347 2301 2487 2356 dum
2519 2303 2719 2358 orbem
2753 2308 3040 2360 terrarum
3071 2306 3360 2364 circuiens
3391 2326 3582 2366 move-

1928 2394 2025 2444 tur
2047 2388 2322 2457 Ecelesia,
2348 2391 2416 2444 ad
2453 2391 2893 2460 praedicantium
2921 2409 3107 2461 voces,
3133 2396 3303 2467 quasi
3323 2398 3396 2453 ad
3418 2398 3584 2454 tuba-

1931 2495 2060 2532 rum
2096 2479 2377 2544 sonitum,
2402 2479 2556 2534 muri
2583 2479 2836 2547 Jericho,
2864 2481 2922 2536 id
2953 2487 3062 2551 est,
3087 2482 3240 2540 elata
3265 2486 3492 2554 mundi,
3515 2503 3581 2542 ac

1929 2567 2182 2636 superba
2228 2565 2587 2622 infidelitatis
2637 2568 2938 2623 obstacula
2986 2574 3286 2640 corruunt,
3308 2572 3490 2629 donec
3518 2573 3578 2628 in

1931 2655 2042 2709 line
2075 2661 2403 2725 temporum
2430 2672 2588 2711 mors
2611 2656 2930 2712 novissima
2958 2659 3197 2716 inimica
3219 2660 3574 2718 destruatur.

1928 2741 2145 2797 Deinde
2177 2747 2560 2815 augmentum
2591 2743 2729 2798 facit
2767 2745 3201 2816 consolationis,
3224 2753 3282 2803 et
3309 2743 3578 2806 exhortaJ

1927 2832 2102 2886 tionis
2136 2847 2284 2897 sues;
2319 2831 2387 2885 ad
2422 2848 2703 2902 personas
2736 2833 3002 2890 infirmas
3031 2835 3330 2907 deponens
3361 2839 3574 2894 oratio-

1927 2937 2082 2974 nem.
2108 2919 2179 2975 Ut
2208 2920 2364 2974 enim
2388 2920 2766 2977 admirabiles
2794 2937 3054 2993 personas
3085 2924 3205 2980 haec
3229 2925 3453 2981 fortiter
3481 2944 3577 2999 pa-

1924 3012 2205 3076 terentur,
2232 3008 2447 3063 mirum
2481 3009 2627 3063 satis
2667 3026 2782 3064 non
2825 3014 2940 3078 est;
2976 3012 3113 3082 quia
3141 3029 3274 3068 vero
3303 3015 3578 3070 meretrix

1925 3096 2138 3151 mulier
2185 3097 2264 3150 ila
2294 3095 2543 3150 fideliter
2571 3096 2838 3164 credidit,
2863 3098 2920 3151 in
2956 3097 3064 3154 hoc
3093 3099 3259 3154 vobis
3309 3100 3574 3159 mirabile

1921 3185 2253 3255 exemplum
2288 3187 2677 3238 monstratum
2711 3188 2818 3238 est.
2853 3185 3130 3257 Sequitur
3160 3203 3174 3242 :

2001 3293 2021 3321 α
2049 3273 2186 3327 Fide
2213 3271 2412 3326 Rahab
2438 3273 2710 3327 meratrix
2731 3290 2846 3328 non
2878 3274 3052 3345 periit
3072 3290 3208 3331 cum
3231 3276 3571 3348 incredulis,

1919 3362 2212 3433 excipiens
2244 3359 2638 3432 exploratores
2686 3377 2820 3417 cum
2869 3379 3010 3434 pace
3039 3363 3304 3437 (Josuen,
3327 3367 3401 3438 3).
3434 3390 3462 3417 »
3491 3369 3570 3423 Ac

1919 3451 1970 3506 si
2001 3454 2266 3522 patenter
2295 3449 2453 3504 dicat
2477 3467 2488 3504 :
2518 3451 2712 3520 Turpe
2741 3453 2830 3505 est
2858 3450 3036 3520 enim,
3060 3454 3110 3506 si
3143 3455 3445 3511 meretrice
3474 3456 3569 3511 in-

1921 3538 2207 3593 fideliores
2238 3536 2400 3591 estis.
2427 3536 2530 3591 Illa
2566 3541 2796 3591 tantum
2847 3537 3116 3594 homines
3165 3541 3386 3596 audivit
3415 3560 3566 3598 nun-

1920 3629 2152 3696 tiantes,
2178 3631 2235 3683 et
2259 3625 2564 3681 confestim
2588 3626 2865 3693 credidit;
2887 3643 2989 3682 vos
3015 3632 3209 3684 autem
3233 3645 3347 3685 non
3372 3629 3564 3688 solum

1920 3716 2190 3772 homines
2215 3714 2452 3781 auditis,
2472 3715 2572 3769 sed
2598 3713 2771 3769 etiam
2795 3731 2962 3771 voces
2982 3716 3564 3790 prophetarum,quaa

1923 3823 2025 3878 per
2047 3821 2220 3861 omne
2246 3805 2570 3859 Sabbatum
2596 3803 2890 3875 leguntur.
2917 3804 3062 3861 Nam
3087 3806 3263 3861 etiam
3288 3807 3347 3862 in
3371 3807 3575 3863 Rahab

1923 3896 2163 3951 effectus
2207 3892 2339 3947 fidei
2383 3897 2732 3947 consecutus
2774 3899 2894 3960 est;
2925 3893 3200 3949 omnibus
3229 3894 3444 3967 quippe
3475 3911 3573 3967 pe-

1925 3983 2231 4038 reuntibus
2263 3980 2386 4035 sola
2413 3981 2632 4035 salvata
2653 3985 2760 4034 est.
2784 3980 2905 4034 Non
2934 3981 3081 4035 dixit
3103 3983 3258 4053 apud
3281 3999 3343 4038 se
3363 3983 3576 4054 ipsam,

1927 4089 2029 4126 nec
2064 4088 2164 4142 per
2194 4069 2476 4124 rationem
2512 4067 2856 4123 ratiocinata
2885 4073 2976 4124 est
3008 4089 3021 4122 :
3057 4070 3203 4134 Quia
3233 4087 3366 4126 cum
3398 4071 3580 4142 pluri-

1926 4162 2036 4216 bus
2067 4177 2186 4224 ero,
2212 4174 2352 4211 num
2387 4172 2492 4227 ego
2527 4155 2670 4227 ipsis
2703 4157 3045 4227 prudentior
3069 4175 3196 4214 esse
3228 4176 3467 4230 possum
3496 4177 3583 4216 sa-

1927 4249 2226 4321 pientibus
2247 4247 2408 4311 viris,
2427 4245 2524 4316 qui
2550 4262 2663 4299 non
2684 4245 2948 4314 credunt,
2964 4251 3021 4302 et
3040 4262 3144 4318 ego
3167 4247 3437 4303 credam?
3453 4248 3579 4305 Non

1927 4336 2124 4392 taliter
2145 4335 2440 4407 cogitavit,
2463 4333 2563 4388 sed
2589 4333 2834 4388 credidit
2856 4333 3026 4390 dictis
3047 4338 3430 4409 eorum,quod
3455 4355 3582 4409 pos-

1929 4433 2060 4481 sent
2091 4425 2190 4480 illa
2215 4424 2568 4493 contingere.
2597 4422 2799 4476 Rahab
2822 4439 2952 4477 vero
2984 4429 3187 4496 typum
3209 4429 3369 4480 tenet
3389 4425 3579 4483 Eccle-

1931 4515 2052 4580 siae,
2080 4529 2207 4584 qua:
2241 4514 2311 4565 de
2352 4510 2660 4576 extraneis,
2685 4515 2856 4578 atque
2895 4509 3098 4566 alienis
3135 4513 3410 4584 gentibus
3441 4531 3584 4570 con-

148 4619 303 4659 mare
339 4608 520 4660 erant
568 4601 839 4673 perituri,
865 4606 966 4656 aut
1001 4603 1059 4655 in
1093 4618 1305 4656 manus
1354 4603 1652 4674 ngyptias
1683 4604 1828 4659 inci-
1862 4619 1907 4684 Β
1941 4606 2178 4675 gregata
2211 4604 2326 4666 est;
2362 4616 2487 4669 quae
2521 4601 2688 4652 antea
2717 4597 2913 4653 vivens
2945 4599 3003 4652 in
3037 4601 3342 4658 desideriis
3371 4602 3584 4673 carnis,

146 4692 367 4762 derent,
394 4693 502 4748 sed
558 4708 662 4762 per
709 4690 884 4744 ﬁdem
933 4694 1144 4744 cuncta
1175 4690 1456 4745 vicerunt.
1511 4691 1572 4745 Id
1631 4693 1828 4764 ipsum

147 4797 303 4836 mare
338 4782 478 4837 istis
513 4785 603 4835 est
652 4779 900 4835 oblitum
934 4784 1155 4833 naturae
1189 4796 1328 4847 sua,
1359 4779 1477 4834 illis
1529 4787 1822 4838 armatum

145 4876 229 4924 est
257 4872 557 4926 adversus
579 4885 695 4923 eos.
723 4867 936 4940 Typice
964 4873 1185 4937 autem,
1211 4869 1353 4939 quid
1387 4885 1492 4939 per
1524 4887 1683 4926 mare
1716 4872 1827 4927 Ru-

144 4959 338 5032 brum,
377 4958 500 5014 nisi
537 4957 899 5028 baptismum
942 4963 1030 5011 est
1057 4957 1274 5010 Christi
1306 4957 1592 5029 sanguine
1623 4977 1824 5016 conse-

143 5050 415 5104 cratum?
464 5048 678 5102 Hostes
730 5051 1041 5118 sequentes
1088 5062 1221 5100 cum
1275 5062 1426 5116 rege,
1455 5047 1553 5117 qui
1601 5065 1634 5102 a
1664 5053 1824 5121 tergo

144 5140 515 5204 moriuntur,
551 5140 792 5208 peccata
841 5140 983 5190 sunt
1033 5135 1346 5205 praeterita,
1376 5152 1502 5206 quae
1535 5137 1824 5203 delentur,

142 5232 195 5282 et
226 5227 538 5292 diabolus,
573 5225 673 5296 qui
721 5225 780 5278 in
835 5223 1087 5296 spiritali
1137 5225 1429 5296 baptismo
1480 5226 1824 5282 suffocatur.

141 5316 429 5372 Premunt
465 5313 706 5386 quidem
733 5313 1017 5385 IEgyptii;
1053 5318 1285 5385 urgent,
1310 5313 1537 5369 instant
1566 5320 1824 5386 peccata,

142 5406 238 5462 sed
277 5420 484 5476 usque
518 5404 591 5457 ad
623 5418 862 5473 aquam.

211 5519 238 5545 ‹‹
275 5495 424 5550 Fide
470 5492 628 5547 muri
677 5490 911 5546 Jericho
934 5495 1284 5546 corruerunt
1314 5491 1567 5547 circuitu
1599 5493 1828 5548 dierum

143 5589 372 5658 septem
408 5583 599 5654 (Iosue
628 5597 706 5650 vn,
728 5581 842 5650 20).
871 5602 899 5629 »
922 5581 1048 5635 Non
1080 5579 1233 5634 enim
1286 5581 1564 5637 tubarum
1601 5582 1830 5638 sonitus

146 5688 468 5732 murorum
505 5687 646 5726 saxa
673 5667 903 5741 dejecit,
923 5685 990 5726 ac
1010 5669 1059 5725 si
1082 5684 1186 5743 per
1208 5669 1412 5726 decem
1434 5669 1624 5727 millia
1644 5687 1831 5730 annos

448 5799 720 5862 ΡΑτειοι..
765 5797 1086 5864 CXXXIV.

1941 4688 2340 4746 fornicabatur
2395 4687 2453 4740 in
2507 4685 2699 4752 idolis,
2733 4687 2804 4741 ad
2838 4703 3014 4757 quam
3073 4687 3358 4746 Dominus
3412 4691 3586 4748 Jesus

1935 4777 2225 4838 Christus,
2242 4776 2310 4831 ad
2339 4775 2686 4830 scrutandos
2710 4791 2901 4830 mores
2928 4775 3234 4832 hominum
3258 4779 3372 4834 duo
3392 4779 3588 4836 Testa-

1936 4873 2142 4921 menta
2163 4865 2390 4920 direxit.
2417 4863 2560 4919 Nam
2595 4863 2744 4928 ideo,
2769 4867 2834 4918 ut
2868 4865 3228 4920 credentium
3263 4867 3459 4937 fidem,
3483 4871 3586 4922 aut

1937 4955 2238 5011 rebellium
2290 4952 2669 5025 pervicaciam
2720 4951 2949 5024 plenius
2997 4955 3419 5026 comprobaret,
3451 4961 3587 5012 ante

1936 5045 2250 5099 adventum
2277 5041 2489 5112 judicii
2533 5040 2645 5107 sui,
2681 5041 2850 5112 quasi
2879 5040 3270 5113 exploratores
3302 5043 3472 5115 duos,
3503 5044 3584 5101 1e-

1935 5150 2090 5205 gem,
2123 5139 2180 5188 et
2207 5129 2582 5203 Evangelium
2614 5130 2941 5184 destinavit.

2009 5223 2133 5278 Huc
2162 5237 2349 5291 usque
2380 5217 2634 5273 narravit
2660 5219 2729 5272 de
2761 5218 3112 5291 legislatore,
3135 5225 3191 5276 et
3218 5221 3288 5277 de
3320 5222 3586 5294 patribus

1939 5311 2220 5382 antiquis,
2255 5315 2311 5364 et
2351 5311 2420 5363 de
2459 5323 2794 5363 successore
2825 5307 3009 5380 Moysi
3054 5308 3194 5364 Jesu
3225 5310 3399 5366 Nave.
3422 5311 3588 5367 Nunc

1939 5401 2204 5456 dicturus
2227 5403 2315 5453 est
2337 5395 2726 5467 dejudicibus
2752 5395 2950 5462 lsrael,
2975 5397 3218 5454 nomina
3239 5415 3592 5455 commemo-

1939 5507 2076 5544 rans
2122 5492 2360 5560 pr0pter
2407 5485 2747 5540 brevitatem
2782 5485 3091 5554 sermonis,
3119 5488 3219 5558 qui
3265 5505 3367 5560 per
3411 5487 3588 5544 ﬁdem

1939 5580 2366 5652 pugnaverunt,
2400 5579 2456 5628 et
2485 5577 2689 5644 gentes
2721 5573 3006 5645 plurimas
3037 5575 3316 5631 vicerunt.

2012 5691 2039 5717 α
2066 5667 2134 5723 Et
2155 5664 2296 5744 quid
2319 5661 2509 5720 adhuc
2531 5661 2723 5718 dicam
2741 5661 2769 5719 ‘2
2790 5661 3030 5720 Deﬁciet
3049 5663 3205 5720 enim
3231 5679 3327 5720 me
3353 5669 3588 5739 tempus

3225 5789 3306 5858 26
