  <div class='ocr_page' id='page_1' title='image "/cluster/home/n/w/nwhite01/storage/ocr_20150623/134-135/uc1.31175013627537/413.png"; bbox 0 0 3916 6412; ppageno 0'>
   <div class='ocr_carea' id='block_1_1' title="bbox 396 439 507 498">
    <p class='ocr_par' dir='ltr' id='par_1_1' title="bbox 396 439 507 498">
     <span class='ocr_line' id='line_1_1' title="bbox 396 439 507 498; baseline 0 -1"><span class='ocrx_word' id='word_1_1' title='bbox 396 439 507 498; x_wconf 87' lang='grc'><strong>811</strong></span> 
     </span>
    </p>
   </div>
   <div class='ocr_carea' id='block_1_2' title="bbox 1418 410 3768 488">
    <p class='ocr_par' dir='ltr' id='par_1_2' title="bbox 1418 410 3768 488">
     <span class='ocr_line' id='line_1_2' title="bbox 1418 410 3768 488; baseline -0.007 -1"><span class='ocrx_word' id='word_1_2' title='bbox 1418 426 1757 488; x_wconf 83' lang='lat' dir='ltr'><strong>ATTONIS</strong></span> <span class='ocrx_word' id='word_1_3' title='bbox 1803 421 2385 486; x_wconf 79' lang='lat' dir='ltr'><strong>VERCELLENSIS</strong></span> <span class='ocrx_word' id='word_1_4' title='bbox 2433 420 2787 482; x_wconf 88' lang='lat' dir='ltr'><strong>EPISCOPI</strong></span> <span class='ocrx_word' id='word_1_5' title='bbox 3696 410 3768 471; x_wconf 84' lang='lat'><strong>81</strong></span> 
     </span>
    </p>
   </div>
   <div class='ocr_carea' id='block_1_3' title="bbox 396 543 3818 631">
    <p class='ocr_par' dir='ltr' id='par_1_3' title="bbox 396 543 3818 631">
     <span class='ocr_line' id='line_1_3' title="bbox 396 543 3818 631; baseline -0.008 -6"><span class='ocrx_word' id='word_1_6' title='bbox 396 571 765 625; x_wconf 90' lang='lat' dir='ltr'><strong>enarranten.</strong></span> <span class='ocrx_word' id='word_1_7' title='bbox 787 590 809 621; x_wconf 72' lang='grc' dir='ltr'><strong>ι</strong></span> <span class='ocrx_word' id='word_1_8' title='bbox 850 565 1054 623; x_wconf 88' lang='lat' dir='ltr'><strong>Deﬁcit</strong></span> <span class='ocrx_word' id='word_1_9' title='bbox 1096 563 1251 621; x_wconf 89' lang='lat' dir='ltr'><strong>enim</strong></span> <span class='ocrx_word' id='word_1_10' title='bbox 1284 578 1375 617; x_wconf 90' lang='lat' dir='ltr'><strong>me</strong></span> <span class='ocrx_word' id='word_1_11' title='bbox 1424 564 1653 631; x_wconf 83' lang='lat' dir='ltr'><strong>tempus</strong></span> <span class='ocrx_word' id='word_1_12' title='bbox 1684 556 2045 612; x_wconf 91' lang='lat' dir='ltr'><strong>destinatum</strong></span> <span class='ocrx_word' id='word_1_13' title='bbox 2074 556 2129 622; x_wconf 84' lang='grc' dir='ltr'><strong>Α</strong></span> <span class='ocrx_word' id='word_1_14' title='bbox 2159 552 2270 609; x_wconf 85' lang='lat' dir='ltr'><strong>fuit</strong></span> <span class='ocrx_word' id='word_1_15' title='bbox 2298 557 2431 609; x_wconf 83' lang='lat' dir='ltr'><strong>ante</strong></span> <span class='ocrx_word' id='word_1_16' title='bbox 2462 557 2538 609; x_wconf 90' lang='lat' dir='ltr'><strong>te.</strong></span> <span class='ocrx_word' id='word_1_17' title='bbox 2567 575 2593 602; x_wconf 87' lang='grc'><strong>››</strong></span> <span class='ocrx_word' id='word_1_18' title='bbox 2621 551 2784 617; x_wconf 88' lang='lat' dir='ltr'><strong>Quod</strong></span> <span class='ocrx_word' id='word_1_19' title='bbox 2808 551 2935 623; x_wconf 87' lang='lat' dir='ltr'><strong>jam</strong></span> <span class='ocrx_word' id='word_1_20' title='bbox 2983 549 3043 604; x_wconf 91' lang='lat' dir='ltr'><strong>in</strong></span> <span class='ocrx_word' id='word_1_21' title='bbox 3074 545 3307 604; x_wconf 81' lang='lat' dir='ltr'><strong>Christo</strong></span> <span class='ocrx_word' id='word_1_22' title='bbox 3336 543 3649 618; x_wconf 83' lang='lat' dir='ltr'><strong>impletum</strong></span> <span class='ocrx_word' id='word_1_23' title='bbox 3692 558 3818 599; x_wconf 90' lang='lat' dir='ltr'><strong>esse</strong></span> 
     </span>
    </p>
   </div>
   <div class='ocr_carea' id='block_1_4' title="bbox 397 646 2043 728">
    <p class='ocr_par' dir='ltr' id='par_1_4' title="bbox 397 646 2043 728">
     <span class='ocr_line' id='line_1_4' title="bbox 397 646 2043 728; baseline -0.01 -14"><span class='ocrx_word' id='word_1_24' title='bbox 397 657 469 713; x_wconf 85' lang='lat' dir='ltr'><strong>ad</strong></span> <span class='ocrx_word' id='word_1_25' title='bbox 502 657 871 713; x_wconf 91' lang='lat' dir='ltr'><strong>scribendam</strong></span> <span class='ocrx_word' id='word_1_26' title='bbox 902 654 1209 728; x_wconf 80' lang='lat' dir='ltr'><strong>epistolam</strong></span> <span class='ocrx_word' id='word_1_27' title='bbox 1240 669 1253 707; x_wconf 92' lang='lat'>:</span> <span class='ocrx_word' id='word_1_28' title='bbox 1282 652 1412 715; x_wconf 91' lang='lat' dir='ltr'><strong>hoc,</strong></span> <span class='ocrx_word' id='word_1_29' title='bbox 1436 649 1592 720; x_wconf 91' lang='lat' dir='ltr'><strong>quod</strong></span> <span class='ocrx_word' id='word_1_30' title='bbox 1622 647 1680 701; x_wconf 91' lang='lat' dir='ltr'><strong>in</strong></span> <span class='ocrx_word' id='word_1_31' title='bbox 1713 646 1884 701; x_wconf 90' lang='lat' dir='ltr'><strong>corde</strong></span> <span class='ocrx_word' id='word_1_32' title='bbox 1916 660 2043 716; x_wconf 90' lang='lat' dir='ltr'><strong>pro-</strong></span> 
     </span>
    </p>
   </div>
   <div class='ocr_carea' id='block_1_5' title="bbox 398 737 2038 816">
    <p class='ocr_par' dir='ltr' id='par_1_5' title="bbox 398 737 2038 816">
     <span class='ocr_line' id='line_1_5' title="bbox 398 737 2038 816; baseline -0.007 -17"><span class='ocrx_word' id='word_1_33' title='bbox 398 746 591 816; x_wconf 86' lang='lat' dir='ltr'><strong>posui,</strong></span> <span class='ocrx_word' id='word_1_34' title='bbox 621 763 723 802; x_wconf 91' lang='lat' dir='ltr'><strong>seu</strong></span> <span class='ocrx_word' id='word_1_35' title='bbox 755 745 1061 802; x_wconf 81' lang='lat' dir='ltr'><strong>historiam</strong></span> <span class='ocrx_word' id='word_1_36' title='bbox 1091 741 1380 798; x_wconf 88' lang='lat' dir='ltr'><strong>narrando</strong></span> <span class='ocrx_word' id='word_1_37' title='bbox 1411 740 1482 793; x_wconf 91' lang='lat' dir='ltr'><strong>de</strong></span> <span class='ocrx_word' id='word_1_38' title='bbox 1511 737 1787 809; x_wconf 85' lang='lat' dir='ltr'><strong>cperihus</strong></span> <span class='ocrx_word' id='word_1_39' title='bbox 1814 750 2038 800; x_wconf 90' lang='lat' dir='ltr'><strong>eorum,</strong></span> 
     </span>
    </p>
   </div>
   <div class='ocr_carea' id='block_1_6' title="bbox 396 823 2041 896">
    <p class='ocr_par' dir='ltr' id='par_1_6' title="bbox 396 823 2041 896">
     <span class='ocr_line' id='line_1_6' title="bbox 396 823 2041 896; baseline -0.009 -7"><span class='ocrx_word' id='word_1_40' title='bbox 396 833 497 889; x_wconf 90' lang='lat' dir='ltr'><strong>sed</strong></span> <span class='ocrx_word' id='word_1_41' title='bbox 530 833 708 891; x_wconf 90' lang='lat' dir='ltr'><strong>ﬁnem</strong></span> <span class='ocrx_word' id='word_1_42' title='bbox 739 834 958 890; x_wconf 81' lang='lat' dir='ltr'><strong>faciens</strong></span> <span class='ocrx_word' id='word_1_43' title='bbox 980 834 1039 887; x_wconf 91' lang='lat' dir='ltr'><strong>in</strong></span> <span class='ocrx_word' id='word_1_44' title='bbox 1062 829 1445 896; x_wconf 85' lang='lat' dir='ltr'><strong>meretricem,</strong></span> <span class='ocrx_word' id='word_1_45' title='bbox 1470 830 1526 882; x_wconf 89' lang='lat' dir='ltr'><strong>et</strong></span> <span class='ocrx_word' id='word_1_46' title='bbox 1550 827 1607 880; x_wconf 92' lang='lat' dir='ltr'><strong>in</strong></span> <span class='ocrx_word' id='word_1_47' title='bbox 1631 823 2041 879; x_wconf 82' lang='lat' dir='ltr'><strong>verecundiam</strong></span> 
     </span>
    </p>
   </div>
   <div class='ocr_carea' id='block_1_7' title="bbox 396 912 2041 994">
    <p class='ocr_par' dir='ltr' id='par_1_7' title="bbox 396 912 2041 994">
     <span class='ocr_line' id='line_1_7' title="bbox 396 912 2041 994; baseline -0.007 -18"><span class='ocrx_word' id='word_1_48' title='bbox 396 921 482 977; x_wconf 80' lang='lat' dir='ltr'><strong>eis</strong></span> <span class='ocrx_word' id='word_1_49' title='bbox 514 922 770 979; x_wconf 81' lang='lat' dir='ltr'><strong>excitans</strong></span> <span class='ocrx_word' id='word_1_50' title='bbox 811 920 1149 994; x_wconf 85' lang='lat' dir='ltr'><strong>qualitatem</strong></span> <span class='ocrx_word' id='word_1_51' title='bbox 1189 933 1468 990; x_wconf 64' lang='lat' dir='ltr'><strong>personae,</strong></span> <span class='ocrx_word' id='word_1_52' title='bbox 1496 932 1611 969; x_wconf 89' lang='lat' dir='ltr'><strong>non</strong></span> <span class='ocrx_word' id='word_1_53' title='bbox 1634 914 1761 985; x_wconf 88' lang='lat' dir='ltr'><strong>jam</strong></span> <span class='ocrx_word' id='word_1_54' title='bbox 1793 912 2041 967; x_wconf 88' lang='lat' dir='ltr'><strong>delecta-</strong></span> 
     </span>
    </p>
   </div>
   <div class='ocr_carea' id='block_1_8' title="bbox 395 1002 2043 1066">
    <p class='ocr_par' dir='ltr' id='par_1_8' title="bbox 395 1002 2043 1066">
     <span class='ocr_line' id='line_1_8' title="bbox 395 1002 2043 1066; baseline -0.007 -1"><span class='ocrx_word' id='word_1_55' title='bbox 395 1015 491 1065; x_wconf 86' lang='lat' dir='ltr'><strong>tur</strong></span> <span class='ocrx_word' id='word_1_56' title='bbox 520 1009 901 1066; x_wconf 87' lang='lat' dir='ltr'><strong>historiarum</strong></span> <span class='ocrx_word' id='word_1_57' title='bbox 926 1005 1497 1064; x_wconf 86' lang='lat' dir='ltr'><strong>commemoratione.</strong></span> <span class='ocrx_word' id='word_1_58' title='bbox 1524 1003 1606 1058; x_wconf 87' lang='lat' dir='ltr'><strong>Ne</strong></span> <span class='ocrx_word' id='word_1_59' title='bbox 1636 1002 1901 1056; x_wconf 91' lang='lat' dir='ltr'><strong>videatur</strong></span> <span class='ocrx_word' id='word_1_60' title='bbox 1930 1016 2043 1054; x_wconf 91' lang='lat' dir='ltr'><strong>ser-</strong></span> 
     </span>
    </p>
   </div>
   <div class='ocr_carea' id='block_1_9' title="bbox 395 1088 2038 1170">
    <p class='ocr_par' dir='ltr' id='par_1_9' title="bbox 395 1088 2038 1170">
     <span class='ocr_line' id='line_1_9' title="bbox 395 1088 2038 1170; baseline -0.007 -16"><span class='ocrx_word' id='word_1_61' title='bbox 395 1113 629 1154; x_wconf 90' lang='lat' dir='ltr'><strong>monem</strong></span> <span class='ocrx_word' id='word_1_62' title='bbox 651 1114 824 1153; x_wconf 91' lang='lat' dir='ltr'><strong>suum</strong></span> <span class='ocrx_word' id='word_1_63' title='bbox 857 1094 1143 1170; x_wconf 88' lang='lat' dir='ltr'><strong>protelare</strong></span> <span class='ocrx_word' id='word_1_64' title='bbox 1172 1099 1367 1149; x_wconf 90' lang='lat' dir='ltr'><strong>tamen</strong></span> <span class='ocrx_word' id='word_1_65' title='bbox 1391 1110 1507 1148; x_wconf 91' lang='lat' dir='ltr'><strong>non</strong></span> <span class='ocrx_word' id='word_1_66' title='bbox 1538 1109 1606 1146; x_wconf 89' lang='lat' dir='ltr'><strong>ea</strong></span> <span class='ocrx_word' id='word_1_67' title='bbox 1627 1090 1918 1162; x_wconf 86' lang='lat' dir='ltr'><strong>explanat,</strong></span> <span class='ocrx_word' id='word_1_68' title='bbox 1939 1088 2038 1144; x_wconf 89' lang='lat' dir='ltr'><strong>sed</strong></span> 
     </span>
    </p>
   </div>
   <div class='ocr_carea' id='block_1_10' title="bbox 393 1180 2041 1257">
    <p class='ocr_par' dir='ltr' id='par_1_10' title="bbox 393 1180 2041 1257">
     <span class='ocr_line' id='line_1_10' title="bbox 393 1180 2041 1257; baseline -0.007 -16"><span class='ocrx_word' id='word_1_69' title='bbox 393 1185 698 1256; x_wconf 89' lang='lat' dir='ltr'><strong>percurrit,</strong></span> <span class='ocrx_word' id='word_1_70' title='bbox 714 1184 1006 1257; x_wconf 82' lang='lat' dir='ltr'><strong>sapienter</strong></span> <span class='ocrx_word' id='word_1_71' title='bbox 1023 1182 1188 1239; x_wconf 88' lang='lat' dir='ltr'><strong>valde</strong></span> <span class='ocrx_word' id='word_1_72' title='bbox 1211 1186 1529 1252; x_wconf 90' lang='lat' dir='ltr'><strong>utrumque</strong></span> <span class='ocrx_word' id='word_1_73' title='bbox 1555 1180 1797 1243; x_wconf 86' lang='lat' dir='ltr'><strong>faciens,</strong></span> <span class='ocrx_word' id='word_1_74' title='bbox 1815 1183 1872 1233; x_wconf 90' lang='lat' dir='ltr'><strong>et</strong></span> <span class='ocrx_word' id='word_1_75' title='bbox 1893 1183 2041 1231; x_wconf 88' lang='lat' dir='ltr'><strong>tem-</strong></span> 
     </span>
    </p>
   </div>
   <div class='ocr_carea' id='block_1_11' title="bbox 395 1265 2041 1345">
    <p class='ocr_par' dir='ltr' id='par_1_11' title="bbox 395 1265 2041 1345">
     <span class='ocr_line' id='line_1_11' title="bbox 395 1265 2041 1345; baseline -0.005 -18"><span class='ocrx_word' id='word_1_76' title='bbox 395 1289 506 1345; x_wconf 90' lang='lat' dir='ltr'><strong>pus</strong></span> <span class='ocrx_word' id='word_1_77' title='bbox 535 1271 786 1345; x_wconf 84' lang='lat' dir='ltr'><strong>fugiens,</strong></span> <span class='ocrx_word' id='word_1_78' title='bbox 808 1276 866 1328; x_wconf 91' lang='lat' dir='ltr'><strong>et</strong></span> <span class='ocrx_word' id='word_1_79' title='bbox 896 1272 1246 1328; x_wconf 88' lang='lat' dir='ltr'><strong>densitatem</strong></span> <span class='ocrx_word' id='word_1_80' title='bbox 1278 1271 1701 1326; x_wconf 89' lang='lat' dir='ltr'><strong>sententiarum</strong></span> <span class='ocrx_word' id='word_1_81' title='bbox 1734 1283 1851 1321; x_wconf 90' lang='lat' dir='ltr'><strong>non</strong></span> <span class='ocrx_word' id='word_1_82' title='bbox 1882 1265 2041 1321; x_wconf 88' lang='lat' dir='ltr'><strong>aufe-</strong></span> 
     </span>
    </p>
   </div>
   <div class='ocr_carea' id='block_1_12' title="bbox 392 1354 2041 1433">
    <p class='ocr_par' dir='ltr' id='par_1_12' title="bbox 392 1354 2041 1433">
     <span class='ocr_line' id='line_1_12' title="bbox 392 1354 2041 1433; baseline -0.005 -17"><span class='ocrx_word' id='word_1_83' title='bbox 392 1377 546 1417; x_wconf 85' lang='lat' dir='ltr'><strong>rens.</strong></span> <span class='ocrx_word' id='word_1_84' title='bbox 592 1359 792 1433; x_wconf 89' lang='lat' dir='ltr'><strong>Neque</strong></span> <span class='ocrx_word' id='word_1_85' title='bbox 843 1360 1001 1418; x_wconf 91' lang='lat' dir='ltr'><strong>enim</strong></span> <span class='ocrx_word' id='word_1_86' title='bbox 1058 1359 1297 1416; x_wconf 87' lang='lat' dir='ltr'><strong>omnino</strong></span> <span class='ocrx_word' id='word_1_87' title='bbox 1350 1358 1555 1425; x_wconf 85' lang='lat' dir='ltr'><strong>tacuit,</strong></span> <span class='ocrx_word' id='word_1_88' title='bbox 1596 1372 1786 1428; x_wconf 91' lang='lat' dir='ltr'><strong>neque</strong></span> <span class='ocrx_word' id='word_1_89' title='bbox 1842 1354 2041 1409; x_wconf 90' lang='lat' dir='ltr'><strong>dicens</strong></span> 
     </span>
    </p>
   </div>
   <div class='ocr_carea' id='block_1_13' title="bbox 390 1443 2039 1520">
    <p class='ocr_par' dir='ltr' id='par_1_13' title="bbox 390 1443 2039 1520">
     <span class='ocr_line' id='line_1_13' title="bbox 390 1443 2039 1520; baseline -0.005 -15"><span class='ocrx_word' id='word_1_90' title='bbox 390 1449 675 1507; x_wconf 87' lang='lat' dir='ltr'><strong>molestus</strong></span> <span class='ocrx_word' id='word_1_91' title='bbox 696 1450 936 1506; x_wconf 80' lang='lat' dir='ltr'><strong>eﬁ&#39;ectus</strong></span> <span class='ocrx_word' id='word_1_92' title='bbox 954 1453 1043 1505; x_wconf 88' lang='lat' dir='ltr'><strong>est</strong></span> <span class='ocrx_word' id='word_1_93' title='bbox 1061 1473 1076 1517; x_wconf 86' lang='lat'><strong>;</strong></span> <span class='ocrx_word' id='word_1_94' title='bbox 1098 1452 1415 1520; x_wconf 90' lang='lat' dir='ltr'><strong>utrumque</strong></span> <span class='ocrx_word' id='word_1_95' title='bbox 1436 1446 1592 1502; x_wconf 93' lang='lat' dir='ltr'><strong>enim</strong></span> <span class='ocrx_word' id='word_1_96' title='bbox 1617 1445 1773 1500; x_wconf 85' lang='lat' dir='ltr'><strong>facit.</strong></span> <span class='ocrx_word' id='word_1_97' title='bbox 1790 1443 1897 1508; x_wconf 89' lang='lat' dir='ltr'><strong>Qui</strong></span> <span class='ocrx_word' id='word_1_98' title='bbox 1912 1444 2039 1513; x_wconf 90' lang='lat' dir='ltr'><strong>jam</strong></span> 
     </span>
    </p>
   </div>
   <div class='ocr_carea' id='block_1_14' title="bbox 390 1530 2042 1612">
    <p class='ocr_par' dir='ltr' id='par_1_14' title="bbox 390 1530 2042 1612">
     <span class='ocr_line' id='line_1_14' title="bbox 390 1530 2042 1612; baseline -0.005 -18"><span class='ocrx_word' id='word_1_99' title='bbox 390 1536 649 1595; x_wconf 83' lang='lat' dir='ltr'><strong>credenti</strong></span> <span class='ocrx_word' id='word_1_100' title='bbox 674 1537 1041 1612; x_wconf 82' lang='lat' dir='ltr'><strong>longitudine</strong></span> <span class='ocrx_word' id='word_1_101' title='bbox 1062 1536 1351 1594; x_wconf 89' lang='lat' dir='ltr'><strong>sermonis</strong></span> <span class='ocrx_word' id='word_1_102' title='bbox 1381 1534 1669 1591; x_wconf 90' lang='lat' dir='ltr'><strong>molestus</strong></span> <span class='ocrx_word' id='word_1_103' title='bbox 1696 1549 1825 1589; x_wconf 90' lang='lat' dir='ltr'><strong>esse</strong></span> <span class='ocrx_word' id='word_1_104' title='bbox 1848 1530 2042 1587; x_wconf 83' lang='lat' dir='ltr'><strong>volue-</strong></span> 
     </span>
    </p>
   </div>
   <div class='ocr_carea' id='block_1_15' title="bbox 389 1620 2040 1700">
    <p class='ocr_par' dir='ltr' id='par_1_15' title="bbox 389 1620 2040 1700">
     <span class='ocr_line' id='line_1_15' title="bbox 389 1620 2040 1700; baseline -0.005 -17"><span class='ocrx_word' id='word_1_105' title='bbox 389 1625 486 1697; x_wconf 91' lang='lat' dir='ltr'><strong>rit,</strong></span> <span class='ocrx_word' id='word_1_106' title='bbox 509 1625 845 1700; x_wconf 89' lang='lat' dir='ltr'><strong>opinionem</strong></span> <span class='ocrx_word' id='word_1_107' title='bbox 908 1626 1249 1683; x_wconf 89' lang='lat' dir='ltr'><strong>ambitionis</strong></span> <span class='ocrx_word' id='word_1_108' title='bbox 1278 1625 1554 1692; x_wconf 90' lang='lat' dir='ltr'><strong>incurrit;</strong></span> <span class='ocrx_word' id='word_1_109' title='bbox 1607 1626 1833 1695; x_wconf 87' lang='lat' dir='ltr'><strong>oportet</strong></span> <span class='ocrx_word' id='word_1_110' title='bbox 1884 1620 2040 1677; x_wconf 90' lang='lat' dir='ltr'><strong>enim</strong></span> 
     </span>
    </p>
   </div>
   <div class='ocr_carea' id='block_1_16' title="bbox 391 1713 1381 1787">
    <p class='ocr_par' dir='ltr' id='par_1_16' title="bbox 391 1713 1381 1787">
     <span class='ocr_line' id='line_1_16' title="bbox 391 1713 1381 1787; baseline -0.001 -18"><span class='ocrx_word' id='word_1_111' title='bbox 391 1713 629 1771; x_wconf 88' lang='lat' dir='ltr'><strong>utilitati</strong></span> <span class='ocrx_word' id='word_1_112' title='bbox 660 1714 987 1787; x_wconf 87' lang='lat' dir='ltr'><strong>prospicere</strong></span> <span class='ocrx_word' id='word_1_113' title='bbox 1016 1719 1075 1771; x_wconf 87' lang='lat' dir='ltr'><strong>et</strong></span> <span class='ocrx_word' id='word_1_114' title='bbox 1103 1714 1381 1787; x_wconf 89' lang='lat' dir='ltr'><strong>coaptari.</strong></span> 
     </span>
    </p>
   </div>
   <div class='ocr_carea' id='block_1_17' title="bbox 465 1797 2036 1874">
    <p class='ocr_par' dir='ltr' id='par_1_17' title="bbox 465 1797 2036 1874">
     <span class='ocr_line' id='line_1_17' title="bbox 465 1797 2036 1874; baseline -0.003 -20"><span class='ocrx_word' id='word_1_115' title='bbox 465 1825 493 1854; x_wconf 87' lang='grc'><em>‹‹</em></span> <span class='ocrx_word' id='word_1_116' title='bbox 526 1808 603 1859; x_wconf 89' lang='lat' dir='ltr'><strong>De</strong></span> <span class='ocrx_word' id='word_1_117' title='bbox 651 1804 906 1874; x_wconf 87' lang='lat' dir='ltr'><strong>Gedeon,</strong></span> <span class='ocrx_word' id='word_1_118' title='bbox 956 1803 1198 1874; x_wconf 88' lang='lat' dir='ltr'><strong>Barach,</strong></span> <span class='ocrx_word' id='word_1_119' title='bbox 1246 1808 1513 1872; x_wconf 84' lang='lat' dir='ltr'><strong>Samson,</strong></span> <span class='ocrx_word' id='word_1_120' title='bbox 1555 1799 1789 1871; x_wconf 87' lang='lat' dir='ltr'><strong>Jephte,</strong></span> <span class='ocrx_word' id='word_1_121' title='bbox 1834 1797 2036 1862; x_wconf 86' lang='lat' dir='ltr'><strong>David,</strong></span> 
     </span>
    </p>
   </div>
   <div class='ocr_carea' id='block_1_18' title="bbox 2158 660 2479 698">
    <p class='ocr_par' dir='ltr' id='par_1_18' title="bbox 2158 660 2479 698">
     <span class='ocr_line' id='line_1_18' title="bbox 2158 660 2479 698; baseline 0 -1"><span class='ocrx_word' id='word_1_122' title='bbox 2158 660 2479 698; x_wconf 82' lang='lat' dir='ltr'><strong>cernimus.</strong></span> 
     </span>
    </p>
   </div>
   <div class='ocr_carea' id='block_1_19' title="bbox 2231 721 3811 793">
    <p class='ocr_par' dir='ltr' id='par_1_19' title="bbox 2231 721 3811 793">
     <span class='ocr_line' id='line_1_19' title="bbox 2231 721 3811 793; baseline -0.005 -7"><span class='ocrx_word' id='word_1_123' title='bbox 2231 756 2250 780; x_wconf 76' lang='grc' dir='ltr'><strong>ε</strong></span> <span class='ocrx_word' id='word_1_124' title='bbox 2287 732 2718 787; x_wconf 86' lang='lat' dir='ltr'><strong>Obturaverunt</strong></span> <span class='ocrx_word' id='word_1_125' title='bbox 2756 747 2858 785; x_wconf 90' lang='lat' dir='ltr'><strong>ora</strong></span> <span class='ocrx_word' id='word_1_126' title='bbox 2900 728 3160 793; x_wconf 89' lang='lat' dir='ltr'><strong>leonum,</strong></span> <span class='ocrx_word' id='word_1_127' title='bbox 3194 725 3598 781; x_wconf 87' lang='lat' dir='ltr'><strong>exstinxerunt</strong></span> <span class='ocrx_word' id='word_1_128' title='bbox 3627 721 3811 793; x_wconf 91' lang='lat' dir='ltr'><strong>impe-</strong></span> 
     </span>
    </p>
   </div>
   <div class='ocr_carea' id='block_1_20' title="bbox 2152 821 2541 891">
    <p class='ocr_par' dir='ltr' id='par_1_20' title="bbox 2152 821 2541 891">
     <span class='ocr_line' id='line_1_20' title="bbox 2152 821 2541 891; baseline 0.003 -16"><span class='ocrx_word' id='word_1_129' title='bbox 2152 824 2279 875; x_wconf 91' lang='lat' dir='ltr'><strong>tum</strong></span> <span class='ocrx_word' id='word_1_130' title='bbox 2312 821 2484 891; x_wconf 83' lang='lat' dir='ltr'><strong>ignis.</strong></span> <span class='ocrx_word' id='word_1_131' title='bbox 2512 842 2541 869; x_wconf 87' lang='grc'><strong>››</strong></span> 
     </span>
    </p>
   </div>
   <div class='ocr_carea' id='block_1_21' title="bbox 2234 900 3813 975">
    <p class='ocr_par' dir='ltr' id='par_1_21' title="bbox 2234 900 3813 975">
     <span class='ocr_line' id='line_1_21' title="bbox 2234 900 3813 975; baseline -0.006 -11"><span class='ocrx_word' id='word_1_132' title='bbox 2234 930 2254 957; x_wconf 75' lang='grc' dir='ltr'><strong>ι</strong></span> <span class='ocrx_word' id='word_1_133' title='bbox 2290 909 2722 964; x_wconf 87' lang='lat' dir='ltr'><strong>Obturaverunt</strong></span> <span class='ocrx_word' id='word_1_134' title='bbox 2765 924 2867 963; x_wconf 90' lang='lat' dir='ltr'><strong>ora</strong></span> <span class='ocrx_word' id='word_1_135' title='bbox 2911 905 3148 960; x_wconf 89' lang='lat' dir='ltr'><strong>leonum</strong></span> <span class='ocrx_word' id='word_1_136' title='bbox 3180 925 3207 954; x_wconf 86' lang='lat'>»</span> <span class='ocrx_word' id='word_1_137' title='bbox 3249 920 3352 975; x_wconf 91' lang='lat' dir='ltr'><strong>per</strong></span> <span class='ocrx_word' id='word_1_138' title='bbox 3382 903 3580 968; x_wconf 90' lang='lat' dir='ltr'><strong>ﬁdem,</strong></span> <span class='ocrx_word' id='word_1_139' title='bbox 3605 905 3675 956; x_wconf 89' lang='lat' dir='ltr'><strong>ut</strong></span> <span class='ocrx_word' id='word_1_140' title='bbox 3703 900 3813 955; x_wconf 87' lang='lat' dir='ltr'><strong>Da-</strong></span> 
     </span>
    </p>
   </div>
   <div class='ocr_carea' id='block_1_22' title="bbox 2152 988 3809 1067">
    <p class='ocr_par' dir='ltr' id='par_1_22' title="bbox 2152 988 3809 1067">
     <span class='ocr_line' id='line_1_22' title="bbox 2152 988 3809 1067; baseline -0.008 -13"><span class='ocrx_word' id='word_1_141' title='bbox 2152 998 2268 1054; x_wconf 90' lang='lat' dir='ltr'><strong>niel</strong></span> <span class='ocrx_word' id='word_1_142' title='bbox 2300 1016 2416 1065; x_wconf 84' lang='lat' dir='ltr'><strong>xw,</strong></span> <span class='ocrx_word' id='word_1_143' title='bbox 2448 1000 2539 1064; x_wconf 83' lang='lat'><strong>39,</strong></span> <span class='ocrx_word' id='word_1_144' title='bbox 2588 1003 2832 1051; x_wconf 87' lang='lat' dir='ltr'><strong>Samson</strong></span> <span class='ocrx_word' id='word_1_145' title='bbox 2866 996 3014 1067; x_wconf 86' lang='lat' dir='ltr'><strong>(Iud.</strong></span> <span class='ocrx_word' id='word_1_146' title='bbox 3041 1011 3158 1062; x_wconf 79' lang='lat' dir='ltr'><strong>xiv,</strong></span> <span class='ocrx_word' id='word_1_147' title='bbox 3189 994 3267 1065; x_wconf 88' lang='lat'><strong>6),</strong></span> <span class='ocrx_word' id='word_1_148' title='bbox 3299 997 3356 1047; x_wconf 91' lang='lat' dir='ltr'><strong>et</strong></span> <span class='ocrx_word' id='word_1_149' title='bbox 3391 990 3563 1047; x_wconf 88' lang='lat' dir='ltr'><strong>David</strong></span> <span class='ocrx_word' id='word_1_150' title='bbox 3599 989 3651 1061; x_wconf 88' lang='grc' dir='ltr'>(Ι</span> <span class='ocrx_word' id='word_1_151' title='bbox 3682 988 3809 1059; x_wconf 81' lang='lat' dir='ltr'><strong>Reg.</strong></span> 
     </span>
    </p>
   </div>
   <div class='ocr_carea' id='block_1_23' title="bbox 2150 1087 2538 1154">
    <p class='ocr_par' dir='ltr' id='par_1_23' title="bbox 2150 1087 2538 1154">
     <span class='ocr_line' id='line_1_23' title="bbox 2150 1087 2538 1154; baseline -0.005 -11"><span class='ocrx_word' id='word_1_152' title='bbox 2150 1104 2289 1154; x_wconf 80' lang='lat' dir='ltr'><strong>xvu,</strong></span> <span class='ocrx_word' id='word_1_153' title='bbox 2322 1087 2538 1154; x_wconf 79' lang='lat'><strong>34-37).</strong></span> 
     </span>
    </p>
   </div>
   <div class='ocr_carea' id='block_1_24' title="bbox 2223 1186 3816 1262">
    <p class='ocr_par' dir='ltr' id='par_1_24' title="bbox 2223 1186 3816 1262">
     <span class='ocr_line' id='line_1_24' title="bbox 2223 1186 3816 1262; baseline -0.003 -19"><span class='ocrx_word' id='word_1_154' title='bbox 2223 1216 2250 1243; x_wconf 88' lang='grc'><strong>‹‹</strong></span> <span class='ocrx_word' id='word_1_155' title='bbox 2286 1194 2705 1248; x_wconf 87' lang='lat' dir='ltr'><strong>Exstinxerunt</strong></span> <span class='ocrx_word' id='word_1_156' title='bbox 2748 1192 3035 1262; x_wconf 87' lang='lat' dir='ltr'><strong>impetum</strong></span> <span class='ocrx_word' id='word_1_157' title='bbox 3091 1188 3268 1261; x_wconf 86' lang='lat' dir='ltr'><strong>ignis,</strong></span> <span class='ocrx_word' id='word_1_158' title='bbox 3296 1212 3316 1240; x_wconf 77' lang='grc' dir='ltr'><strong>ι</strong></span> <span class='ocrx_word' id='word_1_159' title='bbox 3358 1204 3459 1259; x_wconf 86' lang='lat' dir='ltr'><strong>per</strong></span> <span class='ocrx_word' id='word_1_160' title='bbox 3506 1186 3709 1250; x_wconf 85' lang='lat' dir='ltr'><strong>ﬁdem,</strong></span> <span class='ocrx_word' id='word_1_161' title='bbox 3755 1189 3816 1242; x_wconf 89' lang='lat' dir='ltr'><strong>ut</strong></span> 
     </span>
    </p>
   </div>
   <div class='ocr_carea' id='block_1_25' title="bbox 2152 1272 3817 1354">
    <p class='ocr_par' dir='ltr' id='par_1_25' title="bbox 2152 1272 3817 1354">
     <span class='ocr_line' id='line_1_25' title="bbox 2152 1272 3817 1354; baseline -0.005 -17"><span class='ocrx_word' id='word_1_162' title='bbox 2152 1287 2268 1337; x_wconf 88' lang='lat' dir='ltr'><strong>tres</strong></span> <span class='ocrx_word' id='word_1_163' title='bbox 2315 1281 2477 1354; x_wconf 90' lang='lat' dir='ltr'><strong>pueri</strong></span> <span class='ocrx_word' id='word_1_164' title='bbox 2528 1280 2587 1335; x_wconf 90' lang='lat' dir='ltr'><strong>in</strong></span> <span class='ocrx_word' id='word_1_165' title='bbox 2636 1279 2865 1334; x_wconf 88' lang='lat' dir='ltr'><strong>camino</strong></span> <span class='ocrx_word' id='word_1_166' title='bbox 2897 1278 3245 1350; x_wconf 28' lang='lat' dir='ltr'><strong>ignis.(Dan.</strong></span> <span class='ocrx_word' id='word_1_167' title='bbox 3280 1293 3364 1342; x_wconf 85' lang='grc' dir='ltr'>ιιι,</span> <span class='ocrx_word' id='word_1_168' title='bbox 3396 1275 3508 1344; x_wconf 84' lang='grc'><strong>93).</strong></span> <span class='ocrx_word' id='word_1_169' title='bbox 3544 1272 3678 1330; x_wconf 56' lang='lat' dir='ltr'><strong>Haec</strong></span> <span class='ocrx_word' id='word_1_170' title='bbox 3727 1276 3817 1328; x_wconf 89' lang='lat' dir='ltr'><strong>est</strong></span> 
     </span>
    </p>
   </div>
   <div class='ocr_carea' id='block_1_26' title="bbox 2152 1365 3814 1441">
    <p class='ocr_par' dir='ltr' id='par_1_26' title="bbox 2152 1365 3814 1441">
     <span class='ocr_line' id='line_1_26' title="bbox 2152 1365 3814 1441; baseline -0.005 -16"><span class='ocrx_word' id='word_1_171' title='bbox 2152 1370 2318 1441; x_wconf 89' lang='lat' dir='ltr'><strong>ﬁdes,</strong></span> <span class='ocrx_word' id='word_1_172' title='bbox 2339 1375 2404 1425; x_wconf 94' lang='lat' dir='ltr'><strong>ut</strong></span> <span class='ocrx_word' id='word_1_173' title='bbox 2434 1385 2569 1425; x_wconf 89' lang='lat' dir='ltr'><strong>cum</strong></span> <span class='ocrx_word' id='word_1_174' title='bbox 2600 1384 2693 1424; x_wconf 91' lang='lat' dir='ltr'><strong>res</strong></span> <span class='ocrx_word' id='word_1_175' title='bbox 2724 1368 2897 1424; x_wconf 90' lang='lat' dir='ltr'><strong>nobis</strong></span> <span class='ocrx_word' id='word_1_176' title='bbox 2928 1368 2986 1421; x_wconf 91' lang='lat' dir='ltr'><strong>in</strong></span> <span class='ocrx_word' id='word_1_177' title='bbox 3019 1365 3380 1421; x_wconf 89' lang='lat' dir='ltr'><strong>contrarium</strong></span> <span class='ocrx_word' id='word_1_178' title='bbox 3414 1365 3647 1429; x_wconf 88' lang='lat' dir='ltr'><strong>exeunt,</strong></span> <span class='ocrx_word' id='word_1_179' title='bbox 3671 1366 3814 1417; x_wconf 88' lang='lat' dir='ltr'><strong>tunc</strong></span> 
     </span>
    </p>
   </div>
   <div class='ocr_carea' id='block_1_27' title="bbox 2151 1450 3814 1529">
    <p class='ocr_par' dir='ltr' id='par_1_27' title="bbox 2151 1450 3814 1529">
     <span class='ocr_line' id='line_1_27' title="bbox 2151 1450 3814 1529; baseline -0.005 -14"><span class='ocrx_word' id='word_1_180' title='bbox 2151 1460 2481 1525; x_wconf 87' lang='lat' dir='ltr'><strong>credamus,</strong></span> <span class='ocrx_word' id='word_1_181' title='bbox 2516 1457 2655 1529; x_wconf 90' lang='lat' dir='ltr'><strong>quia</strong></span> <span class='ocrx_word' id='word_1_182' title='bbox 2703 1456 2848 1512; x_wconf 87' lang='lat' dir='ltr'><strong>nihil</strong></span> <span class='ocrx_word' id='word_1_183' title='bbox 2890 1455 3247 1512; x_wconf 91' lang='lat' dir='ltr'><strong>contrarium</strong></span> <span class='ocrx_word' id='word_1_184' title='bbox 3298 1453 3517 1509; x_wconf 87' lang='lat' dir='ltr'><strong>factum</strong></span> <span class='ocrx_word' id='word_1_185' title='bbox 3565 1453 3676 1519; x_wconf 91' lang='lat' dir='ltr'><strong>est,</strong></span> <span class='ocrx_word' id='word_1_186' title='bbox 3711 1450 3814 1506; x_wconf 90' lang='lat' dir='ltr'><strong>sed</strong></span> 
     </span>
    </p>
   </div>
   <div class='ocr_carea' id='block_1_28' title="bbox 2151 1543 3127 1616">
    <p class='ocr_par' dir='ltr' id='par_1_28' title="bbox 2151 1543 3127 1616">
     <span class='ocr_line' id='line_1_28' title="bbox 2151 1543 3127 1616; baseline -0.004 -14"><span class='ocrx_word' id='word_1_187' title='bbox 2151 1550 2364 1602; x_wconf 85' lang='lat' dir='ltr'><strong>cuncta</strong></span> <span class='ocrx_word' id='word_1_188' title='bbox 2393 1544 2814 1616; x_wconf 86' lang='lat' dir='ltr'><strong>consequentia</strong></span> <span class='ocrx_word' id='word_1_189' title='bbox 2839 1543 3127 1600; x_wconf 86' lang='lat' dir='ltr'><strong>ordinata.</strong></span> 
     </span>
    </p>
   </div>
   <div class='ocr_carea' id='block_1_29' title="bbox 2228 1644 3812 1724">
    <p class='ocr_par' dir='ltr' id='par_1_29' title="bbox 2228 1644 3812 1724">
     <span class='ocr_line' id='line_1_29' title="bbox 2228 1644 3812 1724; baseline -0.005 -17"><span class='ocrx_word' id='word_1_190' title='bbox 2228 1676 2249 1701; x_wconf 70' lang='grc' dir='ltr'>ιν</span> <span class='ocrx_word' id='word_1_191' title='bbox 2286 1653 2705 1724; x_wconf 82' lang='lat' dir='ltr'><strong>Eli&#39;ugaverunt</strong></span> <span class='ocrx_word' id='word_1_192' title='bbox 2730 1651 2913 1706; x_wconf 90' lang='lat' dir='ltr'><strong>aciem</strong></span> <span class='ocrx_word' id='word_1_193' title='bbox 2938 1649 3142 1723; x_wconf 85' lang='lat' dir='ltr'><strong>gladii,</strong></span> <span class='ocrx_word' id='word_1_194' title='bbox 3167 1646 3588 1705; x_wconf 89' lang='lat' dir='ltr'><strong>convaluerunt</strong></span> <span class='ocrx_word' id='word_1_195' title='bbox 3616 1646 3692 1701; x_wconf 89' lang='lat' dir='ltr'><strong>de</strong></span> <span class='ocrx_word' id='word_1_196' title='bbox 3722 1644 3812 1700; x_wconf 91' lang='lat' dir='ltr'><strong>in-</strong></span> 
     </span>
    </p>
   </div>
   <div class='ocr_carea' id='block_1_30' title="bbox 2152 1737 3812 1805">
    <p class='ocr_par' dir='ltr' id='par_1_30' title="bbox 2152 1737 3812 1805">
     <span class='ocr_line' id='line_1_30' title="bbox 2152 1737 3812 1805; baseline -0.005 -9"><span class='ocrx_word' id='word_1_197' title='bbox 2152 1742 2447 1805; x_wconf 76' lang='lat' dir='ltr'><strong>ﬁrmitate,</strong></span> <span class='ocrx_word' id='word_1_198' title='bbox 2475 1741 2653 1795; x_wconf 83' lang='lat' dir='ltr'><strong>fortes</strong></span> <span class='ocrx_word' id='word_1_199' title='bbox 2685 1738 2822 1795; x_wconf 89' lang='lat' dir='ltr'><strong>facti</strong></span> <span class='ocrx_word' id='word_1_200' title='bbox 2848 1744 2989 1795; x_wconf 88' lang='lat' dir='ltr'><strong>sunt</strong></span> <span class='ocrx_word' id='word_1_201' title='bbox 3013 1739 3072 1794; x_wconf 91' lang='lat' dir='ltr'><strong>in</strong></span> <span class='ocrx_word' id='word_1_202' title='bbox 3103 1738 3478 1805; x_wconf 83' lang='lat' dir='ltr'><strong>bello,castra</strong></span> <span class='ocrx_word' id='word_1_203' title='bbox 3504 1737 3812 1790; x_wconf 90' lang='lat' dir='ltr'><strong>verterunt</strong></span> 
     </span>
    </p>
   </div>
   <div class='ocr_carea' id='block_1_31' title="bbox 2150 1823 3806 1901">
    <p class='ocr_par' dir='ltr' id='par_1_31' title="bbox 2150 1823 3806 1901">
     <span class='ocr_line' id='line_1_31' title="bbox 2150 1823 3806 1901; baseline -0.005 -16"><span class='ocrx_word' id='word_1_204' title='bbox 2150 1835 2504 1885; x_wconf 86' lang='lat' dir='ltr'><strong>exterorum.</strong></span> <span class='ocrx_word' id='word_1_205' title='bbox 2538 1852 2565 1879; x_wconf 88' lang='grc'><strong>››</strong></span> <span class='ocrx_word' id='word_1_206' title='bbox 2599 1830 3013 1901; x_wconf 80' lang='lat' dir='ltr'><strong>Ell‘ugaverunt</strong></span> <span class='ocrx_word' id='word_1_207' title='bbox 3043 1828 3228 1883; x_wconf 90' lang='lat' dir='ltr'><strong>aciem</strong></span> <span class='ocrx_word' id='word_1_208' title='bbox 3260 1824 3439 1898; x_wconf 88' lang='lat' dir='ltr'><strong>gladii</strong></span> <span class='ocrx_word' id='word_1_209' title='bbox 3473 1840 3577 1897; x_wconf 87' lang='lat' dir='ltr'><strong>per</strong></span> <span class='ocrx_word' id='word_1_210' title='bbox 3606 1823 3806 1888; x_wconf 90' lang='lat' dir='ltr'><strong>ﬁdem,</strong></span> 
     </span>
    </p>
   </div>
   <div class='ocr_carea' id='block_1_32' title="bbox 390 1891 3806 1990">
    <p class='ocr_par' dir='ltr' id='par_1_32' title="bbox 390 1891 3806 1990">
     <span class='ocr_line' id='line_1_32' title="bbox 390 1891 3806 1990; baseline -0.002 -16"><span class='ocrx_word' id='word_1_211' title='bbox 390 1891 628 1990; x_wconf 60' lang='grc' dir='ltr'><strong>ἓθωΡθῙ</strong></span> <span class='ocrx_word' id='word_1_212' title='bbox 658 1892 1496 1990; x_wconf 37' lang='lat' dir='ltr'><strong>et1”“?l’h‘3tii3iquiperﬁde?1</strong></span> <span class='ocrx_word' id='word_1_213' title='bbox 1518 1891 1780 1990; x_wconf 53' lang='grc' dir='ltr'><strong>νίθῗῗυίξί</strong></span> <span class='ocrx_word' id='word_1_214' title='bbox 1803 1904 2037 1990; x_wconf 62' lang='grc' dir='ltr'><strong>Γίῗὲ“³’ζ’</strong></span> <span class='ocrx_word' id='word_1_215' title='bbox 2068 1928 2116 1990; x_wconf 83' lang='grc' dir='ltr'><strong>Β</strong></span> <span class='ocrx_word' id='word_1_216' title='bbox 2150 1919 2206 1973; x_wconf 97' lang='lat' dir='ltr'><strong>id</strong></span> <span class='ocrx_word' id='word_1_217' title='bbox 2239 1924 2350 1988; x_wconf 91' lang='lat' dir='ltr'><strong>est,</strong></span> <span class='ocrx_word' id='word_1_218' title='bbox 2402 1935 2582 1989; x_wconf 89' lang='lat' dir='ltr'><strong>supra</strong></span> <span class='ocrx_word' id='word_1_219' title='bbox 2631 1891 2761 1988; x_wconf 66' lang='lat' dir='ltr'><strong>jam</strong></span> <span class='ocrx_word' id='word_1_220' title='bbox 2817 1916 2957 1972; x_wconf 91' lang='lat' dir='ltr'><strong>dicti</strong></span> <span class='ocrx_word' id='word_1_221' title='bbox 3014 1915 3217 1983; x_wconf 90' lang='lat' dir='ltr'><strong>David,</strong></span> <span class='ocrx_word' id='word_1_222' title='bbox 3249 1891 3353 1970; x_wconf 60' lang='lat' dir='ltr'><strong>seu</strong></span> <span class='ocrx_word' id='word_1_223' title='bbox 3413 1891 3674 1976; x_wconf 76' lang='lat' dir='ltr'><strong>Gedeon,</strong></span> <span class='ocrx_word' id='word_1_224' title='bbox 3706 1927 3806 1967; x_wconf 84' lang='lat' dir='ltr'><strong>seu</strong></span> 
     </span>
    </p>
   </div>
   <div class='ocr_carea' id='block_1_33' title="bbox 390 1976 2033 2048">
    <p class='ocr_par' dir='ltr' id='par_1_33' title="bbox 390 1976 2033 2048">
     <span class='ocr_line' id='line_1_33' title="bbox 390 1976 2033 2048; baseline -0.004 -13"><span class='ocrx_word' id='word_1_225' title='bbox 390 1978 553 2045; x_wconf 87' lang='lat' dir='ltr'><strong>Quod</strong></span> <span class='ocrx_word' id='word_1_226' title='bbox 586 1996 791 2036; x_wconf 89' lang='lat' dir='ltr'><strong>omnes</strong></span> <span class='ocrx_word' id='word_1_227' title='bbox 821 1980 878 2035; x_wconf 90' lang='lat' dir='ltr'><strong>in</strong></span> <span class='ocrx_word' id='word_1_228' title='bbox 909 1996 1221 2036; x_wconf 89' lang='lat' dir='ltr'><strong>commune</strong></span> <span class='ocrx_word' id='word_1_229' title='bbox 1248 1983 1581 2044; x_wconf 87' lang='lat' dir='ltr'><strong>narrantur,</strong></span> <span class='ocrx_word' id='word_1_230' title='bbox 1607 1978 1751 2032; x_wconf 90' lang='lat' dir='ltr'><strong>illud</strong></span> <span class='ocrx_word' id='word_1_231' title='bbox 1774 1982 1862 2031; x_wconf 89' lang='lat' dir='ltr'><strong>est</strong></span> <span class='ocrx_word' id='word_1_232' title='bbox 1879 1976 2033 2048; x_wconf 91' lang='lat' dir='ltr'><strong>quod</strong></span> 
     </span>
    </p>
   </div>
   <div class='ocr_carea' id='block_1_34' title="bbox 388 2065 2034 2141">
    <p class='ocr_par' dir='ltr' id='par_1_34' title="bbox 388 2065 2034 2141">
     <span class='ocr_line' id='line_1_34' title="bbox 388 2065 2034 2141; baseline -0.003 -18"><span class='ocrx_word' id='word_1_233' title='bbox 388 2067 760 2141; x_wconf 90' lang='lat' dir='ltr'><strong>singulorum</strong></span> <span class='ocrx_word' id='word_1_234' title='bbox 790 2085 967 2141; x_wconf 90' lang='lat' dir='ltr'><strong>opera</strong></span> <span class='ocrx_word' id='word_1_235' title='bbox 994 2069 1195 2125; x_wconf 92' lang='lat' dir='ltr'><strong>eadem</strong></span> <span class='ocrx_word' id='word_1_236' title='bbox 1218 2068 1332 2123; x_wconf 90' lang='lat' dir='ltr'><strong>ﬁde</strong></span> <span class='ocrx_word' id='word_1_237' title='bbox 1361 2072 1491 2123; x_wconf 89' lang='lat' dir='ltr'><strong>acta</strong></span> <span class='ocrx_word' id='word_1_238' title='bbox 1520 2070 1678 2134; x_wconf 91' lang='lat' dir='ltr'><strong>sunt,</strong></span> <span class='ocrx_word' id='word_1_239' title='bbox 1703 2083 1821 2137; x_wconf 90' lang='lat' dir='ltr'><strong>qua</strong></span> <span class='ocrx_word' id='word_1_240' title='bbox 1851 2069 1907 2120; x_wconf 89' lang='lat' dir='ltr'><strong>et</strong></span> <span class='ocrx_word' id='word_1_241' title='bbox 1936 2065 2034 2118; x_wconf 88' lang='lat' dir='ltr'><strong>isti</strong></span> 
     </span>
    </p>
   </div>
   <div class='ocr_carea' id='block_1_35' title="bbox 388 2153 2032 2227">
    <p class='ocr_par' dir='ltr' id='par_1_35' title="bbox 388 2153 2032 2227">
     <span class='ocr_line' id='line_1_35' title="bbox 388 2153 2032 2227; baseline -0.003 -15"><span class='ocrx_word' id='word_1_242' title='bbox 388 2170 491 2227; x_wconf 87' lang='lat' dir='ltr'><strong>per</strong></span> <span class='ocrx_word' id='word_1_243' title='bbox 543 2155 718 2213; x_wconf 84' lang='lat' dir='ltr'><strong>ﬁdem</strong></span> <span class='ocrx_word' id='word_1_244' title='bbox 777 2155 1050 2211; x_wconf 89' lang='lat' dir='ltr'><strong>similiter</strong></span> <span class='ocrx_word' id='word_1_245' title='bbox 1102 2157 1385 2212; x_wconf 88' lang='lat' dir='ltr'><strong>vicerunt.</strong></span> <span class='ocrx_word' id='word_1_246' title='bbox 1439 2154 1724 2226; x_wconf 80' lang='lat' dir='ltr'><strong>Regnavit</strong></span> <span class='ocrx_word' id='word_1_247' title='bbox 1777 2153 2032 2219; x_wconf 90' lang='lat' dir='ltr'><strong>Gedeon,</strong></span> 
     </span>
    </p>
   </div>
   <div class='ocr_carea' id='block_1_36' title="bbox 386 2238 2034 2316">
    <p class='ocr_par' dir='ltr' id='par_1_36' title="bbox 386 2238 2034 2316">
     <span class='ocr_line' id='line_1_36' title="bbox 386 2238 2034 2316; baseline -0.002 -17"><span class='ocrx_word' id='word_1_248' title='bbox 386 2238 625 2316; x_wconf 85' lang='lat' dir='ltr'><strong>signum</strong></span> <span class='ocrx_word' id='word_1_249' title='bbox 663 2244 999 2316; x_wconf 89' lang='lat' dir='ltr'><strong>accipiendo</strong></span> <span class='ocrx_word' id='word_1_250' title='bbox 1048 2244 1108 2299; x_wconf 90' lang='lat' dir='ltr'><strong>in</strong></span> <span class='ocrx_word' id='word_1_251' title='bbox 1158 2242 1367 2299; x_wconf 80' lang='lat' dir='ltr'><strong>vellere</strong></span> <span class='ocrx_word' id='word_1_252' title='bbox 1418 2244 1490 2298; x_wconf 85' lang='lat' dir='ltr'><strong>ad</strong></span> <span class='ocrx_word' id='word_1_253' title='bbox 1546 2241 2034 2315; x_wconf 88' lang='lat' dir='ltr'><strong>prosternendum</strong></span> 
     </span>
    </p>
   </div>
   <div class='ocr_carea' id='block_1_37' title="bbox 387 2326 2033 2404">
    <p class='ocr_par' dir='ltr' id='par_1_37' title="bbox 387 2326 2033 2404">
     <span class='ocr_line' id='line_1_37' title="bbox 387 2326 2033 2404; baseline -0.002 -16"><span class='ocrx_word' id='word_1_254' title='bbox 387 2326 569 2388; x_wconf 87' lang='lat' dir='ltr'><strong>Zehee</strong></span> <span class='ocrx_word' id='word_1_255' title='bbox 598 2336 655 2388; x_wconf 86' lang='lat' dir='ltr'><strong>et</strong></span> <span class='ocrx_word' id='word_1_256' title='bbox 681 2332 956 2390; x_wconf 84' lang='lat' dir='ltr'><strong>Salmana</strong></span> <span class='ocrx_word' id='word_1_257' title='bbox 986 2332 1129 2404; x_wconf 87' lang='lat' dir='ltr'><strong>(Iud.</strong></span> <span class='ocrx_word' id='word_1_258' title='bbox 1163 2349 1284 2399; x_wconf 80' lang='lat' dir='ltr'><strong>vni,</strong></span> <span class='ocrx_word' id='word_1_259' title='bbox 1320 2333 1430 2403; x_wconf 83' lang='lat'><strong>40).</strong></span> <span class='ocrx_word' id='word_1_260' title='bbox 1466 2331 1703 2395; x_wconf 88' lang='lat' dir='ltr'><strong>Barach,</strong></span> <span class='ocrx_word' id='word_1_261' title='bbox 1737 2330 1808 2385; x_wconf 92' lang='lat' dir='ltr'><strong>ad</strong></span> <span class='ocrx_word' id='word_1_262' title='bbox 1836 2335 2033 2385; x_wconf 86' lang='lat' dir='ltr'><strong>conte-</strong></span> 
     </span>
    </p>
   </div>
   <div class='ocr_carea' id='block_1_38' title="bbox 390 2418 2033 2491">
    <p class='ocr_par' dir='ltr' id='par_1_38' title="bbox 390 2418 2033 2491">
     <span class='ocr_line' id='line_1_38' title="bbox 390 2418 2033 2491; baseline -0.001 -16"><span class='ocrx_word' id='word_1_263' title='bbox 390 2420 638 2475; x_wconf 87' lang='lat' dir='ltr'><strong>rendum</strong></span> <span class='ocrx_word' id='word_1_264' title='bbox 665 2418 946 2491; x_wconf 87' lang='lat' dir='ltr'><strong>Sisaram,</strong></span> <span class='ocrx_word' id='word_1_265' title='bbox 972 2425 1029 2475; x_wconf 90' lang='lat' dir='ltr'><strong>et</strong></span> <span class='ocrx_word' id='word_1_266' title='bbox 1055 2437 1260 2476; x_wconf 89' lang='lat' dir='ltr'><strong>omnes</strong></span> <span class='ocrx_word' id='word_1_267' title='bbox 1289 2436 1497 2475; x_wconf 90' lang='lat' dir='ltr'><strong>currus</strong></span> <span class='ocrx_word' id='word_1_268' title='bbox 1527 2421 1655 2491; x_wconf 83' lang='lat' dir='ltr'><strong>ejus</strong></span> <span class='ocrx_word' id='word_1_269' title='bbox 1686 2419 1835 2490; x_wconf 85' lang='lat' dir='ltr'><strong>(Iud.</strong></span> <span class='ocrx_word' id='word_1_270' title='bbox 1869 2435 1945 2484; x_wconf 80' lang='lat' dir='ltr'><strong>xv,</strong></span> <span class='ocrx_word' id='word_1_271' title='bbox 1977 2420 2033 2482; x_wconf 89' lang='lat'><strong>6,</strong></span> 
     </span>
    </p>
   </div>
   <div class='ocr_carea' id='block_1_39' title="bbox 390 2506 2034 2581">
    <p class='ocr_par' dir='ltr' id='par_1_39' title="bbox 390 2506 2034 2581">
     <span class='ocr_line' id='line_1_39' title="bbox 390 2506 2034 2581; baseline -0.001 -20"><span class='ocrx_word' id='word_1_272' title='bbox 390 2506 478 2578; x_wconf 85' lang='lat'><strong>15,</strong></span> <span class='ocrx_word' id='word_1_273' title='bbox 512 2506 601 2574; x_wconf 89' lang='lat'><strong>16,</strong></span> <span class='ocrx_word' id='word_1_274' title='bbox 628 2509 741 2577; x_wconf 83' lang='lat'><strong>21).</strong></span> <span class='ocrx_word' id='word_1_275' title='bbox 766 2508 1015 2564; x_wconf 88' lang='lat' dir='ltr'><strong>Samson</strong></span> <span class='ocrx_word' id='word_1_276' title='bbox 1063 2506 1258 2581; x_wconf 89' lang='lat' dir='ltr'><strong>plures</strong></span> <span class='ocrx_word' id='word_1_277' title='bbox 1308 2507 1708 2563; x_wconf 90' lang='lat' dir='ltr'><strong>interﬁciendo</strong></span> <span class='ocrx_word' id='word_1_278' title='bbox 1757 2508 2034 2572; x_wconf 89' lang='lat' dir='ltr'><strong>moriens,</strong></span> 
     </span>
    </p>
   </div>
   <div class='ocr_carea' id='block_1_40' title="bbox 388 2595 2032 2668">
    <p class='ocr_par' dir='ltr' id='par_1_40' title="bbox 388 2595 2032 2668">
     <span class='ocr_line' id='line_1_40' title="bbox 388 2595 2032 2668; baseline -0.001 -17"><span class='ocrx_word' id='word_1_279' title='bbox 388 2612 566 2668; x_wconf 90' lang='lat' dir='ltr'><strong>quam</strong></span> <span class='ocrx_word' id='word_1_280' title='bbox 598 2600 733 2652; x_wconf 89' lang='lat' dir='ltr'><strong>ante</strong></span> <span class='ocrx_word' id='word_1_281' title='bbox 767 2597 931 2652; x_wconf 89' lang='lat' dir='ltr'><strong>vivus</strong></span> <span class='ocrx_word' id='word_1_282' title='bbox 961 2597 1253 2653; x_wconf 88' lang='lat' dir='ltr'><strong>occiderat</strong></span> <span class='ocrx_word' id='word_1_283' title='bbox 1298 2595 1441 2661; x_wconf 85' lang='lat' dir='ltr'><strong>(Iud.</strong></span> <span class='ocrx_word' id='word_1_284' title='bbox 1490 2613 1607 2663; x_wconf 79' lang='lat' dir='ltr'><strong>xv1,</strong></span> <span class='ocrx_word' id='word_1_285' title='bbox 1647 2596 1759 2666; x_wconf 87' lang='lat'><strong>30).</strong></span> <span class='ocrx_word' id='word_1_286' title='bbox 1802 2596 2032 2667; x_wconf 89' lang='lat' dir='ltr'><strong>Jephte,</strong></span> 
     </span>
    </p>
   </div>
   <div class='ocr_carea' id='block_1_41' title="bbox 342 2684 2034 2757">
    <p class='ocr_par' dir='ltr' id='par_1_41' title="bbox 342 2684 2034 2757">
     <span class='ocr_line' id='line_1_41' title="bbox 342 2684 2034 2757; baseline 0 -18"><span class='ocrx_word' id='word_1_287' title='bbox 342 2684 704 2757; x_wconf 83' lang='lat' dir='ltr'><strong>-pugnando</strong></span> <span class='ocrx_word' id='word_1_288' title='bbox 755 2688 957 2741; x_wconf 88' lang='lat' dir='ltr'><strong>contra</strong></span> <span class='ocrx_word' id='word_1_289' title='bbox 1011 2684 1165 2740; x_wconf 89' lang='lat' dir='ltr'><strong>ﬁlios</strong></span> <span class='ocrx_word' id='word_1_290' title='bbox 1220 2690 1495 2750; x_wconf 84' lang='lat' dir='ltr'><strong>Ammon,</strong></span> <span class='ocrx_word' id='word_1_291' title='bbox 1528 2689 1585 2739; x_wconf 91' lang='lat' dir='ltr'><strong>et</strong></span> <span class='ocrx_word' id='word_1_292' title='bbox 1624 2685 1807 2739; x_wconf 88' lang='lat' dir='ltr'><strong>ﬁliam</strong></span> <span class='ocrx_word' id='word_1_293' title='bbox 1866 2700 2034 2739; x_wconf 89' lang='lat' dir='ltr'><strong>suam</strong></span> 
     </span>
    </p>
   </div>
   <div class='ocr_carea' id='block_1_42' title="bbox 388 2772 2032 2844">
    <p class='ocr_par' dir='ltr' id='par_1_42' title="bbox 388 2772 2032 2844">
     <span class='ocr_line' id='line_1_42' title="bbox 388 2772 2032 2844; baseline 0.002 -18"><span class='ocrx_word' id='word_1_294' title='bbox 388 2772 681 2829; x_wconf 73' lang='lat' dir='ltr'><strong>offerendo</strong></span> <span class='ocrx_word' id='word_1_295' title='bbox 727 2773 874 2844; x_wconf 84' lang='lat' dir='ltr'><strong>(Iud.</strong></span> <span class='ocrx_word' id='word_1_296' title='bbox 918 2790 996 2837; x_wconf 73' lang='grc' dir='ltr'><strong>ιι,</strong></span> <span class='ocrx_word' id='word_1_297' title='bbox 1040 2774 1152 2842; x_wconf 89' lang='grc'><strong>30).</strong></span> <span class='ocrx_word' id='word_1_298' title='bbox 1203 2774 1405 2843; x_wconf 88' lang='lat' dir='ltr'><strong>David,</strong></span> <span class='ocrx_word' id='word_1_299' title='bbox 1455 2773 1772 2829; x_wconf 91' lang='lat' dir='ltr'><strong>occidendo</strong></span> <span class='ocrx_word' id='word_1_300' title='bbox 1822 2772 2032 2829; x_wconf 90' lang='lat' dir='ltr'><strong>Philis-</strong></span> 
     </span>
    </p>
   </div>
   <div class='ocr_carea' id='block_1_43' title="bbox 386 2857 2033 2933">
    <p class='ocr_par' dir='ltr' id='par_1_43' title="bbox 386 2857 2033 2933">
     <span class='ocr_line' id='line_1_43' title="bbox 386 2857 2033 2933; baseline -0.001 -18"><span class='ocrx_word' id='word_1_301' title='bbox 386 2857 628 2927; x_wconf 66' lang='lat' dir='ltr'><strong>tbmum,</strong></span> <span class='ocrx_word' id='word_1_302' title='bbox 659 2865 717 2916; x_wconf 89' lang='lat' dir='ltr'><strong>et</strong></span> <span class='ocrx_word' id='word_1_303' title='bbox 755 2860 814 2916; x_wconf 90' lang='lat' dir='ltr'><strong>in</strong></span> <span class='ocrx_word' id='word_1_304' title='bbox 857 2860 1371 2933; x_wconf 89' lang='lat' dir='ltr'><strong>repromissionem</strong></span> <span class='ocrx_word' id='word_1_305' title='bbox 1402 2861 1738 2932; x_wconf 90' lang='lat' dir='ltr'><strong>accipiendo</strong></span> <span class='ocrx_word' id='word_1_306' title='bbox 1770 2862 1840 2916; x_wconf 91' lang='lat' dir='ltr'><strong>de</strong></span> <span class='ocrx_word' id='word_1_307' title='bbox 1868 2860 2033 2915; x_wconf 86' lang='lat' dir='ltr'><strong>Chri-</strong></span> 
     </span>
    </p>
   </div>
   <div class='ocr_carea' id='block_1_44' title="bbox 387 2948 2034 3022">
    <p class='ocr_par' dir='ltr' id='par_1_44' title="bbox 387 2948 2034 3022">
     <span class='ocr_line' id='line_1_44' title="bbox 387 2948 2034 3022; baseline -0.002 -15"><span class='ocrx_word' id='word_1_308' title='bbox 387 2950 477 3007; x_wconf 88' lang='lat' dir='ltr'><strong>sto</strong></span> <span class='ocrx_word' id='word_1_309' title='bbox 519 2953 570 3018; x_wconf 89' lang='lat' dir='ltr'><strong>(I</strong></span> <span class='ocrx_word' id='word_1_310' title='bbox 616 2950 748 3019; x_wconf 82' lang='lat' dir='ltr'><strong>Reg.</strong></span> <span class='ocrx_word' id='word_1_311' title='bbox 781 2967 919 3016; x_wconf 85' lang='lat' dir='ltr'><strong>xvn,</strong></span> <span class='ocrx_word' id='word_1_312' title='bbox 948 2949 1063 3018; x_wconf 86' lang='lat'><strong>50).</strong></span> <span class='ocrx_word' id='word_1_313' title='bbox 1097 2948 1352 3015; x_wconf 87' lang='lat' dir='ltr'><strong>Samuel,</strong></span> <span class='ocrx_word' id='word_1_314' title='bbox 1401 2948 1462 3004; x_wconf 91' lang='lat' dir='ltr'><strong>in</strong></span> <span class='ocrx_word' id='word_1_315' title='bbox 1506 2949 1820 3005; x_wconf 89' lang='lat' dir='ltr'><strong>occidendo</strong></span> <span class='ocrx_word' id='word_1_316' title='bbox 1871 2951 2034 3022; x_wconf 92' lang='lat' dir='ltr'><strong>Agag</strong></span> 
     </span>
    </p>
   </div>
   <div class='ocr_carea' id='block_1_45' title="bbox 384 3035 1388 3111">
    <p class='ocr_par' dir='ltr' id='par_1_45' title="bbox 384 3035 1388 3111">
     <span class='ocr_line' id='line_1_45' title="bbox 384 3035 1388 3111; baseline -0.001 -18"><span class='ocrx_word' id='word_1_317' title='bbox 384 3053 580 3111; x_wconf 88' lang='lat' dir='ltr'><strong>regem</strong></span> <span class='ocrx_word' id='word_1_318' title='bbox 609 3035 882 3095; x_wconf 84' lang='lat' dir='ltr'><strong>Amalech</strong></span> <span class='ocrx_word' id='word_1_319' title='bbox 915 3039 960 3109; x_wconf 88' lang='grc' dir='ltr'>(ι</span> <span class='ocrx_word' id='word_1_320' title='bbox 987 3039 1121 3111; x_wconf 85' lang='lat' dir='ltr'><strong>Reg.</strong></span> <span class='ocrx_word' id='word_1_321' title='bbox 1153 3055 1243 3105; x_wconf 85' lang='lat' dir='ltr'><strong>xv,</strong></span> <span class='ocrx_word' id='word_1_322' title='bbox 1274 3038 1388 3109; x_wconf 93' lang='lat'><strong>33).</strong></span> 
     </span>
    </p>
   </div>
   <div class='ocr_carea' id='block_1_46' title="bbox 456 3125 2028 3200">
    <p class='ocr_par' dir='ltr' id='par_1_46' title="bbox 456 3125 2028 3200">
     <span class='ocr_line' id='line_1_46' title="bbox 456 3125 2028 3200; baseline -0.001 -18"><span class='ocrx_word' id='word_1_323' title='bbox 456 3149 485 3176; x_wconf 85' lang='lat'>«</span> <span class='ocrx_word' id='word_1_324' title='bbox 518 3126 753 3200; x_wconf 88' lang='lat' dir='ltr'><strong>Operati</strong></span> <span class='ocrx_word' id='word_1_325' title='bbox 808 3132 949 3182; x_wconf 90' lang='lat' dir='ltr'><strong>sunt</strong></span> <span class='ocrx_word' id='word_1_326' title='bbox 996 3125 1292 3198; x_wconf 86' lang='lat' dir='ltr'><strong>justitiam</strong></span> <span class='ocrx_word' id='word_1_327' title='bbox 1337 3144 1398 3182; x_wconf 75' lang='grc' dir='ltr'><strong>»ε</strong></span> <span class='ocrx_word' id='word_1_328' title='bbox 1435 3125 1575 3198; x_wconf 89' lang='lat' dir='ltr'><strong>quia</strong></span> <span class='ocrx_word' id='word_1_329' title='bbox 1631 3127 1785 3198; x_wconf 86' lang='lat' dir='ltr'><strong>quod</strong></span> <span class='ocrx_word' id='word_1_330' title='bbox 1842 3127 2028 3182; x_wconf 83' lang='lat' dir='ltr'><strong>credi-</strong></span> 
     </span>
    </p>
   </div>
   <div class='ocr_carea' id='block_1_47' title="bbox 382 3214 2030 3288">
    <p class='ocr_par' dir='ltr' id='par_1_47' title="bbox 382 3214 2030 3288">
     <span class='ocr_line' id='line_1_47' title="bbox 382 3214 2030 3288; baseline -0.001 -16"><span class='ocrx_word' id='word_1_331' title='bbox 382 3217 619 3283; x_wconf 89' lang='lat' dir='ltr'><strong>derunt,</strong></span> <span class='ocrx_word' id='word_1_332' title='bbox 650 3231 822 3287; x_wconf 89' lang='lat' dir='ltr'><strong>opere</strong></span> <span class='ocrx_word' id='word_1_333' title='bbox 864 3214 1299 3288; x_wconf 89' lang='lat' dir='ltr'><strong>compleverunt</strong></span> <span class='ocrx_word' id='word_1_334' title='bbox 1330 3234 1343 3271; x_wconf 91' lang='lat'><strong>:</strong></span> <span class='ocrx_word' id='word_1_335' title='bbox 1376 3238 1404 3265; x_wconf 89' lang='grc'><strong>‹‹</strong></span> <span class='ocrx_word' id='word_1_336' title='bbox 1437 3215 1632 3287; x_wconf 90' lang='lat' dir='ltr'><strong>adepti</strong></span> <span class='ocrx_word' id='word_1_337' title='bbox 1684 3215 1840 3271; x_wconf 82' lang='lat' dir='ltr'><strong>enim</strong></span> <span class='ocrx_word' id='word_1_338' title='bbox 1892 3220 2030 3271; x_wconf 91' lang='lat' dir='ltr'><strong>sunt</strong></span> 
     </span>
    </p>
   </div>
   <div class='ocr_carea' id='block_1_48' title="bbox 382 3303 2026 3377">
    <p class='ocr_par' dir='ltr' id='par_1_48' title="bbox 382 3303 2026 3377">
     <span class='ocr_line' id='line_1_48' title="bbox 382 3303 2026 3377; baseline -0.001 -17"><span class='ocrx_word' id='word_1_339' title='bbox 382 3303 887 3377; x_wconf 88' lang='lat' dir='ltr'><strong>repromissiones,</strong></span> <span class='ocrx_word' id='word_1_340' title='bbox 935 3326 964 3353; x_wconf 89' lang='grc'><strong>››</strong></span> <span class='ocrx_word' id='word_1_341' title='bbox 1004 3304 1143 3375; x_wconf 90' lang='lat' dir='ltr'><strong>quia</strong></span> <span class='ocrx_word' id='word_1_342' title='bbox 1190 3310 1531 3359; x_wconf 90' lang='lat' dir='ltr'><strong>meruerunt</strong></span> <span class='ocrx_word' id='word_1_343' title='bbox 1578 3303 1693 3359; x_wconf 89' lang='lat' dir='ltr'><strong>illis</strong></span> <span class='ocrx_word' id='word_1_344' title='bbox 1741 3306 2026 3376; x_wconf 88' lang='lat' dir='ltr'><strong>promitti.</strong></span> 
     </span>
    </p>
   </div>
   <div class='ocr_carea' id='block_1_49' title="bbox 382 3393 2026 3465">
    <p class='ocr_par' dir='ltr' id='par_1_49' title="bbox 382 3393 2026 3465">
     <span class='ocr_line' id='line_1_49' title="bbox 382 3393 2026 3465; baseline 0.001 -17"><span class='ocrx_word' id='word_1_345' title='bbox 382 3393 513 3460; x_wconf 88' lang='lat' dir='ltr'><strong>Seu,</strong></span> <span class='ocrx_word' id='word_1_346' title='bbox 564 3393 759 3465; x_wconf 90' lang='lat' dir='ltr'><strong>adepti</strong></span> <span class='ocrx_word' id='word_1_347' title='bbox 815 3397 954 3449; x_wconf 91' lang='lat' dir='ltr'><strong>sunt</strong></span> <span class='ocrx_word' id='word_1_348' title='bbox 1011 3393 1514 3464; x_wconf 88' lang='lat' dir='ltr'><strong>repromissiones,</strong></span> <span class='ocrx_word' id='word_1_349' title='bbox 1559 3394 1699 3465; x_wconf 89' lang='lat' dir='ltr'><strong>quia</strong></span> <span class='ocrx_word' id='word_1_350' title='bbox 1745 3410 1877 3449; x_wconf 91' lang='lat' dir='ltr'><strong>cum</strong></span> <span class='ocrx_word' id='word_1_351' title='bbox 1930 3395 2026 3465; x_wconf 90' lang='lat' dir='ltr'><strong>ju-</strong></span> 
     </span>
    </p>
   </div>
   <div class='ocr_carea' id='block_1_50' title="bbox 383 3482 2028 3554">
    <p class='ocr_par' dir='ltr' id='par_1_50' title="bbox 383 3482 2028 3554">
     <span class='ocr_line' id='line_1_50' title="bbox 383 3482 2028 3554; baseline 0.002 -18"><span class='ocrx_word' id='word_1_352' title='bbox 383 3482 693 3553; x_wconf 87' lang='lat' dir='ltr'><strong>rejurando</strong></span> <span class='ocrx_word' id='word_1_353' title='bbox 752 3498 1100 3553; x_wconf 90' lang='lat' dir='ltr'><strong>responsum</strong></span> <span class='ocrx_word' id='word_1_354' title='bbox 1158 3483 1476 3553; x_wconf 88' lang='lat' dir='ltr'><strong>accepisset</strong></span> <span class='ocrx_word' id='word_1_355' title='bbox 1527 3482 1907 3554; x_wconf 90' lang='lat' dir='ltr'><strong>David,quod</strong></span> <span class='ocrx_word' id='word_1_356' title='bbox 1960 3501 2028 3539; x_wconf 88' lang='lat' dir='ltr'><strong>ex</strong></span> 
     </span>
    </p>
   </div>
   <div class='ocr_carea' id='block_1_51' title="bbox 382 3569 2023 3642">
    <p class='ocr_par' dir='ltr' id='par_1_51' title="bbox 382 3569 2023 3642">
     <span class='ocr_line' id='line_1_51' title="bbox 382 3569 2023 3642; baseline 0.002 -17"><span class='ocrx_word' id='word_1_357' title='bbox 382 3569 510 3642; x_wconf 88' lang='lat' dir='ltr'><strong>ipso</strong></span> <span class='ocrx_word' id='word_1_358' title='bbox 539 3570 863 3628; x_wconf 90' lang='lat' dir='ltr'><strong>secundum</strong></span> <span class='ocrx_word' id='word_1_359' title='bbox 894 3588 1129 3628; x_wconf 86' lang='lat' dir='ltr'><strong>carnem</strong></span> <span class='ocrx_word' id='word_1_360' title='bbox 1152 3570 1416 3626; x_wconf 86' lang='lat' dir='ltr'><strong>Christus</strong></span> <span class='ocrx_word' id='word_1_361' title='bbox 1448 3572 1681 3626; x_wconf 81' lang='lat' dir='ltr'><strong>futurus</strong></span> <span class='ocrx_word' id='word_1_362' title='bbox 1711 3577 1883 3639; x_wconf 88' lang='lat' dir='ltr'><strong>esset,</strong></span> <span class='ocrx_word' id='word_1_363' title='bbox 1910 3590 2023 3629; x_wconf 84' lang='lat' dir='ltr'><strong>non</strong></span> 
     </span>
    </p>
   </div>
   <div class='ocr_carea' id='block_1_52' title="bbox 384 3659 2020 3731">
    <p class='ocr_par' dir='ltr' id='par_1_52' title="bbox 384 3659 2020 3731">
     <span class='ocr_line' id='line_1_52' title="bbox 384 3659 2020 3731; baseline 0.001 -16"><span class='ocrx_word' id='word_1_364' title='bbox 384 3660 690 3727; x_wconf 89' lang='lat' dir='ltr'><strong>dubitavit,</strong></span> <span class='ocrx_word' id='word_1_365' title='bbox 720 3660 822 3716; x_wconf 88' lang='lat' dir='ltr'><strong>sed</strong></span> <span class='ocrx_word' id='word_1_366' title='bbox 881 3660 1146 3715; x_wconf 88' lang='lat' dir='ltr'><strong>credidit.</strong></span> <span class='ocrx_word' id='word_1_367' title='bbox 1180 3659 1274 3714; x_wconf 92' lang='lat' dir='ltr'><strong>Sic</strong></span> <span class='ocrx_word' id='word_1_368' title='bbox 1329 3660 1486 3715; x_wconf 91' lang='lat' dir='ltr'><strong>enim</strong></span> <span class='ocrx_word' id='word_1_369' title='bbox 1544 3660 1827 3731; x_wconf 89' lang='lat' dir='ltr'><strong>scriptum</strong></span> <span class='ocrx_word' id='word_1_370' title='bbox 1886 3667 2020 3717; x_wconf 89' lang='lat' dir='ltr'><strong>est:</strong></span> 
     </span>
    </p>
   </div>
   <div class='ocr_carea' id='block_1_53' title="bbox 387 3747 2022 3821">
    <p class='ocr_par' dir='ltr' id='par_1_53' title="bbox 387 3747 2022 3821">
     <span class='ocr_line' id='line_1_53' title="bbox 387 3747 2022 3821; baseline 0.002 -18"><span class='ocrx_word' id='word_1_371' title='bbox 387 3766 411 3796; x_wconf 78' lang='grc' dir='ltr'><strong>ι</strong></span> <span class='ocrx_word' id='word_1_372' title='bbox 440 3748 665 3805; x_wconf 86' lang='lat' dir='ltr'><strong>Juravit</strong></span> <span class='ocrx_word' id='word_1_373' title='bbox 703 3748 984 3805; x_wconf 89' lang='lat' dir='ltr'><strong>Dominus</strong></span> <span class='ocrx_word' id='word_1_374' title='bbox 1029 3747 1204 3804; x_wconf 87' lang='lat' dir='ltr'><strong>David</strong></span> <span class='ocrx_word' id='word_1_375' title='bbox 1238 3749 1557 3816; x_wconf 89' lang='lat' dir='ltr'><strong>veritatem,</strong></span> <span class='ocrx_word' id='word_1_376' title='bbox 1590 3754 1647 3805; x_wconf 90' lang='lat' dir='ltr'><strong>et</strong></span> <span class='ocrx_word' id='word_1_377' title='bbox 1676 3766 1791 3804; x_wconf 91' lang='lat' dir='ltr'><strong>non</strong></span> <span class='ocrx_word' id='word_1_378' title='bbox 1838 3751 2022 3821; x_wconf 63' lang='lat' dir='ltr'><strong>poeni-</strong></span> 
     </span>
    </p>
   </div>
   <div class='ocr_carea' id='block_1_54' title="bbox 376 3836 2025 3912">
    <p class='ocr_par' dir='ltr' id='par_1_54' title="bbox 376 3836 2025 3912">
     <span class='ocr_line' id='line_1_54' title="bbox 376 3836 2025 3912; baseline 0.002 -21"><span class='ocrx_word' id='word_1_379' title='bbox 376 3836 524 3892; x_wconf 88' lang='lat' dir='ltr'><strong>tebit</strong></span> <span class='ocrx_word' id='word_1_380' title='bbox 572 3853 706 3892; x_wconf 90' lang='lat' dir='ltr'><strong>eum</strong></span> <span class='ocrx_word' id='word_1_381' title='bbox 740 3853 754 3892; x_wconf 87' lang='lat'><strong><em>:</em></strong></span> <span class='ocrx_word' id='word_1_382' title='bbox 788 3854 859 3893; x_wconf 85' lang='lat' dir='ltr'><strong>ex</strong></span> <span class='ocrx_word' id='word_1_383' title='bbox 903 3837 1097 3892; x_wconf 86' lang='lat' dir='ltr'><strong>fructu</strong></span> <span class='ocrx_word' id='word_1_384' title='bbox 1154 3836 1373 3893; x_wconf 89' lang='lat' dir='ltr'><strong>ventris</strong></span> <span class='ocrx_word' id='word_1_385' title='bbox 1431 3838 1515 3892; x_wconf 90' lang='lat' dir='ltr'><strong>tui</strong></span> <span class='ocrx_word' id='word_1_386' title='bbox 1574 3855 1788 3910; x_wconf 90' lang='lat' dir='ltr'><strong>ponam</strong></span> <span class='ocrx_word' id='word_1_387' title='bbox 1846 3856 2025 3912; x_wconf 92' lang='lat' dir='ltr'><strong>super</strong></span> 
     </span>
    </p>
   </div>
   <div class='ocr_carea' id='block_1_55' title="bbox 376 3924 2016 4001">
    <p class='ocr_par' dir='ltr' id='par_1_55' title="bbox 376 3924 2016 4001">
     <span class='ocr_line' id='line_1_55' title="bbox 376 3924 2016 4001; baseline 0 -22"><span class='ocrx_word' id='word_1_388' title='bbox 376 3924 576 3981; x_wconf 90' lang='lat' dir='ltr'><strong>sedem</strong></span> <span class='ocrx_word' id='word_1_389' title='bbox 633 3941 823 3981; x_wconf 89' lang='lat' dir='ltr'><strong>meam</strong></span> <span class='ocrx_word' id='word_1_390' title='bbox 854 3925 1109 3997; x_wconf 84' lang='lat'><strong>(1454).»</strong></span> <span class='ocrx_word' id='word_1_391' title='bbox 1142 3926 1211 3979; x_wconf 92' lang='lat' dir='ltr'><strong>Et</strong></span> <span class='ocrx_word' id='word_1_392' title='bbox 1261 3924 1400 3981; x_wconf 90' lang='lat' dir='ltr'><strong>alibi</strong></span> <span class='ocrx_word' id='word_1_393' title='bbox 1452 3942 1525 3981; x_wconf 86' lang='grc'><strong>;‹‹</strong></span> <span class='ocrx_word' id='word_1_394' title='bbox 1586 3926 1776 3984; x_wconf 90' lang='lat' dir='ltr'><strong>Semel</strong></span> <span class='ocrx_word' id='word_1_395' title='bbox 1819 3925 2016 4001; x_wconf 89' lang='lat' dir='ltr'><strong>juravi</strong></span> 
     </span>
    </p>
   </div>
   <div class='ocr_carea' id='block_1_56' title="bbox 370 4012 2018 4092">
    <p class='ocr_par' dir='ltr' id='par_1_56' title="bbox 370 4012 2018 4092">
     <span class='ocr_line' id='line_1_56' title="bbox 370 4012 2018 4092; baseline 0.007 -24"><span class='ocrx_word' id='word_1_396' title='bbox 370 4012 434 4069; x_wconf 89' lang='lat' dir='ltr'><strong>in</strong></span> <span class='ocrx_word' id='word_1_397' title='bbox 482 4020 684 4072; x_wconf 90' lang='lat' dir='ltr'><strong>sancto</strong></span> <span class='ocrx_word' id='word_1_398' title='bbox 732 4031 883 4085; x_wconf 90' lang='lat' dir='ltr'><strong>meo,</strong></span> <span class='ocrx_word' id='word_1_399' title='bbox 907 4015 957 4071; x_wconf 88' lang='lat' dir='ltr'><strong>si</strong></span> <span class='ocrx_word' id='word_1_400' title='bbox 991 4014 1169 4071; x_wconf 89' lang='lat' dir='ltr'><strong>David</strong></span> <span class='ocrx_word' id='word_1_401' title='bbox 1203 4016 1454 4071; x_wconf 90' lang='lat' dir='ltr'><strong>mentiar</strong></span> <span class='ocrx_word' id='word_1_402' title='bbox 1484 4034 1497 4071; x_wconf 89' lang='lat'>:</span> <span class='ocrx_word' id='word_1_403' title='bbox 1533 4032 1733 4073; x_wconf 89' lang='lat' dir='ltr'><strong>semen</strong></span> <span class='ocrx_word' id='word_1_404' title='bbox 1780 4022 1910 4092; x_wconf 88' lang='lat' dir='ltr'><strong>ejus</strong></span> <span class='ocrx_word' id='word_1_405' title='bbox 1958 4023 2018 4079; x_wconf 91' lang='lat' dir='ltr'><strong>in</strong></span> 
     </span>
    </p>
   </div>
   <div class='ocr_carea' id='block_1_57' title="bbox 370 4104 2015 4175">
    <p class='ocr_par' dir='ltr' id='par_1_57' title="bbox 370 4104 2015 4175">
     <span class='ocr_line' id='line_1_57' title="bbox 370 4104 2015 4175; baseline 0.005 -18"><span class='ocrx_word' id='word_1_406' title='bbox 370 4105 650 4158; x_wconf 72' lang='lat' dir='ltr'><strong>aeternum</strong></span> <span class='ocrx_word' id='word_1_407' title='bbox 714 4104 990 4159; x_wconf 88' lang='lat' dir='ltr'><strong>manebit.</strong></span> <span class='ocrx_word' id='word_1_408' title='bbox 1050 4108 1118 4159; x_wconf 84' lang='lat' dir='ltr'><strong>Et</strong></span> <span class='ocrx_word' id='word_1_409' title='bbox 1168 4105 1338 4160; x_wconf 90' lang='lat' dir='ltr'><strong>sedes</strong></span> <span class='ocrx_word' id='word_1_410' title='bbox 1394 4106 1543 4175; x_wconf 87' lang='lat' dir='ltr'><strong>ejus,</strong></span> <span class='ocrx_word' id='word_1_411' title='bbox 1603 4107 1755 4162; x_wconf 89' lang='lat' dir='ltr'><strong>sicut</strong></span> <span class='ocrx_word' id='word_1_412' title='bbox 1811 4109 1897 4164; x_wconf 92' lang='lat' dir='ltr'><strong>sol</strong></span> <span class='ocrx_word' id='word_1_413' title='bbox 1956 4111 2015 4166; x_wconf 89' lang='lat' dir='ltr'><strong>in</strong></span> 
     </span>
    </p>
   </div>
   <div class='ocr_carea' id='block_1_58' title="bbox 366 4192 2014 4267">
    <p class='ocr_par' dir='ltr' id='par_1_58' title="bbox 366 4192 2014 4267">
     <span class='ocr_line' id='line_1_58' title="bbox 366 4192 2014 4267; baseline 0.005 -21"><span class='ocrx_word' id='word_1_414' title='bbox 366 4196 682 4264; x_wconf 88' lang='lat' dir='ltr'><strong>conspectu</strong></span> <span class='ocrx_word' id='word_1_415' title='bbox 739 4208 867 4248; x_wconf 89' lang='lat' dir='ltr'><strong>meo</strong></span> <span class='ocrx_word' id='word_1_416' title='bbox 923 4192 1098 4264; x_wconf 67' lang='lat' dir='ltr'><strong>(Paul.</strong></span> <span class='ocrx_word' id='word_1_417' title='bbox 1150 4210 1420 4259; x_wconf 83' lang='lat' dir='ltr'><strong>Lxxxvm,</strong></span> <span class='ocrx_word' id='word_1_418' title='bbox 1475 4194 1565 4263; x_wconf 89' lang='lat'><strong>36,</strong></span> <span class='ocrx_word' id='word_1_419' title='bbox 1614 4196 1725 4267; x_wconf 91' lang='lat'><strong>37).</strong></span> <span class='ocrx_word' id='word_1_420' title='bbox 1757 4219 1785 4246; x_wconf 87' lang='lat'>»</span> <span class='ocrx_word' id='word_1_421' title='bbox 1829 4198 1898 4253; x_wconf 86' lang='lat' dir='ltr'><strong>Et</strong></span> <span class='ocrx_word' id='word_1_422' title='bbox 1954 4199 2014 4255; x_wconf 91' lang='lat' dir='ltr'><strong>in</strong></span> 
     </span>
    </p>
   </div>
   <div class='ocr_carea' id='block_1_59' title="bbox 363 4279 2010 4359">
    <p class='ocr_par' dir='ltr' id='par_1_59' title="bbox 363 4279 2010 4359">
     <span class='ocr_line' id='line_1_59' title="bbox 363 4279 2010 4359; baseline 0.006 -26"><span class='ocrx_word' id='word_1_423' title='bbox 363 4279 848 4352; x_wconf 87' lang='lat' dir='ltr'><strong>Paralipomenon</strong></span> <span class='ocrx_word' id='word_1_424' title='bbox 901 4281 948 4348; x_wconf 93' lang='lat' dir='ltr'><strong>I,</strong></span> <span class='ocrx_word' id='word_1_425' title='bbox 996 4299 1137 4349; x_wconf 84' lang='lat' dir='ltr'><strong>xvu,</strong></span> <span class='ocrx_word' id='word_1_426' title='bbox 1183 4282 1351 4336; x_wconf 89' lang='lat'><strong>11-13</strong></span> <span class='ocrx_word' id='word_1_427' title='bbox 1382 4298 1395 4336; x_wconf 89' lang='lat'>:</span> <span class='ocrx_word' id='word_1_428' title='bbox 1424 4304 1451 4332; x_wconf 77' lang='grc' dir='ltr'>ι(</span> <span class='ocrx_word' id='word_1_429' title='bbox 1483 4283 1551 4337; x_wconf 89' lang='lat' dir='ltr'><strong>Et</strong></span> <span class='ocrx_word' id='word_1_430' title='bbox 1608 4283 1738 4353; x_wconf 91' lang='lat' dir='ltr'><strong>crit,</strong></span> <span class='ocrx_word' id='word_1_431' title='bbox 1797 4285 2010 4359; x_wconf 90' lang='lat' dir='ltr'><strong>inquit,</strong></span> 
     </span>
    </p>
   </div>
   <div class='ocr_carea' id='block_1_60' title="bbox 361 4368 2009 4441">
    <p class='ocr_par' dir='ltr' id='par_1_60' title="bbox 361 4368 2009 4441">
     <span class='ocr_line' id='line_1_60' title="bbox 361 4368 2009 4441; baseline 0.006 -19"><span class='ocrx_word' id='word_1_432' title='bbox 361 4383 499 4423; x_wconf 91' lang='lat' dir='ltr'><strong>cum</strong></span> <span class='ocrx_word' id='word_1_433' title='bbox 530 4368 805 4441; x_wconf 88' lang='lat' dir='ltr'><strong>completi</strong></span> <span class='ocrx_word' id='word_1_434' title='bbox 848 4368 1065 4425; x_wconf 87' lang='lat' dir='ltr'><strong>fuerint</strong></span> <span class='ocrx_word' id='word_1_435' title='bbox 1101 4369 1225 4425; x_wconf 91' lang='lat' dir='ltr'><strong>dies</strong></span> <span class='ocrx_word' id='word_1_436' title='bbox 1274 4370 1382 4436; x_wconf 91' lang='lat' dir='ltr'><strong>tui,</strong></span> <span class='ocrx_word' id='word_1_437' title='bbox 1416 4375 1473 4426; x_wconf 92' lang='lat' dir='ltr'><strong>et</strong></span> <span class='ocrx_word' id='word_1_438' title='bbox 1519 4371 1827 4429; x_wconf 89' lang='lat' dir='ltr'><strong>dormieris</strong></span> <span class='ocrx_word' id='word_1_439' title='bbox 1875 4392 2009 4432; x_wconf 91' lang='lat' dir='ltr'><strong>cum</strong></span> 
     </span>
    </p>
   </div>
   <div class='ocr_carea' id='block_1_61' title="bbox 361 4456 2008 4534">
    <p class='ocr_par' dir='ltr' id='par_1_61' title="bbox 361 4456 2008 4534">
     <span class='ocr_line' id='line_1_61' title="bbox 361 4456 2008 4534; baseline 0.004 -21"><span class='ocrx_word' id='word_1_440' title='bbox 361 4456 623 4527; x_wconf 87' lang='lat' dir='ltr'><strong>patribus</strong></span> <span class='ocrx_word' id='word_1_441' title='bbox 679 4457 831 4525; x_wconf 87' lang='lat' dir='ltr'><strong>tuis,</strong></span> <span class='ocrx_word' id='word_1_442' title='bbox 892 4458 1187 4514; x_wconf 88' lang='lat' dir='ltr'><strong>suscitabo</strong></span> <span class='ocrx_word' id='word_1_443' title='bbox 1246 4474 1446 4515; x_wconf 89' lang='lat' dir='ltr'><strong>semen</strong></span> <span class='ocrx_word' id='word_1_444' title='bbox 1515 4464 1681 4515; x_wconf 89' lang='lat' dir='ltr'><strong>tuum</strong></span> <span class='ocrx_word' id='word_1_445' title='bbox 1744 4468 1876 4534; x_wconf 92' lang='lat' dir='ltr'><strong>post</strong></span> <span class='ocrx_word' id='word_1_446' title='bbox 1932 4470 2008 4531; x_wconf 89' lang='lat' dir='ltr'><strong>te,</strong></span> 
     </span>
    </p>
   </div>
   <div class='ocr_carea' id='block_1_62' title="bbox 362 4546 2003 4624">
    <p class='ocr_par' dir='ltr' id='par_1_62' title="bbox 362 4546 2003 4624">
     <span class='ocr_line' id='line_1_62' title="bbox 362 4546 2003 4624; baseline 0.004 -23"><span class='ocrx_word' id='word_1_447' title='bbox 362 4546 518 4616; x_wconf 91' lang='lat' dir='ltr'><strong>quod</strong></span> <span class='ocrx_word' id='word_1_448' title='bbox 552 4547 883 4618; x_wconf 88' lang='lat' dir='ltr'><strong>egredietur</strong></span> <span class='ocrx_word' id='word_1_449' title='bbox 911 4548 982 4602; x_wconf 89' lang='lat' dir='ltr'><strong>de</strong></span> <span class='ocrx_word' id='word_1_450' title='bbox 1030 4552 1195 4604; x_wconf 88' lang='lat' dir='ltr'><strong>utero</strong></span> <span class='ocrx_word' id='word_1_451' title='bbox 1226 4553 1346 4615; x_wconf 92' lang='lat' dir='ltr'><strong>tuo,</strong></span> <span class='ocrx_word' id='word_1_452' title='bbox 1378 4553 1435 4603; x_wconf 93' lang='lat' dir='ltr'><strong>et</strong></span> <span class='ocrx_word' id='word_1_453' title='bbox 1464 4549 1709 4605; x_wconf 87' lang='lat' dir='ltr'><strong>ﬁrmabo</strong></span> <span class='ocrx_word' id='word_1_454' title='bbox 1761 4569 2003 4624; x_wconf 83' lang='lat' dir='ltr'><strong>regnum</strong></span> 
     </span>
    </p>
   </div>
   <div class='ocr_carea' id='block_1_63' title="bbox 359 4649 550 4703">
    <p class='ocr_par' dir='ltr' id='par_1_63' title="bbox 359 4649 550 4703">
     <span class='ocr_line' id='line_1_63' title="bbox 359 4649 550 4703; baseline 0 -15"><span class='ocrx_word' id='word_1_455' title='bbox 359 4649 488 4703; x_wconf 81' lang='lat' dir='ltr'><strong>ejus</strong></span> <span class='ocrx_word' id='word_1_456' title='bbox 533 4652 550 4688; x_wconf 92' lang='lat'><strong><em>:</em></strong></span> 
     </span>
    </p>
   </div>
   <div class='ocr_carea' id='block_1_64' title="bbox 355 4725 2001 4803">
    <p class='ocr_par' dir='ltr' id='par_1_64' title="bbox 355 4725 2001 4803">
     <span class='ocr_line' id='line_1_64' title="bbox 355 4725 2001 4803; baseline 0.007 -26"><span class='ocrx_word' id='word_1_457' title='bbox 355 4737 603 4795; x_wconf 87' lang='lat' dir='ltr'><strong>regnum</strong></span> <span class='ocrx_word' id='word_1_458' title='bbox 637 4725 766 4795; x_wconf 89' lang='lat' dir='ltr'><strong>ejus</strong></span> <span class='ocrx_word' id='word_1_459' title='bbox 797 4725 853 4779; x_wconf 88' lang='lat' dir='ltr'><strong>in</strong></span> <span class='ocrx_word' id='word_1_460' title='bbox 901 4726 1344 4797; x_wconf 88' lang='lat' dir='ltr'><strong>sempiternum.</strong></span> <span class='ocrx_word' id='word_1_461' title='bbox 1378 4728 1494 4799; x_wconf 85' lang='lat' dir='ltr'><strong>Ego</strong></span> <span class='ocrx_word' id='word_1_462' title='bbox 1545 4746 1641 4784; x_wconf 91' lang='lat' dir='ltr'><strong>ero</strong></span> <span class='ocrx_word' id='word_1_463' title='bbox 1692 4730 1743 4785; x_wconf 89' lang='lat' dir='ltr'><strong>ei</strong></span> <span class='ocrx_word' id='word_1_464' title='bbox 1791 4729 1849 4785; x_wconf 90' lang='lat' dir='ltr'><strong>in</strong></span> <span class='ocrx_word' id='word_1_465' title='bbox 1902 4749 2001 4803; x_wconf 91' lang='lat' dir='ltr'><strong>pa-</strong></span> 
     </span>
    </p>
   </div>
   <div class='ocr_carea' id='block_1_65' title="bbox 353 4812 2001 4884">
    <p class='ocr_par' dir='ltr' id='par_1_65' title="bbox 353 4812 2001 4884">
     <span class='ocr_line' id='line_1_65' title="bbox 353 4812 2001 4884; baseline 0.006 -19"><span class='ocrx_word' id='word_1_466' title='bbox 353 4812 460 4877; x_wconf 85' lang='lat' dir='ltr'><strong>tre,</strong></span> <span class='ocrx_word' id='word_1_467' title='bbox 494 4816 551 4867; x_wconf 93' lang='lat' dir='ltr'><strong>et</strong></span> <span class='ocrx_word' id='word_1_468' title='bbox 581 4812 706 4884; x_wconf 89' lang='lat' dir='ltr'><strong>ipse</strong></span> <span class='ocrx_word' id='word_1_469' title='bbox 759 4812 868 4867; x_wconf 90' lang='lat' dir='ltr'><strong>erit</strong></span> <span class='ocrx_word' id='word_1_470' title='bbox 922 4812 1066 4867; x_wconf 90' lang='lat' dir='ltr'><strong>mihi</strong></span> <span class='ocrx_word' id='word_1_471' title='bbox 1119 4814 1179 4868; x_wconf 91' lang='lat' dir='ltr'><strong>in</strong></span> <span class='ocrx_word' id='word_1_472' title='bbox 1230 4814 1394 4869; x_wconf 92' lang='lat' dir='ltr'><strong>ﬁlio:</strong></span> <span class='ocrx_word' id='word_1_473' title='bbox 1430 4820 1485 4870; x_wconf 90' lang='lat' dir='ltr'><strong>et</strong></span> <span class='ocrx_word' id='word_1_474' title='bbox 1543 4817 2001 4876; x_wconf 91' lang='lat' dir='ltr'><strong>misericordiam</strong></span> 
     </span>
    </p>
   </div>
   <div class='ocr_carea' id='block_1_66' title="bbox 354 4902 2000 4980">
    <p class='ocr_par' dir='ltr' id='par_1_66' title="bbox 354 4902 2000 4980">
     <span class='ocr_line' id='line_1_66' title="bbox 354 4902 2000 4980; baseline 0.007 -27"><span class='ocrx_word' id='word_1_475' title='bbox 354 4912 547 4955; x_wconf 87' lang='lat' dir='ltr'><strong>meam</strong></span> <span class='ocrx_word' id='word_1_476' title='bbox 579 4917 697 4956; x_wconf 88' lang='lat' dir='ltr'><strong>non</strong></span> <span class='ocrx_word' id='word_1_477' title='bbox 725 4902 986 4957; x_wconf 86' lang='lat' dir='ltr'><strong>auferam</strong></span> <span class='ocrx_word' id='word_1_478' title='bbox 1017 4903 1089 4956; x_wconf 91' lang='lat' dir='ltr'><strong>ab</strong></span> <span class='ocrx_word' id='word_1_479' title='bbox 1120 4918 1208 4969; x_wconf 92' lang='lat' dir='ltr'><strong>eo,</strong></span> <span class='ocrx_word' id='word_1_480' title='bbox 1242 4903 1396 4958; x_wconf 90' lang='lat' dir='ltr'><strong>sicut</strong></span> <span class='ocrx_word' id='word_1_481' title='bbox 1426 4905 1640 4960; x_wconf 89' lang='lat' dir='ltr'><strong>abstuli</strong></span> <span class='ocrx_word' id='word_1_482' title='bbox 1674 4907 1746 4961; x_wconf 87' lang='lat' dir='ltr'><strong>ab</strong></span> <span class='ocrx_word' id='word_1_483' title='bbox 1779 4923 1864 4976; x_wconf 91' lang='lat' dir='ltr'><strong>eo,</strong></span> <span class='ocrx_word' id='word_1_484' title='bbox 1899 4912 2000 4980; x_wconf 88' lang='lat' dir='ltr'><strong>qui</strong></span> 
     </span>
    </p>
   </div>
   <div class='ocr_carea' id='block_1_67' title="bbox 424 5005 2000 5077">
    <p class='ocr_par' dir='ltr' id='par_1_67' title="bbox 424 5005 2000 5077">
     <span class='ocr_line' id='line_1_67' title="bbox 424 5005 2000 5077; baseline 0.008 -18"><span class='ocrx_word' id='word_1_485' title='bbox 424 5005 607 5077; x_wconf 88' lang='lat'><strong>(1454)</strong></span> <span class='ocrx_word' id='word_1_486' title='bbox 641 5008 791 5062; x_wconf 76' lang='lat' dir='ltr'><strong>Psal.</strong></span> <span class='ocrx_word' id='word_1_487' title='bbox 821 5024 1012 5073; x_wconf 77' lang='lat' dir='ltr'><strong>cxxxx,</strong></span> <span class='ocrx_word' id='word_1_488' title='bbox 1045 5009 1104 5062; x_wconf 93' lang='lat'><strong>11</strong></span> <span class='ocrx_word' id='word_1_489' title='bbox 1134 5009 1387 5064; x_wconf 82' lang='lat' dir='ltr'><strong>:Iuravit</strong></span> <span class='ocrx_word' id='word_1_490' title='bbox 1420 5013 1685 5066; x_wconf 76' lang='lat' dir='ltr'><strong>Dominus</strong></span> <span class='ocrx_word' id='word_1_491' title='bbox 1716 5014 1894 5069; x_wconf 86' lang='lat' dir='ltr'><strong>David</strong></span> <span class='ocrx_word' id='word_1_492' title='bbox 1916 5034 2000 5071; x_wconf 84' lang='lat' dir='ltr'><strong>ve-</strong></span> 
     </span>
    </p>
   </div>
   <div class='ocr_carea' id='block_1_68' title="bbox 349 5077 1999 5151">
    <p class='ocr_par' dir='ltr' id='par_1_68' title="bbox 349 5077 1999 5151">
     <span class='ocr_line' id='line_1_68' title="bbox 349 5077 1999 5151; baseline 0.007 -22"><span class='ocrx_word' id='word_1_493' title='bbox 349 5077 590 5151; x_wconf 65' lang='lat' dir='ltr'><strong>ritatem,</strong></span> <span class='ocrx_word' id='word_1_494' title='bbox 623 5081 673 5132; x_wconf 81' lang='lat' dir='ltr'><strong>et</strong></span> <span class='ocrx_word' id='word_1_495' title='bbox 699 5096 809 5133; x_wconf 85' lang='lat' dir='ltr'><strong>non</strong></span> <span class='ocrx_word' id='word_1_496' title='bbox 854 5079 1220 5147; x_wconf 74' lang='lat' dir='ltr'><strong>frustrabitur</strong></span> <span class='ocrx_word' id='word_1_497' title='bbox 1246 5097 1408 5145; x_wconf 82' lang='lat' dir='ltr'><strong>eum;</strong></span> <span class='ocrx_word' id='word_1_498' title='bbox 1445 5082 1517 5135; x_wconf 86' lang='lat' dir='ltr'><strong>de</strong></span> <span class='ocrx_word' id='word_1_499' title='bbox 1565 5086 1751 5151; x_wconf 81' lang='lat' dir='ltr'><strong>fructu</strong></span> <span class='ocrx_word' id='word_1_500' title='bbox 1792 5090 1999 5141; x_wconf 76' lang='lat' dir='ltr'><strong>ventris</strong></span> 
     </span>
    </p>
   </div>
   <div class='ocr_carea' id='block_1_69' title="bbox 348 5149 1997 5225">
    <p class='ocr_par' dir='ltr' id='par_1_69' title="bbox 348 5149 1997 5225">
     <span class='ocr_line' id='line_1_69' title="bbox 348 5149 1997 5225; baseline 0.007 -25"><span class='ocrx_word' id='word_1_501' title='bbox 348 5149 462 5225; x_wconf 56' lang='grc' dir='ltr'><strong>ξπέίὲ</strong></span> <span class='ocrx_word' id='word_1_502' title='bbox 485 5164 689 5217; x_wconf 83' lang='lat' dir='ltr'><strong>ponam</strong></span> <span class='ocrx_word' id='word_1_503' title='bbox 724 5151 1136 5225; x_wconf 39' lang='grc' dir='ltr'><strong>Δ,ξριρενηιενζίιιεηι</strong></span> <span class='ocrx_word' id='word_1_504' title='bbox 1188 5155 1358 5225; x_wconf 70' lang='lat' dir='ltr'><strong>tuom.</strong></span> <span class='ocrx_word' id='word_1_505' title='bbox 1420 5149 1572 5216; x_wconf 69' lang='lat' dir='ltr'><strong>Quae</strong></span> <span class='ocrx_word' id='word_1_506' title='bbox 1623 5158 1997 5225; x_wconf 73' lang='lat' dir='ltr'><strong>repromissio</strong></span> 
     </span>
    </p>
   </div>
   <div class='ocr_carea' id='block_1_70' title="bbox 347 5217 1990 5297">
    <p class='ocr_par' dir='ltr' id='par_1_70' title="bbox 347 5217 1990 5297">
     <span class='ocr_line' id='line_1_70' title="bbox 347 5217 1990 5297; baseline 0.009 -28"><span class='ocrx_word' id='word_1_507' title='bbox 347 5217 401 5271; x_wconf 88' lang='lat' dir='ltr'><strong>II</strong></span> <span class='ocrx_word' id='word_1_508' title='bbox 425 5217 551 5297; x_wconf 78' lang='lat' dir='ltr'><strong>Reg.</strong></span> <span class='ocrx_word' id='word_1_509' title='bbox 580 5235 680 5285; x_wconf 83' lang='lat' dir='ltr'><strong>vn,</strong></span> <span class='ocrx_word' id='word_1_510' title='bbox 716 5221 781 5273; x_wconf 80' lang='lat'><strong>12</strong></span> <span class='ocrx_word' id='word_1_511' title='bbox 809 5217 1197 5292; x_wconf 78' lang='lat' dir='ltr'><strong>potissimum</strong></span> <span class='ocrx_word' id='word_1_512' title='bbox 1247 5222 1477 5293; x_wconf 86' lang='lat' dir='ltr'><strong>legitur,</strong></span> <span class='ocrx_word' id='word_1_513' title='bbox 1510 5231 1566 5279; x_wconf 90' lang='lat' dir='ltr'><strong>et</strong></span> <span class='ocrx_word' id='word_1_514' title='bbox 1613 5217 1990 5296; x_wconf 61' lang='lat' dir='ltr'><strong>seQuentibus</strong></span> 
     </span>
    </p>
   </div>
   <div class='ocr_carea' id='block_1_71' title="bbox 347 5301 555 5341">
    <p class='ocr_par' dir='ltr' id='par_1_71' title="bbox 347 5301 555 5341">
     <span class='ocr_line' id='line_1_71' title="bbox 347 5301 555 5341; baseline -0.014 0"><span class='ocrx_word' id='word_1_515' title='bbox 347 5301 555 5341; x_wconf 73' lang='lat' dir='ltr'><strong>VGPSIO.</strong></span> 
     </span>
    </p>
   </div>
   <div class='ocr_carea' id='block_1_72' title="bbox 418 5358 1988 5441">
    <p class='ocr_par' dir='ltr' id='par_1_72' title="bbox 418 5358 1988 5441">
     <span class='ocr_line' id='line_1_72' title="bbox 418 5358 1988 5441; baseline 0.011 -32"><span class='ocrx_word' id='word_1_516' title='bbox 418 5358 600 5441; x_wconf 67' lang='lat'><strong>(1455)</strong></span> <span class='ocrx_word' id='word_1_517' title='bbox 635 5361 895 5441; x_wconf 6' lang='lat' dir='ltr'><strong>Machabj.</strong></span> <span class='ocrx_word' id='word_1_518' title='bbox 928 5380 1010 5429; x_wconf 85' lang='grc' dir='ltr'>ιιι,</span> <span class='ocrx_word' id='word_1_519' title='bbox 1054 5380 1187 5418; x_wconf 92' lang='lat' dir='ltr'><strong>cum</strong></span> <span class='ocrx_word' id='word_1_520' title='bbox 1234 5365 1452 5441; x_wconf 53' lang='lat' dir='ltr'><strong>cmteris</strong></span> <span class='ocrx_word' id='word_1_521' title='bbox 1502 5368 1792 5439; x_wconf 87' lang='lat' dir='ltr'><strong>capitibus</strong></span> <span class='ocrx_word' id='word_1_522' title='bbox 1840 5371 1988 5441; x_wconf 86' lang='lat' dir='ltr'><strong>ejus,</strong></span> 
     </span>
    </p>
   </div>
   <div class='ocr_carea' id='block_1_73' title="bbox 346 5428 1412 5490">
    <p class='ocr_par' dir='ltr' id='par_1_73' title="bbox 346 5428 1412 5490">
     <span class='ocr_line' id='line_1_73' title="bbox 346 5428 1412 5490; baseline 0.008 -8"><span class='ocrx_word' id='word_1_523' title='bbox 346 5430 403 5482; x_wconf 85' lang='lat' dir='ltr'><strong>et</strong></span> <span class='ocrx_word' id='word_1_524' title='bbox 434 5428 678 5482; x_wconf 77' lang='lat' dir='ltr'><strong>fratrum</strong></span> <span class='ocrx_word' id='word_1_525' title='bbox 711 5428 1412 5490; x_wconf 21' lang='lat' dir='ltr'><strong>virtutem&#39;narrantibus.</strong></span> 
     </span>
    </p>
   </div>
   <div class='ocr_carea' id='block_1_74' title="bbox 415 5498 1988 5578">
    <p class='ocr_par' dir='ltr' id='par_1_74' title="bbox 415 5498 1988 5578">
     <span class='ocr_line' id='line_1_74' title="bbox 415 5498 1988 5578; baseline 0.011 -28"><span class='ocrx_word' id='word_1_526' title='bbox 415 5498 602 5578; x_wconf 70' lang='lat'><strong>(1456)</strong></span> <span class='ocrx_word' id='word_1_527' title='bbox 636 5500 709 5578; x_wconf 64' lang='grc' dir='ltr'><strong>ΙΙΙ</strong></span> <span class='ocrx_word' id='word_1_528' title='bbox 758 5503 1058 5578; x_wconf 43' lang='grc' dir='ltr'><strong>Βεθεςςνιι,</strong></span> <span class='ocrx_word' id='word_1_529' title='bbox 1094 5507 1209 5578; x_wconf 18' lang='lat'><strong>177;</strong></span> <span class='ocrx_word' id='word_1_530' title='bbox 1241 5509 1436 5578; x_wconf 89' lang='lat' dir='ltr'><strong>opinio</strong></span> <span class='ocrx_word' id='word_1_531' title='bbox 1486 5508 1605 5564; x_wconf 67' lang='lat'><strong>11830</strong></span> <span class='ocrx_word' id='word_1_532' title='bbox 1651 5511 1858 5567; x_wconf 87' lang='lat' dir='ltr'><strong>Jonam</strong></span> <span class='ocrx_word' id='word_1_533' title='bbox 1907 5513 1988 5567; x_wconf 89' lang='lat' dir='ltr'><strong>vi-</strong></span> 
     </span>
    </p>
   </div>
   <div class='ocr_carea' id='block_1_75' title="bbox 344 5567 1992 5655">
    <p class='ocr_par' dir='ltr' id='par_1_75' title="bbox 344 5567 1992 5655">
     <span class='ocr_line' id='line_1_75' title="bbox 344 5567 1992 5655; baseline 0.01 -34"><span class='ocrx_word' id='word_1_534' title='bbox 344 5567 471 5655; x_wconf 69' lang='lat' dir='ltr'><strong>dpaa</strong></span> <span class='ocrx_word' id='word_1_535' title='bbox 501 5567 851 5655; x_wconf 50' lang='lat' dir='ltr'><strong>Sareptenae:</strong></span> <span class='ocrx_word' id='word_1_536' title='bbox 871 5567 1057 5655; x_wconf 36' lang='lat' dir='ltr'><strong>ﬁli‘um&#39;</strong></span> <span class='ocrx_word' id='word_1_537' title='bbox 1105 5567 1410 5655; x_wconf 28' lang='lat' dir='ltr'><strong>faciens-fa</strong></span> <span class='ocrx_word' id='word_1_538' title='bbox 1438 5580 1746 5655; x_wconf 75' lang='lat' dir='ltr'><strong>Rabbinis&quot;</strong></span> <span class='ocrx_word' id='word_1_539' title='bbox 1771 5583 1992 5655; x_wconf 87' lang='lat' dir='ltr'><strong>aliquot</strong></span> 
     </span>
    </p>
   </div>
   <div class='ocr_carea' id='block_1_76' title="bbox 340 5638 1985 5722">
    <p class='ocr_par' dir='ltr' id='par_1_76' title="bbox 340 5638 1985 5722">
     <span class='ocr_line' id='line_1_76' title="bbox 340 5638 1985 5722; baseline 0.01 -28"><span class='ocrx_word' id='word_1_540' title='bbox 340 5638 443 5722; x_wconf 58' lang='lat' dir='ltr'><strong>diu</strong></span> <span class='ocrx_word' id='word_1_541' title='bbox 475 5638 750 5722; x_wconf 71' lang='lat' dir='ltr'><strong>obtinuit,</strong></span> <span class='ocrx_word' id='word_1_542' title='bbox 783 5644 855 5698; x_wconf 92' lang='lat' dir='ltr'><strong>ob</strong></span> <span class='ocrx_word' id='word_1_543' title='bbox 910 5645 990 5722; x_wconf 87' lang='lat' dir='ltr'><strong>id_</strong></span> <span class='ocrx_word' id='word_1_544' title='bbox 1017 5647 1167 5717; x_wconf 83' lang='lat' dir='ltr'><strong>quod</strong></span> <span class='ocrx_word' id='word_1_545' title='bbox 1201 5638 1437 5722; x_wconf 79' lang='lat' dir='ltr'><strong>legitur</strong></span> <span class='ocrx_word' id='word_1_546' title='bbox 1483 5654 1686 5707; x_wconf 91' lang='lat' dir='ltr'><strong>eodem</strong></span> <span class='ocrx_word' id='word_1_547' title='bbox 1718 5671 1766 5708; x_wconf 93' lang='lat' dir='ltr'><strong>c.</strong></span> <span class='ocrx_word' id='word_1_548' title='bbox 1797 5638 1985 5722; x_wconf 57' lang='lat' dir='ltr'><strong>v,&#39;24;</strong></span> 
     </span>
    </p>
   </div>
   <div class='ocr_carea' id='block_1_77' title="bbox 338 5713 1986 5793">
    <p class='ocr_par' dir='ltr' id='par_1_77' title="bbox 338 5713 1986 5793">
     <span class='ocr_line' id='line_1_77' title="bbox 338 5713 1986 5793; baseline 0.01 -27"><span class='ocrx_word' id='word_1_549' title='bbox 338 5713 503 5776; x_wconf 75' lang='lat' dir='ltr'><strong>Nunc</strong></span> <span class='ocrx_word' id='word_1_550' title='bbox 530 5713 593 5766; x_wconf 85' lang='lat' dir='ltr'><strong>in</strong></span> <span class='ocrx_word' id='word_1_551' title='bbox 616 5713 720 5768; x_wconf 71' lang='lat' dir='ltr'><strong>isto</strong></span> <span class='ocrx_word' id='word_1_552' title='bbox 764 5717 1008 5785; x_wconf 80' lang='lat' dir='ltr'><strong>cognovi,</strong></span> <span class='ocrx_word' id='word_1_553' title='bbox 1033 5713 1309 5787; x_wconf 61' lang='lat' dir='ltr'><strong>&#39;quoniani</strong></span> <span class='ocrx_word' id='word_1_554' title='bbox 1330 5721 1415 5776; x_wconf 79' lang='lat' dir='ltr'><strong>vir</strong></span> <span class='ocrx_word' id='word_1_555' title='bbox 1456 5722 1553 5778; x_wconf 90' lang='lat' dir='ltr'><strong>Dei</strong></span> <span class='ocrx_word' id='word_1_556' title='bbox 1580 5739 1636 5779; x_wconf 74' lang='lat' dir='ltr'><strong>es</strong></span> <span class='ocrx_word' id='word_1_557' title='bbox 1666 5728 1747 5793; x_wconf 81' lang='lat' dir='ltr'><strong>tu,</strong></span> <span class='ocrx_word' id='word_1_558' title='bbox 1777 5713 1986 5782; x_wconf 47' lang='lat' dir='ltr'><strong>et&#39;ver;</strong></span> 
     </span>
    </p>
   </div>
   <div class='ocr_carea' id='block_1_78' title="bbox 2147 2000 3803 2078">
    <p class='ocr_par' dir='ltr' id='par_1_78' title="bbox 2147 2000 3803 2078">
     <span class='ocr_line' id='line_1_78' title="bbox 2147 2000 3803 2078; baseline -0.004 -16"><span class='ocrx_word' id='word_1_559' title='bbox 2147 2007 2242 2062; x_wconf 87' lang='lat' dir='ltr'><strong>alii</strong></span> <span class='ocrx_word' id='word_1_560' title='bbox 2278 2007 2537 2078; x_wconf 86' lang='lat' dir='ltr'><strong>plurimi,</strong></span> <span class='ocrx_word' id='word_1_561' title='bbox 2562 2006 2717 2078; x_wconf 91' lang='lat' dir='ltr'><strong>quod</strong></span> <span class='ocrx_word' id='word_1_562' title='bbox 2751 2006 2993 2077; x_wconf 90' lang='lat' dir='ltr'><strong>longum</strong></span> <span class='ocrx_word' id='word_1_563' title='bbox 3014 2010 3106 2060; x_wconf 89' lang='lat' dir='ltr'><strong>est</strong></span> <span class='ocrx_word' id='word_1_564' title='bbox 3125 2019 3489 2071; x_wconf 87' lang='lat' dir='ltr'><strong>enumerare,</strong></span> <span class='ocrx_word' id='word_1_565' title='bbox 3516 2018 3676 2074; x_wconf 91' lang='lat' dir='ltr'><strong>quos</strong></span> <span class='ocrx_word' id='word_1_566' title='bbox 3698 2000 3803 2056; x_wconf 87' lang='lat' dir='ltr'><strong>sci-</strong></span> 
     </span>
    </p>
   </div>
   <div class='ocr_carea' id='block_1_79' title="bbox 2148 2089 3804 2167">
    <p class='ocr_par' dir='ltr' id='par_1_79' title="bbox 2148 2089 3804 2167">
     <span class='ocr_line' id='line_1_79' title="bbox 2148 2089 3804 2167; baseline -0.004 -18"><span class='ocrx_word' id='word_1_567' title='bbox 2148 2112 2281 2150; x_wconf 89' lang='lat' dir='ltr'><strong>mus</strong></span> <span class='ocrx_word' id='word_1_568' title='bbox 2340 2112 2441 2167; x_wconf 91' lang='lat' dir='ltr'><strong>per</strong></span> <span class='ocrx_word' id='word_1_569' title='bbox 2470 2096 2645 2150; x_wconf 90' lang='lat' dir='ltr'><strong>ﬁdem</strong></span> <span class='ocrx_word' id='word_1_570' title='bbox 2703 2095 2880 2151; x_wconf 86' lang='lat' dir='ltr'><strong>fortes</strong></span> <span class='ocrx_word' id='word_1_571' title='bbox 2923 2093 3107 2148; x_wconf 88' lang='lat' dir='ltr'><strong>fuisse</strong></span> <span class='ocrx_word' id='word_1_572' title='bbox 3165 2092 3224 2147; x_wconf 90' lang='lat' dir='ltr'><strong>in</strong></span> <span class='ocrx_word' id='word_1_573' title='bbox 3282 2089 3460 2156; x_wconf 86' lang='lat' dir='ltr'><strong>bello,</strong></span> <span class='ocrx_word' id='word_1_574' title='bbox 3492 2092 3553 2145; x_wconf 89' lang='lat' dir='ltr'><strong>et</strong></span> <span class='ocrx_word' id='word_1_575' title='bbox 3612 2094 3804 2146; x_wconf 82' lang='lat' dir='ltr'><strong>castra</strong></span> 
     </span>
    </p>
   </div>
   <div class='ocr_carea' id='block_1_80' title="bbox 2144 2177 3803 2255">
    <p class='ocr_par' dir='ltr' id='par_1_80' title="bbox 2144 2177 3803 2255">
     <span class='ocr_line' id='line_1_80' title="bbox 2144 2177 3803 2255; baseline -0.003 -18"><span class='ocrx_word' id='word_1_576' title='bbox 2144 2184 2387 2239; x_wconf 88' lang='lat' dir='ltr'><strong>vertisse</strong></span> <span class='ocrx_word' id='word_1_577' title='bbox 2416 2184 2487 2239; x_wconf 90' lang='lat' dir='ltr'><strong>de</strong></span> <span class='ocrx_word' id='word_1_578' title='bbox 2517 2183 2730 2240; x_wconf 85' lang='lat' dir='ltr'><strong>exteris</strong></span> <span class='ocrx_word' id='word_1_579' title='bbox 2753 2183 3048 2255; x_wconf 89' lang='lat' dir='ltr'><strong>gentibus.</strong></span> <span class='ocrx_word' id='word_1_580' title='bbox 3072 2179 3508 2236; x_wconf 87' lang='lat' dir='ltr'><strong>Convaluerunt</strong></span> <span class='ocrx_word' id='word_1_581' title='bbox 3539 2177 3615 2232; x_wconf 92' lang='lat' dir='ltr'><strong>de</strong></span> <span class='ocrx_word' id='word_1_582' title='bbox 3648 2177 3803 2233; x_wconf 85' lang='lat' dir='ltr'><strong>inﬁr-</strong></span> 
     </span>
    </p>
   </div>
   <div class='ocr_carea' id='block_1_81' title="bbox 2147 2267 3803 2343">
    <p class='ocr_par' dir='ltr' id='par_1_81' title="bbox 2147 2267 3803 2343">
     <span class='ocr_line' id='line_1_81' title="bbox 2147 2267 3803 2343; baseline -0.005 -16"><span class='ocrx_word' id='word_1_583' title='bbox 2147 2272 2347 2327; x_wconf 88' lang='lat' dir='ltr'><strong>mitate</strong></span> <span class='ocrx_word' id='word_1_584' title='bbox 2378 2289 2480 2343; x_wconf 90' lang='lat' dir='ltr'><strong>per</strong></span> <span class='ocrx_word' id='word_1_585' title='bbox 2511 2273 2707 2337; x_wconf 89' lang='lat' dir='ltr'><strong>ﬁdem,</strong></span> <span class='ocrx_word' id='word_1_586' title='bbox 2738 2273 2895 2327; x_wconf 89' lang='lat' dir='ltr'><strong>sicut</strong></span> <span class='ocrx_word' id='word_1_587' title='bbox 2921 2269 3200 2326; x_wconf 88' lang='lat' dir='ltr'><strong>Ezechias</strong></span> <span class='ocrx_word' id='word_1_588' title='bbox 3229 2269 3326 2339; x_wconf 87' lang='lat' dir='ltr'><strong>(IV</strong></span> <span class='ocrx_word' id='word_1_589' title='bbox 3353 2268 3484 2336; x_wconf 85' lang='lat' dir='ltr'><strong>Reg.</strong></span> <span class='ocrx_word' id='word_1_590' title='bbox 3516 2283 3615 2337; x_wconf 85' lang='lat' dir='ltr'><strong>xx,</strong></span> <span class='ocrx_word' id='word_1_591' title='bbox 3643 2267 3699 2333; x_wconf 89' lang='lat'><strong>5,</strong></span> <span class='ocrx_word' id='word_1_592' title='bbox 3730 2267 3803 2336; x_wconf 85' lang='lat'><strong>6).</strong></span> 
     </span>
    </p>
   </div>
   <div class='ocr_carea' id='block_1_82' title="bbox 2146 2355 3803 2426">
    <p class='ocr_par' dir='ltr' id='par_1_82' title="bbox 2146 2355 3803 2426">
     <span class='ocr_line' id='line_1_82' title="bbox 2146 2355 3803 2426; baseline -0.002 -12"><span class='ocrx_word' id='word_1_593' title='bbox 2146 2361 2343 2416; x_wconf 88' lang='lat' dir='ltr'><strong>Fortes</strong></span> <span class='ocrx_word' id='word_1_594' title='bbox 2375 2361 2511 2416; x_wconf 87' lang='lat' dir='ltr'><strong>facti</strong></span> <span class='ocrx_word' id='word_1_595' title='bbox 2555 2366 2694 2416; x_wconf 92' lang='lat' dir='ltr'><strong>sunt</strong></span> <span class='ocrx_word' id='word_1_596' title='bbox 2723 2360 2780 2414; x_wconf 92' lang='lat' dir='ltr'><strong>in</strong></span> <span class='ocrx_word' id='word_1_597' title='bbox 2813 2359 2987 2426; x_wconf 91' lang='lat' dir='ltr'><strong>bello,</strong></span> <span class='ocrx_word' id='word_1_598' title='bbox 3022 2362 3087 2414; x_wconf 91' lang='lat' dir='ltr'><strong>ut</strong></span> <span class='ocrx_word' id='word_1_599' title='bbox 3132 2357 3317 2412; x_wconf 83' lang='lat' dir='ltr'><strong>Judas</strong></span> <span class='ocrx_word' id='word_1_600' title='bbox 3348 2360 3406 2412; x_wconf 90' lang='lat' dir='ltr'><strong>et</strong></span> <span class='ocrx_word' id='word_1_601' title='bbox 3436 2355 3651 2411; x_wconf 88' lang='lat' dir='ltr'><strong>fratres</strong></span> <span class='ocrx_word' id='word_1_602' title='bbox 3678 2355 3803 2426; x_wconf 89' lang='lat' dir='ltr'><strong>ejus</strong></span> 
     </span>
    </p>
   </div>
   <div class='ocr_carea' id='block_1_83' title="bbox 2145 2442 3801 2520">
    <p class='ocr_par' dir='ltr' id='par_1_83' title="bbox 2145 2442 3801 2520">
     <span class='ocr_line' id='line_1_83' title="bbox 2145 2442 3801 2520; baseline -0.004 -16"><span class='ocrx_word' id='word_1_603' title='bbox 2145 2450 2349 2520; x_wconf 83' lang='grc'>(1455).</span> <span class='ocrx_word' id='word_1_604' title='bbox 2409 2469 2431 2498; x_wconf 80' lang='grc' dir='ltr'><strong>ι</strong></span> <span class='ocrx_word' id='word_1_605' title='bbox 2488 2454 2856 2520; x_wconf 84' lang='lat' dir='ltr'><strong>Acceperunt</strong></span> <span class='ocrx_word' id='word_1_606' title='bbox 2910 2447 3185 2504; x_wconf 88' lang='lat' dir='ltr'><strong>mulieres</strong></span> <span class='ocrx_word' id='word_1_607' title='bbox 3244 2447 3316 2501; x_wconf 91' lang='lat' dir='ltr'><strong>de</strong></span> <span class='ocrx_word' id='word_1_608' title='bbox 3376 2442 3801 2501; x_wconf 87' lang='lat' dir='ltr'><strong>resurrectione</strong></span> 
     </span>
    </p>
   </div>
   <div class='ocr_carea' id='block_1_84' title="bbox 2146 2532 3798 2606">
    <p class='ocr_par' dir='ltr' id='par_1_84' title="bbox 2146 2532 3798 2606">
     <span class='ocr_line' id='line_1_84' title="bbox 2146 2532 3798 2606; baseline -0.003 -14"><span class='ocrx_word' id='word_1_609' title='bbox 2146 2543 2409 2594; x_wconf 90' lang='lat' dir='ltr'><strong>mortuos</strong></span> <span class='ocrx_word' id='word_1_610' title='bbox 2456 2556 2614 2595; x_wconf 87' lang='lat' dir='ltr'><strong>suos.</strong></span> <span class='ocrx_word' id='word_1_611' title='bbox 2644 2561 2670 2585; x_wconf 80' lang='grc' dir='ltr'>η</span> <span class='ocrx_word' id='word_1_612' title='bbox 2705 2538 2783 2593; x_wconf 81' lang='lat' dir='ltr'><strong>Ea</strong></span> <span class='ocrx_word' id='word_1_613' title='bbox 2830 2539 3254 2593; x_wconf 88' lang='lat' dir='ltr'><strong>commemorat</strong></span> <span class='ocrx_word' id='word_1_614' title='bbox 3301 2532 3638 2606; x_wconf 88' lang='lat' dir='ltr'><strong>Apostolus,</strong></span> <span class='ocrx_word' id='word_1_615' title='bbox 3672 2549 3798 2603; x_wconf 65' lang='lat' dir='ltr'><strong>qua</strong></span> 
     </span>
    </p>
   </div>
   <div class='ocr_carea' id='block_1_85' title="bbox 2145 2621 3799 2699">
    <p class='ocr_par' dir='ltr' id='par_1_85' title="bbox 2145 2621 3799 2699">
     <span class='ocr_line' id='line_1_85' title="bbox 2145 2621 3799 2699; baseline -0.004 -17"><span class='ocrx_word' id='word_1_616' title='bbox 2145 2644 2248 2699; x_wconf 90' lang='lat' dir='ltr'><strong>per</strong></span> <span class='ocrx_word' id='word_1_617' title='bbox 2276 2627 2460 2682; x_wconf 90' lang='lat' dir='ltr'><strong>Eliam</strong></span> <span class='ocrx_word' id='word_1_618' title='bbox 2502 2632 2560 2683; x_wconf 89' lang='lat' dir='ltr'><strong>et</strong></span> <span class='ocrx_word' id='word_1_619' title='bbox 2608 2625 2863 2682; x_wconf 90' lang='lat' dir='ltr'><strong>Eliseum</strong></span> <span class='ocrx_word' id='word_1_620' title='bbox 2895 2628 3198 2693; x_wconf 90' lang='lat' dir='ltr'><strong>venerunt,</strong></span> <span class='ocrx_word' id='word_1_621' title='bbox 3232 2622 3333 2694; x_wconf 91' lang='lat' dir='ltr'><strong>qui</strong></span> <span class='ocrx_word' id='word_1_622' title='bbox 3366 2639 3468 2695; x_wconf 91' lang='lat' dir='ltr'><strong>per</strong></span> <span class='ocrx_word' id='word_1_623' title='bbox 3500 2621 3675 2677; x_wconf 87' lang='lat' dir='ltr'><strong>ﬁdem</strong></span> <span class='ocrx_word' id='word_1_624' title='bbox 3708 2638 3799 2677; x_wconf 86' lang='lat' dir='ltr'><strong>ro-</strong></span> 
     </span>
    </p>
   </div>
   <div class='ocr_carea' id='block_1_86' title="bbox 2143 2708 3795 2788">
    <p class='ocr_par' dir='ltr' id='par_1_86' title="bbox 2143 2708 3795 2788">
     <span class='ocr_line' id='line_1_86' title="bbox 2143 2708 3795 2788; baseline -0.005 -17"><span class='ocrx_word' id='word_1_625' title='bbox 2143 2716 2261 2788; x_wconf 91' lang='lat' dir='ltr'><strong>gati</strong></span> <span class='ocrx_word' id='word_1_626' title='bbox 2294 2721 2453 2786; x_wconf 89' lang='lat' dir='ltr'><strong>sunt,</strong></span> <span class='ocrx_word' id='word_1_627' title='bbox 2478 2719 2543 2770; x_wconf 91' lang='lat' dir='ltr'><strong>ut</strong></span> <span class='ocrx_word' id='word_1_628' title='bbox 2591 2713 2905 2785; x_wconf 88' lang='lat' dir='ltr'><strong>Apostolus</strong></span> <span class='ocrx_word' id='word_1_629' title='bbox 2938 2712 3228 2779; x_wconf 90' lang='lat' dir='ltr'><strong>meminit,</strong></span> <span class='ocrx_word' id='word_1_630' title='bbox 3262 2712 3335 2766; x_wconf 89' lang='lat' dir='ltr'><strong>ab</strong></span> <span class='ocrx_word' id='word_1_631' title='bbox 3380 2708 3499 2765; x_wconf 90' lang='lat' dir='ltr'><strong>illis</strong></span> <span class='ocrx_word' id='word_1_632' title='bbox 3535 2708 3795 2765; x_wconf 89' lang='lat' dir='ltr'><strong>mulieri-</strong></span> 
     </span>
    </p>
   </div>
   <div class='ocr_carea' id='block_1_87' title="bbox 2143 2797 3792 2872">
    <p class='ocr_par' dir='ltr' id='par_1_87' title="bbox 2143 2797 3792 2872">
     <span class='ocr_line' id='line_1_87' title="bbox 2143 2797 3792 2872; baseline -0.005 -13"><span class='ocrx_word' id='word_1_633' title='bbox 2143 2805 2275 2872; x_wconf 88' lang='lat' dir='ltr'><strong>bus,</strong></span> <span class='ocrx_word' id='word_1_634' title='bbox 2328 2811 2391 2860; x_wconf 91' lang='lat' dir='ltr'><strong>ut</strong></span> <span class='ocrx_word' id='word_1_635' title='bbox 2433 2804 2789 2859; x_wconf 89' lang='lat' dir='ltr'><strong>suscitarent</strong></span> <span class='ocrx_word' id='word_1_636' title='bbox 2848 2806 3112 2858; x_wconf 92' lang='lat' dir='ltr'><strong>mortuos</strong></span> <span class='ocrx_word' id='word_1_637' title='bbox 3162 2816 3385 2856; x_wconf 92' lang='lat' dir='ltr'><strong>eorum.</strong></span> <span class='ocrx_word' id='word_1_638' title='bbox 3439 2798 3593 2854; x_wconf 80' lang='lat' dir='ltr'><strong>Elias</strong></span> <span class='ocrx_word' id='word_1_639' title='bbox 3640 2797 3792 2853; x_wconf 89' lang='lat' dir='ltr'><strong>enim</strong></span> 
     </span>
    </p>
   </div>
   <div class='ocr_carea' id='block_1_88' title="bbox 2143 2886 3797 2962">
    <p class='ocr_par' dir='ltr' id='par_1_88' title="bbox 2143 2886 3797 2962">
     <span class='ocr_line' id='line_1_88' title="bbox 2143 2886 3797 2962; baseline -0.003 -15"><span class='ocrx_word' id='word_1_640' title='bbox 2143 2892 2447 2948; x_wconf 88' lang='lat' dir='ltr'><strong>suscitavit</strong></span> <span class='ocrx_word' id='word_1_641' title='bbox 2502 2892 2689 2947; x_wconf 90' lang='lat' dir='ltr'><strong>ﬁlium</strong></span> <span class='ocrx_word' id='word_1_642' title='bbox 2729 2891 2918 2947; x_wconf 70' lang='lat' dir='ltr'><strong>vidua:</strong></span> <span class='ocrx_word' id='word_1_643' title='bbox 2975 2891 3188 2947; x_wconf 88' lang='lat' dir='ltr'><strong>Jonam</strong></span> <span class='ocrx_word' id='word_1_644' title='bbox 3221 2888 3406 2962; x_wconf 87' lang='lat'><strong>(1456)</strong></span> <span class='ocrx_word' id='word_1_645' title='bbox 3439 2886 3501 2943; x_wconf 92' lang='lat' dir='ltr'><strong>in</strong></span> <span class='ocrx_word' id='word_1_646' title='bbox 3551 2887 3797 2960; x_wconf 87' lang='lat' dir='ltr'><strong>Sarepta</strong></span> 
     </span>
    </p>
   </div>
   <div class='ocr_carea' id='block_1_89' title="bbox 2143 2975 3794 3051">
    <p class='ocr_par' dir='ltr' id='par_1_89' title="bbox 2143 2975 3794 3051">
     <span class='ocr_line' id='line_1_89' title="bbox 2143 2975 3794 3051; baseline -0.004 -14"><span class='ocrx_word' id='word_1_647' title='bbox 2143 2980 2414 3051; x_wconf 66' lang='lat' dir='ltr'><strong>Sidoniae,</strong></span> <span class='ocrx_word' id='word_1_648' title='bbox 2446 2984 2504 3037; x_wconf 92' lang='lat' dir='ltr'><strong>et</strong></span> <span class='ocrx_word' id='word_1_649' title='bbox 2531 2979 2738 3037; x_wconf 90' lang='lat' dir='ltr'><strong>detulit</strong></span> <span class='ocrx_word' id='word_1_650' title='bbox 2767 2979 2935 3036; x_wconf 90' lang='lat' dir='ltr'><strong>illum</strong></span> <span class='ocrx_word' id='word_1_651' title='bbox 2970 2978 3145 3035; x_wconf 89' lang='lat' dir='ltr'><strong>matri</strong></span> <span class='ocrx_word' id='word_1_652' title='bbox 3177 2995 3327 3044; x_wconf 81' lang='lat' dir='ltr'><strong>suae;</strong></span> <span class='ocrx_word' id='word_1_653' title='bbox 3361 2984 3418 3032; x_wconf 91' lang='lat' dir='ltr'><strong>et</strong></span> <span class='ocrx_word' id='word_1_654' title='bbox 3447 2975 3699 3033; x_wconf 66' lang='lat' dir='ltr'><strong>Elismua</strong></span> <span class='ocrx_word' id='word_1_655' title='bbox 3729 2977 3794 3031; x_wconf 86' lang='lat' dir='ltr'><strong>1i-</strong></span> 
     </span>
    </p>
   </div>
   <div class='ocr_carea' id='block_1_90' title="bbox 2140 3068 3219 3141">
    <p class='ocr_par' dir='ltr' id='par_1_90' title="bbox 2140 3068 3219 3141">
     <span class='ocr_line' id='line_1_90' title="bbox 2140 3068 3219 3141; baseline -0.001 -18"><span class='ocrx_word' id='word_1_656' title='bbox 2140 3068 2285 3125; x_wconf 92' lang='lat' dir='ltr'><strong>lium</strong></span> <span class='ocrx_word' id='word_1_657' title='bbox 2316 3069 2683 3125; x_wconf 86' lang='lat' dir='ltr'><strong>Sunamitem</strong></span> <span class='ocrx_word' id='word_1_658' title='bbox 2717 3069 2808 3141; x_wconf 82' lang='lat' dir='ltr'><strong>(IV</strong></span> <span class='ocrx_word' id='word_1_659' title='bbox 2832 3070 2961 3137; x_wconf 89' lang='lat' dir='ltr'><strong>Reg.</strong></span> <span class='ocrx_word' id='word_1_660' title='bbox 2994 3086 3068 3135; x_wconf 87' lang='lat' dir='ltr'><strong>Iv,</strong></span> <span class='ocrx_word' id='word_1_661' title='bbox 3107 3068 3219 3139; x_wconf 91' lang='lat'><strong>35).</strong></span> 
     </span>
    </p>
   </div>
   <div class='ocr_carea' id='block_1_91' title="bbox 2220 3171 3795 3245">
    <p class='ocr_par' dir='ltr' id='par_1_91' title="bbox 2220 3171 3795 3245">
     <span class='ocr_line' id='line_1_91' title="bbox 2220 3171 3795 3245; baseline -0.002 -14"><span class='ocrx_word' id='word_1_662' title='bbox 2220 3196 2241 3225; x_wconf 75' lang='grc' dir='ltr'><strong><em>α</em></strong></span> <span class='ocrx_word' id='word_1_663' title='bbox 2285 3176 2394 3231; x_wconf 83' lang='lat' dir='ltr'><strong>Alii</strong></span> <span class='ocrx_word' id='word_1_664' title='bbox 2457 3181 2651 3231; x_wconf 90' lang='lat' dir='ltr'><strong>autem</strong></span> <span class='ocrx_word' id='word_1_665' title='bbox 2710 3175 2947 3231; x_wconf 89' lang='lat' dir='ltr'><strong>distenti</strong></span> <span class='ocrx_word' id='word_1_666' title='bbox 3009 3180 3167 3242; x_wconf 90' lang='lat' dir='ltr'><strong>sunt,</strong></span> <span class='ocrx_word' id='word_1_667' title='bbox 3231 3190 3347 3229; x_wconf 92' lang='lat' dir='ltr'><strong>non</strong></span> <span class='ocrx_word' id='word_1_668' title='bbox 3406 3171 3795 3245; x_wconf 88' lang='lat' dir='ltr'><strong>suscipientes</strong></span> 
     </span>
    </p>
   </div>
   <div class='ocr_carea' id='block_1_92' title="bbox 2060 3262 3800 3348">
    <p class='ocr_par' dir='ltr' id='par_1_92' title="bbox 2060 3262 3800 3348">
     <span class='ocr_line' id='line_1_92' title="bbox 2060 3262 3800 3348; baseline -0.001 -29"><span class='ocrx_word' id='word_1_669' title='bbox 2060 3285 2104 3348; x_wconf 70' lang='grc' dir='ltr'>ρ</span> <span class='ocrx_word' id='word_1_670' title='bbox 2144 3266 2602 3337; x_wconf 89' lang='lat' dir='ltr'><strong>redemptionem</strong></span> <span class='ocrx_word' id='word_1_671' title='bbox 2634 3269 2699 3320; x_wconf 89' lang='lat' dir='ltr'><strong>ut</strong></span> <span class='ocrx_word' id='word_1_672' title='bbox 2728 3264 3026 3320; x_wconf 88' lang='lat' dir='ltr'><strong>meliorem</strong></span> <span class='ocrx_word' id='word_1_673' title='bbox 3059 3263 3386 3320; x_wconf 89' lang='lat' dir='ltr'><strong>invenirent</strong></span> <span class='ocrx_word' id='word_1_674' title='bbox 3414 3262 3800 3318; x_wconf 86' lang='lat' dir='ltr'><strong>resurrectio-</strong></span> 
     </span>
    </p>
   </div>
   <div class='ocr_carea' id='block_1_93' title="bbox 2102 3350 3796 3424">
    <p class='ocr_par' dir='ltr' id='par_1_93' title="bbox 2102 3350 3796 3424">
     <span class='ocr_line' id='line_1_93' title="bbox 2102 3350 3796 3424; baseline -0.002 -15"><span class='ocrx_word' id='word_1_675' title='bbox 2102 3390 2109 3399; x_wconf 69' lang='grc' dir='ltr'><strong>ι</strong></span> <span class='ocrx_word' id='word_1_676' title='bbox 2143 3370 2299 3409; x_wconf 89' lang='lat' dir='ltr'><strong>nem.</strong></span> <span class='ocrx_word' id='word_1_677' title='bbox 2327 3377 2352 3404; x_wconf 76' lang='grc'><strong>›;</strong></span> <span class='ocrx_word' id='word_1_678' title='bbox 2388 3354 2657 3419; x_wconf 90' lang='lat' dir='ltr'><strong>Distenti,</strong></span> <span class='ocrx_word' id='word_1_679' title='bbox 2690 3355 2746 3410; x_wconf 93' lang='lat' dir='ltr'><strong>id</strong></span> <span class='ocrx_word' id='word_1_680' title='bbox 2797 3360 2903 3421; x_wconf 92' lang='lat' dir='ltr'><strong>est,</strong></span> <span class='ocrx_word' id='word_1_681' title='bbox 2936 3352 3179 3420; x_wconf 89' lang='lat' dir='ltr'><strong>extensi,</strong></span> <span class='ocrx_word' id='word_1_682' title='bbox 3230 3352 3340 3407; x_wconf 89' lang='lat' dir='ltr'><strong>hoc</strong></span> <span class='ocrx_word' id='word_1_683' title='bbox 3384 3357 3493 3422; x_wconf 90' lang='lat' dir='ltr'><strong>est,</strong></span> <span class='ocrx_word' id='word_1_684' title='bbox 3528 3350 3589 3405; x_wconf 89' lang='lat' dir='ltr'><strong>in</strong></span> <span class='ocrx_word' id='word_1_685' title='bbox 3641 3351 3796 3424; x_wconf 86' lang='lat' dir='ltr'><strong>ligno</strong></span> 
     </span>
    </p>
   </div>
   <div class='ocr_carea' id='block_1_94' title="bbox 2137 3438 3792 3515">
    <p class='ocr_par' dir='ltr' id='par_1_94' title="bbox 2137 3438 3792 3515">
     <span class='ocr_line' id='line_1_94' title="bbox 2137 3438 3792 3515; baseline -0.003 -16"><span class='ocrx_word' id='word_1_686' title='bbox 2137 3444 2327 3499; x_wconf 91' lang='lat' dir='ltr'><strong>crucis</strong></span> <span class='ocrx_word' id='word_1_687' title='bbox 2394 3460 2497 3515; x_wconf 88' lang='lat' dir='ltr'><strong>per</strong></span> <span class='ocrx_word' id='word_1_688' title='bbox 2563 3445 2709 3498; x_wconf 87' lang='lat' dir='ltr'><strong>ﬁnes</strong></span> <span class='ocrx_word' id='word_1_689' title='bbox 2774 3442 3039 3510; x_wconf 83' lang='lat' dir='ltr'><strong>extensi;</strong></span> <span class='ocrx_word' id='word_1_690' title='bbox 3094 3459 3218 3513; x_wconf 90' lang='lat' dir='ltr'><strong>seu,</strong></span> <span class='ocrx_word' id='word_1_691' title='bbox 3279 3446 3346 3495; x_wconf 91' lang='lat' dir='ltr'><strong>ut</strong></span> <span class='ocrx_word' id='word_1_692' title='bbox 3399 3438 3499 3495; x_wconf 89' lang='lat' dir='ltr'><strong>alii</strong></span> <span class='ocrx_word' id='word_1_693' title='bbox 3569 3439 3792 3509; x_wconf 86' lang='lat' dir='ltr'><strong>dicunt,</strong></span> 
     </span>
    </p>
   </div>
   <div class='ocr_carea' id='block_1_95' title="bbox 2136 3531 3794 3598">
    <p class='ocr_par' dir='ltr' id='par_1_95' title="bbox 2136 3531 3794 3598">
     <span class='ocr_line' id='line_1_95' title="bbox 2136 3531 3794 3598; baseline -0.001 -13"><span class='ocrx_word' id='word_1_694' title='bbox 2136 3531 2511 3587; x_wconf 87' lang='lat' dir='ltr'><strong>incurvantes</strong></span> <span class='ocrx_word' id='word_1_695' title='bbox 2558 3531 2960 3587; x_wconf 89' lang='lat' dir='ltr'><strong>summitatem</strong></span> <span class='ocrx_word' id='word_1_696' title='bbox 3011 3531 3310 3598; x_wconf 87' lang='lat' dir='ltr'><strong>arborum,</strong></span> <span class='ocrx_word' id='word_1_697' title='bbox 3341 3533 3397 3584; x_wconf 90' lang='lat' dir='ltr'><strong>et</strong></span> <span class='ocrx_word' id='word_1_698' title='bbox 3446 3545 3584 3585; x_wconf 87' lang='lat' dir='ltr'><strong>ossa</strong></span> <span class='ocrx_word' id='word_1_699' title='bbox 3633 3546 3794 3584; x_wconf 89' lang='lat' dir='ltr'><strong>mar-</strong></span> 
     </span>
    </p>
   </div>
   <div class='ocr_carea' id='block_1_96' title="bbox 2134 3617 3791 3691">
    <p class='ocr_par' dir='ltr' id='par_1_96' title="bbox 2134 3617 3791 3691">
     <span class='ocr_line' id='line_1_96' title="bbox 2134 3617 3791 3691; baseline -0.001 -17"><span class='ocrx_word' id='word_1_700' title='bbox 2134 3624 2326 3691; x_wconf 82' lang='lat' dir='ltr'><strong>tyrum</strong></span> <span class='ocrx_word' id='word_1_701' title='bbox 2386 3620 2785 3675; x_wconf 90' lang='lat' dir='ltr'><strong>distendentes</strong></span> <span class='ocrx_word' id='word_1_702' title='bbox 2841 3635 2909 3675; x_wconf 89' lang='lat' dir='ltr'><strong>ac</strong></span> <span class='ocrx_word' id='word_1_703' title='bbox 2963 3620 3421 3691; x_wconf 89' lang='lat' dir='ltr'><strong>disrumpentes,</strong></span> <span class='ocrx_word' id='word_1_704' title='bbox 3479 3617 3622 3689; x_wconf 88' lang='lat' dir='ltr'><strong>quia</strong></span> <span class='ocrx_word' id='word_1_705' title='bbox 3680 3617 3791 3689; x_wconf 91' lang='lat' dir='ltr'><strong>ipsi</strong></span> 
     </span>
    </p>
   </div>
   <div class='ocr_carea' id='block_1_97' title="bbox 2136 3708 3787 3780">
    <p class='ocr_par' dir='ltr' id='par_1_97' title="bbox 2136 3708 3787 3780">
     <span class='ocr_line' id='line_1_97' title="bbox 2136 3708 3787 3780; baseline 0.001 -18"><span class='ocrx_word' id='word_1_706' title='bbox 2136 3708 2441 3778; x_wconf 83' lang='lat' dir='ltr'><strong>praesentia</strong></span> <span class='ocrx_word' id='word_1_707' title='bbox 2467 3710 2857 3780; x_wconf 86' lang='lat' dir='ltr'><strong>despexerunt</strong></span> <span class='ocrx_word' id='word_1_708' title='bbox 2902 3712 2959 3764; x_wconf 92' lang='lat' dir='ltr'><strong>et</strong></span> <span class='ocrx_word' id='word_1_709' title='bbox 3009 3708 3472 3780; x_wconf 84' lang='lat' dir='ltr'><strong>redemptionem</strong></span> <span class='ocrx_word' id='word_1_710' title='bbox 3504 3710 3787 3763; x_wconf 69' lang='lat' dir='ltr'><strong>internum</strong></span> 
     </span>
    </p>
   </div>
   <div class='ocr_carea' id='block_1_98' title="bbox 2134 3797 2577 3868">
    <p class='ocr_par' dir='ltr' id='par_1_98' title="bbox 2134 3797 2577 3868">
     <span class='ocr_line' id='line_1_98' title="bbox 2134 3797 2577 3868; baseline 0 -17"><span class='ocrx_word' id='word_1_711' title='bbox 2134 3797 2577 3868; x_wconf 89' lang='lat' dir='ltr'><strong>concupierunt.</strong></span> 
     </span>
    </p>
   </div>
   <div class='ocr_carea' id='block_1_99' title="bbox 2211 3902 3795 3977">
    <p class='ocr_par' dir='ltr' id='par_1_99' title="bbox 2211 3902 3795 3977">
     <span class='ocr_line' id='line_1_99' title="bbox 2211 3902 3795 3977; baseline 0.003 -22"><span class='ocrx_word' id='word_1_712' title='bbox 2211 3924 2237 3955; x_wconf 75' lang='grc' dir='ltr'><strong>α</strong></span> <span class='ocrx_word' id='word_1_713' title='bbox 2265 3903 2374 3959; x_wconf 86' lang='lat' dir='ltr'><strong>Alii</strong></span> <span class='ocrx_word' id='word_1_714' title='bbox 2406 3920 2539 3959; x_wconf 79' lang='lat' dir='ltr'><strong>vero</strong></span> <span class='ocrx_word' id='word_1_715' title='bbox 2572 3904 2851 3975; x_wconf 91' lang='lat' dir='ltr'><strong>Indibria,</strong></span> <span class='ocrx_word' id='word_1_716' title='bbox 2876 3913 2931 3960; x_wconf 91' lang='lat' dir='ltr'><strong>et</strong></span> <span class='ocrx_word' id='word_1_717' title='bbox 2980 3904 3221 3960; x_wconf 90' lang='lat' dir='ltr'><strong>verbera</strong></span> <span class='ocrx_word' id='word_1_718' title='bbox 3264 3902 3504 3976; x_wconf 86' lang='lat' dir='ltr'><strong>experti,</strong></span> <span class='ocrx_word' id='word_1_719' title='bbox 3546 3902 3795 3977; x_wconf 85' lang='lat' dir='ltr'><strong>insuper</strong></span> 
     </span>
    </p>
   </div>
   <div class='ocr_carea' id='block_1_100' title="bbox 2130 3992 3791 4065">
    <p class='ocr_par' dir='ltr' id='par_1_100' title="bbox 2130 3992 3791 4065">
     <span class='ocr_line' id='line_1_100' title="bbox 2130 3992 3791 4065; baseline 0.001 -18"><span class='ocrx_word' id='word_1_720' title='bbox 2130 3996 2187 4047; x_wconf 92' lang='lat' dir='ltr'><strong>et</strong></span> <span class='ocrx_word' id='word_1_721' title='bbox 2231 3992 2463 4048; x_wconf 90' lang='lat' dir='ltr'><strong>vincula</strong></span> <span class='ocrx_word' id='word_1_722' title='bbox 2510 3997 2567 4048; x_wconf 92' lang='lat' dir='ltr'><strong>et</strong></span> <span class='ocrx_word' id='word_1_723' title='bbox 2614 4009 2952 4049; x_wconf 84' lang='lat' dir='ltr'><strong>carceres.»</strong></span> <span class='ocrx_word' id='word_1_724' title='bbox 2986 3993 3115 4049; x_wconf 75' lang='lat' dir='ltr'><strong>Haec</strong></span> <span class='ocrx_word' id='word_1_725' title='bbox 3164 3992 3468 4065; x_wconf 86' lang='lat' dir='ltr'><strong>aliquanta</strong></span> <span class='ocrx_word' id='word_1_726' title='bbox 3517 3992 3575 4047; x_wconf 93' lang='lat' dir='ltr'><strong>in</strong></span> <span class='ocrx_word' id='word_1_727' title='bbox 3626 3992 3791 4049; x_wconf 61' lang='grc' dir='ltr'><strong>ὅθι-θα</strong></span> 
     </span>
    </p>
   </div>
   <div class='ocr_carea' id='block_1_101' title="bbox 2130 4081 3792 4154">
    <p class='ocr_par' dir='ltr' id='par_1_101' title="bbox 2130 4081 3792 4154">
     <span class='ocr_line' id='line_1_101' title="bbox 2130 4081 3792 4154; baseline 0.002 -19"><span class='ocrx_word' id='word_1_728' title='bbox 2130 4081 2247 4138; x_wconf 91' lang='lat' dir='ltr'><strong>mia</strong></span> <span class='ocrx_word' id='word_1_729' title='bbox 2275 4086 2332 4137; x_wconf 92' lang='lat' dir='ltr'><strong>et</strong></span> <span class='ocrx_word' id='word_1_730' title='bbox 2374 4081 2432 4135; x_wconf 91' lang='lat' dir='ltr'><strong>in</strong></span> <span class='ocrx_word' id='word_1_731' title='bbox 2481 4083 2659 4137; x_wconf 91' lang='lat' dir='ltr'><strong>Amos</strong></span> <span class='ocrx_word' id='word_1_732' title='bbox 2714 4082 2964 4154; x_wconf 86' lang='lat' dir='ltr'><strong>legimus</strong></span> <span class='ocrx_word' id='word_1_733' title='bbox 3021 4082 3362 4152; x_wconf 87' lang='lat' dir='ltr'><strong>adimpleta.</strong></span> <span class='ocrx_word' id='word_1_734' title='bbox 3412 4081 3497 4137; x_wconf 89' lang='lat' dir='ltr'><strong>Ita</strong></span> <span class='ocrx_word' id='word_1_735' title='bbox 3551 4082 3625 4138; x_wconf 93' lang='lat' dir='ltr'><strong>de</strong></span> <span class='ocrx_word' id='word_1_736' title='bbox 3673 4081 3792 4150; x_wconf 89' lang='lat' dir='ltr'><strong>his,</strong></span> 
     </span>
    </p>
   </div>
   <div class='ocr_carea' id='block_1_102' title="bbox 2127 4168 3791 4242">
    <p class='ocr_par' dir='ltr' id='par_1_102' title="bbox 2127 4168 3791 4242">
     <span class='ocr_line' id='line_1_102' title="bbox 2127 4168 3791 4242; baseline 0.001 -18"><span class='ocrx_word' id='word_1_737' title='bbox 2127 4186 2228 4224; x_wconf 89' lang='lat' dir='ltr'><strong>seu</strong></span> <span class='ocrx_word' id='word_1_738' title='bbox 2285 4169 2356 4224; x_wconf 90' lang='lat' dir='ltr'><strong>de</strong></span> <span class='ocrx_word' id='word_1_739' title='bbox 2402 4168 2533 4224; x_wconf 90' lang='lat' dir='ltr'><strong>aliis</strong></span> <span class='ocrx_word' id='word_1_740' title='bbox 2590 4169 2784 4225; x_wconf 81' lang='lat' dir='ltr'><strong>taliter</strong></span> <span class='ocrx_word' id='word_1_741' title='bbox 2841 4171 3105 4227; x_wconf 89' lang='lat' dir='ltr'><strong>scribens</strong></span> <span class='ocrx_word' id='word_1_742' title='bbox 3162 4171 3499 4242; x_wconf 80' lang='lat' dir='ltr'><strong>Apostolus,</strong></span> <span class='ocrx_word' id='word_1_743' title='bbox 3533 4168 3791 4241; x_wconf 90' lang='lat' dir='ltr'><strong>qualiter</strong></span> 
     </span>
    </p>
   </div>
   <div class='ocr_carea' id='block_1_103' title="bbox 2126 4257 3785 4331">
    <p class='ocr_par' dir='ltr' id='par_1_103' title="bbox 2126 4257 3785 4331">
     <span class='ocr_line' id='line_1_103' title="bbox 2126 4257 3785 4331; baseline 0.001 -19"><span class='ocrx_word' id='word_1_744' title='bbox 2126 4258 2314 4313; x_wconf 89' lang='lat' dir='ltr'><strong>solent</strong></span> <span class='ocrx_word' id='word_1_745' title='bbox 2345 4259 2414 4313; x_wconf 92' lang='lat' dir='ltr'><strong>de</strong></span> <span class='ocrx_word' id='word_1_746' title='bbox 2462 4257 2594 4314; x_wconf 92' lang='lat' dir='ltr'><strong>aliis</strong></span> <span class='ocrx_word' id='word_1_747' title='bbox 2627 4258 2909 4326; x_wconf 91' lang='lat' dir='ltr'><strong>accidere,</strong></span> <span class='ocrx_word' id='word_1_748' title='bbox 2942 4259 3159 4331; x_wconf 89' lang='lat' dir='ltr'><strong>quibus</strong></span> <span class='ocrx_word' id='word_1_749' title='bbox 3208 4257 3365 4314; x_wconf 89' lang='lat' dir='ltr'><strong>mala</strong></span> <span class='ocrx_word' id='word_1_750' title='bbox 3410 4257 3785 4331; x_wconf 86' lang='lat' dir='ltr'><strong>inﬂiguntur.</strong></span> 
     </span>
    </p>
   </div>
   <div class='ocr_carea' id='block_1_104' title="bbox 2123 4345 3783 4419">
    <p class='ocr_par' dir='ltr' id='par_1_104' title="bbox 2123 4345 3783 4419">
     <span class='ocr_line' id='line_1_104' title="bbox 2123 4345 3783 4419; baseline 0.002 -18"><span class='ocrx_word' id='word_1_751' title='bbox 2123 4346 2292 4401; x_wconf 88' lang='lat' dir='ltr'><strong>Prius</strong></span> <span class='ocrx_word' id='word_1_752' title='bbox 2323 4346 2481 4402; x_wconf 91' lang='lat' dir='ltr'><strong>enim</strong></span> <span class='ocrx_word' id='word_1_753' title='bbox 2524 4346 2805 4403; x_wconf 90' lang='lat' dir='ltr'><strong>deludent</strong></span> <span class='ocrx_word' id='word_1_754' title='bbox 2843 4365 2963 4419; x_wconf 90' lang='lat' dir='ltr'><strong>eos,</strong></span> <span class='ocrx_word' id='word_1_755' title='bbox 2998 4347 3155 4403; x_wconf 88' lang='lat' dir='ltr'><strong>unde</strong></span> <span class='ocrx_word' id='word_1_756' title='bbox 3200 4351 3259 4403; x_wconf 90' lang='lat' dir='ltr'><strong>et</strong></span> <span class='ocrx_word' id='word_1_757' title='bbox 3304 4345 3572 4402; x_wconf 78' lang='lat' dir='ltr'><strong>delubris</strong></span> <span class='ocrx_word' id='word_1_758' title='bbox 3602 4347 3783 4416; x_wconf 86' lang='lat' dir='ltr'><strong>dicta,</strong></span> 
     </span>
    </p>
   </div>
   <div class='ocr_carea' id='block_1_105' title="bbox 2122 4434 3786 4507">
    <p class='ocr_par' dir='ltr' id='par_1_105' title="bbox 2122 4434 3786 4507">
     <span class='ocr_line' id='line_1_105' title="bbox 2122 4434 3786 4507; baseline 0.002 -16"><span class='ocrx_word' id='word_1_759' title='bbox 2122 4439 2177 4491; x_wconf 87' lang='lat' dir='ltr'><strong>et</strong></span> <span class='ocrx_word' id='word_1_760' title='bbox 2226 4440 2539 4507; x_wconf 87' lang='lat' dir='ltr'><strong>postquam</strong></span> <span class='ocrx_word' id='word_1_761' title='bbox 2590 4437 2878 4492; x_wconf 89' lang='lat' dir='ltr'><strong>verberati</strong></span> <span class='ocrx_word' id='word_1_762' title='bbox 2925 4436 3159 4503; x_wconf 90' lang='lat' dir='ltr'><strong>fuerint,</strong></span> <span class='ocrx_word' id='word_1_763' title='bbox 3201 4443 3267 4492; x_wconf 89' lang='lat' dir='ltr'><strong>ut</strong></span> <span class='ocrx_word' id='word_1_764' title='bbox 3312 4434 3583 4491; x_wconf 74' lang='lat' dir='ltr'><strong>Michzeas</strong></span> <span class='ocrx_word' id='word_1_765' title='bbox 3616 4452 3653 4492; x_wconf 87' lang='lat' dir='ltr'><strong>a</strong></span> <span class='ocrx_word' id='word_1_766' title='bbox 3682 4436 3786 4494; x_wconf 89' lang='lat' dir='ltr'><strong>Se-</strong></span> 
     </span>
    </p>
   </div>
   <div class='ocr_carea' id='block_1_106' title="bbox 2122 4523 3783 4598">
    <p class='ocr_par' dir='ltr' id='par_1_106' title="bbox 2122 4523 3783 4598">
     <span class='ocr_line' id='line_1_106' title="bbox 2122 4523 3783 4598; baseline 0.003 -21"><span class='ocrx_word' id='word_1_767' title='bbox 2122 4525 2283 4579; x_wconf 86' lang='lat' dir='ltr'><strong>decia</strong></span> <span class='ocrx_word' id='word_1_768' title='bbox 2313 4525 2420 4594; x_wconf 84' lang='lat' dir='ltr'><strong>(III</strong></span> <span class='ocrx_word' id='word_1_769' title='bbox 2448 4530 2573 4596; x_wconf 79' lang='lat' dir='ltr'><strong>Reg.</strong></span> <span class='ocrx_word' id='word_1_770' title='bbox 2610 4543 2747 4593; x_wconf 83' lang='lat' dir='ltr'><strong>xm,</strong></span> <span class='ocrx_word' id='word_1_771' title='bbox 2780 4528 2894 4592; x_wconf 86' lang='lat'><strong>24),</strong></span> <span class='ocrx_word' id='word_1_772' title='bbox 2926 4530 3259 4598; x_wconf 88' lang='lat' dir='ltr'><strong>sequuntur</strong></span> <span class='ocrx_word' id='word_1_773' title='bbox 3303 4523 3536 4580; x_wconf 85' lang='lat' dir='ltr'><strong>vincula</strong></span> <span class='ocrx_word' id='word_1_774' title='bbox 3560 4529 3621 4581; x_wconf 90' lang='lat' dir='ltr'><strong>et</strong></span> <span class='ocrx_word' id='word_1_775' title='bbox 3651 4542 3783 4582; x_wconf 87' lang='lat' dir='ltr'><strong>car-</strong></span> 
     </span>
    </p>
   </div>
   <div class='ocr_carea' id='block_1_107' title="bbox 601 4613 2517 4711">
    <p class='ocr_par' dir='ltr' id='par_1_107' title="bbox 601 4613 2517 4711">
     <span class='ocr_line' id='line_1_107' title="bbox 601 4613 2517 4711; baseline 0.004 -21"><span class='ocrx_word' id='word_1_776' title='bbox 601 4613 726 4707; x_wconf 80' lang='lat' dir='ltr'><strong>ipse</strong></span> <span class='ocrx_word' id='word_1_777' title='bbox 781 4636 1091 4692; x_wconf 66' lang='lat' dir='ltr'><strong>aediﬁcabit</strong></span> <span class='ocrx_word' id='word_1_778' title='bbox 1146 4637 1289 4692; x_wconf 86' lang='lat' dir='ltr'><strong>mihi</strong></span> <span class='ocrx_word' id='word_1_779' title='bbox 1334 4613 1609 4709; x_wconf 88' lang='lat' dir='ltr'><strong>domum,</strong></span> <span class='ocrx_word' id='word_1_780' title='bbox 1643 4645 1701 4694; x_wconf 93' lang='lat' dir='ltr'><strong>et</strong></span> <span class='ocrx_word' id='word_1_781' title='bbox 1757 4613 2002 4699; x_wconf 64' lang='lat' dir='ltr'><strong>ﬁrniabo</strong></span> <span class='ocrx_word' id='word_1_782' title='bbox 2037 4647 2083 4711; x_wconf 83' lang='grc' dir='ltr'>Ι)</span> <span class='ocrx_word' id='word_1_783' title='bbox 2117 4628 2276 4668; x_wconf 60' lang='lat' dir='ltr'><strong>ceres</strong></span> <span class='ocrx_word' id='word_1_784' title='bbox 2308 4613 2517 4685; x_wconf 59' lang='lat' dir='ltr'><strong>(Ibid°)&#39;</strong></span> 
     </span>
    </p>
   </div>
   <div class='ocr_carea' id='block_1_108' title="bbox 2191 4720 3779 4791">
    <p class='ocr_par' dir='ltr' id='par_1_108' title="bbox 2191 4720 3779 4791">
     <span class='ocr_line' id='line_1_108' title="bbox 2191 4720 3779 4791; baseline 0.004 -20"><span class='ocrx_word' id='word_1_785' title='bbox 2191 4743 2211 4769; x_wconf 80' lang='grc' dir='ltr'><strong>ι</strong></span> <span class='ocrx_word' id='word_1_786' title='bbox 2240 4720 2506 4791; x_wconf 85' lang='lat' dir='ltr'><strong>Lapidati</strong></span> <span class='ocrx_word' id='word_1_787' title='bbox 2537 4724 2698 4791; x_wconf 89' lang='lat' dir='ltr'><strong>sunt,</strong></span> <span class='ocrx_word' id='word_1_788' title='bbox 2723 4721 2863 4776; x_wconf 89' lang='lat' dir='ltr'><strong>secti</strong></span> <span class='ocrx_word' id='word_1_789' title='bbox 2898 4725 3054 4788; x_wconf 88' lang='lat' dir='ltr'><strong>sunt,</strong></span> <span class='ocrx_word' id='word_1_790' title='bbox 3087 4720 3297 4777; x_wconf 89' lang='lat' dir='ltr'><strong>tentati</strong></span> <span class='ocrx_word' id='word_1_791' title='bbox 3331 4723 3490 4788; x_wconf 89' lang='lat' dir='ltr'><strong>sunt,</strong></span> <span class='ocrx_word' id='word_1_792' title='bbox 3523 4720 3584 4775; x_wconf 90' lang='lat' dir='ltr'><strong>in</strong></span> <span class='ocrx_word' id='word_1_793' title='bbox 3624 4722 3779 4778; x_wconf 85' lang='lat' dir='ltr'><strong>occi-</strong></span> 
     </span>
    </p>
   </div>
   <div class='ocr_carea' id='block_1_109' title="bbox 2116 4808 3779 4881">
    <p class='ocr_par' dir='ltr' id='par_1_109' title="bbox 2116 4808 3779 4881">
     <span class='ocr_line' id='line_1_109' title="bbox 2116 4808 3779 4881; baseline 0.002 -18"><span class='ocrx_word' id='word_1_794' title='bbox 2116 4809 2278 4863; x_wconf 91' lang='lat' dir='ltr'><strong>sione</strong></span> <span class='ocrx_word' id='word_1_795' title='bbox 2309 4808 2486 4880; x_wconf 81' lang='lat' dir='ltr'><strong>gladii</strong></span> <span class='ocrx_word' id='word_1_796' title='bbox 2520 4809 2734 4863; x_wconf 91' lang='lat' dir='ltr'><strong>mortui</strong></span> <span class='ocrx_word' id='word_1_797' title='bbox 2780 4814 2940 4864; x_wconf 88' lang='lat' dir='ltr'><strong>sunt.</strong></span> <span class='ocrx_word' id='word_1_798' title='bbox 2966 4832 2992 4859; x_wconf 89' lang='grc'>››</span> <span class='ocrx_word' id='word_1_799' title='bbox 3031 4808 3296 4881; x_wconf 80' lang='lat' dir='ltr'><strong>Lapidati</strong></span> <span class='ocrx_word' id='word_1_800' title='bbox 3328 4813 3488 4879; x_wconf 92' lang='lat' dir='ltr'><strong>sunt,</strong></span> <span class='ocrx_word' id='word_1_801' title='bbox 3524 4812 3589 4863; x_wconf 92' lang='lat' dir='ltr'><strong>ut</strong></span> <span class='ocrx_word' id='word_1_802' title='bbox 3618 4813 3779 4866; x_wconf 88' lang='lat' dir='ltr'><strong>Jere-</strong></span> 
     </span>
    </p>
   </div>
   <div class='ocr_carea' id='block_1_110' title="bbox 2112 4897 3774 4971">
    <p class='ocr_par' dir='ltr' id='par_1_110' title="bbox 2112 4897 3774 4971">
     <span class='ocr_line' id='line_1_110' title="bbox 2112 4897 3774 4971; baseline 0.002 -20"><span class='ocrx_word' id='word_1_803' title='bbox 2112 4898 2261 4952; x_wconf 87' lang='lat' dir='ltr'><strong>mias</strong></span> <span class='ocrx_word' id='word_1_804' title='bbox 2322 4898 2528 4969; x_wconf 88' lang='lat'><strong>(1457),</strong></span> <span class='ocrx_word' id='word_1_805' title='bbox 2580 4898 2810 4953; x_wconf 84' lang='lat' dir='ltr'><strong>Naboth</strong></span> <span class='ocrx_word' id='word_1_806' title='bbox 2863 4899 2963 4971; x_wconf 82' lang='lat' dir='ltr'><strong>(III</strong></span> <span class='ocrx_word' id='word_1_807' title='bbox 3011 4900 3132 4969; x_wconf 85' lang='lat' dir='ltr'><strong>Reg.</strong></span> <span class='ocrx_word' id='word_1_808' title='bbox 3187 4916 3301 4969; x_wconf 74' lang='lat' dir='ltr'><strong>xxx,</strong></span> <span class='ocrx_word' id='word_1_809' title='bbox 3356 4897 3465 4969; x_wconf 89' lang='lat'><strong>13),</strong></span> <span class='ocrx_word' id='word_1_810' title='bbox 3517 4913 3625 4953; x_wconf 85' lang='lat' dir='ltr'><strong>seu</strong></span> <span class='ocrx_word' id='word_1_811' title='bbox 3672 4899 3774 4954; x_wconf 87' lang='lat' dir='ltr'><strong>Za-</strong></span> 
     </span>
    </p>
   </div>
   <div class='ocr_carea' id='block_1_111' title="bbox 2111 5003 3772 5061">
    <p class='ocr_par' dir='ltr' id='par_1_111' title="bbox 2111 5003 3772 5061">
     <span class='ocr_line' id='line_1_111' title="bbox 2111 5003 3772 5061; baseline 0.002 -4"><span class='ocrx_word' id='word_1_812' title='bbox 2111 5003 2238 5057; x_wconf 86' lang='lat' dir='ltr'><strong>bum</strong></span> <span class='ocrx_word' id='word_1_813' title='bbox 2268 5006 2489 5059; x_wconf 82' lang='lat' dir='ltr'><strong>Domini</strong></span> <span class='ocrx_word' id='word_1_814' title='bbox 2520 5006 2581 5058; x_wconf 85' lang='lat' dir='ltr'><strong>in</strong></span> <span class='ocrx_word' id='word_1_815' title='bbox 2609 5020 2699 5059; x_wconf 85' lang='lat' dir='ltr'><strong>ore</strong></span> <span class='ocrx_word' id='word_1_816' title='bbox 2730 5009 2821 5059; x_wconf 80' lang='lat' dir='ltr'><strong>tuo</strong></span> <span class='ocrx_word' id='word_1_817' title='bbox 2851 5022 3040 5060; x_wconf 80' lang='lat' dir='ltr'><strong>verum</strong></span> <span class='ocrx_word' id='word_1_818' title='bbox 3065 5010 3163 5061; x_wconf 84' lang='lat' dir='ltr'><strong>est.</strong></span> <span class='ocrx_word' id='word_1_819' title='bbox 3197 5003 3377 5060; x_wconf 90' lang='lat' dir='ltr'><strong>Filius</strong></span> <span class='ocrx_word' id='word_1_820' title='bbox 3408 5003 3568 5059; x_wconf 92' lang='lat' dir='ltr'><strong>enim</strong></span> <span class='ocrx_word' id='word_1_821' title='bbox 3603 5007 3772 5061; x_wconf 81' lang='lat' dir='ltr'><strong>Ama-</strong></span> 
     </span>
    </p>
   </div>
   <div class='ocr_carea' id='block_1_112' title="bbox 2108 5091 3773 5160">
    <p class='ocr_par' dir='ltr' id='par_1_112' title="bbox 2108 5091 3773 5160">
     <span class='ocr_line' id='line_1_112' title="bbox 2108 5091 3773 5160; baseline 0.003 -15"><span class='ocrx_word' id='word_1_822' title='bbox 2108 5091 2191 5145; x_wconf 88' lang='lat' dir='ltr'><strong>thi</strong></span> <span class='ocrx_word' id='word_1_823' title='bbox 2224 5093 2404 5147; x_wconf 82' lang='lat' dir='ltr'><strong>Jonas</strong></span> <span class='ocrx_word' id='word_1_824' title='bbox 2453 5092 2696 5160; x_wconf 89' lang='lat' dir='ltr'><strong>dicitur;</strong></span> <span class='ocrx_word' id='word_1_825' title='bbox 2732 5094 2945 5148; x_wconf 88' lang='lat' dir='ltr'><strong>Amath</strong></span> <span class='ocrx_word' id='word_1_826' title='bbox 2980 5111 3109 5149; x_wconf 87' lang='lat' dir='ltr'><strong>vero</strong></span> <span class='ocrx_word' id='word_1_827' title='bbox 3152 5094 3433 5149; x_wconf 89' lang='lat' dir='ltr'><strong>Hebraice</strong></span> <span class='ocrx_word' id='word_1_828' title='bbox 3478 5096 3773 5150; x_wconf 77' lang='lat' dir='ltr'><strong>veritatem</strong></span> 
     </span>
    </p>
   </div>
   <div class='ocr_carea' id='block_1_113' title="bbox 2108 5164 3767 5236">
    <p class='ocr_par' dir='ltr' id='par_1_113' title="bbox 2108 5164 3767 5236">
     <span class='ocr_line' id='line_1_113' title="bbox 2108 5164 3767 5236; baseline 0.004 -21"><span class='ocrx_word' id='word_1_829' title='bbox 2108 5169 2296 5218; x_wconf 79' lang='lat' dir='ltr'><strong>sonat.</strong></span> <span class='ocrx_word' id='word_1_830' title='bbox 2332 5169 2409 5218; x_wconf 90' lang='lat' dir='ltr'><strong>De</strong></span> <span class='ocrx_word' id='word_1_831' title='bbox 2440 5164 2549 5218; x_wconf 86' lang='lat' dir='ltr'><strong>hac</strong></span> <span class='ocrx_word' id='word_1_832' title='bbox 2576 5165 2847 5235; x_wconf 85' lang='lat' dir='ltr'><strong>opinione</strong></span> <span class='ocrx_word' id='word_1_833' title='bbox 2891 5166 3017 5220; x_wconf 89' lang='lat' dir='ltr'><strong>vide</strong></span> <span class='ocrx_word' id='word_1_834' title='bbox 3068 5166 3264 5219; x_wconf 88' lang='lat' dir='ltr'><strong>divum</strong></span> <span class='ocrx_word' id='word_1_835' title='bbox 3318 5165 3767 5236; x_wconf 72' lang='lat' dir='ltr'><strong>Hieronymum,</strong></span> 
     </span>
    </p>
   </div>
   <div class='ocr_carea' id='block_1_114' title="bbox 2106 5234 3771 5308">
    <p class='ocr_par' dir='ltr' id='par_1_114' title="bbox 2106 5234 3771 5308">
     <span class='ocr_line' id='line_1_114' title="bbox 2106 5234 3771 5308; baseline 0.004 -22"><span class='ocrx_word' id='word_1_836' title='bbox 2106 5236 2327 5304; x_wconf 61' lang='lat' dir='ltr'><strong>prmfat.</strong></span> <span class='ocrx_word' id='word_1_837' title='bbox 2387 5252 2450 5308; x_wconf 78' lang='lat' dir='ltr'><strong>in</strong></span> <span class='ocrx_word' id='word_1_838' title='bbox 2498 5234 2730 5308; x_wconf 84' lang='lat' dir='ltr'><strong>Jonam,</strong></span> <span class='ocrx_word' id='word_1_839' title='bbox 2775 5238 2995 5306; x_wconf 86' lang='lat' dir='ltr'><strong>pseudo</strong></span> <span class='ocrx_word' id='word_1_840' title='bbox 3057 5237 3279 5308; x_wconf 83' lang='lat' dir='ltr'><strong>epiph.,</strong></span> <span class='ocrx_word' id='word_1_841' title='bbox 3312 5242 3369 5308; x_wconf 83' lang='lat' dir='ltr'><strong>et</strong></span> <span class='ocrx_word' id='word_1_842' title='bbox 3425 5234 3670 5292; x_wconf 82' lang='lat' dir='ltr'><strong>Doroth.</strong></span> <span class='ocrx_word' id='word_1_843' title='bbox 3704 5239 3771 5292; x_wconf 88' lang='lat' dir='ltr'><strong>de</strong></span> 
     </span>
    </p>
   </div>
   <div class='ocr_carea' id='block_1_115' title="bbox 2108 5306 3771 5377">
    <p class='ocr_par' dir='ltr' id='par_1_115' title="bbox 2108 5306 3771 5377">
     <span class='ocr_line' id='line_1_115' title="bbox 2108 5306 3771 5377; baseline 0.004 -20"><span class='ocrx_word' id='word_1_844' title='bbox 2108 5314 2293 5360; x_wconf 89' lang='lat' dir='ltr'><strong>morte</strong></span> <span class='ocrx_word' id='word_1_845' title='bbox 2324 5314 2379 5361; x_wconf 82' lang='lat' dir='ltr'><strong>et</strong></span> <span class='ocrx_word' id='word_1_846' title='bbox 2404 5306 2521 5360; x_wconf 87' lang='lat' dir='ltr'><strong>vita</strong></span> <span class='ocrx_word' id='word_1_847' title='bbox 2542 5307 2772 5376; x_wconf 87' lang='lat' dir='ltr'><strong>proph.,</strong></span> <span class='ocrx_word' id='word_1_848' title='bbox 2799 5314 3001 5377; x_wconf 66' lang='lat' dir='ltr'><strong>quaest.</strong></span> <span class='ocrx_word' id='word_1_849' title='bbox 3029 5306 3107 5362; x_wconf 83' lang='lat' dir='ltr'><strong>ad</strong></span> <span class='ocrx_word' id='word_1_850' title='bbox 3123 5306 3385 5362; x_wconf 79' lang='lat' dir='ltr'><strong>Antioch.</strong></span> <span class='ocrx_word' id='word_1_851' title='bbox 3416 5323 3473 5377; x_wconf 91' lang='lat' dir='ltr'><strong>q.</strong></span> <span class='ocrx_word' id='word_1_852' title='bbox 3498 5308 3595 5372; x_wconf 85' lang='lat'><strong>65,</strong></span> <span class='ocrx_word' id='word_1_853' title='bbox 3619 5307 3771 5363; x_wconf 88' lang='lat' dir='ltr'><strong>inter</strong></span> 
     </span>
    </p>
   </div>
   <div class='ocr_carea' id='block_1_116' title="bbox 2104 5378 3769 5445">
    <p class='ocr_par' dir='ltr' id='par_1_116' title="bbox 2104 5378 3769 5445">
     <span class='ocr_line' id='line_1_116' title="bbox 2104 5378 3769 5445; baseline 0.004 -16"><span class='ocrx_word' id='word_1_854' title='bbox 2104 5393 2279 5445; x_wconf 86' lang='lat' dir='ltr'><strong>Opera</strong></span> <span class='ocrx_word' id='word_1_855' title='bbox 2307 5379 2490 5432; x_wconf 87' lang='lat' dir='ltr'><strong>sancti</strong></span> <span class='ocrx_word' id='word_1_856' title='bbox 2524 5378 2849 5433; x_wconf 83' lang='lat' dir='ltr'><strong>Athanasii.</strong></span> <span class='ocrx_word' id='word_1_857' title='bbox 2876 5384 2947 5432; x_wconf 89' lang='lat' dir='ltr'><strong>At</strong></span> <span class='ocrx_word' id='word_1_858' title='bbox 2971 5380 3151 5434; x_wconf 85' lang='lat' dir='ltr'><strong>Jonas</strong></span> <span class='ocrx_word' id='word_1_859' title='bbox 3184 5380 3291 5434; x_wconf 92' lang='lat' dir='ltr'><strong>sub</strong></span> <span class='ocrx_word' id='word_1_860' title='bbox 3322 5378 3484 5441; x_wconf 86' lang='lat' dir='ltr'><strong>Joas,</strong></span> <span class='ocrx_word' id='word_1_861' title='bbox 3512 5385 3572 5432; x_wconf 90' lang='lat' dir='ltr'><strong>ct</strong></span> <span class='ocrx_word' id='word_1_862' title='bbox 3601 5379 3769 5435; x_wconf 87' lang='lat' dir='ltr'><strong>Jero-</strong></span> 
     </span>
    </p>
   </div>
   <div class='ocr_carea' id='block_1_117' title="bbox 2105 5449 3769 5521">
    <p class='ocr_par' dir='ltr' id='par_1_117' title="bbox 2105 5449 3769 5521">
     <span class='ocr_line' id='line_1_117' title="bbox 2105 5449 3769 5521; baseline 0.004 -20"><span class='ocrx_word' id='word_1_863' title='bbox 2105 5449 2609 5521; x_wconf 87' lang='lat' dir='ltr'><strong>boamosccundo</strong></span> <span class='ocrx_word' id='word_1_864' title='bbox 2660 5449 2891 5521; x_wconf 83' lang='lat' dir='ltr'><strong>Israelis</strong></span> <span class='ocrx_word' id='word_1_865' title='bbox 2927 5452 3164 5521; x_wconf 84' lang='lat' dir='ltr'><strong>regibus</strong></span> <span class='ocrx_word' id='word_1_866' title='bbox 3207 5450 3419 5505; x_wconf 87' lang='lat' dir='ltr'><strong>ﬂoruit.</strong></span> <span class='ocrx_word' id='word_1_867' title='bbox 3459 5449 3769 5512; x_wconf 87' lang='lat' dir='ltr'><strong>Quomodo</strong></span> 
     </span>
    </p>
   </div>
   <div class='ocr_carea' id='block_1_118' title="bbox 2102 5520 3770 5593">
    <p class='ocr_par' dir='ltr' id='par_1_118' title="bbox 2102 5520 3770 5593">
     <span class='ocr_line' id='line_1_118' title="bbox 2102 5520 3770 5593; baseline 0.004 -21"><span class='ocrx_word' id='word_1_868' title='bbox 2102 5535 2237 5590; x_wconf 84' lang='lat' dir='ltr'><strong>ergo</strong></span> <span class='ocrx_word' id='word_1_869' title='bbox 2286 5520 2446 5593; x_wconf 78' lang='lat' dir='ltr'><strong>ﬁlius</strong></span> <span class='ocrx_word' id='word_1_870' title='bbox 2494 5520 2679 5593; x_wconf 82' lang='lat' dir='ltr'><strong>viduae</strong></span> <span class='ocrx_word' id='word_1_871' title='bbox 2726 5520 2887 5575; x_wconf 90' lang='lat' dir='ltr'><strong>illius</strong></span> <span class='ocrx_word' id='word_1_872' title='bbox 2942 5520 3071 5576; x_wconf 80' lang='lat' dir='ltr'><strong>esse</strong></span> <span class='ocrx_word' id='word_1_873' title='bbox 3123 5521 3393 5593; x_wconf 85' lang='lat' dir='ltr'><strong>potuerit,</strong></span> <span class='ocrx_word' id='word_1_874' title='bbox 3418 5537 3557 5593; x_wconf 86' lang='lat' dir='ltr'><strong>cum</strong></span> <span class='ocrx_word' id='word_1_875' title='bbox 3616 5522 3770 5579; x_wconf 86' lang='lat' dir='ltr'><strong>Elias</strong></span> 
     </span>
    </p>
   </div>
   <div class='ocr_carea' id='block_1_119' title="bbox 2101 5591 3716 5665">
    <p class='ocr_par' dir='ltr' id='par_1_119' title="bbox 2101 5591 3716 5665">
     <span class='ocr_line' id='line_1_119' title="bbox 2101 5591 3716 5665; baseline 0.004 -22"><span class='ocrx_word' id='word_1_876' title='bbox 2101 5591 2416 5665; x_wconf 73' lang='lat' dir='ltr'><strong>sexaginta</strong></span> <span class='ocrx_word' id='word_1_877' title='bbox 2433 5592 2605 5665; x_wconf 83' lang='lat' dir='ltr'><strong>annis</strong></span> <span class='ocrx_word' id='word_1_878' title='bbox 2640 5596 2939 5665; x_wconf 89' lang='lat' dir='ltr'><strong>ante_Joas</strong></span> <span class='ocrx_word' id='word_1_879' title='bbox 2968 5591 3215 5665; x_wconf 77' lang='lat' dir='ltr'><strong>regnum</strong></span> <span class='ocrx_word' id='word_1_880' title='bbox 3247 5592 3716 5665; x_wconf 80' lang='lat' dir='ltr'><strong>raptus_fuerit?</strong></span> 
     </span>
    </p>
   </div>
   <div class='ocr_carea' id='block_1_120' title="bbox 2171 5662 3769 5737">
    <p class='ocr_par' dir='ltr' id='par_1_120' title="bbox 2171 5662 3769 5737">
     <span class='ocr_line' id='line_1_120' title="bbox 2171 5662 3769 5737; baseline 0.004 -23"><span class='ocrx_word' id='word_1_881' title='bbox 2171 5664 2355 5730; x_wconf 80' lang='lat'><strong>(1157)</strong></span> <span class='ocrx_word' id='word_1_882' title='bbox 2385 5662 2592 5737; x_wconf 78' lang='lat' dir='ltr'><strong>Opinio</strong></span> <span class='ocrx_word' id='word_1_883' title='bbox 2622 5668 2711 5737; x_wconf 80' lang='lat' dir='ltr'><strong>est</strong></span> <span class='ocrx_word' id='word_1_884' title='bbox 2754 5662 3423 5737; x_wconf 53' lang='lat' dir='ltr'><strong>Jeremiamlapidat&#39;um</strong></span> <span class='ocrx_word' id='word_1_885' title='bbox 3458 5662 3678 5737; x_wconf 83' lang='lat' dir='ltr'><strong>fuisse,</strong></span> <span class='ocrx_word' id='word_1_886' title='bbox 3712 5670 3769 5721; x_wconf 84' lang='lat' dir='ltr'><strong>et</strong></span> 
     </span>
    </p>
   </div>
   <div class='ocr_carea' id='block_1_121' title="bbox 2099 5730 3768 5814">
    <p class='ocr_par' dir='ltr' id='par_1_121' title="bbox 2099 5730 3768 5814">
     <span class='ocr_line' id='line_1_121' title="bbox 2099 5730 3768 5814; baseline 0.007 -28"><span class='ocrx_word' id='word_1_887' title='bbox 2099 5730 2170 5788; x_wconf 90' lang='lat' dir='ltr'><strong>de</strong></span> <span class='ocrx_word' id='word_1_888' title='bbox 2187 5748 2253 5789; x_wconf 91' lang='lat' dir='ltr'><strong>eo</strong></span> <span class='ocrx_word' id='word_1_889' title='bbox 2268 5730 2614 5806; x_wconf 81' lang='lat' dir='ltr'><strong>Apostolum</strong></span> <span class='ocrx_word' id='word_1_890' title='bbox 2634 5733 2731 5790; x_wconf 89' lang='lat' dir='ltr'><strong>hic</strong></span> <span class='ocrx_word' id='word_1_891' title='bbox 2752 5732 2913 5808; x_wconf 87' lang='lat' dir='ltr'><strong>loqui</strong></span> <span class='ocrx_word' id='word_1_892' title='bbox 2932 5730 3185 5794; x_wconf 75' lang='lat' dir='ltr'><strong>voluisse</strong></span> <span class='ocrx_word' id='word_1_893' title='bbox 3199 5734 3474 5810; x_wconf 77' lang='lat' dir='ltr'><strong>pluribus</strong></span> <span class='ocrx_word' id='word_1_894' title='bbox 3493 5730 3768 5814; x_wconf 79' lang='lat' dir='ltr'><strong>antiquis</strong></span> 
     </span>
    </p>
   </div>
  </div>
