3916 6418
121 453 220 515 813

671 451 1090 514 EXPOSITIO
1136 454 1213 514 IN
1259 455 1691 517 EPISTOLAS
1739 458 2100 518 PAULL—
2131 461 2207 520 IN
2251 461 2497 522 EPIST.
2544 463 2645 522 AD
2690 465 2927 526 HEBR.

3392 470 3510 532 814

119 583 324 640 charias
351 581 555 650 (1458).
600 582 750 638 Secti
806 587 964 654 sunt,
1025 589 1091 638 ut
1147 586 1256 640 fuit
1307 587 1488 643 Isaias
1535 587 1739 657 (1459).
1779 589 1832 655 Α
1865 587 2056 645 luncis
2074 590 2209 646 etin
2229 592 2495 649 cavernis
2522 597 2974 653 terrae.»Eliam
3003 597 3165 668 dicit,
3194 615 3296 656 seu
3344 607 3511 662 caete-

121 671 320 728 Tentati
338 675 494 740 sunt,
520 669 577 724 id
602 672 968 742 est,probati,
996 678 1059 727 ut
1078 676 1394 741 Abraham,
1443 682 1500 731 et
1541 677 1740 730 Jacob.

117 763 170 818 In
198 759 473 817 occisione
503 759 683 829 gladii
736 761 955 816 mortui
988 768 1147 829 sunt,
1180 768 1246 819 ut
1283 764 1450 820 Urias
1503 766 1570 836 (II
1612 767 1742 833 Reg.

120 869 172 918 II,
209 850 313 921 24),
367 853 424 904 et
469 849 664 904 Josias
723 851 817 918 (IV
869 852 997 920 Reg.
1061 870 1222 921 xxm,
1282 855 1388 921 29;
1449 855 1498 910 11
1550 856 1741 910 Paral.

116 957 263 1006 xxxv,
287 938 393 1009 23).
430 938 500 993 Et
531 939 652 994 haac
675 938 874 994 omnia
895 956 998 1011 per
1029 940 1200 996 ﬁdem
1235 943 1393 1014 passi
1415 944 1743 1015 despicien-

120 1034 194 1084 tes
207 1026 596 1100 praesentia,ut
610 1029 681 1082 ad
697 1043 952 1098 superna
974 1029 1358 1086 elevarentur.
1380 1035 1501 1086 Duo
1525 1033 1744 1103 quippe

118 1121 238 1173 sunt
266 1115 544 1171 miracula
573 1115 712 1171 ﬁdei
739 1133 751 1171 :
787 1116 926 1188 quia
956 1122 1012 1172 et
1040 1117 1292 1190 imperat
1314 1137 1530 1191 magna
1562 1125 1618 1176 et
1639 1137 1740 1191 pa-

121 1207 244 1261 titur
268 1220 502 1276 megna,
525 1209 583 1259 et
605 1203 752 1259 nihil
788 1209 1023 1276 reputat
1054 1207 1195 1278 pati.

177 1320 199 1343 ‹‹
217 1293 640 1350 Circumierunt
661 1293 720 1347 in
745 1293 998 1362 melotis,
1026 1301 1083 1350 et
1104 1297 1164 1350 in
1194 1296 1448 1367 pellibus
1462 1298 1739 1368 caprinis,

95 1376 346 1454 egentes,
378 1381 724 1453 angustiati,
756 1382 1031 1438 afﬂicti.»
1057 1383 1120 1438 In
1143 1384 1253 1440 hoc
1275 1384 1400 1441 loco
1428 1386 1608 1441 Eliam
1637 1387 1740 1441 de-

117 1473 305 1526 bemus
332 1469 679 1542 intelligere.
716 1471 917 1540 Ipsum
951 1472 1168 1544 quippe
1201 1473 1502 1530 insinuat:
1540 1479 1594 1530 et
1626 1493 1741 1530 non

116 1560 284 1615 solum
314 1558 504 1626 illum,
537 1559 640 1614 sed
667 1563 725 1613 et
755 1559 923 1624 alios,
957 1561 1056 1631 qui
1088 1560 1283 1616 taliter
1327 1567 1589 1633 egerunt,
1641 1565 1740 1634 qui

113 1649 294 1704 afﬂicti
345 1648 605 1719 undique
662 1650 942 1719 penuriis.
994 1655 1050 1704 et
1109 1650 1596 1707 tribulationibus
1640 1669 1742 1707 an-

113 1738 355 1810 gustiati,
386 1741 629 1809 egentes
658 1736 877 1809 inopia,
912 1747 978 1792 ut
1033 1740 1103 1793 ad
1163 1739 1524 1796 desiderium
1577 1745 1742 1796 arter-

114 1843 300 1881 norum
328 1827 662 1898 potuissent
693 1843 796 1899 per
825 1827 1204 1883 afﬂictionem
1238 1829 1588 1901 pertingere.
1623 1832 1741 1886 Me-

113 1915 242 1970 lotes
280 1915 485 1970 dicunt
523 1914 726 1987 aliqui,
781 1917 879 1988 qui
932 1933 1048 1972 uno
1101 1917 1282 1972 latere
1330 1921 1741 1994 tantummodo

112 2004 358 2072 pendeat,
391 2021 465 2059 ex
496 2003 745 2075 pellibus
776 2004 986 2072 factus,
1022 2009 1088 2059 ut
1117 2006 1389 2060 monachi
1423 2007 1480 2060 in
1503 2007 1744 2080 Egypto

111 2093 408 2148 utebantur
441 2093 651 2163 (1460),
686 2091 922 2163 qualem
957 2092 1111 2148 Elias
1146 2111 1379 2165 quoque
1405 2095 1620 2167 legitur
1649 2096 1747 2152 ba-

110 2181 293 2237 buisse
319 2182 420 2253 (IV
447 2183 579 2252 Reg.
630 2199 669 2249 1,
701 2182 776 2252 8).

172 2291 199 2320 «
229 2270 447 2336 Quibus
475 2271 693 2343 dignus
724 2287 838 2326 non
889 2276 1015 2327 erat
1074 2273 1354 2328 mundus.
1383 2296 1409 2322 »
1460 2264 1744 2328 Munduin

109 2374 348 2431 namque
381 2360 488 2415 hoc
521 2360 580 2414 in
612 2359 737 2414 loco
770 2359 914 2414 dicit
970 2359 1240 2416 homines
1291 2361 1498 2416 mundi
1550 2378 1747 2417 amore

107 2447 385 2518 deceptos,
411 2454 590 2519 atque
617 2447 953 2502 inhwrendo
976 2453 1252 2503 creaturae
1277 2450 1348 2504 ab
1375 2450 1748 2521 agnoscenda

107 2535 382 2592 Creatoris
414 2537 507 2592 sui
551 2537 859 2607 majestate
887 2536 1155 2591 reﬂexos.
1197 2538 1276 2592 De
1309 2555 1425 2608 quo
1457 2539 1569 2594 alio
1622 2538 1744 2593 loco

107 2623 273 2680 dicit:
311 2648 338 2673 ‹‹
365 2630 534 2679 Nunc
554 2625 821 2697 princeps
852 2627 1031 2696 hujus
1054 2627 1261 2680 mundi
1293 2627 1560 2697 ejicietur
1590 2627 1746 2682 foras

109 2715 385 2780 (Joan.xn,
420 2715 534 2785 31).
559 2737 585 2764 ››
611 2714 879 2770 Ostendit
909 2714 1064 2768 enim
1097 2715 1394 2770 diabolum
1420 2717 1745 2787 principem

105 2817 220 2858 esse
249 2809 625 2874 peccatorum
657 2803 985 2872 hominum,
1019 2821 1134 2858 non
1171 2809 1572 2858 creaturarum
1622 2805 1743 2860 Dei.

109 2891 168 2944 Et
194 2893 668 2964 quotiescunque
692 2892 900 2947 mundi
934 2893 1207 2968 ﬁgura’in
1241 2891 1398 2947 mala
1457 2893 1748 2964 signiﬁca-

102 2979 246 3036 tione
267 2982 530 3053 ponitur,
564 2981 819 3036 ostendit
849 2982 1053 3035 mundi
1101 2981 1272 3036 istius
1330 2986 1641 3049 amatores,
1693 2986 1747 3038 et

105 3084 208 3124 non
239 3070 358 3126 Dei.
393 3070 567 3126 Absit
587 3070 767 3135 enim,
803 3074 868 3125 ut
900 3070 1211 3126 credamus
1238 3088 1373 3126 eum
1421 3071 1745 3142 principem

101 3174 215 3214 esse
245 3159 396 3226 caeli,
432 3165 493 3215 et
527 3165 692 3214 terras
724 3164 780 3214 et
820 3163 1219 3214 creaturarum
1281 3159 1568 3224 omnium,
1620 3175 1745 3230 qua:

101 3248 436 3318 generaliter
449 3266 510 3304 In
522 3249 912 3304 undinomine
933 3249 1323 3320 appellantur.
1339 3248 1528 3303 Totus
1550 3248 1747 3318 itaque

1861 695 1957 733 ros
1992 678 2136 734 alios
2172 681 2272 752 qui
2305 698 2407 752 per
2435 683 2686 754 deserta,
2707 690 2762 740 et
2787 687 2898 741 sub
2919 690 3075 742 terra
3095 693 3151 743 ct
3171 688 3231 744 in
3246 691 3508 749 cavernis

1857 772 2026 821 terrm
2062 770 2316 824 fuerunt.

1928 880 1955 905 ‹‹
1992 856 2060 910 Et
2082 856 2143 911 hi
2163 875 2368 914 omnes
2400 859 2738 917 testimonio
2760 863 2893 918 ﬁdei
2914 865 3164 936 probati,
3191 883 3307 923 non
3338 885 3508 926 acce-

1858 949 2068 1014 perunt
2092 947 2629 1017 repromissionem,
2665 950 2781 1006 Deo
2812 969 2916 1024 pro
2947 954 3118 1010 nobis
3149 955 3363 1012 melius
3395 955 3503 1013 ali-

1856 1033 1996 1102 quid
2028 1034 2392 1106 providente,
2429 1053 2500 1092 ne
2532 1037 2658 1094 sine
2686 1041 2856 1095 nobis
2875 1049 3447 1102 consummarentur.
3473 1069 3504 1097 »

1854 1121 1959 1184 Qui
1994 1138 2219 1195 omnes,
2253 1124 2367 1180 nisi
2397 1127 2669 1197 superius
2709 1130 3036 1198 memorati,
3087 1147 3333 1202 quoram
3380 1137 3504 1191 tam

1854 1209 2011 1265 clara
2039 1215 2097 1266 et
2123 1211 2441 1270 laudabilis
2473 1215 2617 1271 ﬁdes
2640 1223 3100 1274 commemorata
3148 1225 3259 1289 est,
3291 1219 3350 1277 id
3397 1225 3503 1292 est,

1855 1298 2019 1369 Abel,
2054 1299 2314 1367 Henoch,
2346 1307 2484 1373 Noe,
2513 1304 2781 1371 Abrahm,
2825 1306 3002 1374 Sara,
3061 1308 3244 1377 Isaac,
3297 1310 3501 1379 Jacob,

1852 1387 2094 1458 Joseph,
2131 1389 2368 1460 Moysis,
2398 1390 2792 1448 Israelitarum
2828 1410 2989 1450 mare
3045 1397 3502 1468 transeuntium,

1852 1474 2048 1541 Josue,
2087 1477 2309 1546 Rahab;
2345 1479 2589 1551 Barach,
2624 1481 2895 1552 Samson,
2918 1482 3147 1554 Jephte,
3170 1484 3372 1558 David,
3395 1485 3500 1541 8a-

1855 1564 2010 1619 muel
2044 1569 2100 1620 et
2128 1566 2571 1637 prophetarum,
2606 1569 2706 1639 qui
2764 1570 3001 1626 fuerunt
3060 1571 3160 1626 ﬁlii
3221 1573 3344 1640 Dei,
3404 1573 3506 1629 lux

1856 1654 2083 1720 mundi,
2119 1654 2203 1709 sal
2235 1660 2420 1723 terras,
2455 1657 2634 1712 stellas
2664 1658 3044 1729 ﬁrmamenti,
3077 1661 3290 1717 terreni
3314 1661 3505 1717 homi-

1855 1754 1957 1793 nes
1990 1743 2046 1793 et
2077 1740 2341 1796 caelestes
2372 1743 2583 1814 angeli,
2615 1744 2730 1799 vivi
2787 1744 3012 1817 lapides
3071 1751 3128 1802 et
3185 1747 3503 1819 splendidis

1856 1828 2207 1900 margaritae,
2240 1846 2492 1900 quorum
2524 1849 2699 1903 opera
2729 1849 2855 1904 quae
2883 1840 3148 1906 egerunt,
3182 1836 3360 1891 ﬁdem
3403 1853 3502 1892 eo-

1855 1934 1986 1973 rum
2018 1919 2476 1992 tcstantur,quia
2501 1922 2724 1992 absque
2746 1922 3240 1994 ﬁdeimpossibile
3262 1929 3386 1982 erat
3407 1942 3505 1982 eos

1856 2005 2081 2077 placere
2112 2007 2228 2063 Deo
2249 2008 2276 2061 ?
2305 2008 2416 2062 Sed
2450 2012 2646 2063 tamen
2677 2010 2907 2081 probati
2937 2013 3369 2081 tantummodo,
3414 2030 3502 2069 re-

1857 2094 2300 2166 promissionem
2337 2113 2450 2152 non
2483 2102 2852 2168 acceperunt.
2886 2097 3050 2154 Dicet
3079 2115 3214 2171 ergo
3245 2100 3498 2172 aliquis:

1859 2184 2005 2250 Quid
2037 2183 2122 2238 eis
2159 2183 2377 2254 profuit
2431 2184 2680 2241 servisse
2737 2190 2871 2254 Deo,
2933 2187 2982 2242 si
3036 2187 3319 2244 hactenus
3353 2188 3503 2245 -sine

1857 2272 2096 2343 praemio
2127 2273 2515 2343 permanent?
2535 2273 2720 2329 Absit.
2745 2275 2986 2330 Auferat
3007 2275 3115 2331 hoc
3141 2293 3174 2332 a
3200 2277 3499 2334 mentibus

1857 2359 2322 2415 Christianorum
2364 2360 2646 2417 Dominus
2672 2362 2825 2418 Deus
2856 2368 3076 2430 noster,
3110 2370 3176 2420 ut
3197 2366 3506 2423 credamus

1857 2465 1956 2503 eos
1979 2448 2101 2502 sine
2122 2449 2360 2519 praemio
2383 2465 2746 2520 permanere,
2762 2451 3066 2522 quiadhuc
3079 2453 3311 2508 mortali
3334 2470 3508 2510 carne

1858 2536 2205 2591 circumdati
2237 2555 2516 2610 magnum
2538 2539 2844 2610 praemium
2869 2546 3252 2612 perceperunt
3271 2542 3507 2598 videndi

1857 2632 1914 2678 et
1943 2627 2327 2695 cognoscendi
2365 2626 2569 2682 Deum.
2595 2628 2859 2699 Denique
2888 2630 3025 2684 audi
3045 2630 3188 2700 quid
3211 2631 3279 2686 de
3302 2629 3420 2686 illis
3445 2631 3505 2686 in

1856 2715 2202 2786 Apocalypsi
2232 2733 2309 2782 v1,
2343 2716 2478 2770 9-11
2515 2717 2799 2788 scriptum
2833 2717 2946 2772 sit:
2978 2741 3006 2767 ‹‹
3029 2717 3159 2773 Vidi
3183 2721 3293 2774 sub
3320 2718 3504 2776 altare

1858 2802 2086 2858 animas
2118 2802 2556 2859 interfectorum
2588 2810 2824 2877 propter
2851 2808 3094 2862 verbum
3125 2807 3248 2878 Dei,
3281 2813 3337 2863 et
3387 2809 3504 2864 cla-

1859 2892 2101 2947 mabant
2130 2908 2266 2947 voce
2297 2909 2532 2965 magna,
2557 2894 2815 2951 dicentes
2842 2894 3212 2967 :Usquequo,
3238 2895 3504 2968 Domine,

1857 2980 2124 3050 [sanctus
2155 2985 2211 3034 et
2239 2986 2429 3048 verus]
2465 2998 2578 3036 non
2601 2981 2853 3052 judicas,
2887 2987 2944 3038 et
2969 2983 3232 3038 vindicas
3263 2986 3502 3055 sangui-

1858 3084 1992 3122 nem
2027 3073 2294 3123 nostrum
2315 3070 2386 3124 de
2412 3068 2503 3124 his
2526 3070 2625 3140 qui
2649 3059 2916 3126 habitant
2941 3071 2999 3125 in
3029 3071 3220 3126 terra?
3250 3072 3317 3127 Et
3348 3073 3500 3128 data

1858 3162 1998 3211 sunt
2028 3156 2145 3211 illis
2169 3156 2414 3228 singulae
2446 3157 2605 3212 stolae
2628 3157 2793 3229 albis,
2826 3163 2884 3213 et
2912 3159 3114 3214 datum
3174 3160 3358 3232 (1461)
3417 3166 3509 3217 est

1858 3245 1974 3300 illis
2008 3250 2071 3300 ut
2102 3246 2534 3315 requiescerent
2561 3249 2797 3318 tempus
2828 3248 3016 3302 adhuc
3046 3249 3366 3320 modicum,
3399 3250 3504 3305 do-

101 3340 343 3394 mundus
380 3339 568 3394 servit
597 3355 704 3393 suo
760 3337 1037 3407 Creatori,
1087 3354 1202 3392 non
1253 3337 1587 3409 deceptori;
1638 3336 1746 3392 Re-
1780 3320 1822 3386 C
1860 3350 1967 3389 nec
2000 3334 2316 3405 impleatur
2345 3351 2628 3389 numerus
2691 3351 3104 3392 conservorum
3154 3341 3210 3392 et
3261 3336 3508 3393 fratrum

99 3425 397 3498 demptori,
433 3444 559 3482 non
614 3427 1040 3498 interemptori,
1071 3432 1128 3481 et
1166 3426 1388 3497 regitur
1434 3425 1746 3498 dispensa-

99 3512 242 3570 tione
299 3517 530 3582 divina,
594 3532 708 3570 non
769 3514 994 3569 inimici
1048 3514 1305 3569 versutia
1363 3514 1744 3577 subvertitur,

96 3609 319 3674 propter
342 3606 626 3660 homines
647 3605 832 3676 partis
855 3603 1033 3668 illius,
1051 3604 1151 3675 qui
1175 3602 1410 3675 propria
1427 3602 1744 3668 voluntate,

99 3707 205 3747 non
239 3695 601 3750 necessitate
632 3694 832 3764 aliqua
863 3709 926 3748 se
957 3691 1550 3763 subjiciuntdiabolo.
1589 3692 1748 3747 Unde

94 3785 145 3834 et
173 3782 324 3838 idem
358 3782 694 3856 Apostolus
727 3781 842 3837 alio
873 3781 998 3837 loco
1051 3782 1166 3838 ait:
1203 3803 1229 3830 ‹‹
1266 3782 1392 3836 Non
1440 3786 1530 3836 est
1579 3781 1748 3836 nobis

94 3869 417 3929 colluctatio
481 3873 770 3928 adversus
828 3887 1063 3926 carnem
1119 3875 1174 3925 et
1232 3871 1601 3943 sanguinem,
1647 3870 1746 3925 sed

94 3959 365 4016 adversus
397 3960 620 4018 mundi
653 3960 834 4031 hujus
866 3962 1202 4030 potestates,
1226 3963 1283 4014 et
1308 3963 1559 4014 rectores
1590 3962 1749 4014 tene-

95 4045 322 4105 brarum
348 4050 574 4106 harum
599 4050 812 4119 (Ephes.
832 4065 913 4114 v1,
938 4049 963 4102 1
994 4049 1060 4119 ');
1089 4071 1118 4099 »
1141 4048 1198 4102 id
1224 4052 1331 4112 est,
1356 4051 1750 4113 peccatorum,

96 4137 185 4206 qui
217 4139 275 4192 in
307 4138 587 4195 tenebris
620 4141 862 4193 manent
889 4136 1239 4208 iniquitatis.
1304 4137 1477 4191 Recte
1534 4135 1754 4191 talibus

99 4239 206 4278 non
235 4232 325 4282 est
357 4228 588 4300 dignus
622 4227 899 4282 mundus.
937 4226 1078 4280 Hinc
1108 4229 1195 4280 est
1254 4225 1408 4297 quod
1469 4225 1754 4280 Dominus

1856 3438 2081 3477 eorum.
2114 3446 2142 3472 »
2177 3421 2453 3494 Singulas
2485 3423 2659 3478 modo
2690 3423 2873 3480 stolas
2902 3424 3120 3481 habent
3151 3427 3357 3482 anima:
3380 3443 3510 3483 san-

1857 3516 2084 3566 ctorum
2115 3511 2184 3565 de
2211 3527 2319 3565 sua
2345 3512 2515 3566 beata
2545 3511 2988 3569 immortalitate
3019 3515 3380 3586 gaudentes;
3418 3531 3507 3570 re-

1859 3599 2239 3672 surgentibus
2270 3600 2634 3671 corporibus,
2658 3600 2830 3672 juxta
2862 3603 3095 3673 Isaiam,
3127 3602 3188 3657 in
3219 3607 3374 3658 terra
3395 3617 3506 3659 sua

1858 3688 2117 3758 duplicia
2147 3688 2532 3760 possidebunt
2561 3691 2715 3757 (lsai.
2751 3707 2860 3756 LXI,
2892 3691 2969 3762 7).
3004 3690 3173 3746 Modo
3201 3707 3335 3747 vero
3387 3707 3504 3748 non

1858 3776 2215 3832 desiderium
2244 3778 2690 3833 resurrectionis
2720 3777 2804 3833 eis
2826 3778 3126 3849 abnuitur,
3144 3780 3245 3836 sed
3271 3780 3503 3836 excelli-

1859 3867 2183 3938 gendorum
2218 3867 2462 3920 fratrum
2487 3871 2804 3938 augmento
2827 3867 3114 3923 differtur.
3129 3868 3274 3924 Nam
3297 3874 3355 3925 et
3374 3869 3504 3942 ipsa

1859 3955 2192 4010 animarum
2225 3953 2424 4008 laetitia
2456 3959 2646 4025 potest
2675 3954 2841 4010 stolis
2873 3954 3023 4011 albis
3053 3957 3312 4029 ﬁgurari,
3369 3975 3503 4014 cum

1861 4043 2109 4099 Domino
2141 4041 2430 4098 revelante
2465 4043 2775 4098 didicerint
2828 4048 2885 4099 et
2942 4044 3154 4116 impios
3211 4045 3269 4100 in
3327 4047 3504 4103 ﬁnem

1863 4132 2515 4202 damnandos,etusque
2538 4132 2607 4186 ad
2624 4132 2799 4187 ﬁnem
2824 4133 3018 4187 saeculi
3042 4133 3259 4191 multos
3282 4152 3387 4191 suo
3405 4152 3514 4191 nu-

1867 4239 2026 4277 mero
2060 4238 2163 4293 per
2191 4220 2534 4292 martyrium
2559 4237 2688 4277 esse
2710 4222 3038 4278 sociandos.
3059 4228 3246 4295 Atque
3265 4225 3324 4279 in
3348 4229 3510 4281 aeter-

93 4313 228 4370 dicit
258 4316 319 4372 in
353 4315 712 4389 Evangelio:
759 4316 870 4370 «Si
904 4315 1163 4369 mundus
1216 4331 1318 4368 vos
1363 4315 1506 4380 odit,
1553 4314 1758 4369 scitate
1867 4329 1944 4367 na
1973 4311 2258 4366 charitate
2290 4310 2533 4382 profusi,
2569 4310 2905 4366 maluerunt
2956 4313 3066 4367 hac
3116 4313 3513 4369 consolatione

96 4404 226 4471 quia
256 4422 352 4459 me
409 4406 676 4477 priorem
732 4404 898 4458 vobis
957 4403 1089 4458 odio
1147 4403 1370 4458 habuit.
1426 4403 1570 4466 Quia
1624 4418 1758 4458 vero
1870 4399 2125 4456 contenti
2159 4415 2260 4470 pro
2293 4399 2620 4470 supplendo
2653 4401 2899 4456 fratrum
2933 4417 3197 4469 numero,
3232 4401 3516 4459 hactenus

92 4491 157 4546 de
188 4495 418 4550 mundo
448 4511 571 4549 non
607 4492 769 4560 estis,
804 4493 904 4547 sed
938 4508 1042 4563 ego
1075 4491 1218 4563 elegi
1254 4509 1352 4546 vos
1387 4493 1458 4545 de
1514 4491 1758 4556 mundo,

92 4588 403 4652 propterea
435 4583 572 4638 odit
597 4598 701 4638 vos
733 4583 992 4637 mundus
1022 4582 1199 4651 (Joan.
1231 4598 1324 4650 xv,
1361 4581 1467 4650 18).
1501 4599 1526 4631 ιι
1591 4579 1762 4635 Tales

1872 4505 1980 4545 sua
2001 4489 2200 4542 diﬂ‘ere
2233 4488 2469 4557 gaudia.

1945 4577 2129 4648 (1462)
2159 4579 2290 4630 CAP.
2325 4575 2468 4645 XII.)
2494 4598 2522 4623 «
2556 4576 2805 4647 Ideoque
2846 4581 2903 4630 et
2959 4594 3065 4633 nos
3124 4582 3352 4635 tantam
3413 4580 3521 4635 ha-

93 4670 244 4726 enim
281 4673 588 4740 mundus,
623 4670 680 4724 id
714 4675 823 4739 est,
853 4670 1125 4725 homines
1151 4669 1354 4723 mundi
1377 4685 1493 4723 non
1517 4673 1766 4740 possunt
1798 4688 1842 4752 ι)
1874 4663 2426 4752 bentesimpositam
2451 4663 2666 4718 nubem
2693 4665 3330 4738 testium,deponentes
3350 4684 3522 4724 omne

96 4759 378 4830 accipere,
415 4759 570 4832 quia
601 4759 764 4831 digni
797 4775 913 4814 non
946 4763 1104 4814 sunt.
1139 4757 1420 4812 Inimicus
1439 4775 1552 4812 non
1575 4762 1769 4828 potest
1804 4751 1813 4752 ί
1877 4751 2130 4826 pondus,
2165 4757 2220 4807 et
2250 4751 2644 4808 circumstans
2677 4770 2783 4808 nos
2815 4759 3140 4826 peccatum,
3171 4771 3274 4827 per
3304 4756 3525 4828 patien-

93 4849 394 4921 suscipere
416 4847 1155 4916 conciliatum,damnatus
1178 4847 1768 4918 salvatum,inquina-

95 4942 186 4993 tus
217 4941 621 4995 mandatum.

162 5049 188 5076 «
223 5027 287 5083 In
322 5025 775 5084 solitudinibus
807 5031 1090 5097 errantes,
1116 5026 1176 5080 in
1203 5025 1525 5093 montibus,
1560 5029 1616 5080 et
1639 5040 1770 5097 spe-

96 5169 362 5238 probata,
404 5175 468 5225 et
503 5168 886 5224 Hebraaorum
910 5167 1225 5222 traditione
1248 5167 1508 5223 suffulta.
1534 5167 1595 5223 V.
1615 5167 1770 5222 Tert.

95 5242 222 5296 adv.
247 5247 468 5297 Gnost.
503 5258 559 5296 ο.
584 5242 641 5306 8,
673 5240 905 5295 Hieron.
925 5244 1109 5294 contr.
1133 5239 1441 5295 Jovin.1ib.
1467 5257 1541 5307 11;
1567 5238 1775 5308 Epiph.

98 5312 165 5366 de
194 5313 331 5369 Vita
363 5321 428 5370 et
494 5315 692 5366 morte
751 5311 1207 5384 prophetarum;
1262 5311 1501 5366 Doroth.
1563 5311 1621 5363 in
1683 5326 1779 5382 sy-

94 5386 286 5440 nonsL

1880 4844 2026 4898 tiam
2060 4857 2367 4897 curramus
2401 4841 2471 4895 ad
2503 4842 2870 4912 propositum
2921 4843 3090 4898 nobis
3151 4848 3463 4900 certamen.
3494 4865 3523 4894 »

1880 4933 2083 4987 Testes
2103 4930 2198 4985 hic
2223 4931 2586 5002 patriarchas
2616 4934 2673 4985 et
2703 4931 3040 5002 prophetas,
3060 4931 3147 4987 vel
3165 4932 3363 4988 ﬁdeles
3390 4949 3526 4988 san-

1881 5026 2006 5077 ctos
2033 5018 2308 5092 appellat,
2343 5035 2446 5092 pro
2481 5018 2787 5075 altitudine
2816 5025 2872 5075 et
2901 5019 3275 5076 multitudine
3289 5020 3530 5077 merito—

1961 5162 2144 5234 (1459)
2176 5161 2382 5234 Opinio
2415 5166 2472 5216 et
2501 5161 2736 5234 traditio
2759 5161 3532 5234 Hebreorum,Christiano-

1890 5233 2140 5307 rumque
2157 5238 2289 5303 est,]
2301 5233 2483 5307 saiam
2498 5233 2663 5307 initio
2677 5233 2838 5307 regni
2863 5233 3152 5307 Manassis
3175 5233 3326 5307 regis
3345 5235 3533 5305 Judaa,

1892 5301 2212 5360 disse—ctum
2246 5301 2672 5376 Serraobiisse.
2704 5301 2772 5355 ν’.
2806 5303 3113 5376 Οίιτὶςθοθῐῑι
3146 5307 3203 5360 in
3239 5301 3314 5360 ὀ.
3373 5301 3536 5376 xxm,

1894 5378 2058 5431 Matt.
2093 5384 2148 5430 et
2175 5375 2485 5446 Augustin.
2511 5373 2612 5428 lib.
2636 5390 2792 5439 xvnI,
2827 5373 3046 5430 de'Civ.
3083 5392 3131 5431 c.
3154 5377 3244 5447 24,
3279 5381 3336 5432 et
3393 5373 3539 5433 alios

188 5459 354 5528 1458)
379 5457 472 5512 De
510 5454 628 5509 hoc
655 5452 935 5528 Zacharia
956 5453 1272 5528 notissima
1303 5451 1548 5528 quaestio
1570 5455 1626 5505 et
1648 5467 1785 5528 pro:-
1896 5447 2298 5528 quam/plures.

92 5520 285 5603 l_ii_tior,
315 5520 524 5603 quam
560 5526 741 5603 u_t‘_d_e
771 5542 840 5603 ea_
898 5540 1047 5603 opus
1105 5523 1183 5578 sit
1205 5520 1432 5603 __verba_
1461 5520 1672 5603 facere.
1717 5520 1784 5603 V,

94 5594 353 5657 DictiOn:
383 5600 558 5655 Hist.
597 5597 740 5652 bibl.
775 5597 845 5652 ad
889 5594 1137 5651 verbum
1197 5594 1514 5660 Zacharias,
1578 5594 1673 5647 ubi
1735 5596 1792 5647 et

93 5675 344 5742 quaestio
380 5677 448 5730 et
480 5673 766 5727 auctores
795 5683 927 5725 eam
949 5670 1376 5742 pertractantes
1401 5665 1790 5740 suppeditan-

99 5743 216 5807 tur.

1996 5515 2156 5574 1460)
2195 5517 2423 5571 Casian.
2457 5516 2527 5570 de
2558 5515 2769 5571 Habitu
2801 5517 3137 5573 monachor.
3189 5535 3239 5574 c.
3275 5519 3363 5574 11.

1996 5519 2150 5571 1460‘
2195 5519 2423 5571 Casian.
2457 5519 2527 5570 de
2558 5519 2769 5571 Habitu
2801 5519 3137 5573 monachor.
3189 5535 3218 5573 c

1969 5519 2157 5731 £1461)
2181 5587 2352 5661 Vulg.
2381 5587 2615 5643 dictum.
2810 5657 2821 5668 .
3211 5661 3223 5672 .

2000 5659 2265 5731 11:62)7_In
2320 5674 2507 5731 marg.
2551 5655 2696 5718 'cod.
2765 5657 2860 5716 hic
2917 5659 3030 5731 leg.
3091 5659 3223 5720 lecti

1906 5655 2265 5806 cap/gain
2298 5655 2507 5733 'marg.
2551 5655 2696 5718 'cod.
2765 5657 2860 5716 hic
2917 5659 3030 5735 leg.
3091 5659 3263 5720 lectio
3318 5677 3437 5735 xxv,
3490 5661 3549 5720 et
