  <div class='ocr_page' id='page_1' title='image "/cluster/home/n/w/nwhite01/storage/ocr_20150623/134-135/uc1.31175013627537/416.png"; bbox 0 0 3916 6406; ppageno 0'>
   <div class='ocr_carea' id='block_1_1' title="bbox 117 461 232 522">
    <p class='ocr_par' dir='ltr' id='par_1_1' title="bbox 117 461 232 522">
     <span class='ocr_line' id='line_1_1' title="bbox 117 461 232 522; baseline -0.017 0"><span class='ocrx_word' id='word_1_1' title='bbox 117 461 232 522; x_wconf 74' lang='grc'>81⁸7</span> 
     </span>
    </p>
   </div>
   <div class='ocr_carea' id='block_1_2' title="bbox 738 458 2988 524">
    <p class='ocr_par' dir='ltr' id='par_1_2' title="bbox 738 458 2988 524">
     <span class='ocr_line' id='line_1_2' title="bbox 738 458 2988 524; baseline 0 -2"><span class='ocrx_word' id='word_1_2' title='bbox 738 461 1156 524; x_wconf 86' lang='lat' dir='ltr'>EXPOSITIO</span> <span class='ocrx_word' id='word_1_3' title='bbox 1201 462 1279 524; x_wconf 88' lang='lat' dir='ltr'>IN</span> <span class='ocrx_word' id='word_1_4' title='bbox 1327 459 1755 524; x_wconf 85' lang='lat' dir='ltr'>EPISTOLAS</span> <span class='ocrx_word' id='word_1_5' title='bbox 1801 459 2260 522; x_wconf 82' lang='lat' dir='ltr'>PAULL—lN</span> <span class='ocrx_word' id='word_1_6' title='bbox 2310 458 2555 520; x_wconf 84' lang='lat' dir='ltr'>EPIST.</span> <span class='ocrx_word' id='word_1_7' title='bbox 2601 460 2706 521; x_wconf 85' lang='lat' dir='ltr'>AD</span> <span class='ocrx_word' id='word_1_8' title='bbox 2749 458 2988 523; x_wconf 86' lang='lat' dir='ltr'>HEBR.’</span> 
     </span>
    </p>
   </div>
   <div class='ocr_carea' id='block_1_3' title="bbox 3444 462 3562 523">
    <p class='ocr_par' dir='ltr' id='par_1_3' title="bbox 3444 462 3562 523">
     <span class='ocr_line' id='line_1_3' title="bbox 3444 462 3562 523; baseline 0.008 -2"><span class='ocrx_word' id='word_1_9' title='bbox 3444 462 3562 523; x_wconf 84' lang='grc'>818</span> 
     </span>
    </p>
   </div>
   <div class='ocr_carea' id='block_1_4' title="bbox 97 592 3558 666">
    <p class='ocr_par' dir='ltr' id='par_1_4' title="bbox 97 592 3558 666">
     <span class='ocr_line' id='line_1_4' title="bbox 97 592 3558 666; baseline 0 -18"><span class='ocrx_word' id='word_1_10' title='bbox 97 593 443 648; x_wconf 78' lang='lat' dir='ltr'>Adversum</span> <span class='ocrx_word' id='word_1_11' title='bbox 463 594 849 666; x_wconf 83' lang='lat' dir='ltr'>semetipsum</span> <span class='ocrx_word' id='word_1_12' title='bbox 869 596 1389 651; x_wconf 84' lang='lat' dir='ltr'>contradictionem</span> <span class='ocrx_word' id='word_1_13' title='bbox 1415 595 1648 664; x_wconf 90' lang='lat' dir='ltr'>dicit,id</span> <span class='ocrx_word' id='word_1_14' title='bbox 1671 598 1778 662; x_wconf 91' lang='lat' dir='ltr'>est,</span> <span class='ocrx_word' id='word_1_15' title='bbox 1812 593 1866 658; x_wconf 84' lang='grc' dir='ltr'>Α</span> <span class='ocrx_word' id='word_1_16' title='bbox 1897 592 1954 647; x_wconf 92' lang='lat' dir='ltr'>in</span> <span class='ocrx_word' id='word_1_17' title='bbox 1989 593 2285 664; x_wconf 77' lang='lat' dir='ltr'>prosperis</span> <span class='ocrx_word' id='word_1_18' title='bbox 2316 593 2462 647; x_wconf 86' lang='lat' dir='ltr'>bene</span> <span class='ocrx_word' id='word_1_19' title='bbox 2486 593 2674 648; x_wconf 80' lang='lat' dir='ltr'>vivere</span> <span class='ocrx_word' id='word_1_20' title='bbox 2700 593 2918 664; x_wconf 90' lang='lat' dir='ltr'>docuit,</span> <span class='ocrx_word' id='word_1_21' title='bbox 2935 593 3110 649; x_wconf 88' lang='lat' dir='ltr'>etiam</span> <span class='ocrx_word' id='word_1_22' title='bbox 3146 593 3204 648; x_wconf 92' lang='lat' dir='ltr'>in</span> <span class='ocrx_word' id='word_1_23' title='bbox 3238 593 3558 665; x_wconf 90' lang='lat' dir='ltr'>correptio-</span> 
     </span>
    </p>
   </div>
   <div class='ocr_carea' id='block_1_5' title="bbox 116 682 1783 756">
    <p class='ocr_par' dir='ltr' id='par_1_5' title="bbox 116 682 1783 756">
     <span class='ocr_line' id='line_1_5' title="bbox 116 682 1783 756; baseline 0 -20"><span class='ocrx_word' id='word_1_24' title='bbox 116 682 868 747; x_wconf 89' lang='lat' dir='ltr'>dimisitillos,secundum</span> <span class='ocrx_word' id='word_1_25' title='bbox 895 686 1047 756; x_wconf 91' lang='lat' dir='ltr'>quod</span> <span class='ocrx_word' id='word_1_26' title='bbox 1064 685 1392 752; x_wconf 88' lang='lat' dir='ltr'>voluerunt,</span> <span class='ocrx_word' id='word_1_27' title='bbox 1410 683 1783 753; x_wconf 82' lang='lat' dir='ltr'>facere,nihil</span> 
     </span>
    </p>
   </div>
   <div class='ocr_carea' id='block_1_6' title="bbox 112 772 1819 845">
    <p class='ocr_par' dir='ltr' id='par_1_6' title="bbox 112 772 1819 845">
     <span class='ocr_line' id='line_1_6' title="bbox 112 772 1819 845; baseline 0.001 -20"><span class='ocrx_word' id='word_1_28' title='bbox 112 772 198 826; x_wconf 91' lang='lat' dir='ltr'>eis</span> <span class='ocrx_word' id='word_1_29' title='bbox 231 773 666 838; x_wconf 88' lang='lat' dir='ltr'>contradicens,</span> <span class='ocrx_word' id='word_1_30' title='bbox 700 773 809 828; x_wconf 88' lang='lat' dir='ltr'>hoc</span> <span class='ocrx_word' id='word_1_31' title='bbox 842 779 948 843; x_wconf 90' lang='lat' dir='ltr'>est,</span> <span class='ocrx_word' id='word_1_32' title='bbox 984 774 1207 844; x_wconf 74' lang='lat' dir='ltr'>plagas,</span> <span class='ocrx_word' id='word_1_33' title='bbox 1241 791 1390 845; x_wconf 89' lang='lat' dir='ltr'>quas</span> <span class='ocrx_word' id='word_1_34' title='bbox 1441 775 1780 845; x_wconf 88' lang='lat' dir='ltr'>accipiebat,</span> <span class='ocrx_word' id='word_1_35' title='bbox 1811 791 1819 801; x_wconf 80' lang='grc'><em>’</em></span> 
     </span>
    </p>
   </div>
   <div class='ocr_carea' id='block_1_7' title="bbox 113 860 1783 934">
    <p class='ocr_par' dir='ltr' id='par_1_7' title="bbox 113 860 1783 934">
     <span class='ocr_line' id='line_1_7' title="bbox 113 860 1783 934; baseline 0.002 -21"><span class='ocrx_word' id='word_1_36' title='bbox 113 860 446 927; x_wconf 89' lang='lat' dir='ltr'>irrisiones,</span> <span class='ocrx_word' id='word_1_37' title='bbox 479 861 748 931; x_wconf 87' lang='lat' dir='ltr'>injurias,</span> <span class='ocrx_word' id='word_1_38' title='bbox 773 863 1114 934; x_wconf 89' lang='lat' dir='ltr'>opprobria,</span> <span class='ocrx_word' id='word_1_39' title='bbox 1149 863 1521 934; x_wconf 90' lang='lat' dir='ltr'>improperia,</span> <span class='ocrx_word' id='word_1_40' title='bbox 1557 862 1783 916; x_wconf 89' lang='lat' dir='ltr'>illusio-</span> 
     </span>
    </p>
   </div>
   <div class='ocr_carea' id='block_1_8' title="bbox 114 950 1780 1014">
    <p class='ocr_par' dir='ltr' id='par_1_8' title="bbox 114 950 1780 1014">
     <span class='ocr_line' id='line_1_8' title="bbox 114 950 1780 1014; baseline -0.001 -10"><span class='ocrx_word' id='word_1_41' title='bbox 114 966 246 1014; x_wconf 88' lang='lat' dir='ltr'>nes,</span> <span class='ocrx_word' id='word_1_42' title='bbox 282 950 485 1006; x_wconf 84' lang='lat' dir='ltr'>omnia</span> <span class='ocrx_word' id='word_1_43' title='bbox 514 950 624 1006; x_wconf 91' lang='lat' dir='ltr'>hoc</span> <span class='ocrx_word' id='word_1_44' title='bbox 656 951 893 1006; x_wconf 86' lang='lat' dir='ltr'>nomine</span> <span class='ocrx_word' id='word_1_45' title='bbox 932 951 1415 1006; x_wconf 87' lang='lat' dir='ltr'>contradictionis</span> <span class='ocrx_word' id='word_1_46' title='bbox 1462 950 1780 1005; x_wconf 90' lang='lat' dir='ltr'>intimavit.</span> 
     </span>
    </p>
   </div>
   <div class='ocr_carea' id='block_1_9' title="bbox 115 1039 1785 1107">
    <p class='ocr_par' dir='ltr' id='par_1_9' title="bbox 115 1039 1785 1107">
     <span class='ocr_line' id='line_1_9' title="bbox 115 1039 1785 1107; baseline -0.001 -14"><span class='ocrx_word' id='word_1_47' title='bbox 115 1039 253 1093; x_wconf 88' lang='lat' dir='ltr'>Ideo</span> <span class='ocrx_word' id='word_1_48' title='bbox 285 1040 565 1106; x_wconf 75' lang='lat' dir='ltr'>afﬁrmat,</span> <span class='ocrx_word' id='word_1_49' title='bbox 602 1046 669 1094; x_wconf 93' lang='lat' dir='ltr'>ut</span> <span class='ocrx_word' id='word_1_50' title='bbox 699 1057 813 1094; x_wconf 92' lang='lat' dir='ltr'>non</span> <span class='ocrx_word' id='word_1_51' title='bbox 847 1040 1244 1094; x_wconf 86' lang='lat' dir='ltr'>deﬁcerentin</span> <span class='ocrx_word' id='word_1_52' title='bbox 1277 1039 1785 1107; x_wconf 78' lang='lat' dir='ltr'>tribulationibus,</span> 
     </span>
    </p>
   </div>
   <div class='ocr_carea' id='block_1_10' title="bbox 115 1128 1782 1200">
    <p class='ocr_par' dir='ltr' id='par_1_10' title="bbox 115 1128 1782 1200">
     <span class='ocr_line' id='line_1_10' title="bbox 115 1128 1782 1200; baseline 0 -20"><span class='ocrx_word' id='word_1_53' title='bbox 115 1128 261 1181; x_wconf 90' lang='lat' dir='ltr'>dum</span> <span class='ocrx_word' id='word_1_54' title='bbox 296 1145 490 1199; x_wconf 91' lang='lat' dir='ltr'>usque</span> <span class='ocrx_word' id='word_1_55' title='bbox 521 1131 590 1183; x_wconf 92' lang='lat' dir='ltr'>ad</span> <span class='ocrx_word' id='word_1_56' title='bbox 627 1130 975 1200; x_wconf 80' lang='lat' dir='ltr'>martyrium</span> <span class='ocrx_word' id='word_1_57' title='bbox 1006 1135 1060 1182; x_wconf 89' lang='lat' dir='ltr'>et</span> <span class='ocrx_word' id='word_1_58' title='bbox 1092 1128 1399 1199; x_wconf 81' lang='lat' dir='ltr'>sanguinis</span> <span class='ocrx_word' id='word_1_59' title='bbox 1434 1128 1782 1182; x_wconf 68' lang='lat' dir='ltr'>effusionem</span> 
     </span>
    </p>
   </div>
   <div class='ocr_carea' id='block_1_11' title="bbox 114 1216 1783 1289">
    <p class='ocr_par' dir='ltr' id='par_1_11' title="bbox 114 1216 1783 1289">
     <span class='ocr_line' id='line_1_11' title="bbox 114 1216 1783 1289; baseline 0.001 -20"><span class='ocrx_word' id='word_1_60' title='bbox 114 1216 311 1270; x_wconf 89' lang='lat' dir='ltr'>adhuc</span> <span class='ocrx_word' id='word_1_61' title='bbox 346 1233 464 1271; x_wconf 91' lang='lat' dir='ltr'>non</span> <span class='ocrx_word' id='word_1_62' title='bbox 497 1222 902 1289; x_wconf 83' lang='lat' dir='ltr'>pervenerant.</span> <span class='ocrx_word' id='word_1_63' title='bbox 941 1217 1102 1272; x_wconf 89' lang='lat' dir='ltr'>Unde</span> <span class='ocrx_word' id='word_1_64' title='bbox 1131 1221 1187 1271; x_wconf 92' lang='lat' dir='ltr'>et</span> <span class='ocrx_word' id='word_1_65' title='bbox 1217 1217 1486 1287; x_wconf 86' lang='lat' dir='ltr'>adjungit</span> <span class='ocrx_word' id='word_1_66' title='bbox 1520 1234 1531 1269; x_wconf 93' lang='lat'>:</span> <span class='ocrx_word' id='word_1_67' title='bbox 1571 1237 1598 1266; x_wconf 87' lang='grc'>‹‹</span> <span class='ocrx_word' id='word_1_68' title='bbox 1628 1216 1783 1270; x_wconf 89' lang='lat' dir='ltr'>Non-</span> 
     </span>
    </p>
   </div>
   <div class='ocr_carea' id='block_1_12' title="bbox 109 1305 1782 1378">
    <p class='ocr_par' dir='ltr' id='par_1_12' title="bbox 109 1305 1782 1378">
     <span class='ocr_line' id='line_1_12' title="bbox 109 1305 1782 1378; baseline 0 -19"><span class='ocrx_word' id='word_1_69' title='bbox 109 1305 252 1359; x_wconf 87' lang='lat' dir='ltr'>dum</span> <span class='ocrx_word' id='word_1_70' title='bbox 285 1306 448 1360; x_wconf 91' lang='lat' dir='ltr'>enim</span> <span class='ocrx_word' id='word_1_71' title='bbox 474 1321 661 1378; x_wconf 91' lang='lat' dir='ltr'>usque</span> <span class='ocrx_word' id='word_1_72' title='bbox 694 1306 765 1360; x_wconf 90' lang='lat' dir='ltr'>ad</span> <span class='ocrx_word' id='word_1_73' title='bbox 791 1305 1140 1376; x_wconf 89' lang='lat' dir='ltr'>sanguinem</span> <span class='ocrx_word' id='word_1_74' title='bbox 1161 1306 1478 1374; x_wconf 83' lang='lat' dir='ltr'>restitistis,</span> <span class='ocrx_word' id='word_1_75' title='bbox 1505 1307 1782 1359; x_wconf 89' lang='lat' dir='ltr'>adversus</span> 
     </span>
    </p>
   </div>
   <div class='ocr_carea' id='block_1_13' title="bbox 107 1392 1780 1464">
    <p class='ocr_par' dir='ltr' id='par_1_13' title="bbox 107 1392 1780 1464">
     <span class='ocr_line' id='line_1_13' title="bbox 107 1392 1780 1464; baseline 0.001 -19"><span class='ocrx_word' id='word_1_76' title='bbox 107 1399 419 1462; x_wconf 87' lang='lat' dir='ltr'>peccatum</span> <span class='ocrx_word' id='word_1_77' title='bbox 455 1394 871 1464; x_wconf 82' lang='lat' dir='ltr'>repugnantes.</span> <span class='ocrx_word' id='word_1_78' title='bbox 907 1415 934 1440; x_wconf 85' lang='grc'><strong>››</strong></span> <span class='ocrx_word' id='word_1_79' title='bbox 969 1392 1107 1446; x_wconf 68' lang='lat' dir='ltr'>Duas</span> <span class='ocrx_word' id='word_1_80' title='bbox 1152 1399 1293 1448; x_wconf 89' lang='lat' dir='ltr'>sunt</span> <span class='ocrx_word' id='word_1_81' title='bbox 1325 1393 1616 1447; x_wconf 80' lang='lat' dir='ltr'>rationum</span> <span class='ocrx_word' id='word_1_82' title='bbox 1651 1409 1780 1463; x_wconf 90' lang='lat' dir='ltr'>spe-</span> 
     </span>
    </p>
   </div>
   <div class='ocr_carea' id='block_1_14' title="bbox 107 1472 1778 1551">
    <p class='ocr_par' dir='ltr' id='par_1_14' title="bbox 107 1472 1778 1551">
     <span class='ocr_line' id='line_1_14' title="bbox 107 1472 1778 1551; baseline 0 -17"><span class='ocrx_word' id='word_1_83' title='bbox 107 1479 242 1545; x_wconf 89' lang='lat' dir='ltr'>cies,</span> <span class='ocrx_word' id='word_1_84' title='bbox 269 1496 408 1550; x_wconf 63' lang='lat' dir='ltr'>quaa</span> <span class='ocrx_word' id='word_1_85' title='bbox 429 1480 669 1535; x_wconf 87' lang='lat' dir='ltr'>sibimet</span> <span class='ocrx_word' id='word_1_86' title='bbox 695 1472 998 1534; x_wconf 71' lang='lat' dir='ltr'>contrariae</span> <span class='ocrx_word' id='word_1_87' title='bbox 1019 1497 1146 1535; x_wconf 91' lang='lat' dir='ltr'>esse</span> <span class='ocrx_word' id='word_1_88' title='bbox 1172 1485 1471 1551; x_wconf 88' lang='lat' dir='ltr'>putantur,</span> <span class='ocrx_word' id='word_1_89' title='bbox 1500 1481 1599 1534; x_wconf 89' lang='lat' dir='ltr'>sed</span> <span class='ocrx_word' id='word_1_90' title='bbox 1624 1482 1778 1534; x_wconf 86' lang='lat' dir='ltr'>mul-</span> 
     </span>
    </p>
   </div>
   <div class='ocr_carea' id='block_1_15' title="bbox 105 1568 1780 1639">
    <p class='ocr_par' dir='ltr' id='par_1_15' title="bbox 105 1568 1780 1639">
     <span class='ocr_line' id='line_1_15' title="bbox 105 1568 1780 1639; baseline 0.001 -18"><span class='ocrx_word' id='word_1_91' title='bbox 105 1573 227 1621; x_wconf 89' lang='lat' dir='ltr'>tum</span> <span class='ocrx_word' id='word_1_92' title='bbox 245 1568 367 1622; x_wconf 89' lang='lat' dir='ltr'>sibi</span> <span class='ocrx_word' id='word_1_93' title='bbox 385 1579 596 1622; x_wconf 89' lang='lat' dir='ltr'>mutuo</span> <span class='ocrx_word' id='word_1_94' title='bbox 612 1568 1374 1639; x_wconf 84' lang='lat' dir='ltr'>aﬁ‘eruntadjumenti;quas</span> <span class='ocrx_word' id='word_1_95' title='bbox 1389 1569 1483 1623; x_wconf 92' lang='lat' dir='ltr'>hic</span> <span class='ocrx_word' id='word_1_96' title='bbox 1500 1574 1780 1638; x_wconf 90' lang='lat' dir='ltr'>utrasque</span> 
     </span>
    </p>
   </div>
   <div class='ocr_carea' id='block_1_16' title="bbox 110 1656 1776 1729">
    <p class='ocr_par' dir='ltr' id='par_1_16' title="bbox 110 1656 1776 1729">
     <span class='ocr_line' id='line_1_16' title="bbox 110 1656 1776 1729; baseline 0.001 -19"><span class='ocrx_word' id='word_1_97' title='bbox 110 1656 336 1727; x_wconf 86' lang='lat' dir='ltr'>species</span> <span class='ocrx_word' id='word_1_98' title='bbox 372 1657 740 1711; x_wconf 90' lang='lat' dir='ltr'>conculcavit</span> <span class='ocrx_word' id='word_1_99' title='bbox 783 1657 1118 1728; x_wconf 81' lang='lat' dir='ltr'>Apostolus.</span> <span class='ocrx_word' id='word_1_100' title='bbox 1155 1657 1279 1712; x_wconf 91' lang='lat' dir='ltr'>Una</span> <span class='ocrx_word' id='word_1_101' title='bbox 1310 1661 1417 1723; x_wconf 92' lang='lat' dir='ltr'>est,</span> <span class='ocrx_word' id='word_1_102' title='bbox 1453 1658 1686 1729; x_wconf 85' lang='lat' dir='ltr'>quando</span> <span class='ocrx_word' id='word_1_103' title='bbox 1719 1657 1776 1711; x_wconf 91' lang='lat' dir='ltr'>in</span> 
     </span>
    </p>
   </div>
   <div class='ocr_carea' id='block_1_17' title="bbox 107 1745 1774 1818">
    <p class='ocr_par' dir='ltr' id='par_1_17' title="bbox 107 1745 1774 1818">
     <span class='ocr_line' id='line_1_17' title="bbox 107 1745 1774 1818; baseline 0.001 -20"><span class='ocrx_word' id='word_1_104' title='bbox 107 1745 518 1810; x_wconf 82' lang='lat' dir='ltr'>tribulatione,</span> <span class='ocrx_word' id='word_1_105' title='bbox 544 1745 798 1816; x_wconf 91' lang='lat' dir='ltr'>plurima</span> <span class='ocrx_word' id='word_1_106' title='bbox 814 1763 918 1800; x_wconf 90' lang='lat' dir='ltr'>nos</span> <span class='ocrx_word' id='word_1_107' title='bbox 940 1747 1269 1818; x_wconf 91' lang='lat' dir='ltr'>cogitamus</span> <span class='ocrx_word' id='word_1_108' title='bbox 1284 1763 1412 1800; x_wconf 91' lang='lat' dir='ltr'>esse</span> <span class='ocrx_word' id='word_1_109' title='bbox 1431 1761 1774 1816; x_wconf 89' lang='lat' dir='ltr'>perpessos;</span> 
     </span>
    </p>
   </div>
   <div class='ocr_carea' id='block_1_18' title="bbox 114 1832 1774 1906">
    <p class='ocr_par' dir='ltr' id='par_1_18' title="bbox 114 1832 1774 1906">
     <span class='ocr_line' id='line_1_18' title="bbox 114 1832 1774 1906; baseline 0.002 -19"><span class='ocrx_word' id='word_1_110' title='bbox 114 1833 264 1888; x_wconf 85' lang='lat' dir='ltr'>sicut</span> <span class='ocrx_word' id='word_1_111' title='bbox 294 1832 476 1888; x_wconf 91' lang='lat' dir='ltr'>etiam</span> <span class='ocrx_word' id='word_1_112' title='bbox 513 1834 748 1888; x_wconf 89' lang='lat' dir='ltr'>beatum</span> <span class='ocrx_word' id='word_1_113' title='bbox 768 1834 877 1888; x_wconf 87' lang='lat' dir='ltr'>Job</span> <span class='ocrx_word' id='word_1_114' title='bbox 907 1835 964 1888; x_wconf 92' lang='lat' dir='ltr'>in</span> <span class='ocrx_word' id='word_1_115' title='bbox 995 1834 1166 1906; x_wconf 85' lang='lat' dir='ltr'>plaga</span> <span class='ocrx_word' id='word_1_116' title='bbox 1180 1835 1436 1905; x_wconf 90' lang='lat' dir='ltr'>positum</span> <span class='ocrx_word' id='word_1_117' title='bbox 1469 1835 1672 1890; x_wconf 83' lang='lat' dir='ltr'>fecisse</span> <span class='ocrx_word' id='word_1_118' title='bbox 1695 1835 1774 1890; x_wconf 87' lang='lat' dir='ltr'>le-</span> 
     </span>
    </p>
   </div>
   <div class='ocr_carea' id='block_1_19' title="bbox 1897 681 3554 754">
    <p class='ocr_par' dir='ltr' id='par_1_19' title="bbox 1897 681 3554 754">
     <span class='ocr_line' id='line_1_19' title="bbox 1897 681 3554 754; baseline 0.001 -18"><span class='ocrx_word' id='word_1_119' title='bbox 1897 699 1989 751; x_wconf 88' lang='lat' dir='ltr'>ne,</span> <span class='ocrx_word' id='word_1_120' title='bbox 2023 699 2096 736; x_wconf 90' lang='lat' dir='ltr'>ne</span> <span class='ocrx_word' id='word_1_121' title='bbox 2126 681 2381 746; x_wconf 91' lang='lat' dir='ltr'>deﬁciat,</span> <span class='ocrx_word' id='word_1_122' title='bbox 2415 681 2705 748; x_wconf 86' lang='lat' dir='ltr'>hortatur,</span> <span class='ocrx_word' id='word_1_123' title='bbox 2739 699 2810 736; x_wconf 92' lang='lat' dir='ltr'>ne</span> <span class='ocrx_word' id='word_1_124' title='bbox 2843 683 3159 738; x_wconf 88' lang='lat' dir='ltr'>accedente</span> <span class='ocrx_word' id='word_1_125' title='bbox 3188 681 3554 754; x_wconf 90' lang='lat' dir='ltr'>inﬁrmitate,</span> 
     </span>
    </p>
   </div>
   <div class='ocr_carea' id='block_1_20' title="bbox 1894 769 3555 842">
    <p class='ocr_par' dir='ltr' id='par_1_20' title="bbox 1894 769 3555 842">
     <span class='ocr_line' id='line_1_20' title="bbox 1894 769 3555 842; baseline 0 -16"><span class='ocrx_word' id='word_1_126' title='bbox 1894 771 1984 826; x_wconf 90' lang='lat' dir='ltr'>vel</span> <span class='ocrx_word' id='word_1_127' title='bbox 2017 774 2378 842; x_wconf 88' lang='lat' dir='ltr'>paupertate,</span> <span class='ocrx_word' id='word_1_128' title='bbox 2403 769 2490 825; x_wconf 89' lang='lat' dir='ltr'>vel</span> <span class='ocrx_word' id='word_1_129' title='bbox 2523 772 2924 840; x_wconf 87' lang='lat' dir='ltr'>persecutione</span> <span class='ocrx_word' id='word_1_130' title='bbox 2949 772 3228 841; x_wconf 90' lang='lat' dir='ltr'>humana,</span> <span class='ocrx_word' id='word_1_131' title='bbox 3255 772 3555 842; x_wconf 87' lang='lat' dir='ltr'>pietatem,</span> 
     </span>
    </p>
   </div>
   <div class='ocr_carea' id='block_1_21' title="bbox 1897 859 3554 932">
    <p class='ocr_par' dir='ltr' id='par_1_21' title="bbox 1897 859 3554 932">
     <span class='ocr_line' id='line_1_21' title="bbox 1897 859 3554 932; baseline 0.001 -18"><span class='ocrx_word' id='word_1_132' title='bbox 1897 877 2076 932; x_wconf 85' lang='lat' dir='ltr'>quam</span> <span class='ocrx_word' id='word_1_133' title='bbox 2109 877 2340 914; x_wconf 88' lang='lat' dir='ltr'>servare</span> <span class='ocrx_word' id='word_1_134' title='bbox 2371 861 2429 912; x_wconf 89' lang='lat' dir='ltr'>in</span> <span class='ocrx_word' id='word_1_135' title='bbox 2479 859 2906 930; x_wconf 85' lang='lat' dir='ltr'>tranquillitate</span> <span class='ocrx_word' id='word_1_136' title='bbox 2934 860 3266 929; x_wconf 87' lang='lat' dir='ltr'>videbatur,</span> <span class='ocrx_word' id='word_1_137' title='bbox 3301 861 3554 916; x_wconf 89' lang='lat' dir='ltr'>amittat.</span> 
     </span>
    </p>
   </div>
   <div class='ocr_carea' id='block_1_22' title="bbox 1898 947 3552 1019">
    <p class='ocr_par' dir='ltr' id='par_1_22' title="bbox 1898 947 3552 1019">
     <span class='ocr_line' id='line_1_22' title="bbox 1898 947 3552 1019; baseline 0.002 -21"><span class='ocrx_word' id='word_1_138' title='bbox 1898 972 1925 998; x_wconf 85' lang='lat'><strong>«</strong></span> <span class='ocrx_word' id='word_1_139' title='bbox 1950 952 2131 1012; x_wconf 88' lang='lat' dir='ltr'>Quem</span> <span class='ocrx_word' id='word_1_140' title='bbox 2155 948 2312 1002; x_wconf 89' lang='lat' dir='ltr'>enim</span> <span class='ocrx_word' id='word_1_141' title='bbox 2339 947 2532 1019; x_wconf 85' lang='lat' dir='ltr'>diligit</span> <span class='ocrx_word' id='word_1_142' title='bbox 2556 947 3122 1019; x_wconf 90' lang='lat' dir='ltr'>Dominus,castigat</span> <span class='ocrx_word' id='word_1_143' title='bbox 3140 949 3326 1018; x_wconf 88' lang='lat' dir='ltr'>(Prov.</span> <span class='ocrx_word' id='word_1_144' title='bbox 3347 965 3430 1014; x_wconf 89' lang='lat'>111,</span> <span class='ocrx_word' id='word_1_145' title='bbox 3457 949 3552 1016; x_wconf 82' lang='lat'>12;</span> 
     </span>
    </p>
   </div>
   <div class='ocr_carea' id='block_1_23' title="bbox 1897 1035 3553 1109">
    <p class='ocr_par' dir='ltr' id='par_1_23' title="bbox 1897 1035 3553 1109">
     <span class='ocr_line' id='line_1_23' title="bbox 1897 1035 3553 1109; baseline -0.004 -18"><span class='ocrx_word' id='word_1_146' title='bbox 1897 1039 2056 1107; x_wconf 86' lang='lat' dir='ltr'>Apoc.</span> <span class='ocrx_word' id='word_1_147' title='bbox 2079 1054 2162 1100; x_wconf 88' lang='grc' dir='ltr'><strong>ιιι,</strong></span> <span class='ocrx_word' id='word_1_148' title='bbox 2189 1036 2292 1109; x_wconf 75' lang='grc'>19).</span> <span class='ocrx_word' id='word_1_149' title='bbox 2321 1035 2596 1107; x_wconf 83' lang='lat' dir='ltr'>Flagellat</span> <span class='ocrx_word' id='word_1_150' title='bbox 2619 1052 2852 1090; x_wconf 85' lang='lat' dir='ltr'>omnem</span> <span class='ocrx_word' id='word_1_151' title='bbox 2883 1035 3068 1091; x_wconf 91' lang='lat' dir='ltr'>ﬁlium</span> <span class='ocrx_word' id='word_1_152' title='bbox 3092 1053 3267 1106; x_wconf 88' lang='lat' dir='ltr'>quem</span> <span class='ocrx_word' id='word_1_153' title='bbox 3291 1035 3553 1108; x_wconf 85' lang='lat' dir='ltr'>recipit.»</span> 
     </span>
    </p>
   </div>
   <div class='ocr_carea' id='block_1_24' title="bbox 1897 1123 3553 1195">
    <p class='ocr_par' dir='ltr' id='par_1_24' title="bbox 1897 1123 3553 1195">
     <span class='ocr_line' id='line_1_24' title="bbox 1897 1123 3553 1195; baseline -0.002 -14"><span class='ocrx_word' id='word_1_154' title='bbox 1897 1127 2030 1181; x_wconf 89' lang='lat' dir='ltr'>Ideo</span> <span class='ocrx_word' id='word_1_155' title='bbox 2062 1127 2182 1180; x_wconf 70' lang='lat' dir='ltr'>hmo</span> <span class='ocrx_word' id='word_1_156' title='bbox 2203 1125 2539 1180; x_wconf 89' lang='lat' dir='ltr'>testimonia</span> <span class='ocrx_word' id='word_1_157' title='bbox 2560 1125 2816 1179; x_wconf 83' lang='lat' dir='ltr'>affirmat</span> <span class='ocrx_word' id='word_1_158' title='bbox 2834 1123 3170 1195; x_wconf 78' lang='lat' dir='ltr'>Apostolus,</span> <span class='ocrx_word' id='word_1_159' title='bbox 3187 1130 3252 1178; x_wconf 90' lang='lat' dir='ltr'>ut</span> <span class='ocrx_word' id='word_1_160' title='bbox 3276 1125 3428 1179; x_wconf 88' lang='lat' dir='ltr'>sicut</span> <span class='ocrx_word' id='word_1_161' title='bbox 3448 1124 3553 1179; x_wconf 90' lang='lat' dir='ltr'>ﬁlii</span> 
     </span>
    </p>
   </div>
   <div class='ocr_carea' id='block_1_25' title="bbox 1897 1212 3553 1287">
    <p class='ocr_par' dir='ltr' id='par_1_25' title="bbox 1897 1212 3553 1287">
     <span class='ocr_line' id='line_1_25' title="bbox 1897 1212 3553 1287; baseline -0.003 -16"><span class='ocrx_word' id='word_1_162' title='bbox 1897 1233 1930 1271; x_wconf 88' lang='lat' dir='ltr'>a</span> <span class='ocrx_word' id='word_1_163' title='bbox 1961 1215 2226 1287; x_wconf 87' lang='lat' dir='ltr'>patribus</span> <span class='ocrx_word' id='word_1_164' title='bbox 2246 1214 2369 1268; x_wconf 92' lang='lat' dir='ltr'>suis</span> <span class='ocrx_word' id='word_1_165' title='bbox 2402 1213 2866 1284; x_wconf 89' lang='lat' dir='ltr'>ﬂagellantur,ut</span> <span class='ocrx_word' id='word_1_166' title='bbox 2895 1213 3054 1285; x_wconf 84' lang='lat' dir='ltr'>digni</span> <span class='ocrx_word' id='word_1_167' title='bbox 3080 1214 3199 1268; x_wconf 90' lang='lat' dir='ltr'>sint</span> <span class='ocrx_word' id='word_1_168' title='bbox 3220 1213 3290 1267; x_wconf 90' lang='lat' dir='ltr'>ad</span> <span class='ocrx_word' id='word_1_169' title='bbox 3310 1212 3553 1267; x_wconf 65' lang='lat' dir='ltr'>haeredi-</span> 
     </span>
    </p>
   </div>
   <div class='ocr_carea' id='block_1_26' title="bbox 1893 1300 3553 1374">
    <p class='ocr_par' dir='ltr' id='par_1_26' title="bbox 1893 1300 3553 1374">
     <span class='ocr_line' id='line_1_26' title="bbox 1893 1300 3553 1374; baseline -0.002 -16"><span class='ocrx_word' id='word_1_170' title='bbox 1893 1308 2072 1358; x_wconf 83' lang='lat' dir='ltr'>tatem</span> <span class='ocrx_word' id='word_1_171' title='bbox 2109 1306 2412 1374; x_wconf 88' lang='lat' dir='ltr'>paternam</span> <span class='ocrx_word' id='word_1_172' title='bbox 2451 1302 2747 1366; x_wconf 85' lang='lat' dir='ltr'>accedere,</span> <span class='ocrx_word' id='word_1_173' title='bbox 2778 1301 2860 1355; x_wconf 87' lang='lat' dir='ltr'>ita</span> <span class='ocrx_word' id='word_1_174' title='bbox 2908 1305 2960 1355; x_wconf 92' lang='lat' dir='ltr'>et</span> <span class='ocrx_word' id='word_1_175' title='bbox 2994 1301 3088 1355; x_wconf 92' lang='lat' dir='ltr'>isti</span> <span class='ocrx_word' id='word_1_176' title='bbox 3125 1300 3400 1355; x_wconf 83' lang='lat' dir='ltr'>similiter</span> <span class='ocrx_word' id='word_1_177' title='bbox 3427 1317 3553 1355; x_wconf 88' lang='lat' dir='ltr'>cor-</span> 
     </span>
    </p>
   </div>
   <div class='ocr_carea' id='block_1_27' title="bbox 1895 1389 3553 1463">
    <p class='ocr_par' dir='ltr' id='par_1_27' title="bbox 1895 1389 3553 1463">
     <span class='ocr_line' id='line_1_27' title="bbox 1895 1389 3553 1463; baseline -0.001 -18"><span class='ocrx_word' id='word_1_178' title='bbox 1895 1391 2186 1463; x_wconf 89' lang='lat' dir='ltr'>reptiones</span> <span class='ocrx_word' id='word_1_179' title='bbox 2206 1409 2239 1444; x_wconf 89' lang='lat' dir='ltr'>a</span> <span class='ocrx_word' id='word_1_180' title='bbox 2260 1391 2374 1444; x_wconf 92' lang='lat' dir='ltr'>Deo</span> <span class='ocrx_word' id='word_1_181' title='bbox 2399 1390 2573 1444; x_wconf 88' lang='lat' dir='ltr'>alacri</span> <span class='ocrx_word' id='word_1_182' title='bbox 2600 1390 2795 1444; x_wconf 90' lang='lat' dir='ltr'>animo</span> <span class='ocrx_word' id='word_1_183' title='bbox 2819 1390 3248 1458; x_wconf 90' lang='lat' dir='ltr'>sustineant,ut</span> <span class='ocrx_word' id='word_1_184' title='bbox 3269 1389 3339 1443; x_wconf 88' lang='lat' dir='ltr'>ad</span> <span class='ocrx_word' id='word_1_185' title='bbox 3355 1405 3553 1444; x_wconf 87' lang='lat' dir='ltr'>veram</span> 
     </span>
    </p>
   </div>
   <div class='ocr_carea' id='block_1_28' title="bbox 1892 1477 3554 1549">
    <p class='ocr_par' dir='ltr' id='par_1_28' title="bbox 1892 1477 3554 1549">
     <span class='ocr_line' id='line_1_28' title="bbox 1892 1477 3554 1549; baseline -0.001 -15"><span class='ocrx_word' id='word_1_186' title='bbox 1892 1480 2292 1535; x_wconf 57' lang='lat' dir='ltr'>hereditatem</span> <span class='ocrx_word' id='word_1_187' title='bbox 2314 1484 2590 1534; x_wconf 79' lang='lat' dir='ltr'>aeternam</span> <span class='ocrx_word' id='word_1_188' title='bbox 2613 1478 3170 1549; x_wconf 87' lang='lat' dir='ltr'>perveniant.Tanto</span> <span class='ocrx_word' id='word_1_189' title='bbox 3193 1493 3331 1548; x_wconf 91' lang='lat' dir='ltr'>ergo</span> <span class='ocrx_word' id='word_1_190' title='bbox 3355 1477 3554 1532; x_wconf 90' lang='lat' dir='ltr'>minus</span> 
     </span>
    </p>
   </div>
   <div class='ocr_carea' id='block_1_29' title="bbox 1894 1565 3554 1640">
    <p class='ocr_par' dir='ltr' id='par_1_29' title="bbox 1894 1565 3554 1640">
     <span class='ocr_line' id='line_1_29' title="bbox 1894 1565 3554 1640; baseline -0.002 -17"><span class='ocrx_word' id='word_1_191' title='bbox 1894 1570 1963 1623; x_wconf 92' lang='lat' dir='ltr'>de</span> <span class='ocrx_word' id='word_1_192' title='bbox 1997 1568 2248 1640; x_wconf 87' lang='lat' dir='ltr'>ﬂagello,</span> <span class='ocrx_word' id='word_1_193' title='bbox 2283 1585 2396 1638; x_wconf 90' lang='lat' dir='ltr'>quo</span> <span class='ocrx_word' id='word_1_194' title='bbox 2428 1567 2807 1638; x_wconf 90' lang='lat' dir='ltr'>castigamur,</span> <span class='ocrx_word' id='word_1_195' title='bbox 2844 1583 3217 1621; x_wconf 86' lang='lat' dir='ltr'>murmurare</span> <span class='ocrx_word' id='word_1_196' title='bbox 3246 1565 3554 1636; x_wconf 88' lang='lat' dir='ltr'>debemus,</span> 
     </span>
    </p>
   </div>
   <div class='ocr_carea' id='block_1_30' title="bbox 1892 1655 3555 1728">
    <p class='ocr_par' dir='ltr' id='par_1_30' title="bbox 1892 1655 3555 1728">
     <span class='ocr_line' id='line_1_30' title="bbox 1892 1655 3555 1728; baseline -0.001 -16"><span class='ocrx_word' id='word_1_197' title='bbox 1892 1662 2111 1728; x_wconf 89' lang='lat' dir='ltr'>quanto</span> <span class='ocrx_word' id='word_1_198' title='bbox 2135 1659 2351 1712; x_wconf 89' lang='lat' dir='ltr'>certius</span> <span class='ocrx_word' id='word_1_199' title='bbox 2371 1657 2430 1712; x_wconf 89' lang='lat' dir='ltr'>in</span> <span class='ocrx_word' id='word_1_200' title='bbox 2455 1673 2521 1712; x_wconf 91' lang='lat' dir='ltr'>eo</span> <span class='ocrx_word' id='word_1_201' title='bbox 2541 1662 2792 1726; x_wconf 62' lang='lat' dir='ltr'>paterna</span> <span class='ocrx_word' id='word_1_202' title='bbox 2816 1655 3143 1711; x_wconf 90' lang='lat' dir='ltr'>dilectionis</span> <span class='ocrx_word' id='word_1_203' title='bbox 3160 1655 3377 1727; x_wconf 90' lang='lat' dir='ltr'>pignus</span> <span class='ocrx_word' id='word_1_204' title='bbox 3399 1657 3555 1710; x_wconf 85' lang='lat' dir='ltr'>tene-</span> 
     </span>
    </p>
   </div>
   <div class='ocr_carea' id='block_1_31' title="bbox 1894 1745 3553 1817">
    <p class='ocr_par' dir='ltr' id='par_1_31' title="bbox 1894 1745 3553 1817">
     <span class='ocr_line' id='line_1_31' title="bbox 1894 1745 3553 1817; baseline -0.002 -16"><span class='ocrx_word' id='word_1_205' title='bbox 1894 1763 2046 1801; x_wconf 87' lang='lat' dir='ltr'>mus.</span> <span class='ocrx_word' id='word_1_206' title='bbox 2079 1746 2242 1801; x_wconf 85' lang='lat' dir='ltr'>Unde</span> <span class='ocrx_word' id='word_1_207' title='bbox 2273 1751 2329 1801; x_wconf 90' lang='lat' dir='ltr'>et</span> <span class='ocrx_word' id='word_1_208' title='bbox 2350 1745 2474 1817; x_wconf 89' lang='lat' dir='ltr'>ipse</span> <span class='ocrx_word' id='word_1_209' title='bbox 2497 1745 2672 1800; x_wconf 88' lang='lat' dir='ltr'>dicit:</span> <span class='ocrx_word' id='word_1_210' title='bbox 2699 1766 2727 1793; x_wconf 89' lang='grc'>‹‹</span> <span class='ocrx_word' id='word_1_211' title='bbox 2755 1745 2895 1815; x_wconf 88' lang='lat' dir='ltr'>Ego,</span> <span class='ocrx_word' id='word_1_212' title='bbox 2923 1761 3072 1816; x_wconf 91' lang='lat' dir='ltr'>quos</span> <span class='ocrx_word' id='word_1_213' title='bbox 3093 1760 3246 1810; x_wconf 90' lang='lat' dir='ltr'>amo,</span> <span class='ocrx_word' id='word_1_214' title='bbox 3272 1758 3476 1815; x_wconf 83' lang='lat' dir='ltr'>arguo,</span> <span class='ocrx_word' id='word_1_215' title='bbox 3496 1745 3553 1798; x_wconf 90' lang='lat' dir='ltr'>et</span> 
     </span>
    </p>
   </div>
   <div class='ocr_carea' id='block_1_32' title="bbox 1888 1835 2346 1906">
    <p class='ocr_par' dir='ltr' id='par_1_32' title="bbox 1888 1835 2346 1906">
     <span class='ocr_line' id='line_1_32' title="bbox 1888 1835 2346 1906; baseline -0.007 -14"><span class='ocrx_word' id='word_1_216' title='bbox 1888 1839 2110 1906; x_wconf 91' lang='lat' dir='ltr'>castigo</span> <span class='ocrx_word' id='word_1_217' title='bbox 2141 1835 2346 1905; x_wconf 61' lang='lat' dir='ltr'>(Ibid).</span> 
     </span>
    </p>
   </div>
   <div class='ocr_carea' id='block_1_33' title="bbox 114 1920 3546 2024">
    <p class='ocr_par' dir='ltr' id='par_1_33' title="bbox 114 1920 3546 2024">
     <span class='ocr_line' id='line_1_33' title="bbox 114 1920 3546 2024; baseline -0.001 -47"><span class='ocrx_word' id='word_1_218' title='bbox 114 1921 337 1994; x_wconf 87' lang='lat' dir='ltr'>gimus.</span> <span class='ocrx_word' id='word_1_219' title='bbox 355 1922 568 1976; x_wconf 81' lang='lat' dir='ltr'>Anima</span> <span class='ocrx_word' id='word_1_220' title='bbox 581 1923 732 1976; x_wconf 90' lang='lat' dir='ltr'>enim</span> <span class='ocrx_word' id='word_1_221' title='bbox 751 1923 1184 1993; x_wconf 89' lang='lat' dir='ltr'>quodammodo</span> <span class='ocrx_word' id='word_1_222' title='bbox 1200 1924 1776 1995; x_wconf 78' lang='lat' dir='ltr'>requiescit,quando</span> <span class='ocrx_word' id='word_1_223' title='bbox 1809 1959 1858 2024; x_wconf 82' lang='lat' dir='ltr'><strong>B</strong></span> <span class='ocrx_word' id='word_1_224' title='bbox 1961 1947 1988 1974; x_wconf 88' lang='lat'><strong>«</strong></span> <span class='ocrx_word' id='word_1_225' title='bbox 2022 1924 2084 1979; x_wconf 92' lang='lat' dir='ltr'>In</span> <span class='ocrx_word' id='word_1_226' title='bbox 2115 1923 2429 1995; x_wconf 87' lang='lat' dir='ltr'>disciplina</span> <span class='ocrx_word' id='word_1_227' title='bbox 2450 1938 2840 1994; x_wconf 89' lang='lat' dir='ltr'>perseverare.</span> <span class='ocrx_word' id='word_1_228' title='bbox 2865 1923 3174 1992; x_wconf 85' lang='lat' dir='ltr'>Tanquam</span> <span class='ocrx_word' id='word_1_229' title='bbox 3199 1920 3359 1975; x_wconf 90' lang='lat' dir='ltr'>ﬁlius</span> <span class='ocrx_word' id='word_1_230' title='bbox 3380 1921 3546 1976; x_wconf 86' lang='lat' dir='ltr'>vobis</span> 
     </span>
    </p>
   </div>
   <div class='ocr_carea' id='block_1_34' title="bbox 112 2009 1778 2082">
    <p class='ocr_par' dir='ltr' id='par_1_34' title="bbox 112 2009 1778 2082">
     <span class='ocr_line' id='line_1_34' title="bbox 112 2009 1778 2082; baseline 0.001 -17"><span class='ocrx_word' id='word_1_231' title='bbox 112 2011 168 2064; x_wconf 92' lang='lat' dir='ltr'>in</span> <span class='ocrx_word' id='word_1_232' title='bbox 205 2009 591 2065; x_wconf 88' lang='lat' dir='ltr'>tribulatione</span> <span class='ocrx_word' id='word_1_233' title='bbox 614 2010 825 2082; x_wconf 89' lang='lat' dir='ltr'>posita,</span> <span class='ocrx_word' id='word_1_234' title='bbox 847 2028 1090 2066; x_wconf 91' lang='lat' dir='ltr'>suarum</span> <span class='ocrx_word' id='word_1_235' title='bbox 1110 2013 1452 2082; x_wconf 89' lang='lat' dir='ltr'>passionum</span> <span class='ocrx_word' id='word_1_236' title='bbox 1488 2029 1778 2067; x_wconf 85' lang='lat' dir='ltr'>rememo-</span> 
     </span>
    </p>
   </div>
   <div class='ocr_carea' id='block_1_35' title="bbox 110 2098 1781 2172">
    <p class='ocr_par' dir='ltr' id='par_1_35' title="bbox 110 2098 1781 2172">
     <span class='ocr_line' id='line_1_35' title="bbox 110 2098 1781 2172; baseline 0.001 -18"><span class='ocrx_word' id='word_1_237' title='bbox 110 2101 404 2154; x_wconf 87' lang='lat' dir='ltr'>rationem</span> <span class='ocrx_word' id='word_1_238' title='bbox 433 2098 788 2162; x_wconf 89' lang='lat' dir='ltr'>habet,sicut</span> <span class='ocrx_word' id='word_1_239' title='bbox 806 2100 1078 2169; x_wconf 89' lang='lat' dir='ltr'>superius</span> <span class='ocrx_word' id='word_1_240' title='bbox 1104 2101 1518 2156; x_wconf 89' lang='lat' dir='ltr'>rememoravit</span> <span class='ocrx_word' id='word_1_241' title='bbox 1541 2106 1781 2172; x_wconf 82' lang='lat' dir='ltr'>Aposto-</span> 
     </span>
    </p>
   </div>
   <div class='ocr_carea' id='block_1_36' title="bbox 109 2188 1780 2261">
    <p class='ocr_par' dir='ltr' id='par_1_36' title="bbox 109 2188 1780 2261">
     <span class='ocr_line' id='line_1_36' title="bbox 109 2188 1780 2261; baseline 0 -18"><span class='ocrx_word' id='word_1_242' title='bbox 109 2188 200 2243; x_wconf 90' lang='lat' dir='ltr'>lus</span> <span class='ocrx_word' id='word_1_243' title='bbox 227 2207 240 2255; x_wconf 92' lang='lat'>;</span> <span class='ocrx_word' id='word_1_244' title='bbox 266 2189 1140 2259; x_wconf 88' lang='lat' dir='ltr'>rememoramini,iuquit,dies</span> <span class='ocrx_word' id='word_1_245' title='bbox 1165 2189 1466 2261; x_wconf 88' lang='lat' dir='ltr'>pristinos,</span> <span class='ocrx_word' id='word_1_246' title='bbox 1485 2189 1543 2244; x_wconf 90' lang='lat' dir='ltr'>in</span> <span class='ocrx_word' id='word_1_247' title='bbox 1564 2191 1780 2261; x_wconf 90' lang='lat' dir='ltr'>quibus</span> 
     </span>
    </p>
   </div>
   <div class='ocr_carea' id='block_1_37' title="bbox 111 2267 1777 2350">
    <p class='ocr_par' dir='ltr' id='par_1_37' title="bbox 111 2267 1777 2350">
     <span class='ocr_line' id='line_1_37' title="bbox 111 2267 1777 2350; baseline 0.001 -19"><span class='ocrx_word' id='word_1_248' title='bbox 111 2276 458 2347; x_wconf 86' lang='lat' dir='ltr'>illuminati,</span> <span class='ocrx_word' id='word_1_249' title='bbox 494 2293 777 2349; x_wconf 87' lang='lat' dir='ltr'>magnum</span> <span class='ocrx_word' id='word_1_250' title='bbox 812 2283 1104 2332; x_wconf 88' lang='lat' dir='ltr'>certamen</span> <span class='ocrx_word' id='word_1_251' title='bbox 1139 2279 1512 2333; x_wconf 88' lang='lat' dir='ltr'>sustinuistis</span> <span class='ocrx_word' id='word_1_252' title='bbox 1554 2267 1777 2350; x_wconf 29' lang='lat' dir='ltr'>passio.-</span> 
     </span>
    </p>
   </div>
   <div class='ocr_carea' id='block_1_38' title="bbox 113 2365 1777 2438">
    <p class='ocr_par' dir='ltr' id='par_1_38' title="bbox 113 2365 1777 2438">
     <span class='ocr_line' id='line_1_38' title="bbox 113 2365 1777 2438; baseline 0 -18"><span class='ocrx_word' id='word_1_253' title='bbox 113 2383 276 2420; x_wconf 90' lang='lat' dir='ltr'>num.</span> <span class='ocrx_word' id='word_1_254' title='bbox 305 2365 503 2420; x_wconf 79' lang='lat' dir='ltr'>Altera</span> <span class='ocrx_word' id='word_1_255' title='bbox 522 2382 654 2420; x_wconf 88' lang='lat' dir='ltr'>vero</span> <span class='ocrx_word' id='word_1_256' title='bbox 669 2371 778 2432; x_wconf 88' lang='lat' dir='ltr'>est,</span> <span class='ocrx_word' id='word_1_257' title='bbox 802 2367 1038 2436; x_wconf 90' lang='lat' dir='ltr'>quando</span> <span class='ocrx_word' id='word_1_258' title='bbox 1053 2367 1307 2422; x_wconf 91' lang='lat' dir='ltr'>dicimus</span> <span class='ocrx_word' id='word_1_259' title='bbox 1322 2367 1598 2438; x_wconf 89' lang='lat' dir='ltr'>quoniam</span> <span class='ocrx_word' id='word_1_260' title='bbox 1633 2367 1777 2421; x_wconf 89' lang='lat' dir='ltr'>nihil</span> 
     </span>
    </p>
   </div>
   <div class='ocr_carea' id='block_1_39' title="bbox 112 2454 1777 2527">
    <p class='ocr_par' dir='ltr' id='par_1_39' title="bbox 112 2454 1777 2527">
     <span class='ocr_line' id='line_1_39' title="bbox 112 2454 1777 2527; baseline 0.002 -19"><span class='ocrx_word' id='word_1_261' title='bbox 112 2471 327 2509; x_wconf 89' lang='lat' dir='ltr'>sumus</span> <span class='ocrx_word' id='word_1_262' title='bbox 347 2454 546 2526; x_wconf 87' lang='lat' dir='ltr'>magni</span> <span class='ocrx_word' id='word_1_263' title='bbox 569 2454 969 2526; x_wconf 88' lang='lat' dir='ltr'>perpessi.llla</span> <span class='ocrx_word' id='word_1_264' title='bbox 982 2455 1198 2527; x_wconf 89' lang='lat' dir='ltr'>quippe</span> <span class='ocrx_word' id='word_1_265' title='bbox 1213 2455 1435 2526; x_wconf 89' lang='lat' dir='ltr'>species</span> <span class='ocrx_word' id='word_1_266' title='bbox 1450 2456 1777 2527; x_wconf 89' lang='lat' dir='ltr'>requiesce-</span> 
     </span>
    </p>
   </div>
   <div class='ocr_carea' id='block_1_40' title="bbox 110 2543 1773 2611">
    <p class='ocr_par' dir='ltr' id='par_1_40' title="bbox 110 2543 1773 2611">
     <span class='ocr_line' id='line_1_40' title="bbox 110 2543 1773 2611; baseline 0 -13"><span class='ocrx_word' id='word_1_267' title='bbox 110 2549 254 2609; x_wconf 88' lang='lat' dir='ltr'>re,et</span> <span class='ocrx_word' id='word_1_268' title='bbox 273 2543 523 2598; x_wconf 88' lang='lat' dir='ltr'>recreari</span> <span class='ocrx_word' id='word_1_269' title='bbox 549 2545 808 2598; x_wconf 88' lang='lat' dir='ltr'>animam</span> <span class='ocrx_word' id='word_1_270' title='bbox 834 2544 972 2598; x_wconf 88' lang='lat' dir='ltr'>facit</span> <span class='ocrx_word' id='word_1_271' title='bbox 993 2545 1341 2599; x_wconf 67' lang='lat' dir='ltr'>maeroribus</span> <span class='ocrx_word' id='word_1_272' title='bbox 1357 2545 1734 2599; x_wconf 84' lang='lat' dir='ltr'>subruentem</span> <span class='ocrx_word' id='word_1_273' title='bbox 1761 2563 1773 2611; x_wconf 90' lang='lat'>;</span> 
     </span>
    </p>
   </div>
   <div class='ocr_carea' id='block_1_41' title="bbox 111 2632 1779 2704">
    <p class='ocr_par' dir='ltr' id='par_1_41' title="bbox 111 2632 1779 2704">
     <span class='ocr_line' id='line_1_41' title="bbox 111 2632 1779 2704; baseline 0.001 -17"><span class='ocrx_word' id='word_1_274' title='bbox 111 2634 223 2688; x_wconf 87' lang='lat' dir='ltr'>ista</span> <span class='ocrx_word' id='word_1_275' title='bbox 251 2649 394 2687; x_wconf 90' lang='lat' dir='ltr'>vero</span> <span class='ocrx_word' id='word_1_276' title='bbox 428 2632 818 2704; x_wconf 82' lang='lat' dir='ltr'>negligentem</span> <span class='ocrx_word' id='word_1_277' title='bbox 843 2633 1124 2698; x_wconf 89' lang='lat' dir='ltr'>animam,</span> <span class='ocrx_word' id='word_1_278' title='bbox 1153 2638 1209 2688; x_wconf 90' lang='lat' dir='ltr'>et</span> <span class='ocrx_word' id='word_1_279' title='bbox 1240 2634 1512 2704; x_wconf 88' lang='lat' dir='ltr'>supinam</span> <span class='ocrx_word' id='word_1_280' title='bbox 1547 2651 1779 2689; x_wconf 85' lang='lat' dir='ltr'>conver-</span> 
     </span>
    </p>
   </div>
   <div class='ocr_carea' id='block_1_42' title="bbox 111 2722 1777 2793">
    <p class='ocr_par' dir='ltr' id='par_1_42' title="bbox 111 2722 1777 2793">
     <span class='ocr_line' id='line_1_42' title="bbox 111 2722 1777 2793; baseline 0.002 -18"><span class='ocrx_word' id='word_1_281' title='bbox 111 2722 197 2785; x_wconf 86' lang='lat' dir='ltr'>tit,</span> <span class='ocrx_word' id='word_1_282' title='bbox 228 2726 289 2776; x_wconf 91' lang='lat' dir='ltr'>et</span> <span class='ocrx_word' id='word_1_283' title='bbox 319 2722 721 2793; x_wconf 79' lang='lat' dir='ltr'>arrogantiam</span> <span class='ocrx_word' id='word_1_284' title='bbox 749 2722 990 2792; x_wconf 85' lang='lat' dir='ltr'>deponit</span> <span class='ocrx_word' id='word_1_285' title='bbox 1015 2727 1072 2776; x_wconf 88' lang='lat' dir='ltr'>et</span> <span class='ocrx_word' id='word_1_286' title='bbox 1096 2722 1360 2776; x_wconf 87' lang='lat' dir='ltr'>retrahit.</span> <span class='ocrx_word' id='word_1_287' title='bbox 1388 2722 1469 2778; x_wconf 90' lang='lat' dir='ltr'>Ne</span> <span class='ocrx_word' id='word_1_288' title='bbox 1500 2739 1635 2792; x_wconf 92' lang='lat' dir='ltr'>ergo</span> <span class='ocrx_word' id='word_1_289' title='bbox 1661 2722 1777 2778; x_wconf 89' lang='lat' dir='ltr'>illis</span> 
     </span>
    </p>
   </div>
   <div class='ocr_carea' id='block_1_43' title="bbox 113 2809 1778 2882">
    <p class='ocr_par' dir='ltr' id='par_1_43' title="bbox 113 2809 1778 2882">
     <span class='ocr_line' id='line_1_43' title="bbox 113 2809 1778 2882; baseline -0.001 -16"><span class='ocrx_word' id='word_1_290' title='bbox 113 2828 177 2866; x_wconf 79' lang='lat' dir='ltr'>ex</span> <span class='ocrx_word' id='word_1_291' title='bbox 195 2809 303 2866; x_wconf 89' lang='lat' dir='ltr'>illa</span> <span class='ocrx_word' id='word_1_292' title='bbox 329 2811 746 2866; x_wconf 87' lang='lat' dir='ltr'>testiﬁcatione</span> <span class='ocrx_word' id='word_1_293' title='bbox 768 2809 943 2866; x_wconf 87' lang='lat' dir='ltr'>elatio</span> <span class='ocrx_word' id='word_1_294' title='bbox 960 2815 1356 2882; x_wconf 86' lang='lat' dir='ltr'>generaretur,</span> <span class='ocrx_word' id='word_1_295' title='bbox 1381 2810 1778 2882; x_wconf 90' lang='lat' dir='ltr'>contemplare</span> 
     </span>
    </p>
   </div>
   <div class='ocr_carea' id='block_1_44' title="bbox 114 2899 1773 2971">
    <p class='ocr_par' dir='ltr' id='par_1_44' title="bbox 114 2899 1773 2971">
     <span class='ocr_line' id='line_1_44' title="bbox 114 2899 1773 2971; baseline -0.001 -17"><span class='ocrx_word' id='word_1_296' title='bbox 114 2900 269 2971; x_wconf 92' lang='lat' dir='ltr'>quod</span> <span class='ocrx_word' id='word_1_297' title='bbox 302 2899 449 2954; x_wconf 90' lang='lat' dir='ltr'>dicit</span> <span class='ocrx_word' id='word_1_298' title='bbox 483 2915 494 2952; x_wconf 95' lang='lat'>:</span> <span class='ocrx_word' id='word_1_299' title='bbox 528 2899 810 2968; x_wconf 90' lang='lat' dir='ltr'>Necdum,</span> <span class='ocrx_word' id='word_1_300' title='bbox 846 2899 1059 2970; x_wconf 89' lang='lat' dir='ltr'>inquit,</span> <span class='ocrx_word' id='word_1_301' title='bbox 1095 2916 1281 2970; x_wconf 90' lang='lat' dir='ltr'>usque</span> <span class='ocrx_word' id='word_1_302' title='bbox 1321 2901 1391 2953; x_wconf 90' lang='lat' dir='ltr'>ad</span> <span class='ocrx_word' id='word_1_303' title='bbox 1425 2903 1773 2971; x_wconf 82' lang='lat' dir='ltr'>sanguinem</span> 
     </span>
    </p>
   </div>
   <div class='ocr_carea' id='block_1_45' title="bbox 115 2988 1773 3059">
    <p class='ocr_par' dir='ltr' id='par_1_45' title="bbox 115 2988 1773 3059">
     <span class='ocr_line' id='line_1_45' title="bbox 115 2988 1773 3059; baseline -0.002 -15"><span class='ocrx_word' id='word_1_304' title='bbox 115 2989 439 3053; x_wconf 88' lang='lat' dir='ltr'>restitistis,</span> <span class='ocrx_word' id='word_1_305' title='bbox 472 2993 678 3044; x_wconf 88' lang='lat' dir='ltr'>contra</span> <span class='ocrx_word' id='word_1_306' title='bbox 704 2994 1010 3059; x_wconf 91' lang='lat' dir='ltr'>peccatum</span> <span class='ocrx_word' id='word_1_307' title='bbox 1046 2994 1440 3059; x_wconf 86' lang='lat' dir='ltr'>repugnantes</span> <span class='ocrx_word' id='word_1_308' title='bbox 1469 3006 1482 3055; x_wconf 91' lang='lat'>;</span> <span class='ocrx_word' id='word_1_309' title='bbox 1517 2988 1691 3042; x_wconf 89' lang='lat' dir='ltr'>veluti</span> <span class='ocrx_word' id='word_1_310' title='bbox 1725 2989 1773 3043; x_wconf 89' lang='lat' dir='ltr'>si</span> 
     </span>
    </p>
   </div>
   <div class='ocr_carea' id='block_1_46' title="bbox 113 3077 1772 3148">
    <p class='ocr_par' dir='ltr' id='par_1_46' title="bbox 113 3077 1772 3148">
     <span class='ocr_line' id='line_1_46' title="bbox 113 3077 1772 3148; baseline -0.001 -16"><span class='ocrx_word' id='word_1_311' title='bbox 113 3077 336 3133; x_wconf 88' lang='lat' dir='ltr'>diceret</span> <span class='ocrx_word' id='word_1_312' title='bbox 360 3095 373 3132; x_wconf 88' lang='lat'><strong>:</strong></span> <span class='ocrx_word' id='word_1_313' title='bbox 403 3077 664 3132; x_wconf 89' lang='lat' dir='ltr'>Necdum</span> <span class='ocrx_word' id='word_1_314' title='bbox 690 3082 935 3132; x_wconf 91' lang='lat' dir='ltr'>mortem</span> <span class='ocrx_word' id='word_1_315' title='bbox 959 3077 1326 3132; x_wconf 88' lang='lat' dir='ltr'>sustinuistis</span> <span class='ocrx_word' id='word_1_316' title='bbox 1352 3094 1364 3142; x_wconf 91' lang='lat'>;</span> <span class='ocrx_word' id='word_1_317' title='bbox 1391 3078 1772 3148; x_wconf 78' lang='lat' dir='ltr'>pecuniarum</span> 
     </span>
    </p>
   </div>
   <div class='ocr_carea' id='block_1_47' title="bbox 112 3165 1774 3237">
    <p class='ocr_par' dir='ltr' id='par_1_47' title="bbox 112 3165 1774 3237">
     <span class='ocr_line' id='line_1_47' title="bbox 112 3165 1774 3237; baseline -0.001 -17"><span class='ocrx_word' id='word_1_318' title='bbox 112 3167 279 3221; x_wconf 89' lang='lat' dir='ltr'>vobis</span> <span class='ocrx_word' id='word_1_319' title='bbox 308 3170 543 3222; x_wconf 89' lang='lat' dir='ltr'>tantum</span> <span class='ocrx_word' id='word_1_320' title='bbox 571 3165 857 3237; x_wconf 88' lang='lat' dir='ltr'>contingit</span> <span class='ocrx_word' id='word_1_321' title='bbox 876 3167 1160 3220; x_wconf 90' lang='lat' dir='ltr'>damnum</span> <span class='ocrx_word' id='word_1_322' title='bbox 1189 3183 1202 3231; x_wconf 90' lang='lat'>;</span> <span class='ocrx_word' id='word_1_323' title='bbox 1236 3165 1511 3236; x_wconf 86' lang='lat' dir='ltr'>exagitati</span> <span class='ocrx_word' id='word_1_324' title='bbox 1543 3170 1774 3219; x_wconf 91' lang='lat' dir='ltr'>tantum</span> 
     </span>
    </p>
   </div>
   <div class='ocr_carea' id='block_1_48' title="bbox 115 3253 1774 3325">
    <p class='ocr_par' dir='ltr' id='par_1_48' title="bbox 115 3253 1774 3325">
     <span class='ocr_line' id='line_1_48' title="bbox 115 3253 1774 3325; baseline -0.001 -15"><span class='ocrx_word' id='word_1_325' title='bbox 115 3255 254 3310; x_wconf 86' lang='lat' dir='ltr'>estis</span> <span class='ocrx_word' id='word_1_326' title='bbox 285 3259 345 3309; x_wconf 89' lang='lat' dir='ltr'>et</span> <span class='ocrx_word' id='word_1_327' title='bbox 389 3254 858 3325; x_wconf 86' lang='lat' dir='ltr'>persecutionem</span> <span class='ocrx_word' id='word_1_328' title='bbox 909 3254 1088 3325; x_wconf 90' lang='lat' dir='ltr'>passi.</span> <span class='ocrx_word' id='word_1_329' title='bbox 1122 3253 1390 3309; x_wconf 86' lang='lat' dir='ltr'>Christus</span> <span class='ocrx_word' id='word_1_330' title='bbox 1443 3258 1636 3307; x_wconf 90' lang='lat' dir='ltr'>autem</span> <span class='ocrx_word' id='word_1_331' title='bbox 1671 3270 1774 3324; x_wconf 90' lang='lat' dir='ltr'>pro</span> 
     </span>
    </p>
   </div>
   <div class='ocr_carea' id='block_1_49' title="bbox 113 3323 1848 3414">
    <p class='ocr_par' dir='ltr' id='par_1_49' title="bbox 113 3323 1848 3414">
     <span class='ocr_line' id='line_1_49' title="bbox 113 3323 1848 3414; baseline -0.001 -17"><span class='ocrx_word' id='word_1_332' title='bbox 113 3343 279 3399; x_wconf 83' lang='lat' dir='ltr'>vobis</span> <span class='ocrx_word' id='word_1_333' title='bbox 296 3343 648 3414; x_wconf 88' lang='lat' dir='ltr'>sanguinem</span> <span class='ocrx_word' id='word_1_334' title='bbox 671 3343 854 3407; x_wconf 89' lang='lat' dir='ltr'>fudit;</span> <span class='ocrx_word' id='word_1_335' title='bbox 875 3323 974 3396; x_wconf 82' lang='lat' dir='ltr'>vos</span> <span class='ocrx_word' id='word_1_336' title='bbox 995 3348 1188 3397; x_wconf 88' lang='lat' dir='ltr'>autem</span> <span class='ocrx_word' id='word_1_337' title='bbox 1216 3360 1316 3413; x_wconf 89' lang='lat' dir='ltr'>pro</span> <span class='ocrx_word' id='word_1_338' title='bbox 1339 3323 1774 3413; x_wconf 86' lang='lat' dir='ltr'>vobismetipsis</span> <span class='ocrx_word' id='word_1_339' title='bbox 1806 3323 1848 3389; x_wconf 68' lang='grc' dir='ltr'>Ο</span> 
     </span>
    </p>
   </div>
   <div class='ocr_carea' id='block_1_50' title="bbox 112 3431 1775 3503">
    <p class='ocr_par' dir='ltr' id='par_1_50' title="bbox 112 3431 1775 3503">
     <span class='ocr_line' id='line_1_50' title="bbox 112 3431 1775 3503; baseline -0.002 -15"><span class='ocrx_word' id='word_1_340' title='bbox 112 3433 366 3488; x_wconf 88' lang='lat' dir='ltr'>necdum</span> <span class='ocrx_word' id='word_1_341' title='bbox 399 3431 518 3487; x_wconf 87' lang='lat' dir='ltr'>tale</span> <span class='ocrx_word' id='word_1_342' title='bbox 547 3431 770 3503; x_wconf 91' lang='lat' dir='ltr'>aliquid</span> <span class='ocrx_word' id='word_1_343' title='bbox 798 3432 954 3503; x_wconf 86' lang='lat' dir='ltr'>passi</span> <span class='ocrx_word' id='word_1_344' title='bbox 986 3432 1267 3486; x_wconf 88' lang='lat' dir='ltr'>estis.Ille</span> <span class='ocrx_word' id='word_1_345' title='bbox 1301 3447 1486 3501; x_wconf 89' lang='lat' dir='ltr'>usque</span> <span class='ocrx_word' id='word_1_346' title='bbox 1520 3433 1589 3485; x_wconf 90' lang='lat' dir='ltr'>ad</span> <span class='ocrx_word' id='word_1_347' title='bbox 1617 3447 1775 3484; x_wconf 86' lang='lat' dir='ltr'>mor-</span> 
     </span>
    </p>
   </div>
   <div class='ocr_carea' id='block_1_51' title="bbox 112 3519 1772 3593">
    <p class='ocr_par' dir='ltr' id='par_1_51' title="bbox 112 3519 1772 3593">
     <span class='ocr_line' id='line_1_51' title="bbox 112 3519 1772 3593; baseline -0.002 -18"><span class='ocrx_word' id='word_1_348' title='bbox 112 3527 228 3577; x_wconf 87' lang='lat' dir='ltr'>tem</span> <span class='ocrx_word' id='word_1_349' title='bbox 276 3537 384 3593; x_wconf 91' lang='lat' dir='ltr'>pro</span> <span class='ocrx_word' id='word_1_350' title='bbox 413 3520 654 3576; x_wconf 83' lang='lat' dir='ltr'>veritate</span> <span class='ocrx_word' id='word_1_351' title='bbox 704 3525 960 3575; x_wconf 89' lang='lat' dir='ltr'>certatus</span> <span class='ocrx_word' id='word_1_352' title='bbox 993 3525 1098 3585; x_wconf 92' lang='lat' dir='ltr'>est,</span> <span class='ocrx_word' id='word_1_353' title='bbox 1134 3536 1404 3591; x_wconf 90' lang='lat' dir='ltr'>pugnans</span> <span class='ocrx_word' id='word_1_354' title='bbox 1441 3535 1541 3590; x_wconf 89' lang='lat' dir='ltr'>pro</span> <span class='ocrx_word' id='word_1_355' title='bbox 1572 3519 1772 3587; x_wconf 89' lang='lat' dir='ltr'>vobis;</span> 
     </span>
    </p>
   </div>
   <div class='ocr_carea' id='block_1_52' title="bbox 113 3607 1778 3680">
    <p class='ocr_par' dir='ltr' id='par_1_52' title="bbox 113 3607 1778 3680">
     <span class='ocr_line' id='line_1_52' title="bbox 113 3607 1778 3680; baseline -0.002 -16"><span class='ocrx_word' id='word_1_356' title='bbox 113 3627 212 3666; x_wconf 90' lang='lat' dir='ltr'>vos</span> <span class='ocrx_word' id='word_1_357' title='bbox 243 3617 446 3665; x_wconf 88' lang='lat' dir='ltr'>autem</span> <span class='ocrx_word' id='word_1_358' title='bbox 479 3611 733 3664; x_wconf 90' lang='lat' dir='ltr'>necdum</span> <span class='ocrx_word' id='word_1_359' title='bbox 757 3610 826 3663; x_wconf 91' lang='lat' dir='ltr'>ad</span> <span class='ocrx_word' id='word_1_360' title='bbox 850 3609 1111 3680; x_wconf 90' lang='lat' dir='ltr'>pericula</span> <span class='ocrx_word' id='word_1_361' title='bbox 1128 3607 1498 3680; x_wconf 88' lang='lat' dir='ltr'>pervenistis,</span> <span class='ocrx_word' id='word_1_362' title='bbox 1525 3624 1653 3678; x_wconf 81' lang='lat' dir='ltr'>quae</span> <span class='ocrx_word' id='word_1_363' title='bbox 1674 3607 1778 3661; x_wconf 91' lang='lat' dir='ltr'>mi-</span> 
     </span>
    </p>
   </div>
   <div class='ocr_carea' id='block_1_53' title="bbox 115 3697 1776 3766">
    <p class='ocr_par' dir='ltr' id='par_1_53' title="bbox 115 3697 1776 3766">
     <span class='ocr_line' id='line_1_53' title="bbox 115 3697 1776 3766; baseline -0.003 -12"><span class='ocrx_word' id='word_1_364' title='bbox 115 3705 336 3754; x_wconf 90' lang='lat' dir='ltr'>nantur</span> <span class='ocrx_word' id='word_1_365' title='bbox 357 3698 858 3761; x_wconf 88' lang='lat' dir='ltr'>interitum.Quod</span> <span class='ocrx_word' id='word_1_366' title='bbox 882 3697 1037 3752; x_wconf 90' lang='lat' dir='ltr'>enim</span> <span class='ocrx_word' id='word_1_367' title='bbox 1061 3698 1451 3764; x_wconf 89' lang='lat' dir='ltr'>ait,adversus</span> <span class='ocrx_word' id='word_1_368' title='bbox 1476 3701 1776 3766; x_wconf 91' lang='lat' dir='ltr'>peccatum</span> 
     </span>
    </p>
   </div>
   <div class='ocr_carea' id='block_1_54' title="bbox 115 3785 1779 3859">
    <p class='ocr_par' dir='ltr' id='par_1_54' title="bbox 115 3785 1779 3859">
     <span class='ocr_line' id='line_1_54' title="bbox 115 3785 1779 3859; baseline -0.002 -17"><span class='ocrx_word' id='word_1_369' title='bbox 115 3792 538 3859; x_wconf 87' lang='lat' dir='ltr'>repugnantes,</span> <span class='ocrx_word' id='word_1_370' title='bbox 569 3787 939 3841; x_wconf 88' lang='lat' dir='ltr'>demonstrat</span> <span class='ocrx_word' id='word_1_371' title='bbox 957 3791 1260 3857; x_wconf 91' lang='lat' dir='ltr'>peccatum</span> <span class='ocrx_word' id='word_1_372' title='bbox 1290 3786 1664 3840; x_wconf 84' lang='lat' dir='ltr'>vehementer</span> <span class='ocrx_word' id='word_1_373' title='bbox 1683 3785 1779 3840; x_wconf 90' lang='lat' dir='ltr'>ad-</span> 
     </span>
    </p>
   </div>
   <div class='ocr_carea' id='block_1_55' title="bbox 115 3875 1691 3947">
    <p class='ocr_par' dir='ltr' id='par_1_55' title="bbox 115 3875 1691 3947">
     <span class='ocr_line' id='line_1_55' title="bbox 115 3875 1691 3947; baseline -0.002 -17"><span class='ocrx_word' id='word_1_374' title='bbox 115 3893 320 3932; x_wconf 88' lang='lat' dir='ltr'>versus</span> <span class='ocrx_word' id='word_1_375' title='bbox 351 3892 452 3931; x_wconf 88' lang='lat' dir='ltr'>eos</span> <span class='ocrx_word' id='word_1_376' title='bbox 483 3876 756 3947; x_wconf 86' lang='lat' dir='ltr'>aspirans</span> <span class='ocrx_word' id='word_1_377' title='bbox 786 3881 843 3930; x_wconf 89' lang='lat' dir='ltr'>et</span> <span class='ocrx_word' id='word_1_378' title='bbox 871 3875 1120 3930; x_wconf 89' lang='lat' dir='ltr'>diversis</span> <span class='ocrx_word' id='word_1_379' title='bbox 1153 3875 1344 3930; x_wconf 88' lang='lat' dir='ltr'>modis</span> <span class='ocrx_word' id='word_1_380' title='bbox 1377 3879 1691 3929; x_wconf 88' lang='lat' dir='ltr'>armatum.</span> 
     </span>
    </p>
   </div>
   <div class='ocr_carea' id='block_1_56' title="bbox 189 3963 1778 4034">
    <p class='ocr_par' dir='ltr' id='par_1_56' title="bbox 189 3963 1778 4034">
     <span class='ocr_line' id='line_1_56' title="bbox 189 3963 1778 4034; baseline 0 -19"><span class='ocrx_word' id='word_1_381' title='bbox 189 3987 217 4015; x_wconf 87' lang='lat'><strong>«</strong></span> <span class='ocrx_word' id='word_1_382' title='bbox 250 3966 321 4020; x_wconf 86' lang='lat' dir='ltr'>Et</span> <span class='ocrx_word' id='word_1_383' title='bbox 349 3964 517 4020; x_wconf 90' lang='lat' dir='ltr'>obliti</span> <span class='ocrx_word' id='word_1_384' title='bbox 537 3965 680 4019; x_wconf 89' lang='lat' dir='ltr'>estis</span> <span class='ocrx_word' id='word_1_385' title='bbox 698 3963 1136 4028; x_wconf 87' lang='lat' dir='ltr'>consolationis,</span> <span class='ocrx_word' id='word_1_386' title='bbox 1165 3979 1290 4034; x_wconf 63' lang='lat' dir='ltr'>qua;</span> <span class='ocrx_word' id='word_1_387' title='bbox 1308 3963 1473 4016; x_wconf 90' lang='lat' dir='ltr'>vobis</span> <span class='ocrx_word' id='word_1_388' title='bbox 1495 3967 1778 4032; x_wconf 89' lang='lat' dir='ltr'>tanquam</span> 
     </span>
    </p>
   </div>
   <div class='ocr_carea' id='block_1_57' title="bbox 121 4050 1779 4125">
    <p class='ocr_par' dir='ltr' id='par_1_57' title="bbox 121 4050 1779 4125">
     <span class='ocr_line' id='line_1_57' title="bbox 121 4050 1779 4125; baseline -0.003 -17"><span class='ocrx_word' id='word_1_389' title='bbox 121 4054 254 4110; x_wconf 90' lang='lat' dir='ltr'>ﬁliis</span> <span class='ocrx_word' id='word_1_390' title='bbox 287 4054 574 4125; x_wconf 88' lang='lat' dir='ltr'>loquitur,</span> <span class='ocrx_word' id='word_1_391' title='bbox 596 4054 835 4107; x_wconf 92' lang='lat' dir='ltr'>dicens:</span> <span class='ocrx_word' id='word_1_392' title='bbox 861 4051 966 4107; x_wconf 88' lang='lat' dir='ltr'>Fili</span> <span class='ocrx_word' id='word_1_393' title='bbox 999 4053 1100 4119; x_wconf 91' lang='lat' dir='ltr'>mi,</span> <span class='ocrx_word' id='word_1_394' title='bbox 1134 4052 1252 4106; x_wconf 88' lang='lat' dir='ltr'>noli</span> <span class='ocrx_word' id='word_1_395' title='bbox 1284 4051 1582 4122; x_wconf 84' lang='lat' dir='ltr'>negligere</span> <span class='ocrx_word' id='word_1_396' title='bbox 1605 4050 1779 4104; x_wconf 92' lang='lat' dir='ltr'>disci-</span> 
     </span>
    </p>
   </div>
   <div class='ocr_carea' id='block_1_58' title="bbox 120 4138 1776 4214">
    <p class='ocr_par' dir='ltr' id='par_1_58' title="bbox 120 4138 1776 4214">
     <span class='ocr_line' id='line_1_58' title="bbox 120 4138 1776 4214; baseline -0.004 -17"><span class='ocrx_word' id='word_1_397' title='bbox 120 4143 338 4214; x_wconf 89' lang='lat' dir='ltr'>plinam</span> <span class='ocrx_word' id='word_1_398' title='bbox 365 4141 594 4196; x_wconf 88' lang='lat' dir='ltr'>Domini</span> <span class='ocrx_word' id='word_1_399' title='bbox 611 4156 800 4212; x_wconf 90' lang='lat' dir='ltr'>neque</span> <span class='ocrx_word' id='word_1_400' title='bbox 822 4141 1252 4212; x_wconf 88' lang='lat' dir='ltr'>fatigeris,dum</span> <span class='ocrx_word' id='word_1_401' title='bbox 1274 4141 1346 4194; x_wconf 91' lang='lat' dir='ltr'>ab</span> <span class='ocrx_word' id='word_1_402' title='bbox 1370 4155 1437 4194; x_wconf 92' lang='lat' dir='ltr'>eo</span> <span class='ocrx_word' id='word_1_403' title='bbox 1458 4138 1776 4209; x_wconf 74' lang='lat' dir='ltr'>argueris.-</span> 
     </span>
    </p>
   </div>
   <div class='ocr_carea' id='block_1_59' title="bbox 123 4228 1834 4299">
    <p class='ocr_par' dir='ltr' id='par_1_59' title="bbox 123 4228 1834 4299">
     <span class='ocr_line' id='line_1_59' title="bbox 123 4228 1834 4299; baseline -0.004 -12"><span class='ocrx_word' id='word_1_404' title='bbox 123 4232 403 4288; x_wconf 86' lang='lat' dir='ltr'>Hortatur</span> <span class='ocrx_word' id='word_1_405' title='bbox 433 4232 591 4286; x_wconf 91' lang='lat' dir='ltr'>enim</span> <span class='ocrx_word' id='word_1_406' title='bbox 618 4247 719 4285; x_wconf 92' lang='lat' dir='ltr'>eos</span> <span class='ocrx_word' id='word_1_407' title='bbox 751 4247 820 4284; x_wconf 82' lang='lat' dir='ltr'>ex</span> <span class='ocrx_word' id='word_1_408' title='bbox 850 4229 1207 4284; x_wconf 87' lang='lat' dir='ltr'>testimoniis</span> <span class='ocrx_word' id='word_1_409' title='bbox 1239 4228 1698 4299; x_wconf 89' lang='lat' dir='ltr'>Scripturarum,</span> <span class='ocrx_word' id='word_1_410' title='bbox 1720 4231 1784 4281; x_wconf 92' lang='lat' dir='ltr'>ut</span> <span class='ocrx_word' id='word_1_411' title='bbox 1831 4265 1834 4268; x_wconf 55' lang='lat'>.</span> 
     </span>
    </p>
   </div>
   <div class='ocr_carea' id='block_1_60' title="bbox 121 4316 1784 4391">
    <p class='ocr_par' dir='ltr' id='par_1_60' title="bbox 121 4316 1784 4391">
     <span class='ocr_line' id='line_1_60' title="bbox 121 4316 1784 4391; baseline -0.004 -14"><span class='ocrx_word' id='word_1_412' title='bbox 121 4338 234 4377; x_wconf 90' lang='lat' dir='ltr'>non</span> <span class='ocrx_word' id='word_1_413' title='bbox 267 4320 554 4376; x_wconf 86' lang='lat' dir='ltr'>deﬁciant</span> <span class='ocrx_word' id='word_1_414' title='bbox 574 4321 718 4374; x_wconf 89' lang='lat' dir='ltr'>dum</span> <span class='ocrx_word' id='word_1_415' title='bbox 745 4323 1095 4391; x_wconf 90' lang='lat' dir='ltr'>arguuntur.</span> <span class='ocrx_word' id='word_1_416' title='bbox 1116 4318 1277 4373; x_wconf 92' lang='lat' dir='ltr'>Unde</span> <span class='ocrx_word' id='word_1_417' title='bbox 1299 4333 1414 4371; x_wconf 92' lang='lat' dir='ltr'>non</span> <span class='ocrx_word' id='word_1_418' title='bbox 1439 4333 1674 4387; x_wconf 85' lang='lat' dir='ltr'>parvam</span> <span class='ocrx_word' id='word_1_419' title='bbox 1699 4316 1784 4371; x_wconf 88' lang='lat' dir='ltr'>eis</span> 
     </span>
    </p>
   </div>
   <div class='ocr_carea' id='block_1_61' title="bbox 121 4405 1785 4482">
    <p class='ocr_par' dir='ltr' id='par_1_61' title="bbox 121 4405 1785 4482">
     <span class='ocr_line' id='line_1_61' title="bbox 121 4405 1785 4482; baseline -0.004 -18"><span class='ocrx_word' id='word_1_420' title='bbox 121 4410 332 4482; x_wconf 88' lang='lat' dir='ltr'>poterit</span> <span class='ocrx_word' id='word_1_421' title='bbox 355 4410 564 4464; x_wconf 81' lang='lat' dir='ltr'>aﬂ‘erre</span> <span class='ocrx_word' id='word_1_422' title='bbox 589 4406 1078 4477; x_wconf 77' lang='lat' dir='ltr'>consolationem,</span> <span class='ocrx_word' id='word_1_423' title='bbox 1097 4407 1238 4461; x_wconf 91' lang='lat' dir='ltr'>dum</span> <span class='ocrx_word' id='word_1_424' title='bbox 1262 4411 1625 4477; x_wconf 86' lang='lat' dir='ltr'>cognoscunt</span> <span class='ocrx_word' id='word_1_425' title='bbox 1647 4405 1785 4474; x_wconf 89' lang='lat' dir='ltr'>quia</span> 
     </span>
    </p>
   </div>
   <div class='ocr_carea' id='block_1_62' title="bbox 123 4495 1783 4570">
    <p class='ocr_par' dir='ltr' id='par_1_62' title="bbox 123 4495 1783 4570">
     <span class='ocr_line' id='line_1_62' title="bbox 123 4495 1783 4570; baseline -0.003 -17"><span class='ocrx_word' id='word_1_426' title='bbox 123 4499 216 4555; x_wconf 89' lang='lat' dir='ltr'>Dei</span> <span class='ocrx_word' id='word_1_427' title='bbox 250 4515 403 4570; x_wconf 90' lang='lat' dir='ltr'>opus</span> <span class='ocrx_word' id='word_1_428' title='bbox 454 4503 544 4553; x_wconf 88' lang='lat' dir='ltr'>est</span> <span class='ocrx_word' id='word_1_429' title='bbox 590 4496 735 4551; x_wconf 87' lang='lat' dir='ltr'>talia</span> <span class='ocrx_word' id='word_1_430' title='bbox 773 4501 906 4567; x_wconf 90' lang='lat' dir='ltr'>post</span> <span class='ocrx_word' id='word_1_431' title='bbox 952 4496 1067 4550; x_wconf 89' lang='lat' dir='ltr'>alia</span> <span class='ocrx_word' id='word_1_432' title='bbox 1107 4496 1418 4550; x_wconf 88' lang='lat' dir='ltr'>sustinere.</span> <span class='ocrx_word' id='word_1_433' title='bbox 1451 4499 1612 4548; x_wconf 82' lang='lat' dir='ltr'>Certe</span> <span class='ocrx_word' id='word_1_434' title='bbox 1664 4495 1783 4548; x_wconf 75' lang='lat' dir='ltr'>haec</span> 
     </span>
    </p>
   </div>
   <div class='ocr_carea' id='block_1_63' title="bbox 122 4583 1785 4655">
    <p class='ocr_par' dir='ltr' id='par_1_63' title="bbox 122 4583 1785 4655">
     <span class='ocr_line' id='line_1_63' title="bbox 122 4583 1785 4655; baseline -0.003 -14"><span class='ocrx_word' id='word_1_435' title='bbox 122 4587 218 4642; x_wconf 90' lang='lat' dir='ltr'>Dei</span> <span class='ocrx_word' id='word_1_436' title='bbox 239 4589 420 4642; x_wconf 88' lang='lat' dir='ltr'>verba</span> <span class='ocrx_word' id='word_1_437' title='bbox 441 4591 605 4642; x_wconf 89' lang='lat' dir='ltr'>sunt.</span> <span class='ocrx_word' id='word_1_438' title='bbox 635 4586 766 4655; x_wconf 87' lang='lat' dir='ltr'>Ipso</span> <span class='ocrx_word' id='word_1_439' title='bbox 789 4600 1046 4655; x_wconf 89' lang='lat' dir='ltr'>namque</span> <span class='ocrx_word' id='word_1_440' title='bbox 1067 4583 1342 4655; x_wconf 88' lang='lat' dir='ltr'>permitte</span> <span class='ocrx_word' id='word_1_441' title='bbox 1369 4588 1445 4646; x_wconf 92' lang='lat' dir='ltr'>te,</span> <span class='ocrx_word' id='word_1_442' title='bbox 1463 4583 1606 4652; x_wconf 78' lang='lat' dir='ltr'>justi</span> <span class='ocrx_word' id='word_1_443' title='bbox 1631 4599 1785 4652; x_wconf 88' lang='lat' dir='ltr'>pres-</span> 
     </span>
    </p>
   </div>
   <div class='ocr_carea' id='block_1_64' title="bbox 1891 2009 3542 2080">
    <p class='ocr_par' dir='ltr' id='par_1_64' title="bbox 1891 2009 3542 2080">
     <span class='ocr_line' id='line_1_64' title="bbox 1891 2009 3542 2080; baseline -0.003 -12"><span class='ocrx_word' id='word_1_444' title='bbox 1891 2029 1952 2068; x_wconf 89' lang='lat' dir='ltr'>se</span> <span class='ocrx_word' id='word_1_445' title='bbox 1982 2014 2150 2068; x_wconf 84' lang='lat' dir='ltr'>oﬂ&#39;ert</span> <span class='ocrx_word' id='word_1_446' title='bbox 2178 2013 2352 2066; x_wconf 91' lang='lat' dir='ltr'>Deus.</span> <span class='ocrx_word' id='word_1_447' title='bbox 2384 2034 2404 2060; x_wconf 78' lang='grc' dir='ltr'>ιι</span> <span class='ocrx_word' id='word_1_448' title='bbox 2443 2016 2505 2065; x_wconf 83' lang='grc' dir='ltr'>ιιι</span> <span class='ocrx_word' id='word_1_449' title='bbox 2539 2009 2870 2080; x_wconf 89' lang='lat' dir='ltr'>disciplina,</span> <span class='ocrx_word' id='word_1_450' title='bbox 2904 2009 3119 2080; x_wconf 91' lang='lat' dir='ltr'>inquit,</span> <span class='ocrx_word' id='word_1_451' title='bbox 3153 2012 3542 2080; x_wconf 89' lang='lat' dir='ltr'>perseverate.</span> 
     </span>
    </p>
   </div>
   <div class='ocr_carea' id='block_1_65' title="bbox 1889 2095 3614 2167">
    <p class='ocr_par' dir='ltr' id='par_1_65' title="bbox 1889 2095 3614 2167">
     <span class='ocr_line' id='line_1_65' title="bbox 1889 2095 3614 2167; baseline -0.003 -11"><span class='ocrx_word' id='word_1_452' title='bbox 1889 2104 1966 2156; x_wconf 90' lang='lat' dir='ltr'>Ac</span> <span class='ocrx_word' id='word_1_453' title='bbox 1989 2101 2037 2156; x_wconf 94' lang='lat' dir='ltr'>si</span> <span class='ocrx_word' id='word_1_454' title='bbox 2061 2101 2311 2155; x_wconf 88' lang='lat' dir='ltr'>diceret:</span> <span class='ocrx_word' id='word_1_455' title='bbox 2337 2099 2536 2155; x_wconf 92' lang='lat' dir='ltr'>Potius</span> <span class='ocrx_word' id='word_1_456' title='bbox 2561 2099 2725 2153; x_wconf 91' lang='lat' dir='ltr'>vobis</span> <span class='ocrx_word' id='word_1_457' title='bbox 2746 2098 2901 2153; x_wconf 90' lang='lat' dir='ltr'>enim</span> <span class='ocrx_word' id='word_1_458' title='bbox 2926 2102 3033 2164; x_wconf 89' lang='lat' dir='ltr'>est,</span> <span class='ocrx_word' id='word_1_459' title='bbox 3054 2113 3158 2167; x_wconf 90' lang='lat' dir='ltr'>per</span> <span class='ocrx_word' id='word_1_460' title='bbox 3173 2095 3544 2166; x_wconf 90' lang='lat' dir='ltr'>disciplinam</span> <span class='ocrx_word' id='word_1_461' title='bbox 3611 2131 3614 2136; x_wconf 97' lang='lat'><strong><em>-</em></strong></span> 
     </span>
    </p>
   </div>
   <div class='ocr_carea' id='block_1_66' title="bbox 1890 2184 3545 2257">
    <p class='ocr_par' dir='ltr' id='par_1_66' title="bbox 1890 2184 3545 2257">
     <span class='ocr_line' id='line_1_66' title="bbox 1890 2184 3545 2257; baseline -0.002 -14"><span class='ocrx_word' id='word_1_462' title='bbox 1890 2191 1960 2244; x_wconf 88' lang='lat' dir='ltr'>ad</span> <span class='ocrx_word' id='word_1_463' title='bbox 1993 2190 2171 2243; x_wconf 90' lang='lat' dir='ltr'>vitam</span> <span class='ocrx_word' id='word_1_464' title='bbox 2221 2188 2492 2252; x_wconf 89' lang='lat' dir='ltr'>transire,</span> <span class='ocrx_word' id='word_1_465' title='bbox 2526 2203 2706 2257; x_wconf 90' lang='lat' dir='ltr'>quam</span> <span class='ocrx_word' id='word_1_466' title='bbox 2738 2190 2898 2240; x_wconf 84' lang='lat' dir='ltr'>extra</span> <span class='ocrx_word' id='word_1_467' title='bbox 2944 2185 3321 2256; x_wconf 88' lang='lat' dir='ltr'>disciplinam</span> <span class='ocrx_word' id='word_1_468' title='bbox 3371 2184 3456 2239; x_wconf 91' lang='lat' dir='ltr'>ire</span> <span class='ocrx_word' id='word_1_469' title='bbox 3485 2187 3545 2240; x_wconf 91' lang='lat' dir='ltr'>in</span> 
     </span>
    </p>
   </div>
   <div class='ocr_carea' id='block_1_67' title="bbox 1893 2272 3548 2346">
    <p class='ocr_par' dir='ltr' id='par_1_67' title="bbox 1893 2272 3548 2346">
     <span class='ocr_line' id='line_1_67' title="bbox 1893 2272 3548 2346; baseline -0.002 -14"><span class='ocrx_word' id='word_1_470' title='bbox 1893 2282 2204 2333; x_wconf 90' lang='lat' dir='ltr'>tormenta.</span> <span class='ocrx_word' id='word_1_471' title='bbox 2239 2276 2401 2331; x_wconf 90' lang='lat' dir='ltr'>Unde</span> <span class='ocrx_word' id='word_1_472' title='bbox 2433 2273 3048 2346; x_wconf 88' lang='lat' dir='ltr'>putabantderelictos</span> <span class='ocrx_word' id='word_1_473' title='bbox 3077 2289 3227 2339; x_wconf 91' lang='lat' dir='ltr'>esse,</span> <span class='ocrx_word' id='word_1_474' title='bbox 3250 2272 3306 2327; x_wconf 92' lang='lat' dir='ltr'>in</span> <span class='ocrx_word' id='word_1_475' title='bbox 3334 2273 3441 2327; x_wconf 90' lang='lat' dir='ltr'>hoc</span> <span class='ocrx_word' id='word_1_476' title='bbox 3462 2273 3548 2328; x_wconf 91' lang='lat' dir='ltr'>eis</span> 
     </span>
    </p>
   </div>
   <div class='ocr_carea' id='block_1_68' title="bbox 1891 2361 3546 2437">
    <p class='ocr_par' dir='ltr' id='par_1_68' title="bbox 1891 2361 3546 2437">
     <span class='ocr_line' id='line_1_68' title="bbox 1891 2361 3546 2437; baseline -0.002 -17"><span class='ocrx_word' id='word_1_477' title='bbox 1891 2368 2032 2420; x_wconf 86' lang='lat' dir='ltr'>dicit</span> <span class='ocrx_word' id='word_1_478' title='bbox 2063 2367 2250 2437; x_wconf 87' lang='lat' dir='ltr'>magis</span> <span class='ocrx_word' id='word_1_479' title='bbox 2281 2365 2514 2420; x_wconf 88' lang='lat' dir='ltr'>credere</span> <span class='ocrx_word' id='word_1_480' title='bbox 2532 2366 2761 2429; x_wconf 89' lang='lat' dir='ltr'>debere,</span> <span class='ocrx_word' id='word_1_481' title='bbox 2779 2363 3058 2434; x_wconf 88' lang='lat' dir='ltr'>quoniam</span> <span class='ocrx_word' id='word_1_482' title='bbox 3083 2378 3198 2417; x_wconf 90' lang='lat' dir='ltr'>non</span> <span class='ocrx_word' id='word_1_483' title='bbox 3223 2365 3363 2417; x_wconf 89' lang='lat' dir='ltr'>sunt</span> <span class='ocrx_word' id='word_1_484' title='bbox 3384 2361 3546 2417; x_wconf 87' lang='lat' dir='ltr'>dere-</span> 
     </span>
    </p>
   </div>
   <div class='ocr_carea' id='block_1_69' title="bbox 1889 2450 3545 2522">
    <p class='ocr_par' dir='ltr' id='par_1_69' title="bbox 1889 2450 3545 2522">
     <span class='ocr_line' id='line_1_69' title="bbox 1889 2450 3545 2522; baseline -0.004 -12"><span class='ocrx_word' id='word_1_485' title='bbox 1889 2457 2032 2519; x_wconf 87' lang='lat' dir='ltr'>licti,</span> <span class='ocrx_word' id='word_1_486' title='bbox 2061 2455 2237 2509; x_wconf 88' lang='lat' dir='ltr'>veluti</span> <span class='ocrx_word' id='word_1_487' title='bbox 2271 2454 2318 2509; x_wconf 92' lang='lat' dir='ltr'>si</span> <span class='ocrx_word' id='word_1_488' title='bbox 2352 2455 2568 2508; x_wconf 87' lang='lat' dir='ltr'>diceret</span> <span class='ocrx_word' id='word_1_489' title='bbox 2594 2469 2605 2507; x_wconf 90' lang='lat'><strong>:</strong></span> <span class='ocrx_word' id='word_1_490' title='bbox 2633 2454 2780 2516; x_wconf 88' lang='lat' dir='ltr'>Quia</span> <span class='ocrx_word' id='word_1_491' title='bbox 2808 2456 2975 2506; x_wconf 88' lang='lat' dir='ltr'>tanta</span> <span class='ocrx_word' id='word_1_492' title='bbox 2995 2450 3159 2522; x_wconf 80' lang='lat' dir='ltr'>passi</span> <span class='ocrx_word' id='word_1_493' title='bbox 3189 2450 3352 2517; x_wconf 90' lang='lat' dir='ltr'>estis,</span> <span class='ocrx_word' id='word_1_494' title='bbox 3376 2455 3545 2521; x_wconf 86' lang='lat' dir='ltr'>puta-</span> 
     </span>
    </p>
   </div>
   <div class='ocr_carea' id='block_1_70' title="bbox 1887 2539 3544 2615">
    <p class='ocr_par' dir='ltr' id='par_1_70' title="bbox 1887 2539 3544 2615">
     <span class='ocr_line' id='line_1_70' title="bbox 1887 2539 3544 2615; baseline -0.003 -17"><span class='ocrx_word' id='word_1_495' title='bbox 1887 2545 1963 2598; x_wconf 91' lang='lat' dir='ltr'>tis</span> <span class='ocrx_word' id='word_1_496' title='bbox 1997 2545 2151 2615; x_wconf 88' lang='lat' dir='ltr'>quod</span> <span class='ocrx_word' id='word_1_497' title='bbox 2180 2560 2280 2598; x_wconf 90' lang='lat' dir='ltr'>vos</span> <span class='ocrx_word' id='word_1_498' title='bbox 2312 2543 2442 2596; x_wconf 93' lang='lat' dir='ltr'>odio</span> <span class='ocrx_word' id='word_1_499' title='bbox 2476 2542 2708 2607; x_wconf 88' lang='lat' dir='ltr'>habeat,</span> <span class='ocrx_word' id='word_1_500' title='bbox 2741 2539 2829 2595; x_wconf 87' lang='lat' dir='ltr'>vel</span> <span class='ocrx_word' id='word_1_501' title='bbox 2864 2539 3241 2611; x_wconf 87' lang='lat' dir='ltr'>dereliquerit</span> <span class='ocrx_word' id='word_1_502' title='bbox 3279 2539 3454 2594; x_wconf 91' lang='lat' dir='ltr'>Deus.</span> <span class='ocrx_word' id='word_1_503' title='bbox 3486 2539 3544 2593; x_wconf 90' lang='lat' dir='ltr'>Si</span> 
     </span>
    </p>
   </div>
   <div class='ocr_carea' id='block_1_71' title="bbox 1887 2627 3545 2702">
    <p class='ocr_par' dir='ltr' id='par_1_71' title="bbox 1887 2627 3545 2702">
     <span class='ocr_line' id='line_1_71' title="bbox 1887 2627 3545 2702; baseline -0.003 -15"><span class='ocrx_word' id='word_1_504' title='bbox 1887 2634 2044 2688; x_wconf 89' lang='lat' dir='ltr'>enim</span> <span class='ocrx_word' id='word_1_505' title='bbox 2078 2633 2186 2687; x_wconf 89' lang='lat' dir='ltr'>hoc</span> <span class='ocrx_word' id='word_1_506' title='bbox 2219 2649 2334 2686; x_wconf 89' lang='lat' dir='ltr'>non</span> <span class='ocrx_word' id='word_1_507' title='bbox 2360 2629 2727 2702; x_wconf 89' lang='lat' dir='ltr'>pateremini,</span> <span class='ocrx_word' id='word_1_508' title='bbox 2751 2633 2891 2683; x_wconf 91' lang='lat' dir='ltr'>tunc</span> <span class='ocrx_word' id='word_1_509' title='bbox 2913 2629 3101 2700; x_wconf 89' lang='lat' dir='ltr'>magis</span> <span class='ocrx_word' id='word_1_510' title='bbox 3123 2627 3232 2683; x_wconf 87' lang='lat' dir='ltr'>hoc</span> <span class='ocrx_word' id='word_1_511' title='bbox 3260 2645 3362 2683; x_wconf 89' lang='lat' dir='ltr'>vos</span> <span class='ocrx_word' id='word_1_512' title='bbox 3385 2627 3545 2699; x_wconf 87' lang='lat' dir='ltr'>cogi-</span> 
     </span>
    </p>
   </div>
   <div class='ocr_carea' id='block_1_72' title="bbox 1887 2715 3542 2791">
    <p class='ocr_par' dir='ltr' id='par_1_72' title="bbox 1887 2715 3542 2791">
     <span class='ocr_line' id='line_1_72' title="bbox 1887 2715 3542 2791; baseline -0.003 -15"><span class='ocrx_word' id='word_1_513' title='bbox 1887 2725 2010 2776; x_wconf 88' lang='lat' dir='ltr'>tare</span> <span class='ocrx_word' id='word_1_514' title='bbox 2059 2720 2448 2791; x_wconf 89' lang='lat' dir='ltr'>competebat.</span> <span class='ocrx_word' id='word_1_515' title='bbox 2489 2719 2545 2772; x_wconf 90' lang='lat' dir='ltr'>Si</span> <span class='ocrx_word' id='word_1_516' title='bbox 2595 2718 2748 2772; x_wconf 89' lang='lat' dir='ltr'>enim</span> <span class='ocrx_word' id='word_1_517' title='bbox 2784 2716 3040 2788; x_wconf 88' lang='lat' dir='ltr'>ﬂagellat</span> <span class='ocrx_word' id='word_1_518' title='bbox 3086 2733 3319 2771; x_wconf 89' lang='lat' dir='ltr'>omnem</span> <span class='ocrx_word' id='word_1_519' title='bbox 3353 2715 3542 2771; x_wconf 87' lang='lat' dir='ltr'>ﬁlium</span> 
     </span>
    </p>
   </div>
   <div class='ocr_carea' id='block_1_73' title="bbox 1887 2805 3544 2881">
    <p class='ocr_par' dir='ltr' id='par_1_73' title="bbox 1887 2805 3544 2881">
     <span class='ocr_line' id='line_1_73' title="bbox 1887 2805 3544 2881; baseline -0.003 -17"><span class='ocrx_word' id='word_1_520' title='bbox 1887 2827 2062 2881; x_wconf 86' lang='lat' dir='ltr'>quem</span> <span class='ocrx_word' id='word_1_521' title='bbox 2097 2809 2318 2879; x_wconf 90' lang='lat' dir='ltr'>recipit,</span> <span class='ocrx_word' id='word_1_522' title='bbox 2344 2808 2442 2879; x_wconf 91' lang='lat' dir='ltr'>qui</span> <span class='ocrx_word' id='word_1_523' title='bbox 2471 2824 2585 2862; x_wconf 90' lang='lat' dir='ltr'>non</span> <span class='ocrx_word' id='word_1_524' title='bbox 2616 2806 3101 2877; x_wconf 87' lang='lat' dir='ltr'>ﬂagellatur,sine</span> <span class='ocrx_word' id='word_1_525' title='bbox 3119 2805 3296 2859; x_wconf 92' lang='lat' dir='ltr'>dubio</span> <span class='ocrx_word' id='word_1_526' title='bbox 3316 2821 3431 2859; x_wconf 87' lang='lat' dir='ltr'>non</span> <span class='ocrx_word' id='word_1_527' title='bbox 3454 2809 3544 2860; x_wconf 89' lang='lat' dir='ltr'>est</span> 
     </span>
    </p>
   </div>
   <div class='ocr_carea' id='block_1_74' title="bbox 1887 2892 3542 2966">
    <p class='ocr_par' dir='ltr' id='par_1_74' title="bbox 1887 2892 3542 2966">
     <span class='ocr_line' id='line_1_74' title="bbox 1887 2892 3542 2966; baseline -0.002 -13"><span class='ocrx_word' id='word_1_528' title='bbox 1887 2900 1943 2953; x_wconf 89' lang='lat' dir='ltr'>in</span> <span class='ocrx_word' id='word_1_529' title='bbox 1969 2915 2213 2953; x_wconf 90' lang='lat' dir='ltr'>numero</span> <span class='ocrx_word' id='word_1_530' title='bbox 2237 2897 2512 2952; x_wconf 90' lang='lat' dir='ltr'>ﬁliorum.</span> <span class='ocrx_word' id='word_1_531' title='bbox 2536 2895 2682 2960; x_wconf 87' lang='lat' dir='ltr'>Quid</span> <span class='ocrx_word' id='word_1_532' title='bbox 2707 2892 3354 2966; x_wconf 87' lang='lat' dir='ltr'>ergo,inquis,maligni</span> <span class='ocrx_word' id='word_1_533' title='bbox 3379 2892 3542 2949; x_wconf 85' lang='lat' dir='ltr'>nulla</span> 
     </span>
    </p>
   </div>
   <div class='ocr_carea' id='block_1_75' title="bbox 1886 2981 3536 3058">
    <p class='ocr_par' dir='ltr' id='par_1_75' title="bbox 1886 2981 3536 3058">
     <span class='ocr_line' id='line_1_75' title="bbox 1886 2981 3536 3058; baseline -0.005 -15"><span class='ocrx_word' id='word_1_534' title='bbox 1886 2988 2042 3043; x_wconf 90' lang='lat' dir='ltr'>mala</span> <span class='ocrx_word' id='word_1_535' title='bbox 2065 2987 2368 3058; x_wconf 87' lang='lat' dir='ltr'>patiuntur</span> <span class='ocrx_word' id='word_1_536' title='bbox 2387 2986 2415 3039; x_wconf 84' lang='lat'><strong>?</strong></span> <span class='ocrx_word' id='word_1_537' title='bbox 2437 2985 2748 3039; x_wconf 88' lang='lat' dir='ltr'>Patiuntur</span> <span class='ocrx_word' id='word_1_538' title='bbox 2765 2983 3024 3054; x_wconf 89' lang='lat' dir='ltr'>quidem.</span> <span class='ocrx_word' id='word_1_539' title='bbox 3050 2981 3536 3052; x_wconf 87' lang='lat' dir='ltr'>Quando,inquit,</span> 
     </span>
    </p>
   </div>
   <div class='ocr_carea' id='block_1_76' title="bbox 1885 3068 3538 3146">
    <p class='ocr_par' dir='ltr' id='par_1_76' title="bbox 1885 3068 3538 3146">
     <span class='ocr_line' id='line_1_76' title="bbox 1885 3068 3538 3146; baseline -0.005 -15"><span class='ocrx_word' id='word_1_540' title='bbox 1885 3077 2106 3146; x_wconf 89' lang='lat' dir='ltr'>dicens,</span> <span class='ocrx_word' id='word_1_541' title='bbox 2139 3075 2293 3146; x_wconf 93' lang='lat' dir='ltr'>quod</span> <span class='ocrx_word' id='word_1_542' title='bbox 2326 3073 2520 3128; x_wconf 88' lang='lat' dir='ltr'>omnis</span> <span class='ocrx_word' id='word_1_543' title='bbox 2543 3072 2701 3127; x_wconf 87' lang='lat' dir='ltr'>ﬁlius</span> <span class='ocrx_word' id='word_1_544' title='bbox 2728 3071 3080 3142; x_wconf 87' lang='lat' dir='ltr'>ﬂagellatur,</span> <span class='ocrx_word' id='word_1_545' title='bbox 3104 3070 3205 3124; x_wconf 87' lang='lat' dir='ltr'>sed</span> <span class='ocrx_word' id='word_1_546' title='bbox 3229 3085 3346 3122; x_wconf 92' lang='lat' dir='ltr'>non</span> <span class='ocrx_word' id='word_1_547' title='bbox 3372 3068 3538 3138; x_wconf 82' lang='lat' dir='ltr'>dixit,</span> 
     </span>
    </p>
   </div>
   <div class='ocr_carea' id='block_1_77' title="bbox 1884 3155 3541 3236">
    <p class='ocr_par' dir='ltr' id='par_1_77' title="bbox 1884 3155 3541 3236">
     <span class='ocr_line' id='line_1_77' title="bbox 1884 3155 3541 3236; baseline -0.004 -18"><span class='ocrx_word' id='word_1_548' title='bbox 1884 3165 2024 3236; x_wconf 90' lang='lat' dir='ltr'>quia</span> <span class='ocrx_word' id='word_1_549' title='bbox 2046 3164 2240 3219; x_wconf 91' lang='lat' dir='ltr'>omnis</span> <span class='ocrx_word' id='word_1_550' title='bbox 2264 3162 2363 3232; x_wconf 89' lang='lat' dir='ltr'>qui</span> <span class='ocrx_word' id='word_1_551' title='bbox 2380 3159 2878 3232; x_wconf 89' lang='lat' dir='ltr'>ﬂagellaturﬁlius</span> <span class='ocrx_word' id='word_1_552' title='bbox 2899 3162 3022 3224; x_wconf 87' lang='lat' dir='ltr'>est;</span> <span class='ocrx_word' id='word_1_553' title='bbox 3047 3157 3147 3212; x_wconf 91' lang='lat' dir='ltr'>sed</span> <span class='ocrx_word' id='word_1_554' title='bbox 3163 3155 3357 3212; x_wconf 91' lang='lat' dir='ltr'>omnis</span> <span class='ocrx_word' id='word_1_555' title='bbox 3381 3155 3541 3212; x_wconf 89' lang='lat' dir='ltr'>ﬁlius</span> 
     </span>
    </p>
   </div>
   <div class='ocr_carea' id='block_1_78' title="bbox 1887 3245 3544 3325">
    <p class='ocr_par' dir='ltr' id='par_1_78' title="bbox 1887 3245 3544 3325">
     <span class='ocr_line' id='line_1_78' title="bbox 1887 3245 3544 3325; baseline -0.004 -18"><span class='ocrx_word' id='word_1_556' title='bbox 1887 3252 2235 3325; x_wconf 88' lang='lat' dir='ltr'>ﬂagellatur.</span> <span class='ocrx_word' id='word_1_557' title='bbox 2268 3253 2508 3320; x_wconf 89' lang='lat' dir='ltr'>Semper</span> <span class='ocrx_word' id='word_1_558' title='bbox 2538 3249 2694 3303; x_wconf 91' lang='lat' dir='ltr'>enim</span> <span class='ocrx_word' id='word_1_559' title='bbox 2726 3247 2947 3318; x_wconf 91' lang='lat' dir='ltr'>ubique</span> <span class='ocrx_word' id='word_1_560' title='bbox 2973 3245 3160 3301; x_wconf 91' lang='lat' dir='ltr'>ﬁlium</span> <span class='ocrx_word' id='word_1_561' title='bbox 3191 3245 3456 3300; x_wconf 87' lang='lat' dir='ltr'>verberat</span> <span class='ocrx_word' id='word_1_562' title='bbox 3484 3247 3544 3300; x_wconf 85' lang='lat' dir='ltr'>et</span> 
     </span>
    </p>
   </div>
   <div class='ocr_carea' id='block_1_79' title="bbox 1888 3333 3545 3413">
    <p class='ocr_par' dir='ltr' id='par_1_79' title="bbox 1888 3333 3545 3413">
     <span class='ocr_line' id='line_1_79' title="bbox 1888 3333 3545 3413; baseline -0.007 -16"><span class='ocrx_word' id='word_1_563' title='bbox 1888 3344 2154 3413; x_wconf 82' lang='lat' dir='ltr'>castigat.</span> <span class='ocrx_word' id='word_1_564' title='bbox 2183 3341 2331 3394; x_wconf 89' lang='lat' dir='ltr'>Sunt</span> <span class='ocrx_word' id='word_1_565' title='bbox 2353 3338 2590 3408; x_wconf 90' lang='lat' dir='ltr'>quidem</span> <span class='ocrx_word' id='word_1_566' title='bbox 2615 3335 2875 3408; x_wconf 91' lang='lat' dir='ltr'>plurimi,</span> <span class='ocrx_word' id='word_1_567' title='bbox 2899 3335 2998 3406; x_wconf 90' lang='lat' dir='ltr'>qui</span> <span class='ocrx_word' id='word_1_568' title='bbox 3024 3333 3545 3406; x_wconf 87' lang='lat' dir='ltr'>ﬂagellantur,ma-</span> 
     </span>
    </p>
   </div>
   <div class='ocr_carea' id='block_1_80' title="bbox 1889 3420 3546 3501">
    <p class='ocr_par' dir='ltr' id='par_1_80' title="bbox 1889 3420 3546 3501">
     <span class='ocr_line' id='line_1_80' title="bbox 1889 3420 3546 3501; baseline -0.006 -17"><span class='ocrx_word' id='word_1_569' title='bbox 1889 3430 2054 3501; x_wconf 89' lang='lat' dir='ltr'>ligni,</span> <span class='ocrx_word' id='word_1_570' title='bbox 2089 3430 2240 3484; x_wconf 87' lang='lat' dir='ltr'>sicut</span> <span class='ocrx_word' id='word_1_571' title='bbox 2269 3426 2596 3495; x_wconf 83' lang='lat' dir='ltr'>homicidae,</span> <span class='ocrx_word' id='word_1_572' title='bbox 2630 3425 2904 3490; x_wconf 90' lang='lat' dir='ltr'>latrones,</span> <span class='ocrx_word' id='word_1_573' title='bbox 2940 3421 3210 3491; x_wconf 89' lang='lat' dir='ltr'>maleﬁci,</span> <span class='ocrx_word' id='word_1_574' title='bbox 3246 3420 3546 3493; x_wconf 81' lang='lat' dir='ltr'>sepulcro-</span> 
     </span>
    </p>
   </div>
   <div class='ocr_carea' id='block_1_81' title="bbox 1888 3506 3548 3588">
    <p class='ocr_par' dir='ltr' id='par_1_81' title="bbox 1888 3506 3548 3588">
     <span class='ocr_line' id='line_1_81' title="bbox 1888 3506 3548 3588; baseline -0.008 -14"><span class='ocrx_word' id='word_1_575' title='bbox 1888 3535 2019 3574; x_wconf 93' lang='lat' dir='ltr'>rum</span> <span class='ocrx_word' id='word_1_576' title='bbox 2053 3516 2502 3588; x_wconf 73' lang='lat' dir='ltr'>depraedatores,</span> <span class='ocrx_word' id='word_1_577' title='bbox 2519 3514 2620 3568; x_wconf 93' lang='lat' dir='ltr'>sed</span> <span class='ocrx_word' id='word_1_578' title='bbox 2639 3512 2719 3566; x_wconf 90' lang='lat' dir='ltr'>illi</span> <span class='ocrx_word' id='word_1_579' title='bbox 2745 3529 2846 3582; x_wconf 92' lang='lat' dir='ltr'>pro</span> <span class='ocrx_word' id='word_1_580' title='bbox 2865 3509 3301 3581; x_wconf 89' lang='lat' dir='ltr'>suainiquitate</span> <span class='ocrx_word' id='word_1_581' title='bbox 3326 3506 3548 3578; x_wconf 89' lang='lat' dir='ltr'>suppli-</span> 
     </span>
    </p>
   </div>
   <div class='ocr_carea' id='block_1_82' title="bbox 1889 3593 3548 3677">
    <p class='ocr_par' dir='ltr' id='par_1_82' title="bbox 1889 3593 3548 3677">
     <span class='ocr_line' id='line_1_82' title="bbox 1889 3593 3548 3677; baseline -0.008 -16"><span class='ocrx_word' id='word_1_582' title='bbox 1889 3607 1978 3662; x_wconf 90' lang='lat' dir='ltr'>cia</span> <span class='ocrx_word' id='word_1_583' title='bbox 2010 3605 2406 3677; x_wconf 90' lang='lat' dir='ltr'>patiuntur,et</span> <span class='ocrx_word' id='word_1_584' title='bbox 2439 3620 2550 3656; x_wconf 89' lang='lat' dir='ltr'>non</span> <span class='ocrx_word' id='word_1_585' title='bbox 2571 3600 2726 3656; x_wconf 87' lang='lat' dir='ltr'>sicut</span> <span class='ocrx_word' id='word_1_586' title='bbox 2746 3599 2845 3653; x_wconf 88' lang='lat' dir='ltr'>lilii</span> <span class='ocrx_word' id='word_1_587' title='bbox 2870 3595 3372 3670; x_wconf 88' lang='lat' dir='ltr'>ﬂagellantur,sed</span> <span class='ocrx_word' id='word_1_588' title='bbox 3395 3593 3548 3649; x_wconf 88' lang='lat' dir='ltr'>sicut</span> 
     </span>
    </p>
   </div>
   <div class='ocr_carea' id='block_1_83' title="bbox 1891 3683 3547 3768">
    <p class='ocr_par' dir='ltr' id='par_1_83' title="bbox 1891 3683 3547 3768">
     <span class='ocr_line' id='line_1_83' title="bbox 1891 3683 3547 3768; baseline -0.007 -18"><span class='ocrx_word' id='word_1_589' title='bbox 1891 3695 2131 3768; x_wconf 91' lang='lat' dir='ltr'>pessimi</span> <span class='ocrx_word' id='word_1_590' title='bbox 2185 3693 2533 3764; x_wconf 89' lang='lat' dir='ltr'>puniuntur,</span> <span class='ocrx_word' id='word_1_591' title='bbox 2579 3707 2695 3745; x_wconf 89' lang='lat' dir='ltr'>non</span> <span class='ocrx_word' id='word_1_592' title='bbox 2748 3690 2900 3743; x_wconf 89' lang='lat' dir='ltr'>sicut</span> <span class='ocrx_word' id='word_1_593' title='bbox 2943 3687 3068 3741; x_wconf 89' lang='lat' dir='ltr'>ﬁlii.</span> <span class='ocrx_word' id='word_1_594' title='bbox 3112 3683 3547 3740; x_wconf 88' lang='lat' dir='ltr'>Tribulationes</span> 
     </span>
    </p>
   </div>
   <div class='ocr_carea' id='block_1_84' title="bbox 1890 3769 3543 3850">
    <p class='ocr_par' dir='ltr' id='par_1_84' title="bbox 1890 3769 3543 3850">
     <span class='ocr_line' id='line_1_84' title="bbox 1890 3769 3543 3850; baseline -0.009 -11"><span class='ocrx_word' id='word_1_595' title='bbox 1890 3784 2042 3840; x_wconf 92' lang='lat' dir='ltr'>enim</span> <span class='ocrx_word' id='word_1_596' title='bbox 2079 3781 2343 3836; x_wconf 89' lang='lat' dir='ltr'>ﬁdelium</span> <span class='ocrx_word' id='word_1_597' title='bbox 2377 3780 2526 3850; x_wconf 89' lang='lat' dir='ltr'>apud</span> <span class='ocrx_word' id='word_1_598' title='bbox 2563 3778 2862 3849; x_wconf 89' lang='lat' dir='ltr'>reprobos,</span> <span class='ocrx_word' id='word_1_599' title='bbox 2898 3780 2955 3830; x_wconf 91' lang='lat' dir='ltr'>et</span> <span class='ocrx_word' id='word_1_600' title='bbox 2986 3778 3277 3829; x_wconf 88' lang='lat' dir='ltr'>amatores</span> <span class='ocrx_word' id='word_1_601' title='bbox 3313 3769 3543 3836; x_wconf 87' lang='lat' dir='ltr'>mundi,</span> 
     </span>
    </p>
   </div>
   <div class='ocr_carea' id='block_1_85' title="bbox 1890 3865 3548 3940">
    <p class='ocr_par' dir='ltr' id='par_1_85' title="bbox 1890 3865 3548 3940">
     <span class='ocr_line' id='line_1_85' title="bbox 1890 3865 3548 3940; baseline -0.008 -13"><span class='ocrx_word' id='word_1_602' title='bbox 1890 3890 2004 3928; x_wconf 91' lang='lat' dir='ltr'>non</span> <span class='ocrx_word' id='word_1_603' title='bbox 2038 3870 2149 3926; x_wconf 91' lang='lat' dir='ltr'>nisi</span> <span class='ocrx_word' id='word_1_604' title='bbox 2182 3887 2248 3925; x_wconf 84' lang='lat' dir='ltr'>ex</span> <span class='ocrx_word' id='word_1_605' title='bbox 2281 3872 2514 3940; x_wconf 89' lang='lat' dir='ltr'>peccato</span> <span class='ocrx_word' id='word_1_606' title='bbox 2547 3883 2676 3921; x_wconf 91' lang='lat' dir='ltr'>esse</span> <span class='ocrx_word' id='word_1_607' title='bbox 2699 3865 2882 3936; x_wconf 88' lang='lat' dir='ltr'>justis</span> <span class='ocrx_word' id='word_1_608' title='bbox 2906 3865 3320 3935; x_wconf 87' lang='lat' dir='ltr'>suspicantur;</span> <span class='ocrx_word' id='word_1_609' title='bbox 3356 3875 3420 3915; x_wconf 90' lang='lat' dir='ltr'>se</span> <span class='ocrx_word' id='word_1_610' title='bbox 3449 3875 3548 3913; x_wconf 90' lang='lat' dir='ltr'>an-</span> 
     </span>
    </p>
   </div>
   <div class='ocr_carea' id='block_1_86' title="bbox 1890 3947 3547 4029">
    <p class='ocr_par' dir='ltr' id='par_1_86' title="bbox 1890 3947 3547 4029">
     <span class='ocr_line' id='line_1_86' title="bbox 1890 3947 3547 4029; baseline -0.01 -12"><span class='ocrx_word' id='word_1_611' title='bbox 1890 3968 1982 4017; x_wconf 90' lang='lat' dir='ltr'>tea</span> <span class='ocrx_word' id='word_1_612' title='bbox 2010 3961 2138 4014; x_wconf 89' lang='lat' dir='ltr'>ideo</span> <span class='ocrx_word' id='word_1_613' title='bbox 2160 3960 2357 4029; x_wconf 84' lang='lat' dir='ltr'>justos</span> <span class='ocrx_word' id='word_1_614' title='bbox 2389 3957 2654 4020; x_wconf 89' lang='lat' dir='ltr'>credunt,</span> <span class='ocrx_word' id='word_1_615' title='bbox 2689 3954 2828 4025; x_wconf 89' lang='lat' dir='ltr'>quia</span> <span class='ocrx_word' id='word_1_616' title='bbox 2870 3953 2929 4006; x_wconf 91' lang='lat' dir='ltr'>in</span> <span class='ocrx_word' id='word_1_617' title='bbox 2964 3953 3248 4022; x_wconf 88' lang='lat' dir='ltr'>pravitate</span> <span class='ocrx_word' id='word_1_618' title='bbox 3290 3947 3382 4004; x_wconf 91' lang='lat' dir='ltr'>sui</span> <span class='ocrx_word' id='word_1_619' title='bbox 3413 3961 3547 4002; x_wconf 87' lang='lat' dir='ltr'>sen-</span> 
     </span>
    </p>
   </div>
   <div class='ocr_carea' id='block_1_87' title="bbox 1890 4042 3046 4115">
    <p class='ocr_par' dir='ltr' id='par_1_87' title="bbox 1890 4042 3046 4115">
     <span class='ocr_line' id='line_1_87' title="bbox 1890 4042 3046 4115; baseline -0.01 -10"><span class='ocrx_word' id='word_1_620' title='bbox 1890 4067 1993 4105; x_wconf 90' lang='lat' dir='ltr'>sus</span> <span class='ocrx_word' id='word_1_621' title='bbox 2025 4047 2256 4102; x_wconf 90' lang='lat' dir='ltr'>dimissi</span> <span class='ocrx_word' id='word_1_622' title='bbox 2287 4045 2413 4100; x_wconf 90' lang='lat' dir='ltr'>sine</span> <span class='ocrx_word' id='word_1_623' title='bbox 2440 4042 2667 4115; x_wconf 89' lang='lat' dir='ltr'>ﬂagello</span> <span class='ocrx_word' id='word_1_624' title='bbox 2697 4044 3046 4095; x_wconf 87' lang='lat' dir='ltr'>duruerunt.</span> 
     </span>
    </p>
   </div>
   <div class='ocr_carea' id='block_1_88' title="bbox 1965 4125 3552 4202">
    <p class='ocr_par' dir='ltr' id='par_1_88' title="bbox 1965 4125 3552 4202">
     <span class='ocr_line' id='line_1_88' title="bbox 1965 4125 3552 4202; baseline -0.003 -16"><span class='ocrx_word' id='word_1_625' title='bbox 1965 4161 1990 4187; x_wconf 84' lang='grc'>‹‹</span> <span class='ocrx_word' id='word_1_626' title='bbox 2026 4136 2165 4202; x_wconf 87' lang='lat' dir='ltr'>Quis</span> <span class='ocrx_word' id='word_1_627' title='bbox 2196 4135 2352 4189; x_wconf 90' lang='lat' dir='ltr'>enim</span> <span class='ocrx_word' id='word_1_628' title='bbox 2387 4131 2758 4202; x_wconf 87' lang='lat' dir='ltr'>ﬁlius,quem</span> <span class='ocrx_word' id='word_1_629' title='bbox 2778 4145 2891 4183; x_wconf 90' lang='lat' dir='ltr'>non</span> <span class='ocrx_word' id='word_1_630' title='bbox 2913 4125 3419 4199; x_wconf 83' lang='lat' dir='ltr'>corripitpater?»</span> <span class='ocrx_word' id='word_1_631' title='bbox 3451 4125 3552 4180; x_wconf 91' lang='lat' dir='ltr'>So-</span> 
     </span>
    </p>
   </div>
   <div class='ocr_carea' id='block_1_89' title="bbox 1891 4213 3550 4294">
    <p class='ocr_par' dir='ltr' id='par_1_89' title="bbox 1891 4213 3550 4294">
     <span class='ocr_line' id='line_1_89' title="bbox 1891 4213 3550 4294; baseline -0.008 -12"><span class='ocrx_word' id='word_1_632' title='bbox 1891 4229 1970 4283; x_wconf 90' lang='lat' dir='ltr'>let</span> <span class='ocrx_word' id='word_1_633' title='bbox 1999 4227 2154 4280; x_wconf 92' lang='lat' dir='ltr'>enim</span> <span class='ocrx_word' id='word_1_634' title='bbox 2188 4221 2502 4294; x_wconf 86' lang='lat' dir='ltr'>aliquoties</span> <span class='ocrx_word' id='word_1_635' title='bbox 2534 4221 2592 4273; x_wconf 90' lang='lat' dir='ltr'>in</span> <span class='ocrx_word' id='word_1_636' title='bbox 2626 4219 2903 4274; x_wconf 90' lang='lat' dir='ltr'>domibus</span> <span class='ocrx_word' id='word_1_637' title='bbox 2935 4214 3356 4288; x_wconf 84' lang='lat' dir='ltr'>paterfamilias</span> <span class='ocrx_word' id='word_1_638' title='bbox 3397 4213 3550 4268; x_wconf 86' lang='lat' dir='ltr'>ﬁlios</span> 
     </span>
    </p>
   </div>
   <div class='ocr_carea' id='block_1_90' title="bbox 1893 4301 3550 4385">
    <p class='ocr_par' dir='ltr' id='par_1_90' title="bbox 1893 4301 3550 4385">
     <span class='ocr_line' id='line_1_90' title="bbox 1893 4301 3550 4385; baseline -0.01 -13"><span class='ocrx_word' id='word_1_639' title='bbox 1893 4317 2114 4372; x_wconf 91' lang='lat' dir='ltr'>alienos</span> <span class='ocrx_word' id='word_1_640' title='bbox 2148 4313 2463 4385; x_wconf 90' lang='lat' dir='ltr'>negligere,</span> <span class='ocrx_word' id='word_1_641' title='bbox 2489 4325 2628 4364; x_wconf 90' lang='lat' dir='ltr'>suos</span> <span class='ocrx_word' id='word_1_642' title='bbox 2651 4325 2784 4362; x_wconf 89' lang='lat' dir='ltr'>vero</span> <span class='ocrx_word' id='word_1_643' title='bbox 2807 4307 2960 4361; x_wconf 90' lang='lat' dir='ltr'>ﬁlios</span> <span class='ocrx_word' id='word_1_644' title='bbox 2983 4306 3290 4375; x_wconf 86' lang='lat' dir='ltr'>castigare,</span> <span class='ocrx_word' id='word_1_645' title='bbox 3312 4301 3400 4358; x_wconf 89' lang='lat' dir='ltr'>vel</span> <span class='ocrx_word' id='word_1_646' title='bbox 3424 4318 3550 4356; x_wconf 92' lang='lat' dir='ltr'>cor-</span> 
     </span>
    </p>
   </div>
   <div class='ocr_carea' id='block_1_91' title="bbox 1894 4390 3552 4476">
    <p class='ocr_par' dir='ltr' id='par_1_91' title="bbox 1894 4390 3552 4476">
     <span class='ocr_line' id='line_1_91' title="bbox 1894 4390 3552 4476; baseline -0.01 -16"><span class='ocrx_word' id='word_1_647' title='bbox 1894 4407 2102 4476; x_wconf 90' lang='lat' dir='ltr'>ripere,</span> <span class='ocrx_word' id='word_1_648' title='bbox 2140 4419 2210 4456; x_wconf 91' lang='lat' dir='ltr'>ne</span> <span class='ocrx_word' id='word_1_649' title='bbox 2239 4417 2337 4455; x_wconf 91' lang='lat' dir='ltr'>eos</span> <span class='ocrx_word' id='word_1_650' title='bbox 2369 4398 2525 4452; x_wconf 91' lang='lat' dir='ltr'>mala</span> <span class='ocrx_word' id='word_1_651' title='bbox 2554 4396 2849 4467; x_wconf 86' lang='lat' dir='ltr'>opprimat</span> <span class='ocrx_word' id='word_1_652' title='bbox 2882 4391 3256 4465; x_wconf 89' lang='lat' dir='ltr'>negligentia.</span> <span class='ocrx_word' id='word_1_653' title='bbox 3283 4391 3342 4446; x_wconf 90' lang='lat' dir='ltr'>Si</span> <span class='ocrx_word' id='word_1_654' title='bbox 3370 4390 3552 4462; x_wconf 91' lang='lat' dir='ltr'>igitur</span> 
     </span>
    </p>
   </div>
   <div class='ocr_carea' id='block_1_92' title="bbox 1894 4478 3551 4564">
    <p class='ocr_par' dir='ltr' id='par_1_92' title="bbox 1894 4478 3551 4564">
     <span class='ocr_line' id='line_1_92' title="bbox 1894 4478 3551 4564; baseline -0.01 -16"><span class='ocrx_word' id='word_1_655' title='bbox 1894 4494 1976 4549; x_wconf 90' lang='lat' dir='ltr'>illi</span> <span class='ocrx_word' id='word_1_656' title='bbox 2006 4508 2106 4564; x_wconf 94' lang='lat' dir='ltr'>pro</span> <span class='ocrx_word' id='word_1_657' title='bbox 2126 4490 2264 4544; x_wconf 89' lang='lat' dir='ltr'>ﬁliis</span> <span class='ocrx_word' id='word_1_658' title='bbox 2287 4487 2542 4558; x_wconf 88' lang='lat' dir='ltr'>propriis</span> <span class='ocrx_word' id='word_1_659' title='bbox 2565 4490 2831 4550; x_wconf 88' lang='lat' dir='ltr'>utuntur,</span> <span class='ocrx_word' id='word_1_660' title='bbox 2856 4499 2927 4536; x_wconf 90' lang='lat' dir='ltr'>ne</span> <span class='ocrx_word' id='word_1_661' title='bbox 2948 4498 3046 4536; x_wconf 91' lang='lat' dir='ltr'>eos</span> <span class='ocrx_word' id='word_1_662' title='bbox 3069 4478 3424 4552; x_wconf 88' lang='lat' dir='ltr'>negligentia</span> <span class='ocrx_word' id='word_1_663' title='bbox 3443 4495 3551 4550; x_wconf 87' lang='lat' dir='ltr'>op-</span> 
     </span>
    </p>
   </div>
   <div class='ocr_carea' id='block_1_93' title="bbox 1895 4567 3552 4654">
    <p class='ocr_par' dir='ltr' id='par_1_93' title="bbox 1895 4567 3552 4654">
     <span class='ocr_line' id='line_1_93' title="bbox 1895 4567 3552 4654; baseline -0.01 -18"><span class='ocrx_word' id='word_1_664' title='bbox 1895 4583 2147 4654; x_wconf 89' lang='lat' dir='ltr'>primat;</span> <span class='ocrx_word' id='word_1_665' title='bbox 2183 4579 2312 4631; x_wconf 92' lang='lat' dir='ltr'>ideo</span> <span class='ocrx_word' id='word_1_666' title='bbox 2344 4577 2573 4645; x_wconf 91' lang='lat' dir='ltr'>oportet</span> <span class='ocrx_word' id='word_1_667' title='bbox 2596 4589 2701 4626; x_wconf 90' lang='lat' dir='ltr'>nos</span> <span class='ocrx_word' id='word_1_668' title='bbox 2724 4571 2979 4642; x_wconf 83' lang='lat' dir='ltr'>gaudere</span> <span class='ocrx_word' id='word_1_669' title='bbox 3002 4585 3136 4623; x_wconf 91' lang='lat' dir='ltr'>cum</span> <span class='ocrx_word' id='word_1_670' title='bbox 3167 4567 3552 4639; x_wconf 89' lang='lat' dir='ltr'>castigamur,</span> 
     </span>
    </p>
   </div>
   <div class='ocr_carea' id='block_1_94' title="bbox 122 4655 3554 4753">
    <p class='ocr_par' dir='ltr' id='par_1_94' title="bbox 122 4655 3554 4753">
     <span class='ocr_line' id='line_1_94' title="bbox 122 4655 3554 4753; baseline -0.006 -22"><span class='ocrx_word' id='word_1_671' title='bbox 122 4692 290 4732; x_wconf 89' lang='lat' dir='ltr'>suras</span> <span class='ocrx_word' id='word_1_672' title='bbox 320 4675 515 4730; x_wconf 88' lang='lat' dir='ltr'>varias</span> <span class='ocrx_word' id='word_1_673' title='bbox 537 4675 866 4746; x_wconf 88' lang='lat' dir='ltr'>patiuntur.</span> <span class='ocrx_word' id='word_1_674' title='bbox 896 4673 1021 4728; x_wconf 91' lang='lat' dir='ltr'>Non</span> <span class='ocrx_word' id='word_1_675' title='bbox 1047 4673 1291 4743; x_wconf 91' lang='lat' dir='ltr'>potestis</span> <span class='ocrx_word' id='word_1_676' title='bbox 1314 4672 1672 4740; x_wconf 85' lang='lat' dir='ltr'>dicere,quia</span> <span class='ocrx_word' id='word_1_677' title='bbox 1694 4674 1783 4726; x_wconf 89' lang='lat' dir='ltr'>est</span> <span class='ocrx_word' id='word_1_678' title='bbox 1815 4690 1860 4753; x_wconf 71' lang='grc' dir='ltr'>Β</span> <span class='ocrx_word' id='word_1_679' title='bbox 1894 4669 2184 4742; x_wconf 90' lang='lat' dir='ltr'>siquidem</span> <span class='ocrx_word' id='word_1_680' title='bbox 2219 4666 2328 4719; x_wconf 90' lang='lat' dir='ltr'>hoc</span> <span class='ocrx_word' id='word_1_681' title='bbox 2359 4663 2497 4716; x_wconf 90' lang='lat' dir='ltr'>ﬁliis</span> <span class='ocrx_word' id='word_1_682' title='bbox 2528 4660 2788 4753; x_wconf 78' lang='lat' dir='ltr'>propriis</span> <span class='ocrx_word' id='word_1_683' title='bbox 2813 4656 3155 4753; x_wconf 36' lang='lat' dir='ltr'>adhibetur.-</span> <span class='ocrx_word' id='word_1_684' title='bbox 3179 4655 3426 4753; x_wconf 53' lang='lat' dir='ltr'>Proinde</span> <span class='ocrx_word' id='word_1_685' title='bbox 3455 4670 3554 4710; x_wconf 88' lang='lat' dir='ltr'>no-</span> 
     </span>
    </p>
   </div>
   <div class='ocr_carea' id='block_1_95' title="bbox 117 4759 1791 4836">
    <p class='ocr_par' dir='ltr' id='par_1_95' title="bbox 117 4759 1791 4836">
     <span class='ocr_line' id='line_1_95' title="bbox 117 4759 1791 4836; baseline -0.003 -17"><span class='ocrx_word' id='word_1_686' title='bbox 117 4766 318 4836; x_wconf 88' lang='lat' dir='ltr'>justus</span> <span class='ocrx_word' id='word_1_687' title='bbox 342 4763 582 4834; x_wconf 86' lang='lat' dir='ltr'>aliquis,</span> <span class='ocrx_word' id='word_1_688' title='bbox 603 4762 746 4834; x_wconf 88' lang='lat' dir='ltr'>quia</span> <span class='ocrx_word' id='word_1_689' title='bbox 766 4777 972 4833; x_wconf 86' lang='lat' dir='ltr'>expers</span> <span class='ocrx_word' id='word_1_690' title='bbox 994 4759 1393 4816; x_wconf 88' lang='lat' dir='ltr'>tribulationis</span> <span class='ocrx_word' id='word_1_691' title='bbox 1414 4759 1791 4830; x_wconf 84' lang='lat' dir='ltr'>existat,quia</span> 
     </span>
    </p>
   </div>
   <div class='ocr_carea' id='block_1_96' title="bbox 125 4849 1786 4926">
    <p class='ocr_par' dir='ltr' id='par_1_96' title="bbox 125 4849 1786 4926">
     <span class='ocr_line' id='line_1_96' title="bbox 125 4849 1786 4926; baseline -0.003 -18"><span class='ocrx_word' id='word_1_692' title='bbox 125 4852 388 4926; x_wconf 86' lang='lat' dir='ltr'>ﬂagellat</span> <span class='ocrx_word' id='word_1_693' title='bbox 417 4863 649 4906; x_wconf 87' lang='lat' dir='ltr'>omnem</span> <span class='ocrx_word' id='word_1_694' title='bbox 705 4850 892 4906; x_wconf 90' lang='lat' dir='ltr'>ﬁlium</span> <span class='ocrx_word' id='word_1_695' title='bbox 927 4867 1102 4922; x_wconf 91' lang='lat' dir='ltr'>quem</span> <span class='ocrx_word' id='word_1_696' title='bbox 1135 4849 1358 4919; x_wconf 87' lang='lat' dir='ltr'>recipit.</span> <span class='ocrx_word' id='word_1_697' title='bbox 1405 4849 1655 4903; x_wconf 87' lang='lat' dir='ltr'>Proinde</span> <span class='ocrx_word' id='word_1_698' title='bbox 1688 4865 1786 4903; x_wconf 90' lang='lat' dir='ltr'>ne-</span> 
     </span>
    </p>
   </div>
   <div class='ocr_carea' id='block_1_97' title="bbox 123 4937 1790 5011">
    <p class='ocr_par' dir='ltr' id='par_1_97' title="bbox 123 4937 1790 5011">
     <span class='ocr_line' id='line_1_97' title="bbox 123 4937 1790 5011; baseline -0.004 -12"><span class='ocrx_word' id='word_1_699' title='bbox 123 4960 282 4998; x_wconf 84' lang='lat' dir='ltr'>cesse</span> <span class='ocrx_word' id='word_1_700' title='bbox 298 4943 798 5010; x_wconf 86' lang='lat' dir='ltr'>estomnesjustos</span> <span class='ocrx_word' id='word_1_701' title='bbox 812 4955 916 5010; x_wconf 92' lang='lat' dir='ltr'>per</span> <span class='ocrx_word' id='word_1_702' title='bbox 929 4955 1132 5011; x_wconf 89' lang='lat' dir='ltr'>pressu</span> <span class='ocrx_word' id='word_1_703' title='bbox 1144 4937 1790 5008; x_wconf 86' lang='lat' dir='ltr'>ras,tribulationesque</span> 
     </span>
    </p>
   </div>
   <div class='ocr_carea' id='block_1_98' title="bbox 123 5026 1792 5099">
    <p class='ocr_par' dir='ltr' id='par_1_98' title="bbox 123 5026 1792 5099">
     <span class='ocr_line' id='line_1_98' title="bbox 123 5026 1792 5099; baseline -0.005 -12"><span class='ocrx_word' id='word_1_704' title='bbox 123 5030 401 5087; x_wconf 89' lang='lat' dir='ltr'>transire.</span> <span class='ocrx_word' id='word_1_705' title='bbox 432 5029 735 5085; x_wconf 89' lang='lat' dir='ltr'>Sententia</span> <span class='ocrx_word' id='word_1_706' title='bbox 753 5030 971 5099; x_wconf 90' lang='lat' dir='ltr'>quippe</span> <span class='ocrx_word' id='word_1_707' title='bbox 984 5029 1216 5083; x_wconf 88' lang='lat' dir='ltr'>Domini</span> <span class='ocrx_word' id='word_1_708' title='bbox 1229 5027 1306 5082; x_wconf 88' lang='lat' dir='ltr'>Ch</span> <span class='ocrx_word' id='word_1_709' title='bbox 1319 5026 1441 5080; x_wconf 86' lang='lat' dir='ltr'>risti</span> <span class='ocrx_word' id='word_1_710' title='bbox 1467 5032 1583 5080; x_wconf 85' lang='lat' dir='ltr'>est:</span> <span class='ocrx_word' id='word_1_711' title='bbox 1609 5047 1633 5077; x_wconf 71' lang='grc' dir='ltr'>σ-</span> <span class='ocrx_word' id='word_1_712' title='bbox 1646 5026 1792 5088; x_wconf 88' lang='lat' dir='ltr'>Quia</span> 
     </span>
    </p>
   </div>
   <div class='ocr_carea' id='block_1_99' title="bbox 121 5113 1788 5191">
    <p class='ocr_par' dir='ltr' id='par_1_99' title="bbox 121 5113 1788 5191">
     <span class='ocr_line' id='line_1_99' title="bbox 121 5113 1788 5191; baseline -0.004 -18"><span class='ocrx_word' id='word_1_713' title='bbox 121 5119 239 5175; x_wconf 85' lang='lat' dir='ltr'>lata</span> <span class='ocrx_word' id='word_1_714' title='bbox 265 5125 326 5175; x_wconf 89' lang='lat' dir='ltr'>et</span> <span class='ocrx_word' id='word_1_715' title='bbox 360 5120 627 5191; x_wconf 88' lang='lat' dir='ltr'>spatiosa</span> <span class='ocrx_word' id='word_1_716' title='bbox 657 5117 752 5171; x_wconf 90' lang='lat' dir='ltr'>via</span> <span class='ocrx_word' id='word_1_717' title='bbox 781 5124 869 5171; x_wconf 91' lang='lat' dir='ltr'>est</span> <span class='ocrx_word' id='word_1_718' title='bbox 901 5133 1028 5187; x_wconf 74' lang='lat' dir='ltr'>quae</span> <span class='ocrx_word' id='word_1_719' title='bbox 1060 5116 1222 5170; x_wconf 85' lang='lat' dir='ltr'>ducit</span> <span class='ocrx_word' id='word_1_720' title='bbox 1250 5116 1320 5169; x_wconf 91' lang='lat' dir='ltr'>ad</span> <span class='ocrx_word' id='word_1_721' title='bbox 1355 5113 1737 5186; x_wconf 89' lang='lat' dir='ltr'>perditionem</span> <span class='ocrx_word' id='word_1_722' title='bbox 1776 5129 1788 5167; x_wconf 90' lang='lat'>:</span> 
     </span>
    </p>
   </div>
   <div class='ocr_carea' id='block_1_100' title="bbox 123 5200 1785 5276">
    <p class='ocr_par' dir='ltr' id='par_1_100' title="bbox 123 5200 1785 5276">
     <span class='ocr_line' id='line_1_100' title="bbox 123 5200 1785 5276; baseline -0.005 -13"><span class='ocrx_word' id='word_1_723' title='bbox 123 5213 280 5263; x_wconf 90' lang='lat' dir='ltr'>arcta</span> <span class='ocrx_word' id='word_1_724' title='bbox 311 5223 448 5263; x_wconf 90' lang='lat' dir='ltr'>vero</span> <span class='ocrx_word' id='word_1_725' title='bbox 480 5212 538 5262; x_wconf 91' lang='lat' dir='ltr'>et</span> <span class='ocrx_word' id='word_1_726' title='bbox 568 5208 826 5276; x_wconf 87' lang='lat' dir='ltr'>angusta</span> <span class='ocrx_word' id='word_1_727' title='bbox 878 5221 1004 5276; x_wconf 65' lang='lat' dir='ltr'>quae</span> <span class='ocrx_word' id='word_1_728' title='bbox 1037 5203 1200 5258; x_wconf 92' lang='lat' dir='ltr'>ducit</span> <span class='ocrx_word' id='word_1_729' title='bbox 1230 5204 1301 5257; x_wconf 92' lang='lat' dir='ltr'>ad</span> <span class='ocrx_word' id='word_1_730' title='bbox 1351 5203 1533 5257; x_wconf 86' lang='lat' dir='ltr'>vitam</span> <span class='ocrx_word' id='word_1_731' title='bbox 1566 5200 1785 5270; x_wconf 78' lang='lat' dir='ltr'>(Matth.</span> 
     </span>
    </p>
   </div>
   <div class='ocr_carea' id='block_1_101' title="bbox 119 5291 1790 5367">
    <p class='ocr_par' dir='ltr' id='par_1_101' title="bbox 119 5291 1790 5367">
     <span class='ocr_line' id='line_1_101' title="bbox 119 5291 1790 5367; baseline -0.005 -14"><span class='ocrx_word' id='word_1_732' title='bbox 119 5313 216 5364; x_wconf 80' lang='lat' dir='ltr'>vn,</span> <span class='ocrx_word' id='word_1_733' title='bbox 249 5313 383 5367; x_wconf 76' lang='grc' dir='ltr'><strong>χιιι,</strong></span> <span class='ocrx_word' id='word_1_734' title='bbox 417 5298 528 5365; x_wconf 72' lang='grc'>14).</span> <span class='ocrx_word' id='word_1_735' title='bbox 572 5319 598 5342; x_wconf 88' lang='grc'><strong>››</strong></span> <span class='ocrx_word' id='word_1_736' title='bbox 633 5294 695 5348; x_wconf 88' lang='lat' dir='ltr'>Si</span> <span class='ocrx_word' id='word_1_737' title='bbox 729 5310 866 5366; x_wconf 88' lang='lat' dir='ltr'>ergo</span> <span class='ocrx_word' id='word_1_738' title='bbox 899 5310 1002 5364; x_wconf 91' lang='lat' dir='ltr'>per</span> <span class='ocrx_word' id='word_1_739' title='bbox 1034 5292 1194 5347; x_wconf 88' lang='lat' dir='ltr'>illam</span> <span class='ocrx_word' id='word_1_740' title='bbox 1228 5291 1458 5346; x_wconf 89' lang='lat' dir='ltr'>venitur</span> <span class='ocrx_word' id='word_1_741' title='bbox 1488 5291 1557 5345; x_wconf 88' lang='lat' dir='ltr'>ad</span> <span class='ocrx_word' id='word_1_742' title='bbox 1593 5291 1790 5360; x_wconf 87' lang='lat' dir='ltr'>vitam,</span> 
     </span>
    </p>
   </div>
   <div class='ocr_carea' id='block_1_102' title="bbox 122 5380 1795 5458">
    <p class='ocr_par' dir='ltr' id='par_1_102' title="bbox 122 5380 1795 5458">
     <span class='ocr_line' id='line_1_102' title="bbox 122 5380 1795 5458; baseline -0.005 -16"><span class='ocrx_word' id='word_1_743' title='bbox 122 5393 175 5442; x_wconf 90' lang='lat' dir='ltr'>et</span> <span class='ocrx_word' id='word_1_744' title='bbox 195 5404 312 5442; x_wconf 91' lang='lat' dir='ltr'>non</span> <span class='ocrx_word' id='word_1_745' title='bbox 331 5390 532 5458; x_wconf 89' lang='lat' dir='ltr'>potest</span> <span class='ocrx_word' id='word_1_746' title='bbox 547 5383 691 5438; x_wconf 93' lang='lat' dir='ltr'>illuc</span> <span class='ocrx_word' id='word_1_747' title='bbox 713 5382 881 5437; x_wconf 87' lang='lat' dir='ltr'>aliter</span> <span class='ocrx_word' id='word_1_748' title='bbox 901 5381 1210 5453; x_wconf 84' lang='lat' dir='ltr'>perveniri,</span> <span class='ocrx_word' id='word_1_749' title='bbox 1226 5380 1339 5435; x_wconf 89' lang='lat' dir='ltr'>nisi</span> <span class='ocrx_word' id='word_1_750' title='bbox 1367 5396 1468 5451; x_wconf 83' lang='lat' dir='ltr'>per</span> <span class='ocrx_word' id='word_1_751' title='bbox 1489 5380 1795 5451; x_wconf 82' lang='lat' dir='ltr'>angustias</span> 
     </span>
    </p>
   </div>
   <div class='ocr_carea' id='block_1_103' title="bbox 124 5468 1797 5543">
    <p class='ocr_par' dir='ltr' id='par_1_103' title="bbox 124 5468 1797 5543">
     <span class='ocr_line' id='line_1_103' title="bbox 124 5468 1797 5543; baseline -0.005 -12"><span class='ocrx_word' id='word_1_752' title='bbox 124 5481 175 5531; x_wconf 89' lang='lat' dir='ltr'>et</span> <span class='ocrx_word' id='word_1_753' title='bbox 204 5475 648 5541; x_wconf 86' lang='lat' dir='ltr'>tribulationes,</span> <span class='ocrx_word' id='word_1_754' title='bbox 685 5470 929 5543; x_wconf 90' lang='lat' dir='ltr'>proinde</span> <span class='ocrx_word' id='word_1_755' title='bbox 948 5471 1238 5526; x_wconf 89' lang='lat' dir='ltr'>sustinere</span> <span class='ocrx_word' id='word_1_756' title='bbox 1256 5487 1362 5524; x_wconf 92' lang='lat' dir='ltr'>nos</span> <span class='ocrx_word' id='word_1_757' title='bbox 1395 5468 1797 5540; x_wconf 84' lang='lat' dir='ltr'>oportet,quia</span> 
     </span>
    </p>
   </div>
   <div class='ocr_carea' id='block_1_104' title="bbox 123 5557 1793 5630">
    <p class='ocr_par' dir='ltr' id='par_1_104' title="bbox 123 5557 1793 5630">
     <span class='ocr_line' id='line_1_104' title="bbox 123 5557 1793 5630; baseline -0.006 -10"><span class='ocrx_word' id='word_1_758' title='bbox 123 5564 266 5620; x_wconf 89' lang='lat' dir='ltr'>hanc</span> <span class='ocrx_word' id='word_1_759' title='bbox 290 5565 449 5620; x_wconf 89' lang='lat' dir='ltr'>viam</span> <span class='ocrx_word' id='word_1_760' title='bbox 476 5576 690 5619; x_wconf 90' lang='lat' dir='ltr'>omnes</span> <span class='ocrx_word' id='word_1_761' title='bbox 713 5559 795 5614; x_wconf 90' lang='lat' dir='ltr'>illi</span> <span class='ocrx_word' id='word_1_762' title='bbox 822 5560 1505 5630; x_wconf 82' lang='lat' dir='ltr'>transierunt,quotquot</span> <span class='ocrx_word' id='word_1_763' title='bbox 1525 5557 1592 5611; x_wconf 85' lang='lat' dir='ltr'>ad</span> <span class='ocrx_word' id='word_1_764' title='bbox 1617 5558 1793 5610; x_wconf 89' lang='lat' dir='ltr'>vitam</span> 
     </span>
    </p>
   </div>
   <div class='ocr_carea' id='block_1_105' title="bbox 122 5646 1795 5726">
    <p class='ocr_par' dir='ltr' id='par_1_105' title="bbox 122 5646 1795 5726">
     <span class='ocr_line' id='line_1_105' title="bbox 122 5646 1795 5726; baseline -0.007 -15"><span class='ocrx_word' id='word_1_765' title='bbox 122 5655 384 5726; x_wconf 88' lang='lat' dir='ltr'>perducti</span> <span class='ocrx_word' id='word_1_766' title='bbox 424 5656 592 5710; x_wconf 88' lang='lat' dir='ltr'>sunt.</span> <span class='ocrx_word' id='word_1_767' title='bbox 625 5653 776 5704; x_wconf 84' lang='lat' dir='ltr'>Sunt</span> <span class='ocrx_word' id='word_1_768' title='bbox 821 5650 919 5720; x_wconf 87' lang='lat' dir='ltr'>qui</span> <span class='ocrx_word' id='word_1_769' title='bbox 955 5649 1012 5704; x_wconf 89' lang='lat' dir='ltr'>in</span> <span class='ocrx_word' id='word_1_770' title='bbox 1063 5647 1360 5720; x_wconf 79' lang='lat' dir='ltr'>prosperis</span> <span class='ocrx_word' id='word_1_771' title='bbox 1397 5646 1638 5702; x_wconf 86' lang='lat' dir='ltr'>Domino</span> <span class='ocrx_word' id='word_1_772' title='bbox 1677 5663 1795 5700; x_wconf 80' lang='lat' dir='ltr'>ser-</span> 
     </span>
    </p>
   </div>
   <div class='ocr_carea' id='block_1_106' title="bbox 123 5735 1797 5818">
    <p class='ocr_par' dir='ltr' id='par_1_106' title="bbox 123 5735 1797 5818">
     <span class='ocr_line' id='line_1_106' title="bbox 123 5735 1797 5818; baseline -0.005 -18"><span class='ocrx_word' id='word_1_773' title='bbox 123 5745 372 5818; x_wconf 88' lang='lat' dir='ltr'>viunt,at</span> <span class='ocrx_word' id='word_1_774' title='bbox 392 5744 451 5801; x_wconf 91' lang='lat' dir='ltr'>in</span> <span class='ocrx_word' id='word_1_775' title='bbox 474 5738 748 5800; x_wconf 86' lang='lat' dir='ltr'>adversis</span> <span class='ocrx_word' id='word_1_776' title='bbox 769 5737 1044 5795; x_wconf 79' lang='lat' dir='ltr'>excidunt</span> <span class='ocrx_word' id='word_1_777' title='bbox 1067 5759 1081 5809; x_wconf 94' lang='lat'>;</span> <span class='ocrx_word' id='word_1_778' title='bbox 1108 5738 1261 5794; x_wconf 89' lang='lat' dir='ltr'>unde</span> <span class='ocrx_word' id='word_1_779' title='bbox 1279 5735 1797 5809; x_wconf 82' lang='lat' dir='ltr'>Apostolus,quem</span> 
     </span>
    </p>
   </div>
   <div class='ocr_carea' id='block_1_107' title="bbox 1901 4745 3552 4820">
    <p class='ocr_par' dir='ltr' id='par_1_107' title="bbox 1901 4745 3552 4820">
     <span class='ocr_line' id='line_1_107' title="bbox 1901 4745 3552 4820; baseline -0.012 -5"><span class='ocrx_word' id='word_1_780' title='bbox 1901 4761 2152 4820; x_wconf 89' lang='lat' dir='ltr'>hiscum,</span> <span class='ocrx_word' id='word_1_781' title='bbox 2186 4755 2338 4807; x_wconf 86' lang='lat' dir='ltr'>sicut</span> <span class='ocrx_word' id='word_1_782' title='bbox 2367 4767 2499 4806; x_wconf 92' lang='lat' dir='ltr'>cum</span> <span class='ocrx_word' id='word_1_783' title='bbox 2533 4748 2672 4802; x_wconf 88' lang='lat' dir='ltr'>ﬁliis</span> <span class='ocrx_word' id='word_1_784' title='bbox 2700 4747 2821 4818; x_wconf 88' lang='lat' dir='ltr'>agit</span> <span class='ocrx_word' id='word_1_785' title='bbox 2854 4751 3023 4812; x_wconf 89' lang='lat' dir='ltr'>Deus,</span> <span class='ocrx_word' id='word_1_786' title='bbox 3057 4751 3114 4801; x_wconf 89' lang='lat' dir='ltr'>et</span> <span class='ocrx_word' id='word_1_787' title='bbox 3142 4745 3271 4800; x_wconf 91' lang='lat' dir='ltr'>ideo</span> <span class='ocrx_word' id='word_1_788' title='bbox 3301 4759 3416 4799; x_wconf 89' lang='lat' dir='ltr'>non</span> <span class='ocrx_word' id='word_1_789' title='bbox 3451 4759 3552 4814; x_wconf 91' lang='lat' dir='ltr'>po-</span> 
     </span>
    </p>
   </div>
   <div class='ocr_carea' id='block_1_108' title="bbox 1899 4831 3440 4910">
    <p class='ocr_par' dir='ltr' id='par_1_108' title="bbox 1899 4831 3440 4910">
     <span class='ocr_line' id='line_1_108' title="bbox 1899 4831 3440 4910; baseline -0.012 -9"><span class='ocrx_word' id='word_1_790' title='bbox 1899 4846 2065 4902; x_wconf 89' lang='lat' dir='ltr'>testis</span> <span class='ocrx_word' id='word_1_791' title='bbox 2095 4844 2308 4905; x_wconf 89' lang='lat' dir='ltr'>dicere,</span> <span class='ocrx_word' id='word_1_792' title='bbox 2344 4839 2485 4910; x_wconf 88' lang='lat' dir='ltr'>quia</span> <span class='ocrx_word' id='word_1_793' title='bbox 2513 4853 2628 4891; x_wconf 89' lang='lat' dir='ltr'>non</span> <span class='ocrx_word' id='word_1_794' title='bbox 2660 4851 2975 4907; x_wconf 91' lang='lat' dir='ltr'>possumus</span> <span class='ocrx_word' id='word_1_795' title='bbox 3002 4832 3145 4888; x_wconf 89' lang='lat' dir='ltr'>talia</span> <span class='ocrx_word' id='word_1_796' title='bbox 3173 4831 3440 4888; x_wconf 77' lang='lat' dir='ltr'>tolerare.</span> 
     </span>
    </p>
   </div>
   <div class='ocr_carea' id='block_1_109' title="bbox 1972 4917 3552 4997">
    <p class='ocr_par' dir='ltr' id='par_1_109' title="bbox 1972 4917 3552 4997">
     <span class='ocr_line' id='line_1_109' title="bbox 1972 4917 3552 4997; baseline -0.008 -13"><span class='ocrx_word' id='word_1_797' title='bbox 1972 4958 1998 4984; x_wconf 88' lang='grc'>‹‹</span> <span class='ocrx_word' id='word_1_798' title='bbox 2033 4933 2195 4997; x_wconf 91' lang='lat' dir='ltr'>Quod</span> <span class='ocrx_word' id='word_1_799' title='bbox 2229 4930 2276 4985; x_wconf 92' lang='lat' dir='ltr'>si</span> <span class='ocrx_word' id='word_1_800' title='bbox 2309 4934 2469 4983; x_wconf 89' lang='lat' dir='ltr'>extra</span> <span class='ocrx_word' id='word_1_801' title='bbox 2499 4925 2872 4996; x_wconf 90' lang='lat' dir='ltr'>disciplinam</span> <span class='ocrx_word' id='word_1_802' title='bbox 2918 4923 3080 4988; x_wconf 87' lang='lat' dir='ltr'>estis,</span> <span class='ocrx_word' id='word_1_803' title='bbox 3113 4923 3281 4992; x_wconf 88' lang='lat' dir='ltr'>cujus</span> <span class='ocrx_word' id='word_1_804' title='bbox 3315 4917 3552 4991; x_wconf 89' lang='lat' dir='ltr'>partici-</span> 
     </span>
    </p>
   </div>
   <div class='ocr_carea' id='block_1_110' title="bbox 1899 5006 3555 5097">
    <p class='ocr_par' dir='ltr' id='par_1_110' title="bbox 1899 5006 3555 5097">
     <span class='ocr_line' id='line_1_110' title="bbox 1899 5006 3555 5097; baseline -0.011 -19"><span class='ocrx_word' id='word_1_805' title='bbox 1899 5041 2002 5097; x_wconf 86' lang='lat' dir='ltr'>pes</span> <span class='ocrx_word' id='word_1_806' title='bbox 2035 5021 2169 5076; x_wconf 80' lang='lat' dir='ltr'>facti</span> <span class='ocrx_word' id='word_1_807' title='bbox 2219 5023 2357 5074; x_wconf 90' lang='lat' dir='ltr'>sunt</span> <span class='ocrx_word' id='word_1_808' title='bbox 2411 5030 2616 5070; x_wconf 89' lang='lat' dir='ltr'>omnes</span> <span class='ocrx_word' id='word_1_809' title='bbox 2650 5030 2662 5066; x_wconf 94' lang='lat'><strong>:</strong></span> <span class='ocrx_word' id='word_1_810' title='bbox 2713 5029 2851 5084; x_wconf 92' lang='lat' dir='ltr'>ergo</span> <span class='ocrx_word' id='word_1_811' title='bbox 2895 5009 3165 5076; x_wconf 87' lang='lat' dir='ltr'>adulteri,</span> <span class='ocrx_word' id='word_1_812' title='bbox 3198 5015 3256 5064; x_wconf 91' lang='lat' dir='ltr'>et</span> <span class='ocrx_word' id='word_1_813' title='bbox 3298 5024 3414 5097; x_wconf 88' lang='lat' dir='ltr'>non</span> <span class='ocrx_word' id='word_1_814' title='bbox 3448 5006 3555 5062; x_wconf 91' lang='lat' dir='ltr'>ﬁlii</span> 
     </span>
    </p>
   </div>
   <div class='ocr_carea' id='block_1_111' title="bbox 1901 5096 3552 5175">
    <p class='ocr_par' dir='ltr' id='par_1_111' title="bbox 1901 5096 3552 5175">
     <span class='ocr_line' id='line_1_111' title="bbox 1901 5096 3552 5175; baseline -0.011 -7"><span class='ocrx_word' id='word_1_815' title='bbox 1901 5096 2100 5168; x_wconf 72' lang='lat' dir='ltr'>estis.»</span> <span class='ocrx_word' id='word_1_816' title='bbox 2120 5112 2343 5165; x_wconf 89' lang='lat' dir='ltr'>Sensus</span> <span class='ocrx_word' id='word_1_817' title='bbox 2370 5106 2551 5175; x_wconf 82' lang='lat' dir='ltr'>hujus</span> <span class='ocrx_word' id='word_1_818' title='bbox 2574 5101 2881 5158; x_wconf 73' lang='lat' dir='ltr'>sententiae</span> <span class='ocrx_word' id='word_1_819' title='bbox 2905 5105 3012 5166; x_wconf 87' lang='lat' dir='ltr'>est,</span> <span class='ocrx_word' id='word_1_820' title='bbox 3037 5098 3129 5154; x_wconf 92' lang='lat' dir='ltr'>cui</span> <span class='ocrx_word' id='word_1_821' title='bbox 3153 5096 3507 5153; x_wconf 88' lang='lat' dir='ltr'>subauditur</span> <span class='ocrx_word' id='word_1_822' title='bbox 3538 5112 3552 5150; x_wconf 89' lang='lat'><strong>:</strong></span> 
     </span>
    </p>
   </div>
   <div class='ocr_carea' id='block_1_112' title="bbox 1902 5182 3555 5270">
    <p class='ocr_par' dir='ltr' id='par_1_112' title="bbox 1902 5182 3555 5270">
     <span class='ocr_line' id='line_1_112' title="bbox 1902 5182 3555 5270; baseline -0.012 -13"><span class='ocrx_word' id='word_1_823' title='bbox 1902 5203 1960 5256; x_wconf 92' lang='lat' dir='ltr'>Si</span> <span class='ocrx_word' id='word_1_824' title='bbox 1997 5198 2318 5270; x_wconf 75' lang='lat' dir='ltr'>disciplima</span> <span class='ocrx_word' id='word_1_825' title='bbox 2351 5193 2666 5266; x_wconf 78' lang='lat' dir='ltr'>participes</span> <span class='ocrx_word' id='word_1_826' title='bbox 2698 5189 2834 5245; x_wconf 78' lang='lat' dir='ltr'>facti</span> <span class='ocrx_word' id='word_1_827' title='bbox 2865 5194 3003 5243; x_wconf 92' lang='lat' dir='ltr'>sunt</span> <span class='ocrx_word' id='word_1_828' title='bbox 3032 5203 3237 5243; x_wconf 90' lang='lat' dir='ltr'>omnes</span> <span class='ocrx_word' id='word_1_829' title='bbox 3269 5185 3406 5242; x_wconf 89' lang='lat' dir='ltr'>boni</span> <span class='ocrx_word' id='word_1_830' title='bbox 3429 5182 3555 5253; x_wconf 89' lang='lat' dir='ltr'>ﬁlii,</span> 
     </span>
    </p>
   </div>
   <div class='ocr_carea' id='block_1_113' title="bbox 1904 5273 3558 5362">
    <p class='ocr_par' dir='ltr' id='par_1_113' title="bbox 1904 5273 3558 5362">
     <span class='ocr_line' id='line_1_113' title="bbox 1904 5273 3558 5362; baseline -0.011 -16"><span class='ocrx_word' id='word_1_831' title='bbox 1904 5290 2004 5362; x_wconf 88' lang='lat' dir='ltr'>qui</span> <span class='ocrx_word' id='word_1_832' title='bbox 2037 5286 2414 5358; x_wconf 88' lang='lat' dir='ltr'>disciplinam</span> <span class='ocrx_word' id='word_1_833' title='bbox 2446 5280 2662 5338; x_wconf 81' lang='lat' dir='ltr'>Christi</span> <span class='ocrx_word' id='word_1_834' title='bbox 2695 5279 3128 5346; x_wconf 87' lang='lat' dir='ltr'>sustinuerunt,</span> <span class='ocrx_word' id='word_1_835' title='bbox 3161 5292 3368 5332; x_wconf 88' lang='lat' dir='ltr'>omnes</span> <span class='ocrx_word' id='word_1_836' title='bbox 3399 5273 3558 5330; x_wconf 89' lang='lat' dir='ltr'>enim</span> 
     </span>
    </p>
   </div>
   <div class='ocr_carea' id='block_1_114' title="bbox 1907 5361 3562 5450">
    <p class='ocr_par' dir='ltr' id='par_1_114' title="bbox 1907 5361 3562 5450">
     <span class='ocr_line' id='line_1_114' title="bbox 1907 5361 3562 5450; baseline -0.011 -16"><span class='ocrx_word' id='word_1_837' title='bbox 1907 5361 2290 5450; x_wconf 83' lang='lat' dir='ltr'>negligentes,</span> <span class='ocrx_word' id='word_1_838' title='bbox 2307 5379 2365 5428; x_wconf 88' lang='lat' dir='ltr'>et</span> <span class='ocrx_word' id='word_1_839' title='bbox 2394 5369 2766 5440; x_wconf 84' lang='lat' dir='ltr'>disciplinam</span> <span class='ocrx_word' id='word_1_840' title='bbox 2799 5367 2894 5422; x_wconf 85' lang='lat' dir='ltr'>Dei</span> <span class='ocrx_word' id='word_1_841' title='bbox 2916 5369 3380 5436; x_wconf 87' lang='lat' dir='ltr'>contemnentes,</span> <span class='ocrx_word' id='word_1_842' title='bbox 3399 5361 3562 5419; x_wconf 82' lang='lat' dir='ltr'>adul-</span> 
     </span>
    </p>
   </div>
   <div class='ocr_carea' id='block_1_115' title="bbox 1907 5460 2808 5538">
    <p class='ocr_par' dir='ltr' id='par_1_115' title="bbox 1907 5460 2808 5538">
     <span class='ocr_line' id='line_1_115' title="bbox 1907 5460 2808 5538; baseline -0.014 -15"><span class='ocrx_word' id='word_1_843' title='bbox 1907 5469 2034 5538; x_wconf 80' lang='lat' dir='ltr'>teri,</span> <span class='ocrx_word' id='word_1_844' title='bbox 2066 5472 2123 5520; x_wconf 89' lang='lat' dir='ltr'>et</span> <span class='ocrx_word' id='word_1_845' title='bbox 2153 5481 2268 5518; x_wconf 91' lang='lat' dir='ltr'>non</span> <span class='ocrx_word' id='word_1_846' title='bbox 2301 5460 2406 5515; x_wconf 87' lang='lat' dir='ltr'>ﬁlii</span> <span class='ocrx_word' id='word_1_847' title='bbox 2439 5462 2808 5530; x_wconf 88' lang='lat' dir='ltr'>reputantur.</span> 
     </span>
    </p>
   </div>
   <div class='ocr_carea' id='block_1_116' title="bbox 1979 5541 3562 5621">
    <p class='ocr_par' dir='ltr' id='par_1_116' title="bbox 1979 5541 3562 5621">
     <span class='ocr_line' id='line_1_116' title="bbox 1979 5541 3562 5621; baseline -0.004 -17"><span class='ocrx_word' id='word_1_848' title='bbox 1979 5581 2001 5604; x_wconf 77' lang='grc' dir='ltr'><em>υ</em></span> <span class='ocrx_word' id='word_1_849' title='bbox 2041 5553 2256 5609; x_wconf 78' lang='lat' dir='ltr'>Deinde</span> <span class='ocrx_word' id='word_1_850' title='bbox 2285 5554 2478 5621; x_wconf 84' lang='lat' dir='ltr'>patres</span> <span class='ocrx_word' id='word_1_851' title='bbox 2510 5546 2748 5618; x_wconf 88' lang='lat' dir='ltr'>quidem</span> <span class='ocrx_word' id='word_1_852' title='bbox 2782 5545 2976 5601; x_wconf 85' lang='lat' dir='ltr'>carnis</span> <span class='ocrx_word' id='word_1_853' title='bbox 3000 5549 3212 5600; x_wconf 77' lang='lat' dir='ltr'>nostras</span> <span class='ocrx_word' id='word_1_854' title='bbox 3241 5541 3562 5600; x_wconf 89' lang='lat' dir='ltr'>habuimus</span> 
     </span>
    </p>
   </div>
   <div class='ocr_carea' id='block_1_117' title="bbox 1908 5629 3563 5711">
    <p class='ocr_par' dir='ltr' id='par_1_117' title="bbox 1908 5629 3563 5711">
     <span class='ocr_line' id='line_1_117' title="bbox 1908 5629 3563 5711; baseline -0.008 -11"><span class='ocrx_word' id='word_1_855' title='bbox 1908 5646 2253 5711; x_wconf 86' lang='lat' dir='ltr'>cruditores,</span> <span class='ocrx_word' id='word_1_856' title='bbox 2286 5643 2338 5691; x_wconf 72' lang='lat' dir='ltr'>c-t</span> <span class='ocrx_word' id='word_1_857' title='bbox 2385 5636 2792 5691; x_wconf 79' lang='lat' dir='ltr'>reverebamur</span> <span class='ocrx_word' id='word_1_858' title='bbox 2818 5650 2954 5702; x_wconf 84' lang='lat' dir='ltr'>eos;</span> <span class='ocrx_word' id='word_1_859' title='bbox 2990 5650 3104 5689; x_wconf 89' lang='lat' dir='ltr'>non</span> <span class='ocrx_word' id='word_1_860' title='bbox 3154 5633 3339 5688; x_wconf 88' lang='lat' dir='ltr'>multo</span> <span class='ocrx_word' id='word_1_861' title='bbox 3372 5629 3563 5703; x_wconf 86' lang='lat' dir='ltr'>magis</span> 
     </span>
    </p>
   </div>
   <div class='ocr_carea' id='block_1_118' title="bbox 1912 5717 3562 5805">
    <p class='ocr_par' dir='ltr' id='par_1_118' title="bbox 1912 5717 3562 5805">
     <span class='ocr_line' id='line_1_118' title="bbox 1912 5717 3562 5805; baseline -0.012 -14"><span class='ocrx_word' id='word_1_862' title='bbox 1912 5727 2452 5805; x_wconf 85' lang='lat' dir='ltr'>obtemperabimus</span> <span class='ocrx_word' id='word_1_863' title='bbox 2491 5724 2644 5797; x_wconf 89' lang='lat' dir='ltr'>patri</span> <span class='ocrx_word' id='word_1_864' title='bbox 2694 5723 3033 5797; x_wconf 90' lang='lat' dir='ltr'>spirituum,</span> <span class='ocrx_word' id='word_1_865' title='bbox 3065 5728 3124 5781; x_wconf 90' lang='lat' dir='ltr'>et</span> <span class='ocrx_word' id='word_1_866' title='bbox 3149 5722 3413 5781; x_wconf 89' lang='lat' dir='ltr'>vivemus</span> <span class='ocrx_word' id='word_1_867' title='bbox 3433 5718 3462 5774; x_wconf 83' lang='lat'><strong>?</strong></span> <span class='ocrx_word' id='word_1_868' title='bbox 3491 5717 3562 5773; x_wconf 84' lang='lat' dir='ltr'>Et</span> 
     </span>
    </p>
   </div>
  </div>
