3916 6420
355 425 478 491 819

1377 422 1717 484 ATTONIS
1762 420 2352 484 VERCELLENSIS
2397 423 2751 486 EPISGOPI

3658 421 3784 484 820

358 559 448 616 illi
467 557 778 632 quidemin
802 561 1065 630 tempore
1090 573 1410 629 paucorum
1432 554 2009 620 dictum,secundum
2039 555 2095 620 Α
2125 559 2350 610 matum
2382 557 2578 624 fuerit,
2611 557 2817 613 reddet
2846 557 3102 612 fructum
3117 555 3386 628 justitiae,
3408 553 3466 610 id
3501 557 3610 622 est,
3632 571 3783 626 prae-

359 649 722 706 voluntatem
751 663 921 702 suam
945 647 1290 702 erudiebant
1308 661 1412 700 nos
1438 669 1452 710 ;
1485 643 1580 698 hic
1603 648 1799 697 autem
1827 644 1898 697 ad
1930 642 2010 706 id,

365 740 520 811 quod
549 737 690 792 utile
711 740 799 792 est
821 736 877 789 in
899 736 1230 806 recipiendo
1256 733 1776 788 sanctiﬁcationem
1802 733 1949 801 ejus.
1985 753 2013 780 ››

365 827 427 883 Si
459 827 614 884 enim
661 829 855 896 patres
886 823 1152 879 carnales
1185 822 1286 877 ﬁlii
1332 830 1685 886 reverentur,
1721 820 2016 891 quomodo

367 916 593 974 Patrem
626 913 920 969 ccelestem
951 930 1067 968 non
1092 911 1469 966 revereamini
1492 911 1519 964 ?
1551 911 1674 965 Non
1707 910 1864 964 enim
1897 909 2019 964 dis-

365 1004 620 1062 cretione
651 1018 912 1075 personis
947 1004 1098 1057 inter
1141 1017 1239 1055 eos
1270 1005 1499 1055 tantum
1533 1004 1622 1054 est
1667 998 2018 1064 dill'ercntia,

367 1093 524 1166 quod
565 1091 660 1147 isti
693 1089 927 1157 terreni,
958 1089 1054 1144 ille
1103 1089 1356 1144 cmlestis
1390 1093 1499 1155 est,
1535 1089 1636 1143 sed
1686 1087 1861 1142 etiam
1892 1087 2023 1157 ipsa

368 1181 694 1239 causa.Non
715 1180 871 1235 enim
894 1178 952 1233 in
976 1179 1242 1234 eamdem
1267 1176 1625 1248 causam,vel
1649 1177 1720 1231 ad
1749 1193 1839 1230 res
1863 1175 2022 1246 ipsas

371 1268 666 1343 spiritales
695 1268 1065 1334 erudiebant,
1101 1268 1199 1322 sed
1251 1267 1322 1321 ad
1355 1267 1509 1338 quod
1561 1267 1645 1321 eis
1675 1265 2020 1330 videbatur;

369 1359 480 1414 hoc
510 1363 620 1423 est,
640 1356 1001 1413 voluntatem
1021 1373 1211 1423 suam,
1229 1356 1705 1426 desideriumque
1728 1353 2023 1424 complen-

370 1451 479 1504 tes.
511 1445 602 1501 Illi
633 1450 829 1502 autem
863 1446 992 1501 ideo
1025 1462 1146 1511 vos,
1179 1444 1858 1516 inquit,erudiebant,ut
1881 1441 2026 1512 ipsis

371 1535 580 1592 essetis
601 1535 796 1604 utiles,
821 1534 1139 1606 aliquando
1173 1534 1438 1589 fortassis
1461 1533 1634 1587 etiam
1660 1531 1784 1586 sine
1808 1547 2024 1594 causa;

373 1641 490 1680 non
521 1623 678 1679 enim
709 1625 768 1678 in
795 1623 1074 1678 omnibus
1099 1623 1369 1678 voluntas
1404 1621 1638 1676 illorum
1672 1619 1836 1674 utilis
1882 1623 2023 1674 erat.

375 1715 488 1771 Iste
510 1717 708 1769 autem
730 1713 802 1768 ad
825 1712 993 1768 utilia
1016 1729 1123 1768 nos
1145 1711 1422 1772 instituit.
1444 1710 1656 1779 erudit,
1683 1709 1949 1779 castigat,
1967 1712 2031 1762 ut

377 1819 485 1858 nos
516 1801 729 1858 efﬁciat
777 1817 1020 1857 suorum
1075 1799 1456 1871 receptabiles
1507 1814 1842 1853 munerum.
1877 1797 2028 1850 Dum

379 1890 538 1947 enim
569 1894 841 1963 parentes
880 1888 1141 1945 carnales
1189 1889 1260 1944 ad
1292 1893 1526 1959 tempus
1559 1888 1728 1941 breve
1759 1903 1866 1940 nos
1896 1901 2027 1940 eru-
2063 1919 2113 1984 Β

380 1979 574 2047 diunt,
621 1982 840 2050 quanto
892 1977 1081 2050 magis
1126 1981 1359 2032 Creator
1408 1979 1606 2032 noster
1635 1976 1705 2030 ad
1761 1975 1840 2042 id,
1875 1975 2030 2044 quod

381 2066 546 2134 utile,
577 2070 635 2122 et
663 2066 984 2137 perfectum
1006 2069 1118 2130 est,
1143 2069 1208 2120 ut
1236 2063 1590 2136 recipiamus
1620 2061 2032 2118 sanctiﬁcatio-

381 2172 517 2211 nem
546 2155 696 2226 ejus,
729 2154 838 2209 hoc
867 2157 976 2221 est,
1012 2153 1368 2208 munditiam
1401 2154 1550 2223 ejus,
1583 2156 1647 2206 ut
1684 2151 1893 2223 dignos
1926 2167 2034 2205 nos

384 2244 497 2301 sibi
519 2241 735 2300 efﬁciat
753 2243 780 2298 ?
809 2241 1132 2314 Disciplina
1148 2259 1284 2314 ergo
1307 2241 1677 2313 participatio
1701 2238 2034 2296 sanctitatis

383 2336 474 2390 est
501 2350 514 2399 ;
548 2330 805 2387 excludit
819 2330 975 2386 enim
998 2330 1368 2387 saecularium
1393 2346 1590 2384 rerum
1613 2345 1805 2384 mores
1827 2329 2033 2398 (1465),

384 2419 711 2492 spiritalem
734 2421 806 2474 ad
837 2436 899 2476 se
917 2419 1165 2492 gratiam
1193 2418 1494 2490 pertrahit.
1516 2418 1573 2473 Si
1597 2417 2036 2472 consideremus

376 2511 598 2581 justos,
631 2508 824 2564 cuncti
855 2525 958 2579 per
985 2507 1394 2563 tribulationes
1428 2507 1783 2562 claruerunt.

456 2621 485 2650 «
517 2597 722 2654 Omnis
768 2601 980 2653 autem-
1012 2596 1346 2667 disciplina,
1379 2595 1440 2649 in
1489 2593 1760 2666 praesenti
1796 2593 2035 2664 quidem

380 2688 612 2746 videtur
628 2704 744 2744 non
764 2703 892 2743 esse
920 2686 1139 2759 gaudii,
1167 2686 1264 2740 sed
1289 2684 1554 2738 maeroris
1581 2707 1593 2736 :
1620 2688 1820 2754 postea
1842 2687 2037 2736 autem

381 2777 637 2832 fructum
677 2776 1121 2846 pacatissimum
1172 2772 1501 2829 exercitatis
1534 2789 1634 2843 per
1662 2787 1813 2838 eam,
1847 2770 2040 2824 reddit

375 2863 640 2936 justitie.
678 2885 699 2911 ι
735 2862 960 2928 Omnis,
988 2861 1199 2931 inquit,
1235 2859 1570 2930 disciplina,
1595 2864 1651 2914 et
1681 2859 1962 2921 humana,
1986 2862 2041 2912 et

383 2951 692 3024 spiritalis,
723 2953 865 3005 tunc
906 2950 1140 3021 quando
1169 2949 1384 3020 agitur,
1420 2965 1534 3003 non
1583 2947 1812 3003 videtur
1841 2947 2038 3018 gaudii

385 3056 539 3106 esse,
565 3041 664 3095 sed
692 3038 980 3095 maeroris.
1007 3039 1141 3093 Ideo
1173 3043 1368 3093 autem
1394 3036 1544 3092 hanc
1576 3052 1810 3090 omnem
1833 3039 1889 3089 et
1921 3034 2041 3105 spi-

386 3127 639 3195 ritalem,
668 3131 724 3183 et
755 3127 1079 3181 humanam
1106 3125 1480 3195 disciplinam
1504 3128 1688 3193 vocat,
1715 3122 1854 3195 quia
1877 3122 2044 3194 quid-

389 3217 532 3289 quid
554 3216 787 3282 dicitur,
812 3214 1124 3286 disciplina
1140 3219 1408 3280 vocatur;
1433 3213 1662 3268 videtur
1677 3213 1833 3268 enim
1857 3228 1886 3267 e
1910 3227 2042 3266 con-

2126 645 2332 700 mium.
2367 646 2473 709 Qui
2506 647 2660 702 enim
2694 647 2992 702 seminant
3015 647 3070 700 in
3103 645 3400 715 lacrymis,
3432 644 3492 699 in
3523 643 3783 700 exsulta-

2127 734 2286 788 tione
2332 741 2553 790 metent
2601 736 2771 805 (Psal.
2825 752 2986 801 cxxv,
3020 737 3096 805 5).
3148 734 3606 790 Pacatissimum
3658 733 3783 786 fru-

2128 827 2310 891 ctum,
2327 823 2435 878 hoc
2457 829 2565 890 est,
2581 824 3008 895 gratissimum.
3025 824 3274 879 Proinde
3295 827 3523 892 oportet
3543 839 3787 893 sperare

2130 912 2372 968 meliora
2402 913 2460 967 in
2483 914 2659 967 ﬁnem
2696 930 2708 968 :
2743 930 2878 968 nam
2903 918 2960 968 et
2990 913 3048 966 in
3083 913 3393 967 arboribus
3417 916 3613 967 cortex
3637 927 3788 982 pene

2130 1018 2362 1072 semper
2391 1019 2650 1069 amarus,
2683 1007 2740 1057 et
2787 1019 2959 1073 asper
2989 1007 3078 1057 est
3111 1020 3124 1057 :
3160 1004 3388 1075 fructus
3416 1007 3612 1056 tamen
3645 1001 3788 1071 ipsi,

2132 1090 2414 1145 suavitate
2438 1091 2687 1160 jucundi
2719 1097 2878 1146 sunt.
2915 1093 2984 1145 Et
3012 1091 3113 1162 qui
3163 1107 3366 1146 amara
3394 1091 3606 1145 bibunt
3631 1090 3789 1144 anti-

2132 1179 2583 1250 dota,patienter
2601 1181 2793 1234 ferunt
2813 1181 3130 1250 quamdam
3147 1179 3404 1252 primum
3429 1178 3792 1247 molestiam,

2133 1273 2189 1323 et
2221 1274 2362 1324 tunc
2393 1285 2632 1322 sensum
2661 1269 2988 1340 percipiunt
3011 1269 3332 1341 sospitatis.
3355 1269 3411 1322 Si
3444 1268 3624 1340 igitur
3645 1265 3798 1320 talia

2136 1373 2369 1428 sperare
2393 1357 2688 1429 competit,
2705 1359 2859 1428 quod
2892 1358 3124 1428 doletis,
3145 1359 3298 1430 quod
3323 1357 3623 1412 tristitiam
3642 1354 3796 1410 tole-

2136 1446 2316 1514 ratis;
2372 1446 2526 1500 circa
2573 1447 2818 1501 meliora
2865 1447 3134 1517 deﬁcitis,
3193 1464 3317 1518 qua:
3369 1463 3469 1501 vos
3517 1443 3799 1500 convenit

2137 1535 2448 1589 sustinere.
2531 1535 2832 1590 Sustinere
2908 1537 3064 1590 enim
3139 1535 3384 1591 debetis.
3445 1535 3569 1588 Non
3627 1533 3799 1586 enim

2137 1629 2365 1694 oportet
2395 1625 2548 1678 circa
2579 1623 3014 1679 tribulationem
3046 1625 3126 1679 ita
3155 1623 3516 1692 mollescere,
3540 1622 3643 1677 sed
3678 1622 3801 1676 for-

2142 1712 2274 1766 titer
2304 1712 2568 1768 tolerare.
2604 1713 2743 1768 Inde
2773 1718 2861 1768 est
2891 1713 3067 1782 enim,
3104 1714 3257 1784 quod
3313 1712 3370 1767 in
3404 1710 3803 1782 sequentibus

2139 1808 2356 1857 narrat.

2213 1913 2239 1939 ‹‹
2273 1896 2515 1962 Propter
2549 1891 2703 1962 quod
2736 1890 3015 1946 remissas
3038 1907 3273 1956 manus,
3296 1895 3354 1946 et
3383 1888 3576 1946 soluta
3607 1887 3802 1958 (1466)

2144 1996 2335 2051 genua
2365 1979 2591 2052 erigite.
2623 1985 2679 2035 et
2716 1995 2958 2051 gressus
3006 1984 3193 2034 rectos
3227 1978 3394 2032 facite
3423 1977 3678 2048 pedibus
3711 1992 3806 2030 ve-

2144 2069 2304 2135 stris,
2340 2074 2405 2123 ut
2457 2086 2572 2124 non
2606 2068 2944 2124 claudicans
2989 2067 3120 2138 quis
3151 2071 3321 2136 erret,
3357 2066 3546 2136 magis
3598 2069 3804 2120 autem

2145 2163 2406 2214 sanetur.
2441 2181 2470 2207 ››
2503 2158 2744 2230 Propter
2775 2157 3024 2228 quod,id
3057 2155 3324 2227 est,quia
3354 2159 3592 2226 propter
3622 2153 3804 2208 disci-

2146 2248 2369 2319 plinam
2403 2247 2688 2302 mercedis
2736 2245 3042 2318 praemium
3087 2244 3372 2312 redditur,
3408 2247 3467 2297 et
3514 2241 3803 2314 gaudium

2147 2336 2548 2406 subsequitur,
2582 2336 2864 2391 debemus
2893 2351 3133 2406 gressus
3161 2337 3350 2388 rectos
3381 2332 3588 2396 facere,
3620 2334 3678 2385 et
3708 2346 3802 2385 so-

2146 2424 2272 2479 luta
2300 2442 2491 2496 genua
2521 2425 2758 2496 erigere.
2784 2424 2846 2478 In
2878 2424 2987 2478 hoc
3017 2422 3144 2477 loco
3177 2420 3574 2476 hazsitationes
3595 2435 3802 2474 eorum

2148 2515 2338 2585 tangit
2370 2529 2383 2569 :
2419 2517 2476 2568 et
2501 2514 2631 2568 ideo
2674 2513 2879 2584 tangit,
2913 2516 2974 2566 ut
3010 2511 3137 2566 sine
3168 2510 3283 2564 illis
3328 2507 3801 2564 haesitationibus

2147 2607 2600 2672 perseverarent.
2636 2601 2691 2656 Si
2726 2602 2881 2656 enim
2913 2601 2984 2655 ad
3037 2599 3410 2654 dilectionem
3440 2598 3693 2668 pertinet
3723 2596 3804 2652 di-

2149 2689 2417 2758 sciplina,
2452 2695 2517 2743 ut
2565 2706 2743 2758 supra
2791 2687 3048 2743 ostendit
3076 2686 3415 2758 Apostolus,
3446 2691 3566 2740 tam
3615 2702 3686 2740 ex
3717 2700 3801 2739 re-

2150 2779 2282 2848 bus,
2317 2794 2494 2848 quam
2536 2794 2604 2831 ex
2650 2776 2844 2831 verbis
2879 2792 2891 2829 :
2925 2780 2982 2831 et
3012 2775 3060 2830 si
3093 2776 3152 2829 in
3185 2775 3300 2830 ﬁne
3348 2775 3563 2846 recepit
3595 2772 3802 2828 melio-

2150 2883 2272 2922 rem
2305 2866 2509 2936 (1467),
2542 2882 2722 2936 quare
2768 2863 3156 2919 dissolvimini
3181 2867 3202 2919 Ρ
3230 2865 3418 2927 Quare
3467 2878 3582 2919 non
3613 2867 3807 2918 rectos

2152 2972 2392 3027 gressus
2426 2954 2670 3026 pedibus
2693 2953 2899 3008 vestris
2926 2953 3112 3008 facitis
3134 2954 3161 3008 ?
3187 2957 3303 3009 Hoc
3325 2953 3482 3008 enim
3508 2951 3593 3006 illi
3625 2951 3809 3022 patie-

2150 3045 2386 3111 bantur,
2421 3044 2522 3114 qui
2553 3044 2955 3114 desperatione
2978 3042 3344 3108 deﬁciebant,
3361 3046 3418 3097 et
3447 3057 3548 3112 Spe
3576 3041 3809 3096 futuro-

2153 3150 2283 3188 rum
2334 3131 2495 3187 nulla
2548 3131 2971 3187 solidabantur.
3003 3135 3195 3197 Recte,
3237 3129 3448 3202 inquit,
3481 3128 3806 3194 ambulate,

2154 3239 2259 3278 nec
2290 3220 2637 3277 claudicatio
2659 3221 2790 3292 plus
2816 3225 3126 3287 accrescat,
3143 3221 3243 3276 sed
3268 3219 3465 3291 potius
3486 3218 3557 3274 ad
3582 3221 3808 3272 statum

388 3281 566 3361 trario
596 3303 742 3359 illud
774 3281 890 3359 non
919 3281 1046 3358 esse
1077 3302 1404 3375 disciplina,
1433 3302 1585 3372 quod
1619 3301 1952 3372 gaudentis,
1984 3303 2042 3354 et

2227 3311 2470 3366 istinum
2518 3316 2837 3366 revocetur.
2891 3310 3190 3365 Remissas
3241 3325 3476 3372 manus,
3506 3312 3564 3362 et
3616 3306 3814 3363 soluta

389 3391 773 3466 malignantis
804 3391 1000 3448 animo
1031 3391 1114 3446 ﬁt.
1148 3396 1214 3446 In
1246 3390 1557 3462 disciplina
1577 3391 1733 3446 enim
1765 3388 2038 3461 spiritali,

386 3483 552 3555 prius
581 3481 822 3537 tristitia
841 3484 1031 3548 est,ut
1053 3479 1253 3534 latitia
1285 3483 1598 3549 sequatur:
1623 3480 1680 3533 in
1712 3477 2042 3549 iniquitatis

383 3588 517 3628 vero
549 3569 789 3637 scelere,
815 3569 979 3641 prius
1012 3569 1292 3642 gaudium
1315 3572 1426 3633 est,
1453 3573 1509 3622 et
1541 3567 1752 3622 deinde
1779 3567 2044 3634 sequitur

385 3659 650 3715 tristitia.
677 3660 739 3714 In
763 3659 876 3714 ista
897 3658 1089 3728 prima
1111 3661 1199 3712 est
1219 3656 1574 3726 voluptas,et
1597 3654 1863 3726 sequitur
1883 3654 2045 3725 aegri-

385 3749 528 3804 tudo
554 3764 568 3802 :
592 3747 654 3801 in
681 3746 800 3812 illa,
826 3745 1016 3816 prima
1037 3750 1126 3800 est
1149 3745 1446 3814 maestitia,
1471 3748 1527 3798 et
1549 3743 2044 3813 tuncjucunditas

388 3839 748 3908 procreatur.
780 3834 889 3888 Sed
919 3833 1020 3887 illa
1050 3836 1139 3888 cst
1169 3833 1465 3902 sectanda,
1489 3847 1623 3885 cum
1657 3831 1912 3902 primum
1945 3829 2046 3884 ali~

391 3924 526 3995 quis
558 3922 957 3988 contristatur,
993 3926 1049 3977 et
1079 3926 1279 3992 postca
1325 3920 1541 3992 gaudio
1591 3920 1913 3991 perfruitur
1944 3936 1955 3973 :
1991 3923 2048 3974 et

393 4011 496 4068 illa
525 4010 862 4083 rejicienda,
882 4026 1017 4065 cum
1050 4011 1238 4082 primo
1261 4009 1570 4082 gaudetur,
1601 4014 1805 4078 postea
1827 4007 1885 4062 in
1907 4024 2046 4061 mce-

393 4116 585 4157 rorem
616 4098 913 4154 inciditur.
949 4099 1010 4153 In
1058 4097 1305 4169 spiritali
1342 4097 1496 4152 enim
1529 4095 1860 4168 disciplina,
1894 4112 2047 4150 sem-

394 4205 499 4262 per
517 4187 862 4259 jucunditas
891 4191 981 4242 est
1013 4187 1085 4241 de
1116 4186 1472 4257 sempiterno
1511 4185 1748 4256 gaudio,
1780 4183 2048 4254 quamvis

392 4275 770 4333 tribulatione
830 4275 1179 4347 afﬂigatur:
1235 4274 1387 4330 sicut
1444 4273 1502 4327 in
1553 4273 1665 4328 alio
1719 4272 1844 4328 loco
1892 4272 2046 4327 idem

395 4365 666 4440 egregius
695 4363 1042 4434 praedicator
1059 4363 1142 4418 ait
1172 4379 1184 4416 :
1219 4385 1246 4412 «
1277 4361 1613 4417 Gloriamur
1643 4361 1701 4415 in
1725 4359 2051 4415 tribulatio-

393 4454 571 4518 nibus
601 4452 774 4522 (Rom.
795 4468 851 4520 ν,
877 4453 951 4523 3).
975 4473 1001 4499 ››
1025 4450 1086 4505 In
1110 4451 1223 4505 ista
1255 4449 1409 4505 enim
1434 4449 1607 4504 timor
1629 4450 1839 4503 futura).
1869 4448 2048 4503 tristi-

393 4541 488 4596 tiae
519 4557 774 4611 praesens
805 4539 1088 4610 gaudium
1122 4540 1486 4594 devenustat.
1516 4540 1573 4592 In
1597 4538 1696 4592 illa
1726 4539 1882 4593 enim
1916 4555 2051 4609 spes

2151 3417 2343 3473 genua
2386 3399 2628 3454 mandat
2658 3399 2899 3470 erigere,
2935 3403 2999 3453 ut
3048 3398 3228 3454 Isaias
3253 3398 3335 3451 ait
3366 3415 3378 3452 :
3419 3416 3445 3448 α
3476 3396 3812 3454 Confortate

2151 3506 2365 3545 manus
2405 3487 2746 3557 dissolutas,
2775 3493 2832 3542 et
2881 3503 3073 3558 genua
3103 3485 3321 3541 debilia
3351 3485 3618 3541 roborata
3653 3486 3808 3554 (Isai.

2151 3595 2316 3642 xxxv,
2341 3577 2416 3645 3).
2454 3599 2479 3624 ››
2503 3576 2752 3632 Gressus
2777 3575 3043 3645 rectos,id
3076 3579 3184 3640 est,
3220 3591 3456 3630 sensus:
3487 3573 3643 3629 unde
3668 3573 3815 3628 dicit

2154 3667 2475 3738 Propheta:
2505 3688 2532 3715 «
2558 3665 2715 3720 Beati
2748 3663 3109 3720 immaculati
3135 3663 3193 3717 in
3225 3663 3338 3730 via,
3364 3662 3463 3734 qui
3496 3662 3814 3718 ambulant

2156 3756 2212 3810 in
2273 3754 2398 3825 lege
2466 3753 2695 3808 Domini
2752 3755 2918 3820 (Psal.
2979 3769 3174 3818 cxvm,
3237 3751 3310 3822 1).
3374 3773 3400 3800 ››
3461 3751 3587 3805 Non
3651 3749 3810 3805 clau-

2156 3843 2378 3908 dicans,
2414 3848 2476 3897 ut
2507 3841 2618 3896 alio
2650 3841 2774 3898 loco
2805 3841 2948 3895 dicit
2980 3859 2992 3896 :
3032 3860 3059 3892 α
3090 3841 3239 3905 Quid
3272 3838 3618 3895 claudicatis
3648 3839 3806 3895 inter

2159 3949 2269 3986 me.
2300 3936 2356 3986 et
2386 3931 2568 3985 Baal?
2603 3953 2629 3978 n
2661 3932 2760 3998 (III
2790 3932 2913 3999 Reg.
2947 3947 3107 3996 xvm,
3139 3929 3255 3998 21.)
3279 3928 3466 3999 Magis
3496 3932 3696 3984 autem
3731 3946 3817 3984 sa-

2158 4026 2330 4075 netur
2360 4037 2370 4076 :
2405 4037 2472 4076 ac
2503 4018 2553 4076 si
2603 4020 2760 4075 dicat
2793 4037 2806 4074 :
2840 4018 2948 4084 Qui
2996 4035 3112 4073 non
3164 4018 3350 4073 credit
3394 4021 3570 4086 recte,
3600 4016 3814 4072 melius

2157 4113 2266 4175 est,
2299 4113 2365 4164 ut
2414 4107 2667 4173 ﬁrmius,
2701 4113 2757 4164 et
2807 4106 3075 4162 tenacius
3127 4107 3372 4161 credat:
3421 4109 3485 4160 ut
3533 4105 3815 4160 omnibus

2159 4197 2352 4252 modis
2382 4194 2826 4266 consequamini
2863 4195 3237 4250 medicinam.

2239 4307 2266 4338 α
2297 4286 2503 4341 Pacem
2536 4284 2853 4356 sequimini
2897 4301 3032 4339 cum
3063 4282 3360 4346 omnibus,
3394 4287 3450 4336 et
3495 4281 3816 4338 sanctimo-

2162 4375 2344 4442 niam,
2377 4375 2502 4429 sine
2536 4391 2652 4444 qua
2676 4389 2844 4430 nemo
2873 4372 3092 4427 videbit
3122 4373 3374 4427 Deum.»
3397 4371 3662 4426 Plurima
3682 4371 3817 4443 qui-

2161 4466 2291 4518 dem
2325 4469 2618 4534 sunt,quae
2644 4461 3453 4530 formam,discretionemque
3475 4459 3820 4515 Christiani-

2160 4555 2296 4607 tatis
2343 4553 2663 4607 ostendunt
2705 4569 2716 4607 :
2773 4553 2872 4606 sed
2924 4551 3057 4621 plus
3102 4550 3401 4617 omnibus,
3459 4565 3526 4604 ac
3576 4548 3815 4614 melius,

395 4630 604 4694 futurae
652 4627 1046 4699 jucunditatis
1094 4628 1350 4684 detrahit
1405 4628 1678 4699 praesenti
1727 4626 2047 4691 tristitiam,
2079 4645 2126 4710 D
2159 4641 2461 4696 charitatis
2512 4645 2728 4694 mutua
2773 4641 3038 4706 affectus,
3072 4644 3128 4694 δι
3170 4655 3300 4709 pax,
3331 4655 3454 4706 qua,
3504 4637 3814 4692 hominum

395 4717 526 4782 Noli
574 4717 729 4772 enim
771 4715 1016 4782 tristari,
1049 4716 1096 4770 si
1130 4733 1261 4770 cum
1314 4715 1445 4786 ipsa
1473 4715 1787 4786 disciplina
1833 4714 2047 4785 injuria

2231 4730 2335 4784 rda
2365 4730 2677 4785 consociat.
2731 4729 3040 4798 Propterea
3088 4727 3264 4782 etiam
3314 4726 3580 4782 Christus
3620 4726 3812 4780 dixit:

398 4807 478 4862 sit
507 4822 520 4860 :
557 4807 781 4861 fructus
794 4809 994 4860 tamen
1020 4805 1224 4860 reddet
1247 4803 1538 4859 dulciores
1564 4822 1576 4859 :
1603 4810 1806 4876 postca
1828 4808 2050 4869 autem,

399 4895 614 4966 inquit,
647 4896 902 4950 fructum
934 4893 1380 4965 pacatissimam
1413 4893 1743 4948 exercitatis
1765 4909 1867 4964 per
1897 4909 2049 4959 eam,

403 4985 606 5042 reddet
627 4983 870 5056 justitize
903 4998 916 5037 :
955 4999 1070 5036 non
1102 4969 1380 5052 fructum,
1405 4982 1506 5035 sed
1540 4981 1841 5036 fructuum
1877 4982 2056 5036 abun-

399 5073 660 5149 dantiam
707 5088 1102 5127 numerosam.
1158 5070 1265 5133 Qui
1316 5087 1418 5142 per
1456 5087 1582 5124 eam
1634 5069 2052 5125 exercitantur.

401 5162 554 5216 Bene
582 5161 737 5215 enim
770 5161 934 5228 dixit,
961 5159 1061 5231 qui
1087 5177 1187 5230 per
1209 5177 1336 5214 eam
1363 5159 1773 5227 exercitantur,
1810 5159 1915 5212 hoc
1946 5164 2054 5228 est,

397 5249 499 5318 qui
559 5248 810 5304 tolerant
859 5248 1113 5319 plurimo
1165 5252 1427 5318 tempore
1491 5247 1798 5317 patienter.
1852 5247 2059 5302 Postea

401 5341 598 5392 autem
633 5337 885 5390 fructum
909 5335 1216 5406 accipient,
1239 5336 1410 5401 idest,
1432 5340 1745 5407 postquam
1780 5353 2057 5390 consum-

479 5549 663 5687 21-165)
699 5549 962 5602 Fortasse
991 5564 1228 5604 amores.

509 5619 664 5687 11166)
727 5620 789 5672 In
852 5620 978 5673 eod.
1040 5621 1228 5676 insolw

509 5619 664 5692 1466)
725 5620 789 5692 in
852 5620 978 5673 eod.
1040 5621 1302 5692 insolula,
1365 5621 1516 5692 quod
1563 5639 1633 5676 ex
1676 5622 2059 5690 sequentibus

413 5690 848 5760 emendandum
879 5691 1238 5747 censuimus.

2165 4841 2192 4870 ‹‹
2226 4820 2431 4873 Pacem
2467 4835 2658 4872 meam
2709 4818 2780 4871 do
2811 4817 2973 4872 vobis
3003 4819 3186 4887 (Joan.
3218 4832 3337 4882 xxv,
3365 4817 3479 4885 27).
3512 4837 3540 4865 η
3594 4815 3658 4869 Et
3711 4816 3816 4870 ite-

2167 4925 2340 4962 rum:
2378 4929 2400 4958 ι
2438 4908 2496 4962 In
2530 4907 2640 4962 hoc
2687 4911 3040 4977 cognoscent
3087 4922 3310 4973 omnes,
3357 4904 3497 4975 quia
3543 4904 3819 4975 discipuli

2168 4997 2279 5052 mei
2313 4996 2491 5051 estis:
2527 4996 2575 5049 si
2621 4995 2938 5051 dilexeritis
2977 4995 3223 5050 invicem
3275 4995 3454 5064 (Joan.
3486 5009 3609 5059 XIII,
3643 4994 3756 5061 35).
3789 5015 3817 5043 »

2169 5087 2477 5156 Propterea
2506 5085 2679 5139 etiam
2732 5084 3048 5155 Apostolus
3081 5100 3094 5136 :
3129 5084 3359 5152 Pacem,
3393 5082 3606 5152 inquit,
3635 5087 3821 5140 secta-

2169 5175 2310 5228 mini
2345 5191 2477 5228 cum
2511 5173 2806 5241 omnibus,
2842 5180 2897 5228 et
2947 5172 3402 5228 sanctimoniam
3435 5170 3502 5241 (Il
3531 5170 3658 5226 Cor.
3692 5188 3820 5238 xm,

2170 5265 2278 5333 11),
2308 5263 2415 5317 hoc
2445 5267 2551 5328 est,
2588 5279 2848 5332 corpore,
2883 5267 2938 5317 et
2969 5262 3204 5332 spiritu,
3241 5265 3323 5326 ut,
3359 5283 3385 5308 «
3419 5257 3573 5313 beati
3597 5261 3820 5316 mundo

2169 5353 2361 5421 corde,
2387 5350 2666 5422 quoniam
2692 5351 2802 5420 ipsi
2832 5350 3013 5406 Deum
3045 5349 3330 5405 videbunt
3351 5346 3559 5420 (Matth.
3592 5364 3648 5417 ν,
3681 5349 3758 5419 8).
3791 5371 3816 5399 »

2171 5623 2189 5672 ι
2240 5547 2425 5616 (1467)
2473 5548 2738 5604 Fortasse
2781 5548 3006 5618 recipiet
3054 5547 3364 5612 meliorem,
3395 5544 3453 5598 id
3513 5549 3625 5612 est,
3671 5547 3822 5616 [ruc-

2194 5635 2306 5672 um.

2194 5635 2306 5673 um.
