3916 6408
316 477 436 538 823

1335 472 1670 535 ATTONlS
1714 469 2296 533 VERCELLENSIS
2343 469 2692 532 EPISCOPI

3606 470 3732 530 824

291 613 351 667 et
401 609 718 679 turbinem,
750 611 807 664 et
853 606 1182 679 caliginem,
1216 609 1272 662 et
1321 603 1656 677 procellam,
1689 607 1747 658 et
1794 603 1946 657 tubae
1979 603 2033 668 Α
2060 603 2146 672 tu,
2181 601 2456 674 quoniam
2488 602 2752 674 ipsorum
2785 605 2873 656 est
2904 615 3149 672 regnum
3183 597 3458 654 ccslorum
3504 600 3723 671 (Matth.

293 715 526 766 sonum,
559 700 616 752 et
644 712 841 752 vocem
872 697 1218 761 verborum;
1255 711 1431 766 quam
1480 693 1579 764 qui
1612 691 1944 760 audierunt,

292 789 714 843 excusaverunt
745 802 826 853 se,
861 801 930 840 ne
963 789 1018 839 et
1047 786 1130 839 eis
1163 784 1322 837 ﬁeret
1351 783 1614 836 verbum.
1635 780 1759 834 Non
1793 778 1948 833 enim

2058 708 2114 756 v,
2141 692 2213 755 3;
2247 693 2374 746 Luc.
2406 709 2479 761 νι,
2512 692 2668 762 20),››

2705 696 2760 746 et
2789 689 3037 745 aliorum
3071 690 3395 744 multorum
3428 705 3556 760 quae
3589 689 3727 761 plus

2059 777 2305 834 clariora
2335 784 2474 834 sunt
2525 797 2700 851 quam
2733 778 2818 834 sol
2843 780 2870 832 ?
2903 777 3025 832 Illic
3057 778 3294 848 ponitur
3345 777 3594 847 Moyses,
3629 778 3729 833 hic

293 875 604 946 portabant
660 874 814 945 quod
874 873 1210 938 dicebatur;
1244 876 1300 925 et
1345 873 1392 924 si
1453 870 1640 924 bestia
1696 868 1952 939 tetigerit
2058 866 2273 934 Jesus;
2308 867 2427 922 illic
2459 868 2697 922 nomina
2721 867 3004 938 plebium,
3039 865 3130 920 hic
3165 865 3327 922 milia
3355 867 3723 937 angelorum.

293 967 541 1018 mortem
574 960 791 1033 [Vulg.,
823 960 1100 1029 montem],
1151 957 1528 1029 lapidabitur.
1571 960 1639 1012 Et
1671 959 1752 1012 ita
1784 956 1952 1010 terri-

291 1048 407 1106 bile
438 1056 561 1106 erat
593 1050 743 1120 quod
778 1048 1106 1102 videbatur.
1143 1048 1371 1118 Moyses
1403 1047 1550 1101 dixit
1585 1063 1596 1101 :
1632 1045 1952 1100 Exterritus

291 1155 425 1194 sum
458 1143 514 1194 et
543 1137 988 1193 tremebundus.
1010 1137 1119 1190 Sed
1149 1135 1478 1190 accessistis
1512 1135 1581 1189 ad
1616 1135 1749 1189 Sion
1787 1151 1951 1188 mon-

288 1231 430 1292 tem,
465 1231 520 1282 et
549 1225 837 1281 civitatem
869 1225 967 1280 Dei
1001 1224 1599 1290 viventis,Jerusalem
1635 1223 1948 1296 cmlestem,

291 1319 349 1370 et
370 1313 689 1370 multorum
711 1313 964 1368 millium
991 1313 1332 1385 angelorum
1354 1313 1738 1384 frequentiam
1754 1318 1826 1378 ,et
1846 1314 1950 1368 Ec-

290 1401 526 1458 clesiam
561 1401 1127 1474 primitivorum,qui
1161 1401 1474 1472 conscripti
1508 1407 1645 1456 sunt
1676 1402 1733 1456 in
1769 1401 1952 1472 cmlis,

289 1490 628 1561 etjudicem
661 1490 928 1546 omnium
961 1490 1239 1555 Deum,et
1273 1489 1586 1561 spirituum
1619 1489 1952 1561 [Vulg.,.spz'-

289 1579 450 1650 ritus]
475 1580 774 1650 justorum
802 1580 985 1650 (1475)
1019 1585 1075 1634 et
1107 1579 1464 1633 Testamenti
1499 1579 1636 1634 Novi
1671 1579 1953 1634 mediato-

290 1684 412 1722 rem
429 1672 717 1736 Jesum,et
734 1669 1044 1740 sanguinis
1065 1669 1463 1738 aspersionem
1487 1667 1696 1721 melius
1716 1667 1955 1738 loquen-

287 1760 405 1812 tem
437 1773 614 1828 quam
667 1757 826 1812 Abel.
867 1780 894 1805 ››
929 1758 988 1811 Id
1019 1762 1107 1812 est
1136 1774 1248 1810 non
1304 1757 1376 1811 ad
1405 1755 1632 1810 visibile
1664 1762 1719 1810 et
1752 1755 1952 1827 palpa-

289 1844 407 1900 bile
437 1844 635 1901 lumen
669 1845 1024 1914 accessistis,
1061 1851 1122 1900 ut
1151 1846 1209 1900 in
1241 1845 1420 1900 veteri
1453 1845 1704 1916 legimus
1738 1845 1950 1916 populo

286 1932 554 2032 iudaice,
587 1935 688 1989 sed
723 1935 795 1989 ad
827 1933 1178 2032 ipvisibilem
1213 1939 1266 1988 et
1299 1931 1948 2032 incomprehensibilem
1984 1969 2033 2032 Β

289 2021 627 2077 Dominum.
662 2022 793 2078 Haec
844 2021 906 2076 in
963 2021 1104 2077 Sina
1159 2026 1358 2077 monte
1418 2023 1569 2076 facta
1621 2021 1953 2076 referuntur

291 2109 486 2181 (Exod.
511 2127 628 2174 χιχ,
658 2111 712 2176 9,
746 2111 834 2181 18)
865 2128 878 2166 :
914 2110 1085 2180 ignis,
1121 2111 1390 2176 tenebrae,
1426 2110 1633 2181 caligo,
1675 2113 1948 2183 procella,

289 2198 452 2254 visus
482 2202 592 2264 est,
624 2197 835 2270 inquit,
874 2200 1023 2253 Deus
1052 2198 1111 2252 in
1146 2203 1340 2253 monte
1372 2198 1531 2254 Sina.
1559 2200 1780 2256 Novum
1815 2218 1948 2258 vero

288 2286 730 2342 Testamentum
761 2304 877 2343 non
910 2291 998 2342 est
1021 2303 1155 2342 cum
1184 2286 1380 2359 aliquo
1404 2287 1499 2342 tali
1533 2289 1703 2344 nobis
1725 2290 1949 2346 exhibi-

289 2378 440 2446 tum,
473 2375 573 2430 sed
624 2379 856 2431 tantum
890 2374 1145 2447 simplici
1177 2376 1393 2431 Christi
1427 2393 1696 2433 sermone
1733 2381 1948 2434 contri-

288 2463 760 2519 butum.Intuere
789 2464 972 2535 igitur
994 2463 1247 2535 qualiter
1266 2466 1761 2536 comparationem
1779 2469 1951 2523 faciat

287 2557 408 2608 tam
440 2551 684 2607 istorum
719 2569 896 2624 quam
930 2552 1248 2624 illorum,et
1275 2553 1527 2624 qualiter
1549 2555 1605 2608 in
1639 2557 1952 2626 postremis

287 2657 417 2696 eam
455 2641 809 2712 posuerit,ut
839 2643 1179 2697 astenderet
1208 2659 1385 2712 quam
1421 2641 1733 2697 sublimior
1763 2645 1951 2715 gratia

289 2732 379 2784 est
405 2728 464 2783 in
497 2729 654 2784 Novo
697 2731 1098 2797 Testamento,
1132 2736 1188 2784 et
1219 2732 1408 2802 ipsam
1442 2731 1690 2802 gratiam
1724 2747 1827 2803 per
1855 2748 1950 2786 ve-

288 2821 386 2873 tus
409 2817 853 2872 Testamentum
878 2818 1426 2880 annuntiatam.Qui
1458 2819 1614 2872 enim
1649 2837 1948 2890 compara-

289 2905 480 2960 tiones
540 2903 780 2970 faciunt,
813 2904 1056 2959 alteram
1107 2908 1331 2976 partem
1364 2906 1725 2977 deprimunt,
1759 2913 1825 2962 ut
1861 2925 1952 2964 res

289 2992 530 3050 alterius
579 2991 762 3064 partis
811 2992 1105 3059 emineat;
1141 2993 1224 3047 sic
1272 2999 1330 3048 et
1381 2994 1475 3048 hic
1525 2995 1839 3067 Apostolus
1885 3014 1952 3052 ex

289 3079 723 3152 comparatione
768 3079 1008 3135 illorum
1060 3086 1259 3136 nostra
1311 3083 1536 3151 majora
1587 3084 1863 3157 declarat,
1897 3092 1954 3142 et

290 3168 554 3239 meliora,
584 3173 642 3224 et
675 3168 1092 3236 mansuetiora,
1128 3175 1185 3224 et
1234 3171 1543 3226 miratione
1584 3171 1948 3242 plenissima.

291 3256 610 3329 Dupliciter
663 3273 918 3328 namque
951 3258 1194 3312 meliora
1241 3264 1399 3328 sunt,
1434 3261 1710 3329 quoniam
1743 3268 1798 3317 et
1829 3281 1951 3318 ma-

2063 956 2395 1011 Primitivos
2415 962 2607 1011 autem
2635 956 2836 1010 ﬁdeles
2853 973 2950 1010 eos
2967 955 3109 1010 dicit
3129 955 3228 1026 qui
3249 955 3522 1026 primitus
3545 955 3733 1009 credi-

2063 1045 2400 1116 derunt,qui
2433 1045 2631 1117 scripti
2665 1050 2804 1100 sunt
2835 1045 2893 1098 in
2925 1043 3142 1099 cmlis.«
3160 1045 3228 1098 Et
3249 1044 3512 1115 judicem
3538 1044 3728 1098 Deum

2065 1134 2326 1188 omnium
2362 1158 2375 1199 ;
2411 1157 2436 1183 ››
2468 1152 2530 1188 ac
2563 1134 2608 1188 si
2643 1134 2859 1189 diceret
2893 1151 2904 1188 :
2937 1132 3062 1187 Non
3095 1137 3326 1187 tantum
3358 1133 3726 1198 Judaaorum,

2066 1239 2256 1293 neque
2288 1223 2679 1287 fidelium,sed
2704 1223 2884 1278 totius
2905 1222 3171 1276 videlicet
3193 1222 3419 1276 mundi.
3437 1222 3729 1292 Spiritum

2057 1313 2357 1382 justorum
2394 1313 2898 1384 perfectorumque
2931 1310 3075 1365 dicit
3105 1311 3506 1377 accessisse,id
3539 1309 3732 1378 est,ad

2066 1401 2351 1472 Spiritum
2384 1408 2674 1471 sanctum,
2707 1417 2882 1472 quem
2917 1405 3267 1471 acceperunt
3298 1401 3356 1454 in
3390 1400 3684 1471 baptismo
3718 1425 3733 1465 ;

2065 1506 2166 1544 seu
2184 1489 2768 1561 spiritumjustorum
2790 1490 3178 1561 perfectorum
3195 1489 3336 1542 dicit
3357 1489 3583 1543 animas
3597 1506 3733 1560 quas

2065 1580 2220 1647 apud
2261 1581 2439 1634 Deum
2472 1579 2804 1650 probabiles
2836 1579 3204 1632 exstiterunt.
3239 1577 3595 1650 Sanguinem
3631 1596 3732 1633 as-

2066 1668 2352 1738 persionis
2385 1669 2717 1738 passionem
2737 1667 2948 1721 Christi
2982 1666 3482 1736 dicit,loquentem
3515 1666 3731 1720 melius

2065 1774 2243 1828 quam
2277 1757 2440 1825 Abel,
2475 1758 2612 1828 quia
2642 1757 2881 1827 sanguis
2915 1755 3053 1810 Abel
3088 1760 3343 1824 accusat,
3369 1755 3610 1826 sanguis
3638 1755 3734 1808 vi-

2062 1846 2271 1901 delicet
2301 1847 2517 1901 Christi
2567 1853 2824 1914 excusat,
2861 1852 2923 1900 ut
2953 1846 3011 1900 in
3064 1844 3368 1916 Evangelia
3404 1862 3416 1899 :
3459 1865 3480 1892 α
3516 1845 3586 1899 Ut
3628 1861 3734 1900 ve-

2063 1935 2186 1990 niat
2219 1952 2395 2007 super
2419 1953 2517 1990 vos
2551 1936 2744 1990 omnis
2766 1935 3006 2006 sanguis
3030 1934 3357 2004 justus,qui
3394 1933 3617 1988 effusus
3640 1938 3734 1988 est

2065 2041 2242 2095 super
2271 2030 2508 2094 terram,
2546 2042 2578 2077 a
2608 2024 2894 2095 sanguine
2923 2023 3064 2078 Abel
3088 2022 3453 2093 justi,usque
3486 2023 3554 2076 ad
3588 2039 3731 2076 san-

2060 2114 2296 2186 guinem
2329 2113 2616 2168 Zachariae
2647 2113 2746 2168 filii
2782 2112 3092 2179 Barachiae,
3117 2127 3289 2184 quem
3323 2110 3734 2166 occidistisin-

2062 2210 2150 2258 ter
2179 2202 2467 2275 templum
2501 2208 2558 2258 et
2589 2202 2772 2257 altare
2794 2199 3542 2273 (ll!atth.xx1n,35).uMelius
3565 2199 3727 2253 enim

2061 2292 2322 2363 loquitur
2344 2293 2587 2363 sanguis
2618 2293 2753 2347 Jesu
2777 2307 2951 2362 quam
2979 2288 3289 2360 Abel,quia
3312 2288 3553 2359 sanguis
3584 2287 3728 2343 Abel

2063 2387 2309 2436 mortem
2340 2381 2649 2436 fratricidae
2685 2379 2880 2435 fratris
2910 2379 3094 2450 petiit,
3116 2377 3358 2448 sanguis
3387 2381 3582 2431 autem
3615 2377 3732 2431 Do-

2063 2469 2205 2524 mini
2238 2470 2413 2524 vitam
2449 2469 2927 2541 persecutoribus
2960 2465 3372 2538 imperavit.Ut
3393 2481 3528 2536 ergo
3561 2464 3732 2519 nobis

2064 2563 2498 2613 sacramentum
2532 2558 2847 2612 Dominicaa
2871 2556 3166 2628 passionis
3198 2572 3310 2608 non
3343 2554 3420 2610 sit
3449 2554 3731 2616 otiosum,

2061 2647 2344 2701 debemus
2393 2647 2611 2700 imitari
2645 2647 2800 2716 quod
2831 2645 3147 2708 sumimus,
3183 2648 3240 2698 et
3279 2642 3592 2714 praedicare
3624 2659 3730 2696 cae-

2062 2734 2203 2789 teris
2234 2735 2389 2805 quod
2422 2750 2784 2788 veneramur.

2133 2844 2161 2870 ‹‹
2194 2821 2398 2876 Videte
2430 2837 2500 2875 ne
2533 2821 2812 2875 recusetis
2843 2819 3269 2891 loquentem.St
3302 2819 3457 2872 enim
3491 2817 3577 2870 illi
3610 2834 3730 2871 non

2061 2910 2758 2982 eﬁ’ugerunt,recusantes
2788 2926 2920 2963 eum
2957 2909 3054 2979 qui
3079 2924 3257 2978 super
3276 2911 3490 2961 terram
3524 2903 3730 2975 loque-

2061 2999 2254 3066 batur,
2289 2997 2474 3052 multo
2524 2997 2712 3068 magis
2761 3013 2887 3061 nos,
2921 2997 3018 3067 qui
3051 2997 3121 3050 de
3170 2994 3329 3048 cmlis
3381 2994 3725 3063 loquentem

2062 3087 2233 3142 nobis
2286 3086 2626 3141 avertimus.
2666 3109 2691 3134 »
2724 3086 2931 3140 Cavete
2963 3102 3034 3139 ne
3081 3082 3359 3139 recusetis
3393 3081 3728 3136 doctrinam

2062 3175 2448 3245 Christi,quia
2479 3175 2536 3228 in
2569 3175 2800 3229 dextera
2823 3174 2922 3228 Dei
2953 3173 3143 3227 Patris
3175 3170 3507 3226 sedet.Cum
3538 3168 3730 3223 Judaei

2065 3263 2722 3334 recusantes,perterriti
2757 3261 3068 3332 Deum,qui
3101 3261 3156 3314 in
3192 3265 3346 3314 terra
3367 3275 3500 3313 cum
3529 3259 3732 3329 Moyse

283 3347 416 3416 jora
445 3344 624 3400 simul
647 3349 703 3400 et
733 3345 980 3400 clariora
1011 3346 1260 3400 sunt.lbi
1290 3350 1446 3402 enim
1480 3350 1690 3404 umbra
1722 3353 1950 3422 requie-
1984 3330 2026 3396 (ἶ
2063 3330 2727 3423 loquebatur,_dicentes
2762 3368 2775 3416 ;
2810 3330 3066 3422 Loquere
3099 3355 3160 3403 tu
3195 3348 3612 3409 nobiscum,ne
3643 3345 3731 3400 lo-

291 3434 508 3500 scebat,
541 3432 638 3488 hic
663 3433 878 3488 veritas
908 3438 1139 3489 tenetur
1168 3440 1223 3489 et
1253 3437 1551 3506 panditur.
1573 3439 1818 3495 Proinde
1849 3459 1950 3496 no-

289 3525 412 3578 stra
459 3519 592 3594 plus
624 3521 882 3576 existunt
931 3523 1362 3580 accessibiliora
1411 3531 1467 3580 et
1516 3526 1784 3583 clariora.
1835 3529 1952 3584 Hoc

289 3609 464 3666 etiam
519 3609 579 3664 in
637 3609 900 3682 Epistola
947 3612 1019 3666 ad
1062 3611 1392 3668 Corinthios
1445 3615 1728 3682 scribens,
1763 3617 1949 3673 dicit:

291 3719 322 3748 «ι
355 3696 474 3752 Nos
504 3701 699 3752 autem
732 3698 987 3754 revelata
1019 3699 1164 3754 facie
1193 3699 1439 3771 gloriam
1473 3702 1706 3759 Domini
1747 3723 1952 3776 specu-

291 3785 482 3841 lantes
515 3785 588 3857 (II
620 3784 739 3840 Cor.
776 3787 968 3856 111,18)
1001 3805 1067 3853 ;n
1104 3793 1160 3842 et
1192 3805 1304 3843 non
1339 3790 1492 3844 sicut
1520 3791 1744 3862 Moyses
1775 3810 1952 3863 pone-

295 3874 394 3928 bat
421 3872 685 3928 velamen
717 3890 896 3945 super
926 3875 1131 3931 faciem
1165 3893 1355 3932 suam.
1378 3879 1499 3934 Non
1536 3881 1690 3935 enim
1726 3899 1952 3937 merue-

295 3963 452 4028 runt,
485 3961 676 4031 inquit
725 3961 804 4016 illi
840 3961 978 4016 talia
1027 3965 1347 4037 percipere,
1380 3967 1576 4038 qualia
1607 3970 1775 4025 nobis
1816 3988 1953 4026 con-

293 4049 516 4105 tributa
546 4052 1047 4114 noscuntur.Quid
1073 4053 1227 4108 enim
1260 4054 1344 4108 illi
1372 4056 1565 4112 videre
1590 4065 1949 4124 meruerunt,

295 4137 410 4192 nisi
453 4138 724 4192 tenebras
754 4144 811 4193 et
859 4139 1170 4211 caliginem
1195 4143 1222 4195 ‘2
1252 4142 1578 4200 Audierunt
1629 4148 1865 4217 quidem
1899 4153 1956 4204 et

293 4241 526 4292 vocem;
581 4225 683 4280 sed
735 4231 791 4280 et
847 4231 908 4280 tu
967 4228 1181 4284 audisti
1239 4247 1459 4296 vocem,
1522 4251 1634 4288 non
1695 4252 1796 4306 per
1855 4255 1953 4291 ne—

294 4312 494 4369 bulam
545 4313 894 4381 venientem,
946 4316 1043 4372 sed
1095 4334 1199 4387 per
1246 4336 1478 4375 carnem
1537 4322 1775 4378 Christi.
1828 4325 1953 4380 Non

294 4419 357 4458 es
409 4402 803 4457 tumultuatus
876 4421 1066 4475 neque
1125 4408 1517 4477 perturbatus,
1581 4412 1679 4466 sed
1740 4415 1954 4468 stetisti

294 4495 351 4546 et
405 4489 638 4546 locutus
694 4507 756 4546 es
827 4493 1149 4550 Mediatori.
1211 4496 1372 4552 Tunc
1432 4499 1656 4572 Moyses
1733 4502 1950 4570 timuit,

295 4594 451 4634 nunc
483 4582 679 4634 autem
711 4578 906 4635 nullus
931 4583 1139 4637 metuit
1164 4590 1251 4651 ;et
1283 4589 1420 4640 tune
1452 4587 1615 4658 plebs
1642 4592 1802 4646 stetit
1831 4598 1954 4647 tota

2065 3447 2280 3512 quatur
2311 3441 2481 3495 nobis
2537 3445 2705 3509 Deus,
2739 3457 2811 3494 ne
2844 3441 2988 3494 forte
3034 3437 3357 3492 moriamur
3407 3435 3598 3506 (Exod.
3631 3451 3727 3504 xx,

2065 3531 2149 3600 19)
2178 3548 2190 3597 ;
2225 3534 2444 3600 quanto
2478 3529 2688 3600 magis,
2715 3529 2761 3581 si
2795 3545 2901 3583 nos
2934 3527 3104 3581 nobis
3135 3525 3451 3580 avertimus
3480 3524 3551 3577 de
3582 3521 3730 3577 cmlo

2063 3618 2422 3690 loquentem,
2459 3619 2679 3685 majore
2710 3616 2934 3671 ultione
2967 3614 3364 3686 percutiemur
3386 3613 3414 3666 ‘I

2144 3728 2164 3755 α
2199 3707 2381 3776 Cujus
2411 3722 2521 3759 vox
2553 3706 2734 3760 movit
2763 3710 2980 3760 terram
3013 3709 3175 3770 tunc,
3211 3718 3366 3757 nunc
3408 3704 3606 3754 autem
3639 3714 3730 3753 re-

2067 3794 2378 3866 promittit,
2412 3794 2612 3849 dicens
2645 3794 2799 3865 (Agg.
2835 3794 2959 3864 11,7)
2995 3810 3006 3847 :
3041 3792 3234 3847 adhuc
3265 3789 3444 3846 semel
3475 3804 3580 3860 ego
3613 3803 3734 3842 mo-

2062 3884 2206 3938 vebo
2238 3900 2352 3937 non
2388 3882 2578 3938 solum
2613 3887 2852 3952 terram,
2881 3883 2981 3937 sed
3018 3885 3073 3936 et
3105 3879 3372 3935 cmlum.»
3409 3879 3534 3948 Ipse
3565 3876 3726 3930 enim

2066 3973 2165 4044 qui
2192 3978 2332 4027 tunc
2381 3971 2562 4026 movit
2593 3977 2809 4026 terram
2852 3976 2909 4026 et
2941 3971 3126 4042 legem
3177 3969 3335 4024 dedit
3365 3965 3570 4038 Moysi,
3601 3964 3728 4035 ipse

2066 4079 2222 4115 nunc
2255 4060 2630 4132 repromittit,
2666 4065 2728 4115 ut
2759 4064 2986 4116 moveat
3017 4057 3196 4115 semel
3239 4073 3353 4111 non
3385 4054 3577 4109 solum
3609 4059 3726 4108 ter-

2065 4167 2213 4213 ram,
2248 4151 2345 4203 sed
2379 4154 2434 4202 et
2482 4149 2713 4204 cmlum.
2749 4151 2817 4204 Et
2863 4151 2992 4204 ideo
3026 4152 3243 4218 quanto
3286 4145 3511 4212 maiora
3552 4158 3729 4212 opera

2065 4237 2189 4292 ﬁeri
2242 4238 2545 4308 promittit,
2581 4243 2741 4292 tanto
2771 4238 2958 4309 magis
2987 4237 3283 4291 timendus
3333 4235 3438 4287 est.
3473 4229 3727 4285 Dieendo

2065 4325 2756 4392 autem,semel,ostendit
2785 4325 2922 4397 quia
2953 4340 3256 4394 nunquam
3289 4323 3504 4375 iterum
3538 4333 3704 4372 move

2067 4416 2305 4468 buntur.

2137 4525 2164 4550 ‹‹
2201 4504 2360 4567 Quod
2398 4508 2618 4568 autem,
2654 4503 2845 4557 adhuc
2874 4499 3074 4568 [semel
3104 4499 3263 4568 dicit,
3297 4501 3554 4558 declarat
3602 4519 3724 4558 mo-

2065 4591 2270 4644 bilinm
2321 4591 2764 4648 translationem
2813 4594 3095 4659 tanquam
3146 4589 3452 4656 factorum,
3486 4595 3551 4645 ut
3596 4607 3723 4646 ma-

295 4667 591 4733 deorsum,
625 4684 781 4722 nunc
831 4673 1046 4738 tamen,
1084 4677 1152 4726 ut
1185 4672 1287 4726 ﬁlii
1338 4681 1586 4745 patrem,
1623 4680 1954 4736 audivimus
1985 4689 2032 4751 D
2065 4685 2241 4734 neant
2271 4696 2337 4734 ea
2368 4697 2494 4750 quae
2527 4685 2666 4735 sunt
2697 4678 3088 4733 immobilia.»
3121 4678 3383 4734 Declarat
3407 4680 3564 4735 enim
3599 4697 3722 4735 mo-

295 4754 591 4811 Christum
623 4755 956 4827 loquentem
984 4764 1075 4826 ;et
1105 4759 1280 4815 veluti
1305 4763 1353 4816 si
1379 4763 1625 4819 diceret:
1651 4768 1956 4824 Terribilia

296 4843 536 4916 quidem
567 4844 669 4899 illa
689 4849 828 4900 sunt
858 4850 914 4900 et
939 4850 1392 4921 tremenda,quze
1417 4869 1518 4907 nec
1542 4855 1780 4911 auditus
1805 4858 1949 4914 ferre

295 4938 542 5004 poterat,
591 4950 782 5008 neque
828 4935 1016 4991 bestia
1063 4936 1201 4992 illuc
1251 4941 1490 4995 auderet
1537 4945 1830 5012 accedere,
1859 4965 1954 5002 ve-

293 5025 626 5077 rumtamen
671 5040 784 5078 non
818 5029 984 5080 erant
1012 5024 1152 5080 talia
1182 5026 1380 5096 qualia
1408 5035 1571 5099 gesta
1611 5039 1768 5086 sunt.
1805 5034 1950 5098 Quid

292 5112 381 5162 est
411 5109 566 5162 enim
598 5127 768 5166 mons
801 5114 942 5168 Sina
969 5113 1028 5167 in
1053 5116 1487 5184 comparatione
1511 5118 1636 5172 coeli
1659 5120 1842 5182 ‘IQuid
1866 5129 1954 5177 est

292 5195 448 5267 ignis
479 5199 803 5256 tractabilis
833 5203 904 5256 ad
957 5203 1382 5257 infractabilem
1407 5205 1434 5257 ?
1457 5206 1609 5260 Deus
1649 5211 1826 5275 enim,
1861 5211 1949 5264 in—

291 5284 421 5354 quit
469 5286 772 5356 propheta,
808 5290 959 5360 ignis
989 5307 1343 5346 consumens
1390 5299 1478 5347 est
1509 5295 1682 5360 (Deut.
1720 5315 1793 5363 ιν,
1834 5300 1946 5369 21).

291 5371 438 5436 Quid
469 5376 556 5426 est
588 5375 841 5442 procella
871 5383 929 5432 et
956 5378 1232 5432 tubarum
1267 5381 1515 5448 sonitus,
1559 5384 1616 5437 in
1649 5401 1950 5456 compara-

291 5458 447 5513 tione
479 5457 710 5514 illorum
764 5465 987 5518 Domini
1019 5467 1326 5520 verborum
1361 5486 1487 5538 quae
1527 5471 1583 5524 in
1620 5481 1814 5528 monte
1848 5477 1948 5529 do-

291 5546 413 5600 cuit
441 5549 757 5616 disripulos
789 5555 1160 5615 suos,dicens
1195 5573 1240 5608 ει
1280 5558 1434 5610 Beati
1469 5576 1752 5630 pauperes
1785 5563 1952 5632 spiri-

291 5652 529 5738 irgontcgn
551 5654 1013 5738 dcsideratur,_de
1037 5675 1151 5727 quo
1184 5663 1378 5714 tamen
1403 5662 1460 5716 in
1485 5680 1759 5731 processu
1783 5685 1952 5738 expo-

293 5724 525 5778 sitionis
555 5727 765 5796 sapius
796 5731 1036 5782 mentio.

2066 4769 2271 4823 hilium
2304 4768 2940 4838 translationem,juxta
2972 4767 3123 4837 quod
3153 4767 3322 4821 David
3360 4769 3476 4823 ait:
3501 4791 3527 4817 ‹‹
3557 4767 3722 4823 Initio

2059 4861 2120 4910 tu
2156 4862 2369 4910 terram
2404 4856 2954 4923 fundasti,Domine,
2989 4859 3044 4909 et
3074 4871 3249 4924 opera
3280 4871 3562 4910 manuum
3597 4861 3724 4911 tua-

2064 4962 2195 4999 rum
2229 4949 2366 4998 sunt
2396 4944 2520 5000 cceli
2558 4962 2570 5000 :
2603 4944 2714 5013 ipsi
2753 4943 3045 5014 peribunt,
3061 4947 3126 4996 tu
3160 4947 3355 4997 autem
3392 4960 3721 5013 permanes,

2063 5037 2118 5086 et
2149 5032 2345 5086 omnia
2394 5033 2540 5086 sicut
2573 5033 2986 5086 vestimentum
3039 5034 3418 5085 veterescent.
3455 5031 3522 5086 Et
3573 5032 3727 5086 sicut

2063 5120 2418 5189 opertorium
2472 5121 2729 5174 mutabis
2760 5137 2877 5187 eos,
2911 5124 2967 5171 et
3017 5120 3409 5174 mutabuntur
3440 5121 3609 5186 (Psal.
3645 5136 3723 5187 c1,

2062 5212 2172 5275 26).
2204 5232 2230 5258 ››
2265 5209 2508 5263 Constat
2557 5225 2812 5279 namque
2845 5209 3099 5279 profecto
3132 5207 3272 5276 quia
3304 5208 3361 5261 in
3393 5208 3485 5262 die
3515 5208 3726 5276 judicii

2062 5298 2262 5351 mundi
2300 5298 2695 5351 conditionem
2746 5301 3079 5350 mutaturus
3111 5300 3166 5348 et
3195 5297 3725 5352 transformaturus

2061 5393 2150 5440 est
2199 5386 2256 5439 in
2317 5385 2547 5455 melius,
2582 5390 2640 5440 et
2695 5390 2814 5438 tam
2875 5383 3042 5438 facile
3098 5384 3208 5437 erit
3267 5386 3420 5439 sicut
3477 5385 3726 5455 quilibet

2061 5474 2416 5543 opertorium
2471 5474 2726 5528 involvat
2773 5479 2946 5542 atque
2996 5477 3304 5542 permutet.
3359 5473 3468 5528 Sed
3503 5474 3554 5528 si
3608 5475 3722 5529 ista

2063 5567 2436 5630 permutet,et
2467 5567 2812 5633 potestas,et
2844 5561 3050 5629 virtus,
3083 5566 3138 5614 et
3171 5568 3504 5629 rcgnum,et
3533 5563 3718 5618 virtus

2131 5666 2314 5736 (1475)
2344 5666 2513 5739 Vulg.
2548 5668 2711 5722 addit
2735 5669 3121 5737 perfectorum.
