3916 6396
197 462 318 532 829

777 461 1192 524 EXPOSITIO
1237 463 1316 524 IN
1361 464 1790 526 EPISTOIJAS
1832 462 2098 527 PAULI.
2129 495 2210 512 --
2237 463 2314 524 IN
2357 463 2608 526 EPIS'I‘.
2654 465 2758 525 AD
2806 463 3040 525 HEBR.

3496 463 3620 525 880

200 597 408 652 nentes
433 594 706 664 visibilis,
740 600 805 650 ut
831 596 1148 668 Apostolus
1178 597 1290 652 alio
1321 596 1446 653 loco
1471 596 1552 654 ait
1581 613 1593 652 :
1645 619 1673 647 ‹‹
1717 599 1853 663 Quae
1881 596 1936 664 Α
1967 597 2092 652 dire
2121 596 2277 653 enim
2303 597 2585 654 debemus
2608 597 2912 670 praceptis
2934 597 3230 668 majorum
3251 600 3612 654 nostrorum.

196 684 469 740 videntur
490 685 836 755 temporalia
860 689 998 740 sunt
1021 703 1179 756 ;quae
1202 691 1398 742 autem
1422 704 1536 744 non
1560 686 1852 752 videntur,

198 776 416 828 interna
431 778 569 828 sunt
586 775 666 843 (II
685 772 805 828 Cor.
827 775 878 842 4,
901 775 1009 844 18).
1034 798 1054 826 ι
1083 778 1387 830 Portantes
1405 775 1850 846 improperium,

198 861 412 932 inquit,
446 863 574 932 ejus
599 878 610 917 :
637 861 745 916 hoc
771 866 878 927 est,
905 863 1322 934 participantes
1344 880 1479 920 cum
1507 880 1593 933 eo,
1617 869 1680 919 ut
1702 864 1855 920 sicut

198 949 324 1022 ipse
344 952 626 1006 sustinuit
644 951 1181 1022 improperium,sic
1201 953 1378 1007 etiam
1398 970 1503 1008 nos
1527 954 1855 1008 substinea-

197 1055 353 1093 mus.
377 1040 891 1094 Communicemus
907 1057 1042 1094 cum
1065 1040 1581 1112 eo,participemus
1603 1058 1738 1096 cum
1763 1057 1850 1107 eo,

195 1129 401 1183 eadem
427 1128 557 1200 ipsa
580 1129 899 1200 patientes:
928 1128 1354 1200 improperium
1378 1131 1535 1185 enim
1561 1130 1852 1195 illud,non

197 1217 625 1289 improperium
686 1223 796 1281 est,
856 1218 1260 1274 sanctiﬁcatio.
1324 1219 1640 1290 Imperium
1698 1219 1852 1275 enim

191 1306 323 1377 ejus
356 1308 710 1378 est,signum
742 1308 890 1376 ejus,
925 1307 1079 1377 quod
1109 1312 1411 1377 portamus
1443 1309 1500 1362 in
1533 1308 1853 1374 fronte,seu

192 1393 250 1448 in
283 1400 522 1450 mente:
554 1397 682 1467 ipso
703 1395 930 1450 Christo
960 1397 1226 1451 dicente:
1252 1421 1278 1445 ‹‹
1307 1397 1412 1460 Qui
1445 1397 1566 1452 vult
1601 1406 1732 1468 post
1763 1414 1853 1452 me

188 1484 677 1556 venire,abneget
698 1485 1087 1554 semetipsum
1114 1503 1128 1552 ;
1151 1488 1208 1540 et
1227 1484 1390 1539 tollat
1409 1501 1641 1541 crucem
1658 1502 1850 1552 suam,

186 1576 245 1626 et
297 1577 589 1643 sequatur
642 1589 733 1628 me
789 1573 1000 1644 (Matth.
1062 1591 1176 1639 xvr,
1234 1575 1348 1638 24;
1411 1576 1540 1636 Luc.
1601 1591 1678 1639 ix,
1737 1575 1848 1641 23).

185 1661 421 1730 Saepius
438 1662 594 1716 enim
618 1661 887 1716 homines
910 1661 1339 1732 erubescentes,
1375 1680 1409 1718 a
1439 1662 1639 1722 multis
1671 1663 1851 1718 absti-

192 1762 410 1802 nemus
443 1746 613 1802 bonis
662 1747 976 1818 operibus;
1027 1753 1084 1803 et
1137 1749 1351 1805 iterum
1400 1767 1552 1821 saepe
1583 1750 1851 1808 homines

195 1835 632 1903 erubescentes,
659 1853 693 1892 a
719 1835 925 1892 multis
947 1837 1313 1894 abstinemus
1335 1839 1528 1910 pravis
1553 1840 1847 1910 operibus.

269 1946 297 1973 «
326 1924 456 1979 Non
483 1924 640 1979 enim
672 1924 962 1981 habemus
1009 1925 1104 1980 hic
1158 1931 1492 1982 manentem
1533 1928 1849 1994 civitatem,
1884 1966 1933 2030 B

196 2014 294 2070 sed
311 2013 577 2068 futuram
604 2013 983 2085 inquirimus.
1007 2037 1034 2064 »
1058 2015 1182 2070 Non
1206 2015 1494 2073 habemus
1515 2017 1610 2072 hic
1632 2017 1856 2075 habita-

197 2101 393 2158 culum
419 2103 883 2158 terrenum.ldeo
907 2119 1182 2160 exeamus
1207 2105 1362 2161 foras
1385 2111 1518 2177 post
1536 2106 1854 2163 Dominum

199 2191 256 2247 in
288 2191 624 2263 opprobria,
645 2209 749 2262 pro
780 2191 900 2259 illo,
927 2197 992 2248 ut
1024 2193 1282 2250 futuram
1314 2194 1606 2251 civitatem
1632 2195 1856 2253 habite-

199 2296 330 2336 mus
347 2280 560 2351 (1493),
581 2279 640 2334 id
661 2280 1070 2346 est,coelestem
1100 2282 1452 2339 Jerusalem.
1483 2306 1510 2334 «
1532 2289 1640 2338 Per
1659 2285 1854 2356 ipsum

199 2385 334 2440 ergo
363 2369 681 2426 offeramus
711 2369 968 2426 hostiam
1016 2370 1211 2427 laudis
1243 2389 1476 2444 semper
1517 2372 1656 2444 Deo,
1690 2396 1719 2424 ιο
1751 2373 1858 2429 Per

198 2457 480 2529 ipsum,id
504 2462 613 2527 est,
649 2475 751 2531 per
780 2459 1079 2516 Christum
1113 2460 1398 2517 debemus
1427 2461 1632 2518 offerre
1663 2461 1856 2519 laudis

197 2547 554 2603 sacriﬁcium
575 2552 686 2603 Deo
711 2565 724 2615 ;
746 2547 850 2603 «id
870 2549 1241 2615 est,fructum
1260 2549 1550 2605 labiorum
1576 2551 1856 2607 conﬁten-

198 2636 348 2692 tium
360 2636 584 2692 nomini
609 2638 757 2708 ejus,
781 2659 810 2688 »
838 2642 901 2692 ut
919 2637 1210 2709 Propheta
1225 2638 1397 2694 dicit:
1425 2661 1452 2689 ‹‹
1473 2639 1717 2696 lmmola
1740 2645 1855 2696 Deo

201 2725 555 2781 sacriﬁcium
587 2725 779 2782 laudis
810 2727 982 2798 (Psal.
1032 2745 1183 2793 χωρ,
1214 2729 1322 2798 15).
1355 2751 1374 2777 υ
1411 2728 1497 2783 Illi
1533 2729 1859 2786 offerebant

202 2814 716 2884 pecudes,vitulos,
742 2819 798 2870 et
821 2815 1042 2871 dabant
1073 2816 1337 2887 pontiﬁci
1368 2833 1379 2872 :
1411 2834 1518 2872 nos
1547 2824 1742 2874 autem
1770 2819 1856 2874 ni-

199 2901 276 2957 hil
299 2903 511 2959 horum
538 2903 968 2970 oil‘erimus,sed
991 2904 1177 2960 solam
1191 2906 1516 2977 gratiarum
1541 2907 1852 2964 actionem.

203 2992 351 3046 Hanc
380 2990 544 3048 labia
566 2996 764 3047 nostra
783 2993 1132 3064 germinent.
1161 2993 1402 3050 Talibus
1425 2994 1636 3066 inquit,
1669 2997 1854 3052 sacri-

203 3080 342 3138 ﬁciis
372 3081 644 3153 placatur
681 3081 856 3137 Deus.
900 3081 1058 3136 Nihil
1107 3081 1486 3155 blasphemia
1514 3101 1624 3140 vox
1653 3089 1856 3142 nostra

204 3175 440 3237 resonet,
481 3187 598 3228 non
655 3175 891 3242 propter
942 3171 1059 3227 vim
1109 3171 1318 3242 (1484),
1369 3189 1483 3227 non
1517 3176 1853 3243 contumax,

200 3258 336 3316 nihil
364 3275 674 3332 arrogans.
711 3260 928 3316 Demus
960 3260 1046 3316 illi
1078 3261 1426 3326 hostiam,ut
1455 3261 1582 3332 ipse
1610 3278 1739 3318 eam
1768 3264 1852 3318 of-

195 3349 331 3405 ferat
357 3329 540 3406 Patri:
569 3348 757 3404 Aliter
785 3353 982 3406 autem
1025 3367 1140 3405 non
1173 3351 1432 3416 oil‘ertur,
1479 3329 1598 3406 nisi
1627 3366 1730 3422 per
1760 3351 1849 3406 Fi~
1883 3329 1928 3396 (ἶ

196 3435 372 3494 lium:
404 3440 607 3510 majus
637 3443 834 3495 autem
867 3438 1048 3496 etiam
1081 3455 1182 3509 per
1224 3443 1478 3495 mentem
1516 3441 1851 3496 contritam.

271 3551 296 3577 α
316 3527 740 3585 Βθοθῐὶθίθηιὶω
759 3532 956 3583 autem
980 3532 1036 3583 et
1057 3528 1492 3584 communionis
1511 3528 1694 3584 nolite
1713 3529 1858 3584 obli-

202 3615 332 3672 visci
359 3635 374 3684 ;
404 3617 629 3672 talibus
682 3615 839 3671 enim
870 3616 1082 3672 hostiis
1132 3622 1501 3688 promeretur
1529 3623 1700 3674 Deus.
1735 3641 1764 3668 »
1795 3617 1855 3673 Si

211 3704 304 3760 alii
335 3711 560 3762 vestras
587 3721 834 3776 rapuere
865 3706 1249 3773 substantias,
1279 3710 1473 3761 tamen
1503 3723 1570 3761 ex
1591 3706 1695 3769 eis,
1729 3724 1856 3778 quas

210 3791 447 3860 habetis,
480 3795 888 3866 eleemosynas
919 3794 1059 3851 dare
1092 3794 1270 3851 nolite
1299 3795 1583 3862 oblivisci,
1619 3801 1684 3850 ut
1714 3800 1857 3851 Pro-

212 3881 373 3953 pheta
401 3885 584 3940 dicit:
611 3907 639 3932 «
664 3883 878 3939 Beatus
901 3883 1000 3955 qui
1025 3883 1301 3955 intelligit
1333 3901 1510 3956 super
1531 3901 1777 3956 egenum
1803 3890 1860 3941 et

211 3987 507 4044 pauperem
547 3973 715 4038 (Psal.
761 3990 850 4040 xL,
905 3974 1040 4042 2).»
1075 3973 1157 4028 Ne
1205 3989 1337 4027 eum
1374 3978 1543 4044 putes
1575 3972 1858 4044 accipere,

213 4061 369 4131 cujus
397 4079 644 4118 manum
673 4061 872 4129 vides;
908 4061 1005 4117 ille
1037 4062 1194 4116 enim
1225 4061 1565 4132 accipit,qui
1591 4062 1776 4132 jussit
1796 4067 1863 4118 ut

215 4147 391 4206 dares.
423 4153 510 4208 Tu
547 4152 655 4207 das
687 4167 897 4222 panem
920 4149 980 4206 in
1012 4154 1348 4218 terra,Deus
1380 4150 1586 4222 recipit
1611 4150 1671 4205 in
1693 4150 1856 4207 cmlo.

215 4241 316 4294 Das
345 4241 414 4312 ei,
448 4240 556 4314 qui
585 4245 936 4306 consumat;
969 4239 1174 4310 accipit
1208 4239 1326 4310 ille,
1351 4240 1449 4310 qui
1483 4240 1711 4295 reddat.
1746 4241 1860 4296 Nec

214 4323 312 4381 hoc
339 4329 675 4384 redditurus
708 4333 797 4384 est
843 4328 999 4399 quod
1049 4327 1290 4398 accepit.
1347 4328 1587 4382 Terram
1621 4329 1860 4396 dedisti,

215 4413 411 4471 ccelum
446 4416 732 4488 recipies;
760 4415 1109 4488 temporalia
1139 4416 1373 4480 dedisti,
1403 4421 1618 4472 aeterna
1645 4434 1862 4474 merca-

216 4499 375 4560 beris.
410 4506 608 4577 Panis,
642 4520 818 4577 quem
841 4504 1076 4575 dedisti,
1100 4510 1489 4576 consumptus
1514 4512 1604 4560 est
1627 4531 1640 4571 ;
1668 4507 1860 4577 panis,

219 4605 380 4661 quem
413 4595 509 4651 ille
537 4595 725 4662 dabit,
759 4595 980 4652 reﬁciat
1007 4598 1066 4650 et
1097 4611 1212 4650 non
1254 4594 1499 4649 deﬁciet.

1966 685 2025 740 Si
2058 686 2216 741 enim
2249 685 2493 758 maligni
2519 686 2870 752 exstiterint,
2893 703 3009 741 non
3042 685 3327 742 faciamus
3361 685 3618 758 qualiter

1963 780 2168 847 agunt,
2201 776 2303 830 sed
2335 775 2586 846 qualiter
2616 776 2820 830 dicunt
2845 775 3066 847 (Matth.
3100 793 3265 841 xxiii,
3295 775 3372 846 3).
3407 775 3531 830 Nisi
3553 775 3614 831 in

1964 865 2078 920 ﬁde
2104 864 2380 920 contrarii
2413 865 2760 931 exstiterint,
2812 883 2926 920 non
2960 865 3153 921 solum
3197 865 3420 921 vitandi
3451 871 3613 933 sunt,

1965 954 2064 1009 sed
2098 955 2273 1010 etiam
2307 953 2587 1025 fugiendi.
2623 954 2683 1010 Si
2729 953 2885 1009 enim
2918 955 2978 1009 in
3021 954 3286 1010 moribus
3316 955 3611 1026 discrepa-

1964 1042 2315 1108 verint,audi
2341 1043 2636 1098 Christum
2661 1044 2988 1098 dicentem:
3015 1065 3043 1093 «
3067 1043 3256 1115 Super
3274 1043 3614 1099 cathedram

1965 1130 2146 1202 Moysi
2179 1133 2461 1187 sederunt
2509 1132 2732 1198 scribas,
2784 1137 2842 1187 et
2885 1131 3178 1202 pharissai.
3233 1132 3446 1188 Omnia
3475 1149 3615 1204 ergo

1964 1236 2328 1291 quaecunque
2383 1221 2657 1276 dixerunt
2703 1220 2867 1276 vobis
2896 1225 3144 1286 servate,
3195 1224 3252 1275 et
3283 1220 3487 1276 facite:
3517 1236 3616 1276 se-

1963 1310 2221 1363 cundum
2241 1326 2418 1380 opera
2443 1327 2645 1365 eorum
2677 1308 2860 1364 nolite
2891 1308 3077 1364 facere
3101 1324 3114 1362 :
3139 1308 3345 1363 dicunt
3366 1310 3615 1376 enim,et

1963 1413 2078 1452 non
2104 1397 2326 1452 faciunt
2358 1399 2546 1468 (lbid.,
2577 1400 2631 1460 2,
2654 1399 2730 1467 3).
2771 1419 2798 1445 »
2831 1399 2904 1451 Ac
2935 1397 2986 1452 si
3035 1396 3293 1452 diceret:
3327 1397 3475 1454 Vere
3498 1415 3614 1452 non

1963 1486 2034 1539 ad
2067 1486 2243 1540 vitam
2277 1503 2500 1554 eorum,
2534 1487 2634 1542 sed
2659 1487 2729 1541 ad
2755 1502 3057 1541 sermones
3082 1485 3389 1541 intendite.
3425 1487 3613 1552 Quan-

1963 1578 2086 1628 tum
2120 1575 2276 1630 enim
2313 1575 2381 1630 ad
2441 1592 2635 1631 mores
2687 1574 2917 1644 attinet,
2980 1574 3180 1629 nullus
3212 1573 3425 1644 poterit
3454 1573 3610 1629 Isidi.

1963 1663 2088 1726 Qua
2119 1663 2340 1718 ratione
2388 1663 2545 1720 hoc?
2589 1665 2736 1728 Quia
2783 1663 3100 1719 manifesta
3147 1668 3289 1718 sunt
3335 1661 3614 1719 omnibus

1962 1768 2140 1823 opera
2171 1751 2330 1808 illius
2377 1755 2523 1825 (Gal.
2574 1771 2630 1822 ν,
2661 1753 2766 1820 19;
2800 1753 2827 1809 ι
2871 1753 3002 1807 Tim.
3054 1769 3108 1822 ν,
3158 1753 3272 1823 24).
3324 1752 3387 1808 In
3438 1768 3618 1809 causa

1961 1840 2117 1895 enim
2141 1840 2297 1909 ﬁdei,
2318 1859 2436 1897 non
2458 1846 2548 1898 est
2563 1842 2944 1898 manifestum
2969 1841 3429 1912 omnibus,quod
3455 1841 3621 1896 doce-

1961 1929 2284 2001 tur.Neque
2308 1929 2604 2002 malignus
2626 1929 2859 1985 dubitat
2878 1930 3085 1985 docere
3115 1928 3426 1985 contraria.
3444 1928 3620 1985 Senis

1964 2021 2162 2073 tamen
2193 2019 2306 2073 fide
2337 2018 2729 2074 obediendum
2751 2023 2860 2084 est,
2883 2018 3041 2074 sicut
3067 2019 3340 2089 precepit
3368 2019 3616 2089 Aposto-

1965 2105 2080 2173 lus,
2115 2107 2255 2177 quia
2279 2107 2393 2178 ipsi
2438 2107 2820 2178 pervigilant,
2847 2107 3134 2162 rationem
3169 2122 3272 2178 pro
3303 2106 3619 2161 animabus

1966 2196 2184 2252 nostris
2215 2196 2548 2251 reddentes.
2603 2195 2728 2252 Non
2766 2195 2958 2250 solum
3009 2195 3166 2250 enim
3214 2194 3482 2266 vigilant,
3515 2194 3614 2250 sed

1967 2283 2143 2339 etiam
2175 2284 2544 2356 pervigilant.
2578 2283 2934 2355 Pervigilant
2962 2283 3250 2355 enim,qui
3279 2284 3408 2339 sine
3437 2283 3620 2339 inter-

1966 2373 2247 2429 missione
2275 2372 2538 2446 vigilant.
2565 2373 2700 2429 Ideo
2733 2373 2955 2429 subditi
2984 2372 3208 2439 sitis,ut
3236 2389 3372 2428 cum
3405 2371 3620 2445 gaudio

1965 2461 2074 2518 hoc
2098 2462 2333 2530 faciant,
2358 2467 2415 2517 et
2434 2479 2550 2518 non
2573 2465 2892 2534 gementes.
2908 2461 2952 2517 Ο
2975 2465 3266 2533 quantum
3289 2460 3618 2534 periculum

1964 2549 2297 2606 infelicibus
2329 2549 2452 2606 illis
2482 2555 2540 2606 et
2571 2550 2933 2622 miseris,qui
2959 2549 3334 2622 semetipsos,
3367 2551 3439 2606 ad
3471 2549 3618 2606 alios

1966 2640 2250 2710 regendos
2285 2639 2671 2712 praecipitant,
2705 2645 2764 2694 et
2793 2657 2854 2695 se
2883 2639 2943 2694 in
2976 2643 3276 2695 tantorum
3307 2638 3620 2710 supplicio-

1965 2745 2096 2784 rum
2117 2728 2912 2800 abyssumjactant,quorum
2937 2728 3201 2784 omnium
3215 2728 3618 2799 subjectorum

1965 2817 2250 2873 reddituri
2274 2821 2414 2873 sunt
2432 2818 2720 2873 rationem
2746 2817 2758 2871 l
2788 2818 2922 2873 Post
2941 2821 3166 2872 tantam
3189 2817 3348 2872 enim
3372 2816 3620 2873 commi-

1965 2907 2288 2972 nationem,
2321 2923 2499 2978 quam
2533 2906 2901 2979 negligentia
2931 2906 3199 2962 videmus
3220 2904 3468 2973 illatam,
3494 2905 3620 2977 plu-

1966 2993 2154 3061 rimis,
2195 2995 2292 3065 qui
2327 2999 2690 3050 concurrunt
2739 2999 2797 3050 et
2847 2993 3215 3064 pracipitant
3244 2991 3618 3064 semetipsos,

1965 3087 2189 3154 quanta
2206 3082 2652 3154 moles,quautm
2675 3080 3056 3137 difﬁcultates
3075 3079 3379 3153 regiminis
3400 3080 3616 3152 (11:87)!

1965 3171 2024 3226 Si
2055 3171 2211 3227 enim
2244 3171 2344 3242 qui
2368 3170 2716 3226 necessitate
2738 3167 3428 3241 compelluntur,nullum
3457 3173 3622 3242 pote-

1966 3265 2104 3316 runt
2133 3259 2347 3315 habere
2376 3260 2694 3331 refugium,
2745 3275 2938 3331 neque
2967 3257 3152 3314 ullam
3181 3258 3618 3316 excusationem

1965 3348 2240 3420 reperire,
2275 3349 2512 3418 quando
2541 3363 2636 3404 res
2667 3346 2818 3404 male
2862 3346 3259 3418 tractaverint,
3292 3351 3351 3402 et
3382 3347 3619 3418 quando

1965 3437 2326 3507 negligenter
2339 3453 2507 3492 suam
2523 3437 3099 3492 administrationem
3113 3436 3403 3507 gesserint
3419 3453 3624 3508 ;q-uan-

1964 3528 2022 3580 to
2046 3541 2182 3597 ergo
2206 3524 2463 3596 amplius
2487 3524 2588 3596 qui
2608 3541 2742 3581 cum
2768 3525 2963 3580 studio
2983 3529 3042 3580 et
3071 3523 3391 3580 ambitione
3412 3529 3622 3596 petunt

1967 3613 2418 3686 principatus,et
2447 3614 2796 3685 semetipsos
2828 3613 3214 3686 principitant,
3230 3613 3492 3669 severius
3512 3630 3618 3684 pu-

1969 3702 2205 3758 nientur
2231 3705 2240 3757 l
2274 3705 2384 3773 Huj
2397 3702 2628 3758 usmodi
2647 3703 2804 3758 enim
2828 3702 3001 3758 homo
3026 3700 3209 3757 multo
3232 3700 3488 3774 amplius
3509 3701 3622 3757 sibi

1968 3792 2162 3848 locum
2191 3793 2370 3849 venite
2429 3792 2667 3848 claudit.
2710 3792 2858 3850 Nam
2909 3795 2967 3848 et
3011 3789 3172 3857 Saul,
3225 3790 3325 3864 qui
3358 3790 3621 3863 regimen

1969 3881 2134 3952 prius
2167 3885 2555 3949 recusaverat,
2590 3886 2903 3953 postquam
2935 3879 3244 3950 recusavit,
3278 3879 3337 3934 in
3363 3879 3624 3951 pericula

1967 3970 2212 4026 incidit:
2248 3975 2469 4041 quanto
2503 3970 2693 4041 magis
2724 3969 2842 4035 ille,
2882 3969 2984 4040 qui
3013 3968 3073 4024 in
3107 3967 3426 4024 ambitione
3454 3967 3622 4038 prin—

1968 4059 2198 4130 cipatus
2212 4059 2598 4129 semetipsum
2613 4058 2940 4130 praecipitet
2953 4057 3223 4128 ?Oportet
3239 4072 3374 4129 ergo
3390 4055 3620 4124 timere,

1969 4152 2026 4204 et
2055 4152 2293 4220 propter
2322 4146 2764 4213 conscientiam,
2796 4151 2852 4202 et
2882 4151 3118 4218 propter
3147 4144 3360 4201 molem
3400 4160 3468 4201 ac
3497 4160 3624 4200 ma-

1969 4236 2338 4309 gnitudinem
2371 4253 2564 4303 cura);
2597 4241 2654 4293 et
2683 4253 2894 4308 neque,
2927 4236 3067 4294 dum
3119 4235 3192 4290 ad
3226 4233 3622 4307 principatum

1967 4323 2555 4395 trahitur,rccusare;
2590 4341 2801 4396 neque,
2844 4325 2987 4379 dum
3020 4339 3136 4382 non
3167 4321 3424 4378 trahitur
3452 4322 3622 4394 quis-

1970 4430 2150 4485 quam
2177 4416 2562 4484 semetipsum
2599 4413 2978 4484 prascipitare.
3031 4411 3144 4468 Sed
3187 4411 3626 4467 considerantes

1971 4506 2197 4559 tantam
2231 4502 2538 4573 dignitatis
2569 4501 3050 4573 amplitudinem,
3073 4504 3302 4572 oportet
3331 4500 3621 4572 effugere;

1971 4589 2536 4660 comprehendentes
2549 4595 2769 4656 autem,
2787 4589 3138 4661 obsequium
3153 4594 3211 4645 et
3239 4589 3624 4646 reverentiam

283 4682 456 4755 (1485)
489 4706 518 4734 ‹‹
550 4684 792 4740 Obedite
834 4683 1163 4756 praepositis
1214 4682 1447 4748 vestris,
1481 4686 1537 4738 et
1567 4683 1867 4754 subjacete
1897 4696 1942 4760 ι)
1975 4684 2202 4751 oportet
2258 4680 2583 4736 ostendere.
2644 4679 2803 4734 Nihil
2852 4678 3238 4735 immoderate
3292 4676 3623 4734 faciendum

219 4767 314 4824 eis.
346 4773 459 4844 Ipsi
484 4773 642 4829 enim
668 4771 1212 4846 pervigilant,quasi
1236 4771 1523 4828 rationem
1550 4789 1654 4844 pro
1675 4776 1865 4829 omni-

224 4856 323 4914 bus
352 4863 512 4917 vobis
545 4863 731 4935 (1486)
781 4863 1088 4930 reddituri,
1131 4866 1194 4917 ut
1225 4877 1358 4916 cum
1404 4861 1617 4932 gaudio
1647 4861 1757 4918 hoc
1787 4863 1870 4919 fa~

220 4945 387 5016 ciant,
417 4955 474 5006 et
499 4969 617 5008 non
639 4958 960 5024 gementes.
995 4974 1025 5000 ››
1059 4950 1336 5008 Praecepit
1361 4949 1514 5004 enim
1548 4952 1865 5022 Apostolus

221 5039 280 5090 ut
305 5053 499 5096 eorum
534 5040 866 5114 praepositis
898 5057 1100 5098 aurem
1147 5039 1678 5096 accommodarent.
1712 5041 1865 5097 Obe-

284 5181 456 5254 (1483)
488 5184 550 5240 In
583 5188 782 5259 autog.
817 5185 1267 5258 habemus,quod
1301 5198 1513 5239 sensus
1544 5183 1862 5239 emendan-

224 5249 352 5304 dum
383 5258 589 5304 suasit-

260 5267 352 5308 um
383 5258 590 5310 suasit.

286 5324 464 5399 (1484)
489 5328 758 5384 Fortasse
785 5345 896 5384 non
925 5329 1342 5399 improperz'um,
1388 5327 1474 5382 vel
1505 5341 1616 5381 non
1644 5331 1866 5399 propter

224 5395 383 5472 luunt,
407 5398 576 5472 juxta
595 5399 744 5455 illud
765 5395 1028 5472 Apostoli
1052 5401 1080 5455 Ι
1097 5395 1170 5456 iul
1191 5399 1312 5456 Cor.
1336 5417 1458 5467 xm,
1480 5400 1534 5468 5,
1568 5403 1624 5453 et
1641 5395 1860 5472 Philip.

225 5479 280 5545 3;,
304 5467 388 5545 2i,
416 5467 519 5524 ubi
550 5488 666 5527 non
688 5489 798 5529 sua
819 5467 1342 5545 ‘quaereremonet;
1377 5467 1712 5526 nam'verba
1743 5467 1863 5526 haec

225 5539 297 5617 ita
321 5539 515 5608 jacent
543 5550 818 5617 no—npropt
847 5539 1028 5600 'uum.
1078 5542 1181 5598 Vel
1214 5539 1358 5598 forte
1398 5559 1511 5598 non
1553 5550 1866 5613 protervum

225 5604 400 5669 legere
438 5604 754 5669 praestabit.

315 5683 462 5760 1486)
493 5685 557 5760 In
584 5692 777 5760 autog.
813 5702 999 5759 marg.
1031 5685 1128 5760 hic
1171 5685 1393 5760 legitur
1422 5702 1548 5757 cap.
1579 5685 1860 5756 XXXVII,

292 5753 465 5828 (1486)
494 5757 665 5830 Vulg.
693 5753 796 5832 pro
829 5753 1122 5818 animabus
1151 5753 1361 5823 υϐ-ςῖή-ε»

1977 4773 2066 4824 est
2095 4770 2300 4824 (1488).

2056 4783 2066 4824 ;
2225 4771 2256 4822 8
2289 4810 2300 4823 .

2056 4770 2288 4915 «(gi-it;
2303 4875 2403 4931 pro
2416 4857 2586 4914 nobis
2611 4858 3056 4927 ;confundimus
3069 4856 3395 4928 enim,quia
3408 4856 3625 4911 bonam

1979 4947 2396 5004 conscientiam
2429 4947 2718 5004 habemus
2762 4948 2820 5002 in
2871 4945 3146 5002 omnibus
3194 4946 3341 5002 bene
3369 4943 3629 5000 volentes

1975 5037 2326 5094 conversari.
2360 5059 2388 5087 »
2425 5035 2624 5092 Veluti
2657 5036 2708 5092 si
2733 5037 2990 5092 diceret:
3027 5034 3170 5092 Nolo
3193 5040 3258 5090 ut
3280 5033 3425 5089 mihi
3455 5049 3626 5090 accu-

2071 5181 2228 5263 1467)
2277 5178 2773 5263 Τθχῐιξωθὴυρο.
2828 5178 3130 5263 aliquanto
3188 5175 3627 5261 emendandum

1967 5250 2250 5324 judicavi.
2277 5252 2361 5307 Ita
2383 5252 2538 5307 enim
2546 5252 2810 5321 jacebat:
2857 5251 2987 5324 Post
3008 5254 3222 5324 tantum
3249 5250 3629 5324 communica-

1977 5321 2198 5389 tionem,
2233 5341 2400 5394 quam
2429 5324 2776 5394 negligentiae
2805 5323 3055 5378 videmus
3079 5322 3330 5388 illatam,
3366 5321 3628 5394 plurimi:

1973 5393 2444 5468 quiconcurrunt,
2462 5399 2513 5450 et
2532 5396 2891 5468 praecipitant
2907 5395 3418 5468 semetipsostantas
3436 5393 3625 5458 molis,

1972 5464 2137 5548 tanta
2166 5464 2542 5548 difﬁssaque
2567 5467 2884 5536 regiminis.
2937 5464 3109 5530 Quod
3153 5464 3384 5522 nullum
3419 5468 3628 5536 aptum

1974 5540 2187 5595 referre
2217 5538 2523 5592 videbatur
2552 5553 2817 5593 sensum.

1972 5611 2229 5737 (11148?)
2260 5609 2406 5666 Vere
2437 5626 2615 5665 aurea
2664 5608 3012 5676 admonitio,
3062 5612 3346 5680 tantoque
3378 5604 3629 5680 praesule

2015 5698 2153 5737 mna

2015 5698 2153 5754 lgna
