3916 6400
217 462 330 524 831

1242 466 1586 529 ATTONIS
1629 464 2214 528 VERCELLENSIS
2258 460 2610 528 EPISCOPI

3515 465 3635 527 832

218 596 474 653 sationes
502 595 733 668 aliquas
765 598 1096 670 proferatis.
1124 598 1514 665 Conscientia,
1535 597 1747 670 inquit,
1763 613 1866 652 no-
1896 598 1951 663 Α
1981 598 2138 653 mine
2168 602 2225 653 et
2255 598 2552 654 subtiliter
2573 597 2813 668 liniunt,
2841 598 2954 653 nisi
2987 595 3170 666 (1489)
3201 594 3406 667 repleti
3441 594 3633 651 multo

221 692 344 742 stra
377 704 483 742 nos
512 686 571 741 in
605 687 766 743 nullo
796 689 1170 754 condemnat,
1224 705 1411 758 neque
1442 687 1610 742 nobis
1642 686 1865 758 aliquid

221 775 438 831 conscii
471 791 699 831 sumus.
734 775 1621 847 Conﬁdimus,inquit,quoniam
1651 777 1863 830 bonam

222 864 644 921 conscientiam
671 865 957 920 habemus
980 865 1037 919 in
1061 864 1484 930 omnibus,non
1510 865 1566 919 in
1593 865 1867 936 gentibus

223 956 477 1018 tantum,
509 956 606 1009 sed
629 955 806 1008 etiam
858 959 916 1008 et
940 953 1000 1008 in
1026 953 1210 1008 vobis.
1245 953 1402 1007 Nihil
1451 953 1866 1024 negotiationis

220 1043 410 1113 gratia
440 1043 722 1116 facimus;
761 1041 906 1096 nihil
932 1058 1066 1096 cum
1094 1042 1439 1097 conﬁctione
1471 1041 1823 1114 protulimus
1850 1059 1863 1096 :

221 1146 336 1184 non
369 1131 521 1185 sicut
547 1129 792 1195 inimici,
843 1129 1039 1200 inquit
1090 1146 1278 1200 neque
1324 1131 1477 1185 sicut
1521 1129 1731 1193 hostis,
1765 1130 1866 1184 sed

220 1217 376 1274 sicut
407 1218 630 1274 amicus
660 1217 781 1272 haec
831 1219 1043 1274 scribo.
1095 1219 1434 1290 Deprecatio
1481 1219 1638 1274 enim
1668 1218 1724 1273 in
1760 1219 1867 1272 hoc

218 1307 342 1363 loco
374 1311 633 1378 apparet,
667 1313 951 1378 tanquam
983 1309 1054 1362 ad
1089 1308 1462 1364 contristatos
1497 1308 1758 1362 scribens
1795 1307 1865 1361 ad

218 1412 338 1466 eos,
384 1395 485 1467 qui
526 1396 680 1450 circa
727 1414 884 1466 eum,
935 1397 1116 1452 veluti
1173 1397 1326 1452 circa
1371 1397 1866 1469 praevaricatorem

217 1485 644 1552 efﬁciebantur,
680 1503 794 1542 non
825 1486 1075 1542 ferentes
1117 1503 1307 1558 neque
1360 1502 1572 1541 nomen
1604 1487 1730 1555 ejus
1759 1503 1867 1540 au-

218 1573 362 1628 dire.
396 1575 462 1628 Et
492 1573 600 1629 hoc
630 1574 807 1629 etiam
849 1592 919 1630 ex
965 1575 1080 1640 his,
1135 1592 1263 1647 quae
1295 1579 1647 1646 sequuntur,
1671 1580 1865 1628 osten-

217 1662 414 1718 ditur:
449 1685 478 1712 «
512 1663 783 1735 Amplius
815 1674 1009 1719 autem
1061 1666 1336 1735 deprecor
1367 1681 1468 1719 vos
1519 1663 1625 1718 hoc
1657 1662 1866 1729 facere,

215 1767 333 1822 quo
362 1751 610 1808 celerius
644 1752 924 1808 restituar
969 1753 1154 1808 vobis.
1190 1775 1218 1802 »
1267 1758 1383 1808 Hoc
1414 1752 1590 1807 etiam
1618 1751 1868 1806 nimium

217 1839 474 1896 amantis
493 1840 685 1896 estsic
707 1858 872 1897 orare
897 1860 910 1909 ;
939 1859 1054 1898 non
1077 1841 1442 1914 simpliciter,
1465 1841 1565 1896 sed
1590 1857 1724 1895 cum
1749 1844 1870 1894 tota

219 1929 656 2023 in_tentione,_et
686 1929 846 2023 omni
878 1946 1119 2023 prorsus
1143 1930 1358 1987 studio.
1383 1930 1457 1986 Ut
1486 1929 1620 1995 cito,
1654 1929 1866 2000 inquit,
1899 1959 1947 2023 B

219 2017 293 2072 ad
326 2034 427 2072 vos
457 2018 708 2073 veniam.
759 2018 878 2074 Hoc
925 2019 1107 2075 animi
1154 2026 1244 2076 est
1290 2019 1434 2074 nihil
1487 2019 1599 2074 sibi
1627 2017 1864 2083 conscii,

220 2107 498 2162 festinare
530 2112 594 2160 ut
623 2108 694 2161 ad
727 2123 826 2163 eos
856 2107 1129 2164 velociter
1169 2109 1485 2164 adveniret.
1520 2108 1870 2162 Exhortatur

220 2194 354 2250 illos
384 2211 548 2270 orare
581 2212 682 2266 pro
715 2212 795 2251 se.
831 2195 903 2252 Ut
930 2196 1040 2252 hoc
1069 2197 1120 2252 ei
1151 2197 1586 2264 concederetur,
1611 2196 1867 2268 primum

222 2284 296 2337 ab
323 2284 407 2339 eis
441 2283 699 2356 postulat
747 2285 1030 2342 orationis
1077 2285 1385 2352 auxilium,
1417 2291 1558 2341 tunc
1607 2285 1783 2340 etiam
1813 2289 1871 2339 et

222 2371 349 2442 ipse
380 2388 484 2443 pro
514 2372 598 2428 eis
631 2376 830 2428 omnia
863 2375 1015 2429 bona
1044 2375 1406 2446 deprecatur.
1443 2397 1472 2425 ‹‹
1506 2380 1655 2430 Deus
1687 2375 1867 2444 pacis,

223 2460 324 2531 qui
357 2460 559 2516 eduxit
589 2462 660 2516 de
683 2462 932 2518 mortuis
955 2468 1247 2534 pastorem
1272 2480 1552 2535 magnum
1587 2462 1871 2527 ovium,in

222 2549 510 2622 sanguine
540 2552 876 2606 testamenti
907 2553 1450 2619 aaterni,Dominum
1485 2557 1751 2606 nostrum
1782 2555 1873 2604 Je-

224 2655 356 2694 sum
388 2638 708 2695 Christum.
749 2663 769 2689 υ
798 2639 987 2696 Nolite
1020 2641 1200 2712 igitur
1218 2640 1529 2695 dissentire
1561 2656 1592 2694 a
1626 2636 1875 2704 nobis,si

222 2726 404 2782 vultis
434 2728 620 2784 Deum
652 2729 812 2800 pacis
839 2729 1054 2785 habere
1098 2730 1436 2800 propitium,
1472 2745 1505 2782 a
1535 2744 1650 2798 quo
1679 2725 1873 2782 omnis

227 2833 341 2888 pax
361 2818 491 2888 ejus
512 2817 790 2887 procedit,
807 2817 960 2872 sicut
980 2818 1105 2887 ipse
1134 2818 1306 2872 dicit:
1336 2818 1586 2872 «Pacem
1609 2815 1874 2884 relinquo

224 2904 410 2971 vobis,
464 2921 668 2976 pacem
727 2921 920 2960 meam
975 2905 1048 2960 do
1105 2905 1268 2960 vobis
1327 2906 1647 2976 (Joan.nv,
1696 2903 1808 2973 27).
1845 2925 1867 2953 ι

231 2993 434 3049 Pastor
462 3009 714 3064 magnus
745 2995 871 3066 ipse
903 2995 1175 3060 est,sicut
1203 2997 1328 3066 ipse
1357 2993 1496 3049 dicit
1525 2993 1584 3047 in
1617 2993 1874 3063 Evange-

227 3081 304 3138 lio
330 3100 342 3138 :
368 3105 395 3133 ‹‹
417 3083 535 3155 Ego
555 3099 687 3138 sum
711 3087 912 3155 pastor
931 3083 1206 3153 bonus,et
1225 3098 1511 3156 cognosco
1537 3096 1696 3136 meas
1717 3095 1874 3149 oves,

227 3176 285 3227 et
312 3177 672 3243 cognoscunt
701 3187 794 3226 me
825 3187 966 3228 mete
997 3175 1177 3241 (Joan.
1211 3191 1272 3239 ιι,
1307 3173 1415 3243 14).
1449 3194 1479 3221 ››

301 3282 332 3311 ‹‹
363 3263 534 3332 Aptet
562 3277 664 3317 vos
694 3261 754 3315 in
777 3262 936 3316 omni
963 3263 1135 3326 bono,
1166 3265 1231 3316 ut
1259 3261 1487 3316 faciatis
1518 3260 1874 3315 voluntatem

1979 688 2389 753 medicamine,
2451 688 2852 742 infirmitatem
2916 684 3203 740 stomachi
3263 685 3628 752 roborantes,

1977 776 2278 831 inﬁrmum
2301 793 2416 831 non
2446 776 2719 840 relevent,
2743 776 2842 829 sed
2869 774 3269 845 opprimentes
3291 777 3629 843 aggravent.

1979 867 2167 920 Tanta
2197 871 2391 920 tamen
2441 865 2701 919 scribens
2749 863 3083 932 Apostolus,
3139 879 3315 933 parva
3369 861 3472 915 illa
3505 879 3631 916 esse

1979 953 2206 1021 dixit,in
2240 954 2672 1024 comparatione
2703 951 2925 1007 scilicet
2951 967 3175 1017 eorum,
3211 967 3337 1021 qua;
3365 951 3631 1005 dicturus

1978 1047 2139 1097 erat:
2176 1043 2497 1096 secundum
2532 1043 2684 1112 quod
2738 1040 2876 1095 alibi
2926 1040 3107 1094 dixit:
3145 1061 3173 1090 «
3228 1039 3391 1094 Sicut
3421 1039 3631 1110 scripsi

1975 1131 2142 1186 vobis
2171 1130 2231 1184 in
2266 1130 2515 1194 modico,
2547 1129 2873 1184 secundum
2906 1128 3062 1199 quod
3095 1126 3338 1198 potestis
3369 1125 3629 1196 legentes

1978 1219 2303 1290 intelligere
2335 1218 2704 1289 prudentiam
2755 1233 2948 1272 meam
2979 1215 3038 1270 in
3086 1215 3412 1269 ministerio
3443 1215 3631 1285 (1490)

1978 1307 2191 1363 Christi
2225 1309 2439 1379 (Ephes.
2475 1325 2561 1374 ιιι,
2595 1309 2647 1375 3,
2680 1308 2755 1377 4).
2792 1329 2818 1355 ››

2055 1419 2076 1444 ι
2115 1397 2460 1468 Cognoscite
2483 1398 2721 1451 fratrem
2742 1399 3012 1449 nostrum
3040 1391 3411 1447 Timotheum
3433 1390 3637 1445 dimis-

1980 1502 2112 1540 sum
2138 1505 2165 1536 ι
2203 1485 2600 1553 (subauditur,
2634 1501 2668 1539 a
2689 1483 2880 1546 nobis,
2927 1499 3029 1537 seu
3053 1481 3364 1535 dimissum
3399 1479 3539 1533 dicit
3561 1481 3634 1532 ab

1977 1573 2276 1644 Athenis),
2337 1590 2468 1628 cum
2531 1590 2667 1644 quo,
2728 1573 2776 1627 si
2834 1570 3082 1626 celerius
3127 1568 3370 1635 venerit,
3425 1567 3630 1622 videbo

1977 1679 2099 1718 vos.
2136 1686 2164 1712 ››
2196 1667 2314 1718 Hoc
2340 1663 2493 1717 enim
2520 1662 2795 1716 idoneum
2819 1665 2964 1725 erat,
2988 1663 3052 1713 ut
3074 1675 3172 1714 eos
3205 1656 3633 1712 mansuetiores

1979 1751 2416 1823 efﬁceret,quod
2449 1767 2510 1806 se
2542 1754 2811 1821 paratum
2837 1748 2982 1803 dixit
3003 1747 3075 1802 ad
3105 1764 3204 1802 eos
3225 1746 3440 1802 venire.
3465 1767 3493 1794 «
3527 1744 3632 1799 Sa-

1979 1840 2162 1895 lutate
2182 1856 2388 1895 omnes
2414 1839 2754 1912 praepositos
2780 1841 3088 1903 vestros,et
3108 1851 3312 1890 omnes
3329 1838 3580 1889 sanctos.
3600 1853 3630 1880 »

1980 1929 2353 1985 Hortabiliter
2381 1933 2612 1991 tractat,
2636 1927 2928 1998 siquidem
2960 1927 3032 1980 ad
3055 1923 3186 1979 illos
3209 1940 3310 1995 per
3329 1922 3463 1976 illos
3491 1921 3632 1975 scri-

1979 2019 2169 2074 bebat.
2205 2041 2232 2067 «
2264 2017 2536 2073 Salutant
2576 2033 2676 2071 vos
2709 2017 2779 2071 de
2826 2015 2992 2069 Italia
3021 2013 3225 2085 (1491).
3263 2033 3293 2062 ››
3323 2011 3629 2065 Manifesta

1979 2107 2235 2164 ostendit
2262 2107 2416 2178 quod
2449 2106 2507 2159 in
2541 2107 2724 2160 Roma
2754 2104 2904 2158 hanc
2937 2099 3248 2171 Epistolam
3297 2097 3618 2168 scripserit.

1979 2218 2010 2247 «
2041 2196 2240 2251 Gratia
2259 2211 2392 2250 cum
2415 2195 2691 2249 omnibus
2709 2193 2894 2247 vobis.
2917 2193 3119 2245 Amen.
3151 2211 3178 2238 ››
3206 2188 3464 2244 Gratiam
3488 2183 3624 2239 ﬁdei

1980 2286 2144 2355 dicit,
2162 2301 2340 2356 quam
2364 2284 2422 2338 in
2446 2284 2738 2355 baptismo
2765 2281 3118 2352 accepimus,
3139 2276 3225 2332 vel
3250 2273 3622 2347 paenitentia,

1982 2380 2084 2432 aut
2105 2373 2544 2447 perseverantia:
2567 2372 2816 2444 gratiam
2843 2374 3006 2440 optat
3029 2386 3042 2434 ;
3072 2367 3226 2438 quod
3249 2370 3337 2420 est
3357 2363 3624 2418 omnium

1982 2481 2313 2520 commune.
2348 2463 2548 2518 Gratia
2591 2461 2747 2516 enim
2779 2466 2868 2514 est
2916 2457 3182 2512 remissio
3233 2459 3630 2526 peccatorum,

1984 2569 2086 2626 per
2117 2551 2422 2624 quam,illo
2447 2554 2779 2622 praestante,
2806 2563 3136 2602 mereamur
3157 2539 3630 2615 purgari.Gratize

1982 2645 2096 2696 tuaa
2128 2640 2344 2712 gratias
2376 2655 2546 2710 agere
2577 2654 2690 2692 non
2723 2637 2914 2691 solum
2947 2651 3052 2705 ego
3092 2634 3275 2703 (-l492)
3308 2632 3407 2686 sed
3441 2644 3630 2698 neque

1984 2728 2105 2783 ulla
2134 2728 2354 2783 sufficit
2384 2743 2556 2797 agere
2594 2728 2880 2788 creatura,
2905 2727 3120 2777 aeterne
3142 2719 3448 2784 Deus,sine
3468 2715 3636 2771 initio

1984 2821 2043 2872 et
2071 2817 2223 2871 ﬁne:
2258 2831 2360 2886 per
2390 2829 2564 2885 quem
2614 2811 2814 2866 omnia
2864 2811 3018 2864 facta
3059 2811 3200 2863 sunt
3241 2823 3370 2876 quas
3402 2805 3462 2858 in
3493 2804 3634 2860 omlo

1986 2921 2252 2971 sursum,
2281 2907 2338 2958 et
2369 2903 2426 2956 in
2461 2906 2614 2957 terra
2662 2901 2955 2954 deorsum.
2993 2896 3117 2952 Non
3160 2894 3423 2966 quaedam
3457 2891 3544 2946 vis
3575 2895 3638 2946 et

1985 2992 2422 3064 facis,quaadam
2453 2991 2539 3044 vis
2569 2994 2626 3044 et
2656 3003 2771 3043 non
2795 2985 2938 3041 facis
2963 3002 2976 3051 ;
3005 2984 3107 3039 sed
3128 2983 3327 3037 omnia
3348 2996 3631 3051 quaecun-

1987 3100 2100 3155 que
2127 3082 2215 3137 vis
2247 3085 2305 3136 et
2333 3081 2495 3135 facis.
2522 3078 2703 3150 Cujus
2729 3075 3078 3131 admiranda
3098 3075 3236 3128 sunt
3256 3067 3634 3141 opera,terri-

1984 3173 2128 3229 bilia
2148 3169 2396 3241 judicia,
2431 3167 2720 3222 credenda
2742 3163 3072 3237 promissa;
3106 3160 3206 3231 qui
3230 3165 3286 3214 te
3313 3156 3510 3213 vocari
3541 3173 3638 3211 vo-

1987 3261 2170 3325 luisti,
2207 3264 2356 3313 Deus
2401 3255 2716 3318 Abraham,
2771 3253 2932 3307 Isaac
2975 3255 3032 3306 et
3075 3249 3274 3315 Jacob,
3306 3251 3363 3302 et
3393 3245 3633 3302 dixisti:

232 3349 382 3418 eius.
416 3349 634 3405 ἷαοίϐηε
655 3349 715 3404 in
773 3350 938 3406 vobis
995 3351 1151 3421 quod
1185 3349 1406 3422 placuit
1455 3365 1649 3404 coram
1682 3364 1744 3402 se
1777 3362 1877 3417 per
1907 3321 1949 3386 Ο
1988 3349 2098 3405 hoc
2125 3347 2267 3403 mihi
2299 3362 2514 3402 nomen
2547 3345 2605 3397 in
2638 3347 2941 3406 aeternum,
2969 3343 3027 3394 et
3075 3334 3412 3392 memoriale
3441 3334 3500 3388 in
3538 3349 3637 3404 ge-

229 3438 436 3494 Jesum
452 3439 871 3506 Christum,cui
894 3444 978 3495 est
998 3441 1184 3513 gloria
1204 3441 1263 3496 in
1278 3442 1490 3496 saecula
1506 3439 1876 3495 saeculorum.

234 3530 433 3584 Amen.
470 3551 498 3578 n
527 3529 724 3584 Faciat
753 3534 922 3600 aptos
951 3547 1052 3585 vos
1083 3546 1214 3585 esse
1243 3531 1302 3585 in
1336 3531 1496 3584 omni
1527 3545 1698 3601 opere
1727 3528 1878 3582 bono

232 3622 290 3671 et
318 3633 608 3687 sermone,
642 3624 708 3672 ut
725 3619 903 3674 vitam
934 3618 1202 3674 videlicet
1221 3623 1278 3673 et
1298 3619 1572 3688 dogmata
1601 3622 1757 3671 recta
1777 3615 1880 3670 ha-

234 3706 423 3762 beatis
449 3707 775 3762 secundum
807 3706 1168 3762 voluntatem
1200 3709 1349 3777 ejus.
1381 3705 1643 3776 Faciens,
1667 3704 1878 3776 inquit,

234 3794 304 3850 in‘
324 3795 492 3850 vobis
522 3799 588 3849 ut
617 3795 845 3867 placeat
873 3811 1070 3851 coram
1103 3796 1312 3851 se.Hoc
1335 3795 1490 3851 enim
1521 3794 1582 3849 in
1612 3793 1726 3848 alio
1757 3793 1882 3847 loco

235 3882 411 3939 dicit:
449 3904 479 3934 α
516 3885 665 3940 Deus
695 3889 785 3940 est
805 3883 984 3955 enim,
1017 3885 1116 3956 qui
1147 3889 1423 3956 operatur
1452 3883 1511 3938 in
1545 3883 1708 3938 vobis
1737 3880 1884 3936 velle

237 3977 296 4026 et
324 3970 605 4043 proﬁcere
635 3989 738 4043 pro
763 3974 915 4029 bona
942 3973 1238 4028 voluntate
1258 3973 1490 4044 (Philip.
1526 3989 1587 4040 II,
1619 3973 1727 4038 13).
1764 3993 1792 4020 »
1815 3971 1884 4025 Et

237 4063 348 4115 hoc
377 4076 479 4131 per
505 4060 709 4116 Jesum
738 4061 1056 4129 Christum,
1091 4062 1183 4117 cui
1216 4061 1400 4133 gloria
1430 4062 1488 4114 in
1521 4058 1733 4115 saecula
1773 4075 1884 4114 sae-

239 4148 529 4203 culorum.
553 4153 761 4204 Amen.
795 4171 824 4199 ‹‹
849 4151 1008 4223 Rogo
1034 4156 1229 4206 autem
1261 4150 1692 4216 vos,fratres,ut
1710 4147 1886 4202 suffe-

239 4236 382 4292 ratis
410 4237 654 4293 verbum
687 4238 901 4293 solatii.
935 4239 1161 4294 Etenim
1193 4238 1499 4310 perpaucis
1547 4236 1753 4307 scripsi
1783 4252 1881 4290 vo-

240 4326 353 4381 bis.
384 4346 411 4378 n
447 4326 574 4382 Non
626 4327 788 4396 dixit,
835 4343 976 4400 rogo
1028 4345 1152 4395 vos,
1203 4332 1269 4383 ut
1316 4325 1612 4382 sufferatis
1646 4325 1885 4379 verbum

238 4415 676 4481 admonitionis,
709 4418 810 4473 sed
841 4418 1082 4472 verbum
1116 4415 1328 4477 solatii.
1354 4415 1463 4470 hoc
1493 4419 1601 4481 est,
1641 4414 1886 4469 verbum

241 4504 678 4568 consolationis.
728 4507 972 4562 verbum
1027 4504 1474 4562 adhortationis.
1529 4504 1654 4559 Non
1700 4507 1890 4573 potest

243 4595 581 4665 quisquam,
612 4595 828 4664 inquit,
847 4595 1275 4668 longitudinem
1299 4593 1588 4649 sermonis
1610 4592 1886 4656 abnuere,

1990 3437 2307 3500 neratione,
2367 3439 2424 3488 et
2479 3431 2887 3505 generatione;
2932 3429 3057 3482 sine
3088 3424 3370 3497 qualitate
3418 3423 3632 3491 bonus,

1989 3529 2115 3584 sine
2138 3526 2464 3596 quantitate
2485 3519 2890 3593 magnus,sine
2913 3515 3232 3587 indigentia
3258 3510 3639 3580 creator,sine

1990 3616 2102 3672 situ
2129 3630 2408 3686 praesens,
2443 3612 2569 3667 sine
2599 3611 2724 3665 loco
2756 3608 2975 3678 ubique
3000 3609 3179 3673 totus,
3215 3602 3338 3657 sine
3378 3605 3643 3670 tempore

1992 3704 2409 3776 sempiternus,
2442 3701 2568 3756 sine
2628 3695 3024 3752 mutabilitate
3055 3689 3366 3748 mutabilia
3396 3688 3640 3755 faciens,

1991 3793 2257 3864 nihilque
2287 3790 2537 3862 patiens,
2571 3786 2734 3842 solus
2765 3801 2864 3840 rex
2895 3785 3106 3847 bonus,
3133 3779 3297 3835 solus
3329 3780 3641 3849 praestans,

1993 3882 2153 3938 solus
2175 3883 2402 3952 justus,
2435 3877 2824 3948 omnipotens,
2856 3877 2915 3928 et
2952 3875 3204 3926 aeternus
3232 3886 3244 3922 :
3279 3866 3379 3938 qui
3407 3864 3644 3919 miseris

1991 3971 2248 4043 gratuita
2269 3969 2567 4040 pietate,et
2589 3962 2850 4018 indebita
2877 3960 3136 4015 bonitate
3163 3975 3176 4025 ;
3200 3955 3647 4018 condemnas,et

1993 4041 2250 4116 obduras
2283 4060 2615 4130 peccatores
2648 4069 2750 4124 per
2778 4049 3103 4112 veritatem,
3135 4046 3357 4116 absque
3389 4041 3508 4097 ulla
3529 4041 3644 4095 ini-

1995 4151 2301 4220 quitate,et
2320 4151 2516 4200 tamen
2542 4139 2978 4214 perindebitam
2998 4133 3461 4190 misericordiam
3477 4133 3644 4184 tuam

1997 4216 2228 4293 miseris
2256 4233 2614 4298 hominibus,
2649 4229 2790 4301 quia
2836 4231 3046 4299 potens
3094 4241 3176 4288 es,
3215 4227 3274 4278 et
3301 4216 3647 4275 dissimulas

1997 4328 2232 4396 peccata
2280 4321 2585 4376 hominum
2640 4321 2874 4388 propter
2922 4311 3346 4385 paenitentiam,
3397 4311 3455 4362 et
3502 4305 3648 4396 facis

1997 4393 2285 4468 mundum
2312 4409 2618 4464 immundo
2649 4407 2996 4476 conceptum
3019 4403 3089 4456 de
3120 4399 3367 4462 semine,
3407 4400 3465 4450 et
3485 4393 3648 4449 deles
3728 4423 3739 4430 ι

1998 4507 2062 4556 ut
2094 4501 2311 4556 nubem
2343 4497 2703 4568 iniquitates,
2755 4498 2812 4549 et
2842 4491 3011 4564 quasi
3060 4486 3335 4545 nebulam
3367 4487 3646 4555 peccata;

1999 4590 2169 4660 cujus
2199 4586 2432 4644 bonitas
2464 4585 2618 4639 circa
2647 4582 2942 4653 indignos,
2983 4583 3041 4633 et
3071 4576 3302 4648 dignos,
3336 4588 3451 4627 non
3480 4575 3650 4625 tena-

243 4659 354 4738 nisi
386 4659 775 4754 impatientia.
808 4687 928 4738 Hoc
951 4659 1176 4754 quippe
1204 4687 1346 4752 erat,
1371 4682 1524 4752 quod
1548 4681 1633 4736 eis
1656 4679 1892 4734 nolebat
1921 4684 1966 4748 Ι]
1999 4659 2159 4743 citer,
2194 4677 2295 4733 sed
2347 4674 2584 4746 largiter
2629 4671 2927 4726 exuberat.
2977 4668 3061 4722 Tu
3120 4663 3329 4719 dedisti
3383 4661 3441 4715 in
3475 4659 3652 4714 corde

241 4772 566 4838 ostendere,
598 4773 699 4828 sed
732 4771 981 4828 latenter
1011 4772 1119 4826 hoc
1167 4771 1312 4826 dixit
1339 4776 1620 4840 tanquam
1654 4768 1700 4824 si
1733 4768 1888 4822 dice-

242 4865 366 4916 ret:
403 4861 468 4916 Et
497 4861 545 4915 si
579 4859 989 4932 pusillamines
1037 4860 1177 4915 estis
1207 4858 1416 4914 talium
1467 4859 1624 4913 enim
1656 4861 1745 4912 est
1774 4872 1888 4910 non

241 4950 390 5004 ferre
421 4950 711 5004 sermonis
759 4949 1211 5021 longitudinem.
1261 4947 1371 5002 Sed
1411 4952 1606 5002 tamen
1639 4943 1890 4998 inﬁrmis

242 5039 532 5110 pracipue
561 5039 919 5108 congruit,ut
943 5054 1128 5109 pauca
1156 5037 1415 5108 quidem,
1443 5041 1499 5090 et
1528 5051 1656 5105 quas
1687 5047 1892 5103 capere

243 5125 578 5197 praavalent,
613 5127 877 5192 audiant,
922 5133 979 5181 et
1011 5143 1136 5197 quae
1184 5141 1388 5180 eorum
1422 5128 1675 5178 mentem
1707 5120 1891 5191 poeni-

242 5216 435 5269 tentiae
467 5214 665 5269 dolore
697 5215 1280 5287 compungant.Nam
1313 5214 1359 5268 si
1395 5213 1478 5267 eis
1511 5212 1569 5265 in
1602 5228 1716 5266 uno
1744 5216 1891 5265 tem-

244 5320 382 5374 pore
404 5301 826 5358 exhortationis
847 5321 1039 5358 sermo
1063 5306 1235 5358 fuerit
1258 5301 1658 5372 multipliciter
1677 5300 1892 5369 dictus,

243 5392 386 5462 quia
420 5389 608 5445 multa
630 5389 877 5446 retinere
898 5409 1012 5447 non
1037 5391 1248 5460 valent,
1272 5389 1449 5445 simul
1482 5391 1761 5445 amittunt
1776 5405 1895 5443 om-

245 5479 362 5534 nia.
398 5477 562 5533 Unde
593 5484 650 5533 et
681 5478 892 5533 medici
923 5493 1231 5551 corporum
1265 5495 1514 5551 pannos,
1551 5495 1700 5549 quos
1731 5478 1894 5532 infir-

248 5565 550 5622 mantibus
580 5567 902 5621 stomachis
932 5573 1180 5637 ponunt,
1212 5573 1347 5638 apto
1381 5566 1617 5638 quidem
1648 5567 1898 5621 medica-

281 5669 284 5672 ’
319 5671 504 5744 (1489)
538 5674 805 5729 Fortasse
832 5688 904 5727 ne
937 5674 1006 5726 si.

322 5745 502 5818 (1490)
532 5744 703 5816 Vulg.
734 5744 1016 5817 mysterio.

2001 4784 2150 4833 meo,
2185 4771 2249 4820 ut
2278 4770 2514 4836 propter
2542 4765 2804 4832 gustum,
2829 4763 2888 4813 et
2913 4755 3261 4813 suavitatem
3291 4749 3472 4819 hujus
3493 4748 3645 4814 vitae,

2001 4860 2218 4911 sanctas
2249 4853 2818 4924 Scripturaegentem
2840 4845 3211 4917 patriamque
3231 4839 3647 4909 relinquerem.

2003 4949 2069 5000 ut
2089 4946 2216 5015 ejus
2238 4942 2586 4998 suavitatem
2615 4933 3052 5008 aliquantulum
3075 4931 3655 5002 degustarem,etper

2001 5038 2112 5091 hoc
2141 5039 2198 5088 te
2229 5045 2578 5103 cognoscere
2608 5025 2930 5097 potuissem
2959 5040 2971 5077 :
3017 5020 3158 5091 quia
3188 5034 3380 5073 revera
3412 5015 3656 5070 lucerna

2003 5124 2254 5195 pedibus
2286 5102 2432 5175 meis
2454 5119 2696 5173 verbum
2718 5121 2909 5181 tuum,
2927 5115 2984 5166 et
3002 5109 3204 5164 lumen
3236 5105 3462 5162 semitis
3485 5102 3655 5157 meis.

2003 5189 2117 5268 -Sed
2153 5217 2249 5265 tua
2284 5207 2624 5263 indeﬁciens
2670 5204 2880 5275 pietas,
2913 5200 3077 5270 larga
3105 5193 3434 5260 clementia,
3469 5189 3658 5244 nimia

2006 5297 2428 5363 misericordia,
2457 5299 2514 5350 et
2562 5293 2794 5348 bonitas
2841 5287 3216 5360 sempiterna.
3272 5283 3413 5338 Plus
3441 5279 3660 5335 dedisti

2005 5406 2184 5462 quam
2216 5388 2377 5460 petii,
2410 5391 2468 5440 et
2497 5383 2632 5456 plus
2654 5377 2974 5454 praestitisti
3001 5391 3178 5447 quam
3202 5370 3493 5462 postulavi
3519 5386 3532 5424 :
3557 5368 3662 5440 qui

2008 5461 2151 5531 mihi
2182 5491 2393 5547 panem
2428 5472 2725 5528 caelestem
2750 5485 2863 5524 non
2891 5465 3290 5534 solum,quem
3323 5461 3451 5532 ipse
3473 5473 3668 5514 come-

2007 5567 2226 5630 derem,
2261 5560 2618 5636 praestitisti:
2653 5559 2752 5614 sed
2786 5556 2963 5612 etiam
2990 5569 3093 5624 per
3123 5549 3394 5607 inutilem
3424 5563 3662 5603 servum

2079 5671 2262 5742 (1391)
2295 5666 2668 5742 Yulg._addit
2693 5667 2912 5735 fratres.

2081 5739 2266 5814 (1492)
2298 5741 2362 5799 In
2393 5739 2521 5798 cOd.
2544 5753 2690 5810 ergo.
