3916 6410
217 433 326 494 833

1695 428 2138 492 SERMONES.

3509 435 3630 494 834

218 564 332 620 tuis
357 563 630 620 fidelibus
649 564 832 620 servis
853 578 1091 635 erogare
1117 563 1325 620 fecisti.
1350 564 1458 619 Pro
1492 580 1610 634 qua
1639 579 1700 617 re
1730 566 1862 633 peto
1891 563 1948 628 Α
1976 559 2185 616 saltem
2235 561 2292 614 in
2345 577 2460 618 uno
2508 562 2680 617 verbo
2713 561 3011 634 postulare
3041 579 3156 618 non
3188 563 3583 635 dedignentur
3613 581 3627 630 ;

221 670 416 709 servus
438 653 662 708 inutilis
685 670 884 709 servos
916 652 1112 722 utiles,
1137 654 1196 707 in
1228 668 1719 724 quorumcunque
1742 668 1864 706 ma-

223 741 390 797 nibus
411 741 628 796 laboris
651 741 764 795 mei
792 740 1078 811 opuscula
1099 740 1382 806 venerint,
1404 738 1691 810 quidquid
1715 737 1865 808 opti-

223 846 380 884 mum
405 829 752 900 invenerint,
774 829 843 884 ad
869 833 1166 882 auctorem
1191 828 1443 883 referant
1460 832 1641 881 Deum
1666 844 1679 892 ;
1705 825 1870 894 quid-

221 918 359 990 quid
389 936 522 974 vero
554 918 774 984 minus,
809 916 955 972 mihi
989 917 1318 987 ignoscant.
1350 921 1418 969 Et
1457 915 1567 970 hoc
1612 931 1772 987 rogo,
1809 920 1871 969 ut

219 1024 319 1078 pro
349 1007 710 1063 facinoribus
742 1005 888 1060 meis
919 1005 1017 1058 Dei
1048 1004 1372 1059 indebitam
1404 1002 1868 1058 misericordiam

1978 651 2061 704 uti
2085 650 2318 720 quando
2342 651 2524 719 justis
2556 669 2589 706 a
2620 651 2712 722 pio
2737 651 2937 721 judice
2959 652 3188 707 reddita
3210 652 3383 708 fuerit
3407 654 3629 723 praemii

1979 754 2214 801 corona,
2248 738 2392 792 mihi
2441 741 2729 809 peccatori
2780 741 3039 796 indebita
3077 741 3178 796 Dei
3229 742 3633 797 misericordia

1981 827 2568 900 quantulumcunque
2596 829 2821 883 veniam
2854 830 3111 884 tribuere
3152 830 3449 903 dignetur.

2509 917 2619 971 Deo
2652 919 2882 985 gratias.
2916 919 3106 972 Amen.

1485 1347 2393 1483 ATTONIS

862 1601 2110 1697 VERCELLENSIS
2233 1604 2995 1698 EPISCOPI

1263 1829 2614 1998 SERMONES.

491 2129 595 2200 [Ex
625 2127 824 2184 codice
852 2126 1157 2198 Vaticano,
1191 2127 1347 2198 apud
1379 2127 1516 2198 Mai,
1546 2129 1894 2198 Scriptorum
1923 2135 2166 2183 veterum
2195 2126 2453 2184 Cotleotio
2482 2144 2644 2195 nova,
2678 2133 2820 2184 tom.
2853 2129 2950 2199 Vl,
2982 2148 3040 2202 p.
3076 2149 3137 2202 ιι,
3169 2149 3226 2204 p.
3262 2134 3374 2205 11.]

777 2412 1022 2467 SERMO
1065 2411 1332 2467 PRIMUS

305 2520 362 2558 IN
391 2517 656 2558 ADVENTU
687 2517 898 2556 nonum
929 2518 1132 2556 NOSTRI
1159 2517 1296 2555 δεδι]
1336 2517 1562 2555 CHRISTI
1594 2501 1799 2572 (1493).

291 2593 379 2647 Ad
412 2591 829 2647 celebrandam
861 2590 1228 2645 nativitatem
1263 2589 1496 2644 Domini
1528 2590 1712 2645 nostri
1741 2591 1882 2645 Jesu

225 2682 466 2748 Christi,
502 2681 710 2735 fratres
742 2679 1101 2746 charissimi,
1127 2681 1253 2749 jam
1300 2696 1458 2735 nunc
1487 2681 1663 2734 corda
1692 2684 1885 2734 vestra

227 2775 774 2842 praeparate,mores
791 2769 1342 2840 componite(l494),
1358 2769 1534 2822 vitam
1553 2769 1805 2839 dirigite,
1823 2773 1886 2821 ut

229 2876 341 2914 non
367 2876 479 2914 nos
502 2858 739 2913 veniens
763 2860 831 2912 de
856 2857 1468 2929 negligentiajudicet,
1485 2859 1585 2912 sed
1607 2861 1677 2911 de
1700 2856 1885 2927 (1495)

227 2949 422 3020 dignis
438 2947 720 3019 operibus
740 2963 1111 3001 remunerare
1127 2946 1420 3016 dignetur.
1439 2947 1652 3000 Beatus
1666 2946 1885 3000 Paulus

227 3037 444 3092 clamat
478 3036 782 3108 apostolus
817 3052 830 3091 :
862 3040 1017 3090 Hora
1046 3039 1123 3090 est
1148 3036 1273 3105 jam
1304 3052 1400 3090 nos
1430 3035 1495 3089 de
1523 3051 1729 3090 sommo
1757 3052 1885 3089 sur-

227 3143 351 3197 gere
379 3128 567 3192 (Rom.
602 3142 726 3194 xm,
762 3126 870 3192 11).
905 3130 1188 3178 Somnum
1227 3125 1425 3194 itaque
1467 3124 1884 3194 negligentiam

228 3214 507 3287 appellat,
541 3230 719 3285 quam
773 3213 1130 3268 excutientes
1183 3229 1218 3267 a
1269 3212 1563 3282 cordibus,
1597 3213 1885 3266 bonorum

229 3319 474 3375 Operum
546 3301 890 3358 instantiam
957 3301 1126 3356 nobis
1192 3302 1460 3356 convenit
1518 3301 1887 3371 frequentare

232 3393 434 3463 (1496).
464 3434 479 3447 .
517 3434 528 3446 .
582 3391 845 3447 studiose
901 3390 1202 3462 acquirere
1259 3389 1465 3460 (1497).
1494 3429 1506 3443 .
1529 3427 1546 3445 .
1601 3389 1800 3460 digna.
1830 3431 1842 3444 .
1871 3430 1885 3444 .

233 3480 455 3554 aliquid
494 3479 860 3552 negligenter
879 3479 1156 3535 oﬂ‘ender.
1186 3519 1198 3532 .
1222 3515 1238 3533 .
1275 3477 1421 3548 ipsis
1447 3493 1581 3532 eum
1612 3477 1888 3548 placaret.

234 3569 374 3625 Ecce
407 3585 626 3640 nempe
655 3567 956 3624 ccelorum.
982 3609 994 3622 .
1026 3608 1039 3621 .
1090 3565 1423 3638 specialiter
1452 3566 1889 3637 quodammodo

235 3658 305 3712 ad
337 3658 709 3714 visitandum
740 3655 916 3711 venit.
945 3657 1124 3726 Cujus
1156 3656 1472 3711 adventum
1506 3655 1676 3710 nobis
1707 3655 1891 3710 multo

1915 2419 1960 2483 Β
1991 2411 2160 2483 (Ρδαι.
2194 2428 2378 2480 cxmv,
2415 2414 2523 2482 18).
2558 2412 2702 2467 Cum
2735 2413 2892 2468 enim
2927 2415 3140 2485 ubique
3186 2432 3314 2472 esse
3365 2418 3646 2489 probetur

1992 2501 2301 2566 Dominus,
2332 2500 2451 2556 illis
2480 2506 2677 2556 tamen
2723 2503 2924 2573 procul
2956 2504 3134 2558 dubio
3167 2507 3470 2576 proximus
3501 2507 3646 2562 dici-

1991 2597 2108 2659 tur,
2144 2589 2358 2660 quibus
2412 2590 2700 2661 propitius
2750 2607 2880 2647 esse
2928 2593 3225 2664 dignatur,
3277 2595 3501 2650 scilicet
3549 2598 3648 2668 qui

1993 2682 2250 2734 invocant
2273 2695 2397 2734 eum
2427 2681 2488 2733 in
2519 2682 2768 2734 veritate.
2794 2679 2881 2734 Illi
2907 2682 3145 2752 quidem
3168 2684 3231 2737 in
3258 2685 3490 2740 veritate
3517 2701 3644 2740 eum

1995 2771 2268 2837 invocant,
2303 2769 2403 2839 qui
2434 2785 2503 2823 ea
2532 2785 2660 2839 qua:
2693 2769 3011 2839 expediunt
3044 2771 3220 2843 digne
3249 2779 3457 2844 rogant
3486 2791 3498 2828 :
3541 2775 3642 2845 qui

1995 2875 2127 2912 vero
2160 2873 2520 2927 supervacua
2551 2857 2736 2928 (1499)
2768 2858 2838 2912 ab
2870 2874 2935 2913 eo
2966 2875 3225 2930 quaerere
3257 2867 3645 2933 praesumunt,

1995 2946 2082 3000 vel
2131 2947 2231 3017 qui
2284 2963 2352 3000 ea
2399 2962 2528 3016 quin
2577 2945 2879 3016 postulant
2928 2963 3040 3002 non
3091 2949 3318 3004 intimis
3349 2951 3646 3007 mentibus

1997 3039 2205 3105 rogant
2233 3052 2248 3101 ;
2291 3035 2400 3105 ipsi
2433 3035 2687 3104 profecto
2719 3037 2778 3088 in
2810 3035 3038 3089 veritate
3064 3052 3190 3090 eum
3222 3053 3335 3090 non
3367 3039 3644 3108 invocant,

1999 3140 2100 3177 nec
2151 3139 2327 3192 prope
2379 3122 2594 3176 habere
2633 3127 2952 3190 merentur,
2987 3127 3051 3177 ut
3097 3123 3290 3181 illud:
3343 3129 3526 3195 Longe
3573 3133 3656 3182 est

1998 3229 2032 3266 a
2076 3211 2447 3282 peccatoribus
2490 3210 2644 3265 satus
2696 3211 2867 3281 (Psat.
2917 3228 3112 3267 cxvm.
3169 3214 3311 3284 155).
3345 3219 3493 3271 Nam
3547 3216 3648 3288 qui

2000 3301 2134 3354 ﬁcte
2165 3300 2346 3354 Deum
2399 3299 2630 3369 quaerit,
2663 3316 2969 3370 nunquam
3017 3318 3152 3356 eum
3203 3302 3464 3359 invenire
3505 3305 3648 3376 [cod.

1999 3387 2269 3456 inveniri]
2319 3386 2654 3442 merebitur.
2698 3387 2842 3444 Hinc
2888 3389 3173 3461 scriptum
3223 3397 3360 3447 est:
3411 3392 3650 3462 Spiritus

2000 3481 2222 3531 sanctus
2267 3475 2488 3546 effugiet
2517 3475 2705 3544 ﬁctum
2735 3474 2888 3547 (Sap.
2939 3493 2978 3544 ι,
3021 3478 3099 3548 5).
3133 3478 3296 3541 Quod
3328 3479 3475 3535 bene
3506 3497 3652 3552 quo-

2003 3581 2116 3636 que
2146 3581 2249 3635 per
2277 3563 2516 3636 angelos
2536 3563 2903 3619 Dominicam
2926 3563 3289 3621 nativitatem
3316 3568 3653 3638 pastoribus

2004 3653 2346 3708 nuntiantes
2375 3651 2735 3708 declaratum
2781 3657 2870 3708 est
2918 3653 3178 3710 dicentes
3226 3655 3362 3726 [cod.
3411 3656 3652 3713 dicenti-

235 3749 420 3820 magis
476 3746 777 3817 [salutari]
833 3745 1100 3801 convenit
1145 3743 1508 3816 providentia
1535 3749 1890 3816 exspectare,
1924 3787 1966 3853 C
2005 3743 2137 3813 bus]
2175 3761 2187 3798 :
2240 3741 2422 3798 Gloria
2466 3744 2527 3797 in
2557 3742 2787 3797 excelsis
2819 3747 2948 3811 Deo,
2979 3752 3033 3799 et
3063 3745 3125 3799 in
3152 3747 3304 3800 terra
3325 3761 3445 3816 pax
3472 3747 3655 3802 homi-

235 3834 248 3853 2
293 3837 303 3847 ο
400 3837 434 3847 ὀ
575 3833 749 3853 ³19199-
811 3833 1166 3853 __-_11__-3L__-
1225 3832 1592 3853 --_43___.422_
1650 3832 1853 3853 -1--,,-
2009 3833 2170 3853 --.⁸ι-.-
2216 3833 2368 3853 Δ---...
2414 3831 2710 3853 ---1-.-,ι-ι.·-
2742 3831 2871 3853 ΙΙ-.-
2943 3849 2982 3853 --
3059 3833 3143 3853 AIA
3201 3837 3346 3853 1'.-__
3385 3833 3653 3853 ___‘“_1A_

227 3834 497 3906 jejuniis,
532 3833 775 3906 vigiliis,
803 3833 1190 3902 orationibus,
1217 3832 1614 3900 continentiis,
1642 3832 1890 3888 eleemo-

235 3926 417 3996 synis,
453 3922 807 3994 ceterisque
836 3922 1158 3977 virtutibus
1190 3921 1492 3993 praeteritas
1537 3921 1723 3992 culpae
1770 3939 1892 3976 ma-

235 4014 392 4070 culas
444 4032 479 4070 a
531 4016 746 4068 nostris
798 4011 1012 4066 mentis
1063 4011 1237 4065 domo
1296 4009 1500 4064 sedule
1557 4010 1892 4076 abluamus,

237 4119 338 4157 nec
394 4103 468 4158 ad
523 4101 762 4156 easdem
815 4100 1027 4154 iterum
1089 4098 1276 4153 redire
1333 4098 1731 4153 intendamus.
1787 4098 1896 4152 Mi-

245 4191 401 4246 nime
447 4190 697 4262 quidem
748 4187 988 4254 sufﬁcit,
1022 4186 1220 4257 aliqua
1265 4187 1687 4241 interveniente
1736 4186 1897 4241 festi-

242 4279 435 4347 vitate,
465 4283 734 4335 nostram
766 4277 1054 4348 deponere
1084 4274 1476 4346 iniquitatem,
1511 4275 1581 4342 si,
1610 4291 1678 4329 ea
1708 4281 1898 4330 trans-

245 4373 390 4436 acta,
423 4384 638 4422 rursus
687 4366 759 4421 ad
807 4366 1075 4420 eamdem
1109 4380 1405 4418 recurrere
1435 4363 1897 4419 consideremus.

245 4455 467 4528 Hospes
528 4471 788 4526 namque
844 4457 1128 4508 venturus
1181 4454 1264 4507 sic
1321 4453 1392 4506 de
1449 4452 1663 4507 futuris
1716 4453 1902 4524 (1498)

244 4545 750 4616 quemadmodum
801 4543 871 4598 de
930 4542 1342 4614 praesentibus,
1394 4540 1478 4596 sic
1533 4542 1604 4596 de
1659 4540 1903 4596 occultis

249 4634 755 4705 quemadmodum
805 4636 862 4686 et
917 4632 988 4686 de
1035 4630 1365 4684 manifestis
1414 4631 1683 4700 judicare
1731 4631 1902 4686 volet.

246 4721 510 4795 Denique
544 4715 860 4777 Psalmista
891 4719 973 4774 ait
1001 4736 1017 4775 ι
1049 4725 1227 4790 Pmpe
1255 4723 1330 4774 est
1358 4721 1622 4774 Dominus
1653 4722 1907 4774 omnibus

247 4810 632 4867 invocantibus
691 4827 834 4879 eum,
894 4810 991 4882 qui
1047 4810 1304 4863 invoca-nt
1364 4823 1492 4862 eum
1555 4811 1617 4862 in
1682 4809 1910 4863 veritate

321 4989 507 5062 (1493)
541 4992 710 5046 Hunc
757 5005 1110 5057 sermonem,
1158 5005 1296 5062 cum
1349 4987 1480 5042 aliis
1530 4988 1910 5062 quatuor_,_de

248 5059 613 5126 Pentecoste,
647 5063 716 5116 de
749 5063 806 5117 S.
842 5062 1112 5124 Eusebio,
1142 5060 1212 5114 de
1242 5059 1659 5130 Assumptione
1692 5061 1754 5130 Β.
1780 5060 1908 5113 Vir;

2004 3833 2170 3886 nibus
2211 3833 2368 3888 bona?
2413 3831 2711 3885 voluntati:
2740 3831 2889 3902 (Luc.
2942 3849 3004 3898 ιι,
3057 3833 3166 3903 14).
3198 3837 3358 3888 Bona
3385 3833 3656 3889 voluntas

2003 3925 2092 3976 est
2140 3936 2256 3975 non
2307 3918 2498 3974 solum
2550 3918 2705 3973 mala
2761 3935 2878 3974 non
2929 3936 3120 3991 agere,
3175 3922 3276 3976 sed
3328 3921 3506 3976 etiam
3554 3937 3659 3977 nec

2003 4008 2167 4064 velle.
2197 4009 2340 4063 Jure
2381 4024 2518 4077 ergo
2548 4006 2767 4062 talibus
2798 4007 3013 4062 Christi
3048 4025 3156 4080 pax
3188 4010 3517 4066 nuntiatur.
3549 4009 3660 4073 Qui

2005 4114 2138 4152 vero
2188 4095 2526 4163 homicidia,
2558 4094 2712 4161 odia,
2746 4095 3035 4151 adulteria
3065 4098 3270 4168 (1500),
3324 4099 3498 4167 furta,
3534 4115 3661 4170 per-

1998 4186 2180 4258 juria,
2218 4203 2320 4240 seu
2352 4189 2557 4239 cetera
2583 4185 2724 4240 vitia
2754 4186 2836 4240 sic
2869 4186 2941 4240 ad
2974 4191 3209 4258 tempus
3240 4187 3527 4243 simulant
3556 4189 3661 4242 de—

2008 4275 2248 4339 clinare,
2273 4279 2338 4328 ut
2367 4274 2437 4329 ad
2471 4273 2592 4327 haec
2624 4274 2828 4328 eadem
2857 4273 3064 4329 iterum
3100 4276 3309 4330 reverti
3331 4277 3460 4346 jam
3491 4275 3664 4330 corde

2010 4366 2401 4434 conceperint,
2434 4363 2471 4416 ii
2518 4364 2775 4433 profecto
2806 4363 2970 4417 bona
3002 4362 3318 4418 voluntatis
3349 4380 3465 4419 non
3498 4368 3662 4432 sunt,

2011 4470 2117 4508 nec
2168 4451 2382 4507 Christi
2430 4451 2514 4505 eis
2545 4452 2728 4519 (1501)
2769 4451 3105 4506 conceditur
3135 4469 3265 4522 pax.
3298 4451 3445 4508 Nam
3495 4452 3665 4508 miles

2013 4558 2177 4597 arma
2225 4539 2485 4610 deponit,
2521 4555 2734 4610 corpus
2783 4539 2987 4606 reficit,
3024 4542 3290 4597 membra
3329 4541 3569 4612 refovet,
3604 4543 3669 4596 ut

2013 4636 2274 4700 tempore
2296 4633 2623 4698 opportuno
2655 4629 2973 4700 resumptis
2995 4628 3216 4684 viribus
3240 4629 3462 4686 eisdem
3485 4628 3667 4684 armis

2015 4735 2223 4774 rursus
2251 4717 2440 4772 valeat
2469 4717 2772 4773 dimicare.
2807 4717 2933 4773 Non
2965 4717 3049 4773 sic
3081 4757 3115 4776 ..
3158 4719 3404 4774 induere
3435 4733 3664 4773 more...

2016 4808 2347 4881 pertingere
2376 4806 2561 4877 (1502)
2603 4807 2990 4878 gaudeamus.

2092 4984 2277 5127 (1495)
2312 4981 2593 5050 Mansius,
2628 4943 2715 5038 eoo.

2118 5057 2275 5127 1496)
2307 5055 2552 5110 Summa
2582 5056 2709 5127 codi

2118 5053 2275 5127 1496)
2307 5055 2552 5110 Summa
2582 5055 2802 5127 codicis
2850 5072 2954 5110 ora
2999 5055 3352 5127 humiditate
3383 5053 3670 5122 extabuit,

289 5134 423 5215 inis_,
460 5136 534 5215 de
566 5125 880 5214 Nativitate
915 5131 1317 5220 Prmcursor'is,
1350 5125 1763 5220 edidit'yhc1.
1802 5135 1906 5220 ¹ξῐο.
1943 5155 1989 5220 D
2024 5125 2441 5220 perieruntque
2464 5127 2522 5180 in
2546 5125 2798 5220 si‘ngulis
2821 5127 3279 5220 paginis‘versus
3300 5126 3482 5220 fejrme
3512 5127 3668 5220 dlu‘o;

299 5206 597 5260 ominicus
627 5206 887 5260 Mansius
919 5205 976 5258 in
1009 5202 1329 5274 appendice
1359 5202 1504 5257 tomi
1537 5201 1584 5256 ΙΙ
1618 5202 1907 5257 Miscella-

253 5293 497 5331 neorum
557 5277 777 5331 Baluzii
832 5278 1014 5343 Luca,
1050 5292 1144 5329 an.
1207 5274 1366 5340 1761,
1423 5290 1492 5328 ex
1542 5274 1653 5328 hoc
1708 5275 1911 5329 eodem

251 5357 440 5403 vetere
472 5353 533 5403 et
568 5365 801 5419 perraro
834 5348 1031 5402 codice
1059 5345 1339 5400 Vaticano
1367 5362 1380 5412 ;
1411 5345 1540 5419 sed
1561 5345 1716 5419 enim
1739 5346 1912 5419 festi-

255 5420 492 5474 natione
543 5415 944 5490 perturbatus,
979 5419 1066 5473 vir
1113 5415 1465 5486 caeteroquin
1511 5417 1914 5490 doctissimus,

252 5487 583 5560 permultos
617 5496 938 5562 turpesque
966 5504 1198 5562 errores
1223 5492 1426 5542 contra
1472 5487 1690 5542 codicis
1741 5489 1915 5544 ﬁdem

253 5559 491 5646 scripsit
521 5567 582 5618 et
609 5559 1016 5618 incautissime
1046 5559 1249 5626 edidit,
1283 5574 1432 5630 quos
1463 5573 1568 5629 ego
1600 5575 1756 5614 nunc
1786 5576 1912 5616 cor-

255 5650 468 5691 rinam.

307 5649 518 5795 ῗῗῗξᾎ)
549 5704 817 5763 Man’sius
847 5702 1128 5780 pervertit
1156 5701 1278 5760 hinc
1309 5699 1455 5760 cola.

2022 5197 2090 5325 ert:
2122 5215 2240 5269 qua
2269 5197 2470 5270 regula
2492 5198 2682 5252 metiri
2717 5197 3029 5269 sequentes
3057 5199 3302 5254 lacunas
3333 5198 3562 5254 discant
3590 5197 3674 5254 le-

2023 5289 2053 5325 c
2083 5286 2234 5325 ores.

2023 5286 2234 5326 CLOPBS.

2095 5340 2280 5412 (1497)
2313 5340 2389 5394 M.
2425 5339 2575 5412 male
2607 5349 2770 5412 atque
2797 5343 2937 5410 fere.

2123 5412 2280 5481 1498)
2313 5411 2388 5465 M.
2426 5409 2570 5465 falso
2596 5409 2913 5482 praeteritis.

2123 5484 2283 5550 1499)
2315 5482 2390 5537 M.
2421 5498 2852 5552 supervacanea.

2099 5555 2282 5624 (1500)
2315 5553 2390 5607 M.
2425 5553 2628 5608 omisit
2656 5554 2765 5610 hoc
2804 5557 3176 5615 vocabulum.

2125 5626 2257 5680 1501
2313 5624 2390 5679 M.
2423 5641 2529 5696 per
2573 5642 2731 5682 eram
2761 5629 2833 5682 ei.

2099 5623 2286 5776 (1502)
2317 5696 2395 5754 Μ.
2428 5642 2582 5755 ωειῘέ
2609 5699 2833 5770 pet-atrii

2125 5696 2286 5774 1502)
2317 5696 2395 5754 M.
2428 5696 2582 5755 male
2609 5699 3007 5778 perstringere.
