3916 6406
271 436 396 498 835

930 559 1169 616 SERMO
1204 559 1272 616 II.

796 668 856 707 IN
896 667 1096 707 NATALI
1127 666 1402 706 EJUSDEM.

351 744 726 798 Gaudeamus
743 757 968 804 omnes,
989 741 1194 794 fratres
1217 737 1562 803 charissimi,
1585 737 1850 790 laetentur
1868 740 1924 790 et

279 832 571 890 exsultent
599 846 802 886 omnes
830 833 1052 900 gentes.
1088 832 1270 880 Istum
1319 826 1473 879 diem
1527 842 1640 880 non
1691 830 1922 879 tantum

279 921 532 976 visibilis
563 918 671 988 sol,
697 917 797 972 sed
823 918 949 986 ejus
982 913 1290 970 invisibilis
1312 914 1544 968 Creator
1570 913 1764 984 potius
1793 912 1923 967 illu-

281 1009 544 1064 minavit.
562 1012 624 1060 ln
650 1007 756 1060 hac
779 1003 1069 1074 siquidem
1094 1003 1206 1070 die,
1224 1002 1379 1058 Deus
1401 1002 1575 1057 homo
1600 1004 1786 1056 factus
1809 1006 1917 1067 est,

279 1097 536 1152 cmlestia
580 1092 827 1148 terrenis
879 1089 1257 1158 famulantur,
1305 1090 1495 1163 angeli
1547 1096 1603 1146 et
1650 1091 1920 1146 homines

277 1187 352 1242 ad
384 1182 752 1241 concordiam
784 1183 1147 1235 revocantur.
1175 1179 1320 1234 Cum
1353 1180 1510 1234 enim
1541 1178 1602 1234 in
1633 1179 1918 1250 principio

274 1279 429 1330 esset
476 1273 650 1335 Deus,
691 1270 847 1324 sicut
889 1267 1225 1340 evangelica
1273 1268 1434 1324 vobis
1482 1268 1650 1323 lectio
1702 1271 1919 1331 narrat,

279 1362 480 1418 Omnia
510 1376 605 1432 per
636 1359 821 1430 ipsum
848 1359 999 1429 [acia
1027 1361 1155 1412 sunt
1193 1359 1371 1425 (Joan.
1423 1375 1460 1426 1,
1511 1358 1566 1428 3)
1600 1375 1611 1412 :
1663 1357 1764 1412 sed
1808 1355 1920 1410 ini-

276 1451 465 1505 micus
504 1447 748 1504 humani
797 1447 1023 1515 generis
1069 1447 1349 1501 adversus
1381 1446 1709 1500 Creatorem
1743 1461 1918 1500 suum

274 1539 580 1610 insurgere
608 1535 853 1591 tentavit
883 1535 1083 1590 dicens
1117 1551 1128 1589 :
1178 1541 1386 1590 Ponam
1431 1535 1610 1589 sedem
1646 1551 1822 1589 meam
1851 1535 1920 1589 ad

275 1629 610 1700 aquilonem,
641 1634 693 1680 et
740 1641 833 1680 ero
885 1624 1091 1679 similis
1138 1625 1410 1680 Altissimo
1441 1624 1590 1695 (Isai.
1641 1641 1756 1687 xw,
1809 1625 1916 1691 14).

275 1717 362 1774 Ob
403 1733 577 1789 quam
618 1713 954 1786 superbiam
1004 1718 1122 1768 tam
1173 1712 1298 1784 ipse
1349 1729 1525 1784 quam
1577 1730 1779 1767 omnes
1833 1729 1921 1767 se-

276 1821 493 1878 quaces
541 1805 690 1874 ejus,
733 1802 833 1874 qui
881 1802 1248 1857 incommode
1300 1806 1672 1856 tentaverunt
1720 1818 1920 1856 ascen-

276 1897 434 1960 dere,
463 1893 657 1948 divino
681 1891 904 1963 judicio
937 1890 1325 1960 suntdejecti.
1350 1891 1436 1944 Ad
1471 1907 1721 1961 quorum
1751 1906 1923 1944 casus
1961 1929 2006 1993 Β

274 1983 704 2055 reparationem
733 1981 1012 2044 Dominus
1037 1979 1306 2034 homines
1330 1980 1384 2033 in
1419 1980 1689 2050 paradiso
1713 1982 1926 2034 consti-

273 2072 408 2128 tuit.
431 2069 634 2142 Angeli
668 2085 922 2140 quoque,
957 2068 1442 2123 restaurationem
1475 2067 1567 2123 sui
1601 2067 1822 2122 ordinis
1855 2068 1925 2122 ab

275 2160 424 2232 ipsis
453 2162 877 2230 exspectantes,
911 2155 972 2210 in
1015 2172 1226 2228 magno
1252 2172 1350 2211 eos
1381 2157 1592 2228 gaudio
1625 2155 1928 2226 multoque

275 2251 620 2320 receperunt
657 2263 873 2302 amore.
905 2247 977 2300 At
1023 2261 1178 2312 vero,
1214 2250 1346 2316 post
1392 2244 1926 2315 praevaricationem

273 2338 409 2392 Adae
464 2336 641 2409 primi
687 2334 967 2400 hominis,
1001 2333 1058 2388 in
1113 2338 1344 2388 tantum
1391 2333 1696 2390 discordia)
1725 2333 1925 2388 odium

273 2425 473 2491 crevit,
499 2429 564 2479 ut
591 2423 753 2479 nulla
785 2439 928 2494 pene
958 2422 1218 2493 pristinae
1237 2422 1570 2478 dilectionis
1603 2423 1766 2477 radix
1797 2439 1924 2494 per-

277 2519 561 2570 maneret.
595 2513 710 2568 Nec
753 2514 877 2582 jam
912 2511 1078 2566 nobis
1129 2528 1192 2567 se
1243 2516 1542 2567 consortes
1573 2527 1701 2566 esse
1734 2511 1924 2581 angeli

276 2603 666 2668 aestimabant,
701 2601 838 2672 quia
869 2601 985 2656 Deo
1037 2600 1154 2655 ullo
1203 2601 1426 2670 absque
1475 2599 1683 2654 delicto
1714 2600 1924 2654 servie-

276 2693 439 2748 bant.
455 2691 694 2758 Quoties
710 2691 926 2762 quippe
945 2688 1283 2744 hominibus
1301 2689 1679 2760 apparebant,
1695 2689 1924 2743 adorari

276 2797 340 2837 se
359 2781 528 2851 quasi
559 2798 592 2834 a
623 2780 885 2847 subjecta
907 2782 1174 2832 creatura
1194 2777 1632 2846 permittebant.
1659 2776 1924 2832 Christus

275 2869 473 2940 itaque
491 2869 637 2923 Deus
655 2871 790 2921 ante
811 2872 1093 2936 tempora,
1113 2865 1285 2920 homo
1305 2871 1368 2919 ut
1391 2881 1496 2919 nos
1521 2865 1828 2919 redimeret
1851 2866 1926 2920 fa-

275 2961 408 3012 ctus
441 2957 498 3010 in
528 2960 811 3026 tempore,
840 2955 1086 3008 formam
1111 2954 1259 3008 servi
1290 2953 1638 3024 suscipiens,
1663 2953 1838 3008 ccelos
1869 2960 1927 3008 et

275 3051 513 3112 terram,
547 3044 784 3117 angelos
826 3047 882 3100 et
913 3042 1182 3098 homines
1213 3042 1555 3114 paciﬁcavit.
1593 3043 1726 3098 Post
1755 3044 1926 3114 cujus

274 3133 762 3201 incarnationem,
778 3130 1022 3204 angelus
1043 3148 1106 3188 se
1128 3132 1199 3187 ab
1224 3132 1460 3187 homine
1481 3131 1712 3186 adorari
1736 3132 1925 3204 prohi-

280 3223 410 3278 buit
429 3223 630 3278 dicens
655 3238 668 3278 :
704 3221 828 3278 Vide
847 3237 916 3276 ne
932 3223 1148 3291 feceris,
1171 3236 1458 3276 conservus
1479 3223 1627 3276 enim
1644 3225 1772 3276 tuus
1801 3238 1925 3276 sum

1298 428 1642 490 ATTONIS
1687 427 2272 490 VEBCELLENSIS
2320 427 2671 488 EPISCOPI

1954 560 2008 626 Α
2038 558 2344 614 observare
2377 575 2390 614 :
2424 557 2526 630 qui
2556 557 2731 612 etiam
2763 556 2906 611 adeo
2936 571 2968 611 a
2999 569 3063 610 se
3091 553 3396 610 charitatis
3441 555 3693 627 gratiam

3574 421 3694 484 836

2039 646 2359 717 expellunt,
2413 651 2477 701 ut
2526 645 2818 700 neminem
2871 661 3037 699 suam
3084 645 3326 698 domum
3355 645 3558 698 eodem
3600 645 3695 701 die

2042 735 2299 804 primum
2331 734 2556 806 ingredi
2587 735 2784 799 velint,
2816 733 2926 788 nisi
2951 732 3051 803 qui
3083 732 3421 787 cumulatus
3452 734 3695 788 oblatio-

2042 823 2218 878 nibus
2247 824 2545 878 advenerit
2580 840 2593 878 :
2622 822 2878 892 aliquem
2911 827 3106 876 autem
3138 821 3396 892 hospitio
3449 839 3510 876 se
3561 837 3692 878 sus-

2041 913 2231 982 cipere
2261 913 2571 983 abnegant,
2589 917 2645 966 et
2674 910 2820 965 nihil
2855 910 3088 982 penitus
3119 911 3190 965 de
3221 926 3331 964 sua
3360 910 3534 966 domo
3554 911 3694 967 dare

2040 1005 2142 1054 aut
2188 1002 2558 1056 commodare
2609 1000 2944 1055 desiderant
2991 1000 3196 1070 (1504).
3243 999 3287 1054 0
3333 999 3589 1054 inﬁdelis
3638 1005 3695 1056 et

2042 1092 2305 1144 erroneel
2360 1089 2570 1144 Melius
2617 1088 2723 1143 tibi
2767 1093 2922 1143 esset
2951 1088 3011 1142 in
3043 1089 3216 1143 domo
3245 1091 3348 1144 tua
3389 1088 3690 1144 Christum

2041 1175 2098 1230 in
2115 1175 2403 1249 hospitem
2419 1177 2712 1248 suscipere
2742 1176 2829 1232 vel
2861 1192 3352 1249 pauperes,quam
3386 1177 3638 1234 rusticos
3660 1195 3694 1233 a

2039 1270 2096 1320 te
2127 1266 2364 1337 tuisque
2393 1282 2704 1338 Oppressos
2735 1271 2911 1338 atque
2943 1266 3025 1320 sic
3055 1265 3396 1332 instructos,
3429 1266 3693 1338 apopho-

2036 1359 2159 1410 reta
2177 1355 2264 1410 vel
2287 1356 2602 1427 osnophora
2623 1354 2970 1426 bajulantes.
2987 1355 3146 1409 Idem
3171 1355 3388 1427 quippe
3412 1356 3693 1411 Dominus

2041 1444 2122 1498 ait
2156 1461 2168 1499 :
2203 1445 2461 1512 Quandiu
2489 1445 2696 1514 fecistis
2724 1446 2829 1498 uni
2857 1459 2926 1497 ex
2953 1445 3202 1497 minimis
3250 1445 3387 1511 istis,
3422 1443 3562 1499 mihi
3605 1447 3690 1515 fe-

2037 1535 2185 1587 cistis
2233 1534 2440 1603 (Matth.
2483 1550 2616 1599 xxv,
2645 1534 2752 1603 40).
2785 1533 2854 1586 Et
2884 1533 3020 1586 item
3057 1548 3068 1586 :
3103 1536 3241 1586 Date
3268 1534 3691 1605 elemosynam,

2038 1630 2088 1676 et
2117 1624 2301 1677 omnia
2332 1622 2537 1676 munda
2567 1625 2694 1675 sunt
2733 1621 2885 1675 vobis
2939 1622 3087 1691 (Luc.
3142 1638 3204 1688 ιι,
3257 1623 3364 1689 41).
3414 1621 3694 1677 Similiter

2039 1711 2212 1765 etiam
2248 1711 2522 1764 Kalendis
2555 1711 2774 1765 Martiis
2806 1711 3147 1779 hujusmodi
3181 1711 3451 1765 homines
3493 1711 3695 1766 multis

2038 1801 2230 1856 solent
2261 1801 2616 1856 debacchare
2641 1803 2740 1871 (ita
2769 1801 2909 1869 cod.)
2945 1799 3290 1872 praestigiis;
3325 1817 3438 1872 prae
3463 1801 3692 1855 cunctis

2039 1895 2234 1944 autem
2286 1890 2420 1944 anni
2479 1889 2707 1955 diebus,
2742 1889 2798 1942 in
2848 1889 2942 1944 his
2993 1889 3264 1944 diabolus
3295 1889 3486 1943 adhuc
3521 1905 3692 1944 suam

2038 1984 2264 2033 exercet
2296 1977 2774 2041 coloniam.Quod
2809 1979 2962 2032 unde
2994 1977 3348 2050 processisse
3370 1977 3692 2047 credimus,

2037 2067 2202 2122 vobis
2235 2068 2494 2123 indicare
2545 2084 2842 2122 curamus.
2894 2067 3049 2122 Mars
3097 2083 3351 2138 namque
3397 2072 3454 2122 et
3501 2067 3696 2122 Janus

2037 2155 2312 2211 homines
2343 2156 2594 2228 perversi
2629 2161 2686 2211 et
2714 2155 2974 2211 infelices
2997 2155 3510 2228 fuerunt,quorum
3534 2172 3695 2210 unus

2040 2245 2334 2300 homicida
2364 2250 2420 2300 et
2449 2245 2697 2313 adulter,
2739 2244 2885 2300 alter
2914 2246 2974 2300 in
3005 2249 3235 2300 tantum
3282 2245 3392 2299 fuit
3418 2261 3604 2299 vanus
3637 2249 3699 2300 et

2037 2335 2372 2403 demens,ut
2403 2334 2578 2389 etiam
2611 2351 2673 2388 se
2700 2334 2894 2405 ipsum
2927 2333 3183 2388 ﬂammis
3215 2339 3523 2389 cremaret.
3557 2337 3699 2399 Post

2037 2437 2288 2492 quorum
2315 2422 3022 2494 interitum,paganorum
3056 2422 3174 2477 illis
3208 2439 3367 2478 more
3399 2422 3696 2478 fabricata

2037 2515 2174 2564 sunt
2204 2511 2495 2574 statuaa,in
2530 2511 2747 2581 quibus
2765 2512 2838 2565 ob
2857 2528 3060 2566 eorum
3094 2511 3380 2566 scelerum
3413 2511 3695 2566 immani-

2033 2603 2216 2653 tatem
2265 2599 2629 2653 daemonibus
2679 2599 2900 2670 placuit
2950 2599 3246 2667 habitare;
3281 2605 3430 2654 etut
3463 2599 3696 2655 facilius

2035 2686 2303 2741 homines
2365 2687 2720 2757 deciperent,
2793 2688 3201 2757 praedictorum
3269 2687 3381 2741 sibi
3451 2689 3699 2743 nomina

2036 2773 2256 2844 placuit
2286 2775 2523 2843 ﬁngere,
2544 2775 2744 2843 sicque
2776 2791 2837 2828 se
2868 2775 3073 2843 vivere,
3103 2780 3159 2829 et
3188 2776 3326 2830 deos
3358 2793 3486 2831 esse
3503 2779 3696 2847 jacta-

2032 2861 2203 2928 bant;
2261 2863 2630 2932 duorumque
2681 2862 2973 2917 mensium
3027 2864 3129 2933 (ita
3171 2863 3286 2917 cod.
3322 2863 3410 2917 hic
3440 2869 3489 2918 et
3519 2867 3700 2935 alibi)

2036 2949 2320 3022 principia
2353 2950 2463 3005 sibi
2496 2952 2783 3006 sacranda
2812 2952 3292 3023 dicebant,atque
3324 2969 3429 3006 suo
3452 2953 3703 3012 nomine

2036 3040 2270 3094 eosdem
2304 3055 2555 3108 menses,
2589 3040 2812 3094 scilicet
2843 3040 3117 3095 Martium
3151 3046 3206 3095 et
3249 3041 3624 3110 Januarium,
3665 3061 3702 3100 a

2035 3128 2218 3183 Marte
2252 3133 2307 3184 et
2335 3129 2484 3184 Jano
2517 3129 2797 3200 appellari
2843 3129 3156 3199 jubebant;
3200 3135 3255 3184 et
3288 3129 3541 3200 qualiter
3589 3148 3702 3204 per

2035 3218 2301 3289 singulas
2329 3219 2487 3290 ipsas
2520 3218 2810 3273 Kalendas
2843 3217 3131 3274 solemnia
3162 3218 3435 3290 colerent,
3454 3219 3694 3292 quales-

278 3319 328 3368 et
345 3313 590 3382 fratrum
612 3313 826 3366 tuorum
853 3289 1037 3379 (Apoc.
1059 3310 1448 3378 1111,10).ch
1470 3310 1703 3365 estdies
1724 3309 1921 3378 illa,in
1955 3289 1998 3357 Ο
2037 3324 2150 3379 que
2182 3289 2378 3363 cultus
2410 3313 2752 3379 peragerent
2782 3307 3236 3372 edocebant.Qui
3277 3289 3437 3364 error
3466 3289 3524 3364 in
3556 3314 3696 3364 tan-

277 3417 396 3472 qua
424 3404 648 3456 natura
669 3400 809 3470 jura
840 3402 1142 3453 mutantur
1177 3415 1189 3452 :
1240 3397 1399 3469 virgo
1447 3399 1729 3470 concepit,
1763 3399 1922 3471 virgo

277 3489 521 3562 peperit,
556 3491 607 3544 et
643 3489 835 3544 Verum
864 3502 990 3542 caro
1019 3488 1229 3557 factum
1257 3495 1334 3541 est
1355 3488 1534 3557 (Joan.
1569 3503 1608 3555 ι,
1644 3488 1750 3558 14).
1777 3489 1922 3542 Nam

275 3593 452 3649 quem
483 3574 856 3630 immensitas
884 3572 1007 3629 coeli
1033 3589 1237 3644 capere
1267 3590 1380 3627 non
1415 3578 1624 3644 potest,
1651 3574 1924 3645 priesepis

276 3665 550 3738 angustia
579 3663 912 3720 collocatur.
949 3662 1130 3717 Hodie
1161 3660 1351 3732 angeli
1386 3662 1720 3732 pastoribus
1751 3679 1925 3733 appa-

273 3757 544 3821 ruerunt,
565 3768 784 3823 eosque
810 3753 880 3807 de
903 3751 1136 3808 Domini
1164 3751 1465 3806 nativitate
1498 3751 1922 3818 instruxerunt,

273 3847 333 3898 et
379 3859 451 3899 ne
509 3842 787 3898 timerent
834 3841 1330 3906 oonfortaverunt,
1383 3839 1585 3910 eisque
1643 3841 1923 3911 gaudium

276 3947 557 4003 magnum
591 3929 1027 3995 nuntiaverunt,
1069 3932 1127 3984 et
1178 3927 1362 4000 gloria
1411 3928 1468 3982 in
1517 3928 1760 3984 excelsis
1810 3928 1923 3984 Deo

273 4020 530 4092 primum
565 4019 1022 4074 decantaverunt
1048 4018 1200 4086 (Luc.
1235 4034 1292 4080 ιι,
1327 4017 1504 4087 8-15).
1539 4018 1764 4080 Quibus
1795 4017 1922 4072 ideo

273 4108 639 4164 nativitatem
677 4107 902 4162 Domini
953 4106 1144 4177 angeli
1195 4106 1450 4177 primum
1485 4107 1921 4173 nuntiaverunt,

275 4197 416 4268 quia
439 4200 701 4268 pastores
725 4212 837 4267 prie
857 4195 1077 4249 caeteris
1095 4194 1290 4248 videre
1309 4193 1586 4249 sublimia
1606 4199 1921 4264 merentur,

273 4286 374 4357 qui
403 4283 675 4340 ﬁdelibus
697 4284 974 4355 gregibus
999 4299 1243 4352 praeesse
1264 4281 1510 4336 sollicite
1532 4283 1745 4337 sciunt.
1770 4287 1922 4337 Gau-

277 4375 522 4430 deamus
552 4390 688 4446 ergo
720 4373 912 4438 hodie,
947 4373 1154 4426 fratres
1197 4370 1551 4426 charissimi.
1581 4413 1593 4426 .
1623 4412 1636 4425 .

909 4477 1149 4533 SERMO
1193 4479 1286 4531 Ill.

707 4568 766 4605 IN
807 4566 978 4605 FESTO
1007 4566 1236 4604 OCTAVE
1267 4566 1492 4604 DOMINI.

350 4641 517 4697 Hunc
546 4640 700 4696 diem
735 4655 966 4711 semper
997 4637 1272 4693 Kalendis
1302 4638 1597 4694 Januariis
1640 4639 1774 4710 [cod.
1823 4629 1921 4694 Ja-
1955 4657 2002 4722 ι)

277 4731 644 4799 nuariarum]
661 4727 814 4784 sicut
831 4726 1039 4791 nostis,
1054 4725 1407 4792 charissimi,
1424 4727 1924 4783 celebramus.8ed

278 4819 450 4874 nobis
480 4817 589 4873 hoc
618 4822 808 4872 tacere
847 4833 964 4871 non
1009 4816 1299 4882 convenit,
1333 4816 1489 4886 quod
1523 4817 1761 4887 quidam
1796 4816 1927 4872 falsi

278 4907 596 4964 Christiani
631 4905 779 4961 tanti
832 4905 946 4960 diei
986 4904 1418 4960 solemnitatem
1452 4904 1734 4977 sacrilega
1765 4923 1928 4960 com-

276 4995 550 5051 mistione
595 4994 962 5066 perturbant,
995 4993 1072 5047 ita
1129 4997 1194 5046 ut
1243 4993 1440 5048 divina
1487 4994 1680 5049 officia
1726 4994 1785 5048 in
1837 5011 1927 5050 ec-

276 5084 473 5139 clesiis
524 5083 833 5138 videantur
881 5081 1194 5147 celebrare,
1262 5086 1318 5136 et
1390 5082 1567 5136 variis
1626 5082 1930 5138 maleﬁciis

279 5172 439 5227 domi
473 5187 588 5226 non
619 5171 891 5226 desinant
920 5171 1199 5226 inservire
1233 5170 1437 5243 (1503).
1467 5170 1712 5243 Insuper
1731 5172 1928 5228 Jania-

281 5276 388 5314 nas
421 5258 766 5312 traditiones
817 5258 1245 5330 gentiliumque
1295 5259 1444 5314 ritus
1493 5276 1608 5314 non
1662 5264 1932 5316 metuunt

352 5415 537 5486 (1503)
571 5416 663 5486 De,
687 5414 1206 5484 superstitionibus
1253 5417 1309 5472 in
1363 5417 1529 5473 Italia
1574 5420 1764 5474 medio
1815 5436 1932 5474 aevo

281 5485 1024 5565 preserpentibusdegatur
1061 5487 1358 5544 Muratorii
1409 5491 1743 5565 dissertatio
1772 5492 1843 5544 59
1874 5491 1933 5544 in

279 5555 432 5637 Ann.
459 5555 650 5637 medii
682 5555 816 5637 aevi,
840 5555 1169 5637 ι’κνηρυω
1201 5565 1357 5615 certe
1388 5563 1742 5637 cumulatior
1766 5565 1932 5637 ‘fuis-

279 5634 392 5697 set,
424 5627 474 5684 si
503 5625 736 5684 Attonis
761 5625 854 5683 hic
886 5625 1144 5686 ineditus
1173 5646 1366 5689 sermo
1396 5633 1716 5692 Muratorio
1762 5633 1931 5692 inno-

283 5701 516 5759 tuisset.

2034 3400 2160 3450 tum
2195 3397 2618 3468 frequentando
2648 3396 2842 3464 crevit,
2881 3401 2944 3451 ut
2973 3414 3117 3468 pene
3168 3399 3241 3452 ab
3293 3398 3569 3454 omnibus
3599 3415 3698 3454 co-

2033 3485 2254 3540 leretur
2284 3486 2601 3540 subversis.
2635 3487 2699 3539 Et
2728 3485 2862 3540 inde
2892 3502 3020 3542 esse
3052 3486 3321 3542 existimo
3377 3487 3530 3557 quod
3581 3487 3693 3543 ho-

2033 3575 2244 3646 dieque
2274 3575 2446 3629 durat
2477 3575 2535 3628 in
2571 3575 3128 3630 rusticis.Mensium
3157 3581 3352 3630 autem
3376 3575 3690 3632 nomina...

2033 3663 2230 3718 solu...
2281 3680 2512 3734 quoque
2561 3665 2864 3736 signorum
2917 3664 3070 3719 sicut
3126 3666 3197 3719 ab
3247 3664 3692 3736 antiquissimis

2034 3758 2091 3808 et
2121 3755 2364 3824 paganis
2393 3753 2639 3808 diversis
2669 3753 2992 3824 composita
3013 3758 3152 3809 sunt
3174 3754 3469 3825 figmentis
3493 3753 3696 3812 adhuc

2035 3858 2374 3913 permanere
2420 3842 2477 3896 in
2528 3842 2883 3912 quibusdam
2932 3843 3333 3914 cognovimus,
3386 3848 3450 3898 ut
3497 3843 3697 3912 Aries,

2035 3931 2289 3991 Taurus.
2337 3935 2393 3984 et
2441 3936 2663 3986 caetera.
2700 3931 2957 3994 Quorum
3004 3931 3262 4001 nomina,
3297 3930 3346 3986 si
3377 3931 3697 4002 diligenter

2032 4019 2429 4090 inquirantur,
2453 4020 2600 4075 falsa
2629 4036 2756 4074 esse
2788 4025 3134 4085 noscuntur,
3168 4021 3308 4092 quia
3339 4019 3693 4076 animalium

2034 4107 2256 4178 species
2290 4125 2592 4178 nunquam
2621 4109 2678 4162 in
2711 4109 3003 4164 sideribus
3034 4109 3327 4174 videntur,
3360 4109 3459 4163 sed
3502 4108 3695 4165 curio-

2033 4197 3689 4267 sitaspaganorumhaecdeliramentasecundumvolunta-

2033 4291 2148 4340 tem
2183 4285 2271 4338 vel
2307 4285 2536 4340 laudem
2562 4287 2872 4340 numinum
2897 4292 2952 4340 et
2974 4287 3166 4357 potius
3191 4287 3523 4340 daemonum
3551 4303 3689 4342 suo-

2035 4391 2161 4427 rum
2205 4375 2428 4428 curavit
2461 4380 2832 4444 pertractare.
2859 4375 3018 4437 Quod
3045 4391 3112 4428 ex
3139 4375 3337 4446 paucis
3366 4391 3689 4445 possumus

2036 4463 2378 4531 approbare;
2401 4480 2609 4533 nempe
2632 4465 2784 4534 quod
2814 4480 3174 4535 paganorum
3199 4463 3532 4534 philosophi
3556 4464 3696 4518 Arc-

2033 4550 2217 4615 ton,id
2235 4555 2324 4605 est
2338 4550 3410 4622 Ursam,appellaverunt,atqueaJove
3428 4550 3580 4606 inter
3603 4567 3695 4606 as-

2034 4641 2123 4692 tra
2145 4639 2472 4710 depositam
2505 4641 2887 4710 scripserunt;
2917 4639 3026 4694 hoc
3049 4640 3233 4694 nostri
3258 4637 3461 4695 rustici
3490 4637 3691 4716 plaus-

2034 4730 2192 4781 trum
2221 4728 2764 4783 denominaverunt.
2796 4729 2956 4794 Quod
2982 4734 3175 4783 autem
3199 4728 3310 4799 ipsi
3338 4731 3514 4799 caput
3533 4725 3693 4781 tauri

2038 4820 2332 4881 asserunt,
2358 4816 2464 4871 hoc
2487 4818 2661 4872 etiam
2692 4817 2787 4870 isti
2825 4816 3105 4888 gallinam
3140 4816 3361 4871 dicunt.
3395 4816 3507 4870 Sed
3532 4815 3690 4886 quod

2018 4903 2295 4959 balteum
2321 4905 2550 4960 Orionis
2573 4906 2909 4974 notant,hoc
2933 4905 3116 4960 nostri
3150 4904 3355 4960 falcem
3379 4903 3691 4959 sectoriam

2039 4991 2436 5049 clamant.Nec
2461 4994 2587 5049 ideo
2602 4995 2904 5050 inferiores
2923 4994 3029 5049 hos
3044 4993 3327 5064 dijudicet
3350 4991 3692 5063 quisquam,

2041 5083 2207 5153 quasi
2232 5083 2397 5154 pejus
2421 5083 2876 5139 assimilaverint
2898 5083 3352 5153 nefas.Denique
3372 5098 3474 5137 nec
3496 5080 3693 5154 ἄρκτος

2042 5167 2180 5240 [cod.
2211 5170 2448 5240 Arcton]
2478 5168 2688 5225 melius
2711 5169 2915 5225 Ursam
2941 5187 3116 5241 quam
3142 5169 3471 5241 plaustrum
3496 5174 3690 5223 osten-

2041 5261 2156 5324 tat;
2192 5275 2296 5314 nec
2320 5257 2462 5313 illud
2483 5257 2638 5314 aliud
2659 5260 2894 5330 signum
2925 5260 3119 5331 potius
3136 5263 3312 5330 caput
3330 5258 3690 5328 tauri,quam

2113 5420 2297 5492 (1504)
2330 5421 2728 5475 Memorantur
2759 5419 2981 5475 similes
3023 5420 3117 5474 his
3158 5419 3605 5492 superstitiones
3635 5417 3694 5492 in

2042 5491 2326 5560 opusculo
2351 5492 2583 5546 Martini
2620 5493 3174 5563 Bracarensis,quod
3209 5489 3313 5563 ego
3340 5508 3525 5561 nuper
3552 5489 3700 5545 mul-

2042 5567 2101 5617 to
2128 5563 2493 5617 emendatius
2526 5570 2584 5618 et
2617 5581 2749 5619 cum
2784 5565 2999 5619 inedito
3031 5562 3263 5618 exordio
3296 5563 3356 5616 in
3389 5563 3560 5619 tertio
3602 5578 3699 5618 vo-

2041 5632 2263 5691 lumine
2292 5633 2666 5692 classicorum
2697 5639 3014 5694 Auctorum
3046 5653 3104 5710 p.
3134 5635 3260 5704 379,
3293 5633 3470 5694 edidi.
