3916 6466
189 443 305 505 83Ἰ

1682 443 2005 508 SERMON
2011 445 2103 507 ES
2117 490 2132 503 .

3499 451 3622 515 838

190 576 474 650 gallinam
523 577 810 650 designat.
850 577 1014 641 Quod
1061 581 1256 634 autem
1309 577 1572 633 balteum
1621 577 1851 634 Orionis
1880 579 1936 646 Α
1963 579 2095 649 fecit
2126 580 2187 633 in
2215 579 2344 635 caelo
2377 586 2429 634 et
2457 580 2518 634 in
2546 587 2715 650 terra,
2747 582 2808 636 in
2832 584 2981 638 mari
3007 587 3062 638 et
3088 584 3150 638 in
3178 583 3430 641 omnibus
3453 585 3618 657 abys-

194 667 430 733 dicitur,
450 667 725 723 omnibus
749 669 906 739 patet
929 667 1068 738 quia
1092 667 1302 722 melius
1323 667 1492 738 quasi
1516 665 1649 721 falci
1672 671 1854 721 secto-

195 757 292 811 riw
316 773 493 828 quam
527 756 720 812 balteo
743 757 1130 812 assimilatur.
1152 757 1268 811 Nos
1299 757 1480 829 igitur
1503 756 1645 812 talia
1665 756 1856 810 dicere

198 846 484 917 cogimur,
519 847 658 918 quia
696 846 914 901 multos
947 862 1217 917 perverso
1262 847 1536 918 dogmate
1583 846 1856 900 seductos

198 934 319 989 hac
337 952 517 1006 supra
537 937 776 991 modum
795 937 1106 991 observare
1126 935 1685 1004 cognovimus.Nam
1706 939 1856 988 Deus

199 1023 573 1096 omnipotens
605 1025 734 1080 ideo
758 1025 952 1079 sidera
972 1023 1274 1079 constituit
1303 1024 1362 1077 in
1389 1022 1549 1077 coelis
1572 1027 1636 1077 ut
1665 1022 1854 1076 homi-

199 1110 377 1167 nibus
409 1113 768 1169 deservirent
795 1114 854 1167 in
885 1113 1080 1167 terris.
1111 1112 1242 1166 Hac
1275 1112 1513 1183 quidem
1545 1110 1855 1182 caliginem

197 1203 554 1272 temperant,
582 1201 1020 1258 distinctionem
1073 1201 1350 1256 horarum
1385 1200 1711 1267 insinuant,
1747 1199 1854 1255 ite—

196 1290 472 1346 rantibus
495 1291 585 1346 vel
618 1289 1032 1361 navigantibus
1063 1289 1269 1344 mundi
1299 1293 1493 1361 partes
1524 1289 1851 1360 designant.

193 1377 348 1432 Sunt
365 1378 542 1434 etiam
566 1379 834 1450 quadam
856 1377 915 1433 in
937 1377 1153 1449 quibus
1169 1378 1449 1433 imbrium
1467 1377 1859 1449 tranquillita-

191 1469 400 1522 tumve
443 1472 709 1538 tempora
756 1465 1076 1538 aliquando
1126 1467 1460 1538 prospicere
1516 1481 1852 1538 possumus.

191 1557 364 1610 Hanc
394 1555 515 1610 illis
557 1554 743 1628 legem
787 1557 1024 1611 Creator
1053 1556 1316 1610 omnium
1350 1556 1409 1610 in
1441 1555 1722 1627 principio
1755 1570 1854 1626 po-

192 1643 341 1709 suit,
375 1659 482 1699 nec
512 1643 668 1698 ultra
695 1643 1003 1699 subvenire
1033 1644 1118 1698 vel
1152 1660 1358 1700 nocere
1389 1644 1618 1699 valent:
1647 1659 1854 1716 quam-

190 1733 286 1788 vis
320 1733 444 1786 sint
466 1732 888 1796 mathematici,
908 1732 1007 1803 qui
1035 1733 1155 1787 haec
1175 1734 1556 1789 nascentibus
1587 1749 1854 1804 praesse,

198 1821 497 1893 conjugiis
545 1821 851 1875 dominare
897 1821 1002 1892 [ita
1046 1822 1212 1891 cod.],
1248 1823 1581 1877 architectis
1611 1823 1858 1878 doceant

198 1913 532 1967 observare.
567 1909 680 1964 Sed
731 1910 886 1980 quod
917 1911 989 1963 de
1041 1911 1344 1966 nativitate
1393 1916 1684 1980 asserunt,
1715 1912 1858 1967 satis

207 2001 266 2055 in
286 1997 749 2070 Epiphaniarum
765 1997 1034 2054 homeliis
1049 2000 1397 2073 destruitur(
1408 2001 1639 2073 1505).N
1645 2016 1709 2056 os
1727 2014 1861 2055 vero

201 2088 342 2159 quid
374 2087 446 2143 de
492 2085 784 2159 conjugiis
831 2085 1157 2144 sentiamus
1204 2088 1438 2144 interim
1488 2091 1858 2145 adnotemus.

204 2177 556 2232 Innumeros
583 2191 796 2246 nempe
832 2175 1103 2232 homines
1141 2193 1334 2234 mares
1365 2194 1431 2234 ac
1464 2178 1712 2234 feminas
1745 2183 1860 2235 ste-

204 2265 345 2321 riles
375 2279 631 2337 pel-sepe
650 2265 928 2332 vidimus,
956 2269 1013 2320 et
1036 2264 1172 2321 licet
1194 2266 1374 2322 variis
1403 2271 1737 2340 temporum
1769 2267 1860 2322 in-

202 2352 638 2425 dagationibus,
664 2351 749 2408 vel
801 2352 1256 2410 studiosissimis
1305 2355 1610 2428 signorum
1647 2397 1659 2410 .
1697 2397 1710 2410 .
1749 2399 1760 2411 .
1794 2371 1863 2411 ex

202 2442 452 2499 diversis
473 2442 827 2514 conjugibus
859 2459 1216 2514 procreasse.
1243 2444 1322 2499 De
1350 2445 1613 2500 aediﬁciis
1640 2449 1859 2513 autem,

202 2548 275 2588 ex
307 2531 578 2603 praesenti
610 2530 819 2586 saltem
851 2531 1122 2602 Papiensi
1154 2533 1422 2589 incendio
1443 2534 1627 2605 (1506)
1661 2550 1864 2606 possu-

161 2658 178 2684 ς
205 2637 345 2676 mus
376 2619 650 2692 colligere
696 2620 1018 2676 veritatem.
1053 2623 1186 2686 Quae
1227 2623 1385 2678 enim
1432 2622 1635 2678 civitas
1665 2623 1724 2678 in
1758 2623 1864 2679 hoc

208 2726 393 2782 regno
427 2709 633 2776 fuerat,
667 2725 790 2779 quae
841 2708 1296 2780 pulchrioribus,
1343 2717 1407 2765 ut
1434 2712 1683 2781 vidistis,
1720 2712 1863 2767 ruti-

207 2799 357 2854 laret
387 2797 738 2852 structuris?
785 2813 890 2852 nec
923 2797 1043 2853 ulla
1071 2803 1301 2870 poterat
1350 2800 1421 2855 ab
1472 2801 1730 2872 antiquis
1762 2819 1864 2857 seu

211 2906 244 2944 a
272 2886 574 2943 modernis
614 2887 874 2942 siderum
901 2888 1263 2959 computatio
1311 2889 1574 2960 reperiri,
1608 2891 1718 2946 sub
1749 2908 1868 2962 qua

212 2979 432 3034 domus
464 2975 686 3031 fabrica
713 2975 773 3030 in
814 2990 883 3030 ea
921 2992 1038 3031 non
1070 2977 1341 3044 creverit;
1375 2995 1494 3033 una
1522 2981 1718 3034 tamen
1752 2979 1865 3050 die,

207 3066 397 3122 instar
426 3063 608 3119 divini
648 3063 883 3134 judicii,
916 3064 990 3119 ab
1038 3065 1173 3137 igne
1219 3073 1570 3139 consumpta
1615 3073 1724 3124 est.
1757 3068 1865 3134 Qui

208 3171 348 3228 ergo
399 3152 606 3209 dicunt
649 3152 848 3224 aliqua
883 3153 1142 3209 siderum
1191 3155 1594 3211 observatione
1641 3156 1863 3228 prolem

204 3243 453 3316 suscipi,
487 3242 576 3298 vel
606 3241 965 3314 negligentia
994 3243 1282 3311 fraudari;
1312 3243 1402 3299 vel
1433 3244 1535 3316 qui
1565 3244 1772 3301 domos
1803 3245 1863 3300 in

199 3338 338 3389 ortu
395 3331 786 3401 quorumdam
837 3331 1099 3387 siderum
1163 3337 1385 3388 erectas
1433 3334 1505 3388 ab
1556 3334 1689 3405 igne
1738 3349 1862 3391 cre-
1893 3317 1934 3383 Β

200 3421 378 3489 mari,
410 3421 471 3475 in
503 3421 896 3492 quorumdam
929 3426 1125 3476 autem
1158 3437 1500 3492 permanere
1528 3421 1739 3478 illaesas
1771 3439 1864 3480 as-

199 3515 435 3581 truunt,
471 3521 574 3565 aut
627 3509 726 3580 qui
783 3510 856 3566 ab
915 3510 1178 3581 ipsorum
1234 3512 1605 3567 veneratione
1644 3511 1866 3584 aliquid

203 3599 516 3674 provenire
547 3599 929 3666 contendunt,
964 3599 1056 3654 his
1087 3599 1442 3656 testimoniis
1475 3599 1712 3656 fallaces
1740 3617 1868 3656 esse

206 3691 640 3745 monstrantur.
675 3685 787 3741 Sed
818 3685 1096 3743 inimicus
1139 3687 1384 3743 humani
1415 3688 1644 3760 generis
1674 3688 1866 3745 diver-

207 3795 310 3834 sas
341 3776 606 3833 sentiens
657 3775 1028 3831 inﬁrmitates
1077 3775 1407 3849 hominum,
1441 3778 1687 3834 diversis
1734 3795 1867 3835 nos-

209 3871 333 3922 met
364 3864 574 3921 nititur
605 3863 838 3920 insidiis
883 3880 1216 3937 expugnare
1246 3882 1272 3934 :,
1295 3867 1451 3922 sicut
1477 3867 1635 3923 enim
1667 3873 1869 3939 poten-

206 3955 372 4011 tibus
420 3953 714 4025 rapinam,
747 3953 977 4008 callidis
1023 3955 1287 4026 suggerit
1329 3955 1616 4023 fraudem,
1643 3956 1873 4013 delicio-

207 4044 292 4100 sis
345 4043 677 4109 libidinem,
717 4042 971 4098 robustis
1019 4043 1389 4115 superbiam;
1424 4045 1508 4101 sic
1566 4044 1764 4101 stultis
1816 4054 1872 4102 et

204 4133 447 4188 rusticis
484 4130 913 4186 incredulitatis
944 4131 1156 4188 vulnus
1194 4132 1464 4200 obdurat,
1497 4135 1867 4206 superstitio-

208 4239 357 4278 num
387 4237 615 4277 venena
634 4220 930 4286 diffundit,
954 4238 1098 4277 usus
1130 4222 1408 4290 defendit,
1434 4224 1712 4279 duritiam
1741 4241 1871 4279 mu-

212 4311 320 4367 nit.
347 4312 418 4366 Et
466 4310 604 4366 licet
633 4310 705 4366 de
743 4310 1145 4381 superioribus
1176 4328 1410 4383 quoquo
1443 4313 1616 4368 modo
1664 4330 1727 4368 se
1775 4330 1872 4369 ex-

210 4405 425 4457 cusent
453 4399 634 4467 vitiis,
669 4399 762 4455 his
792 4404 989 4454 tamen
1023 4406 1477 4471 prosternuntur
1496 4401 1732 4474 jaculis.
1768 4404 1876 4476 Igi-

206 4495 307 4546 tur
337 4488 725 4561 quaerendum
759 4492 847 4544 est
875 4505 908 4544 a
939 4488 1178 4555 talibus,
1204 4490 1253 4545 si
1294 4490 1658 4548 credulitatis
1690 4493 1874 4564 (1507)

206 4567 551 4652 symbolum
583 4576 673 4633 vel
705 4577 885 4632 semel
917 4583 1278 4649 percantent,
1310 4579 1638 4651 intendant,
1661 4581 1750 4636 vel
1780 4598 1874 4638 co-

209 4670 434 4743 gitent:
462 4667 618 4738 quod
644 4665 693 4722 si
717 4671 1022 4738 respuunt,
1049 4685 1083 4723 a
1104 4673 1305 4724 nostro
1327 4668 1571 4741 collegio
1597 4687 1782 4742 usque
1804 4670 1877 4725 ad

211 4755 691 4814 emendationem
720 4760 1182 4828 sequestrentur.
1206 4757 1269 4813 Si
1299 4774 1430 4814 vero
1462 4759 1571 4815 hoc
1603 4775 1664 4815 se
1692 4759 1882 4831 perhi-

209 4848 353 4904 bent
385 4847 779 4918 frequentare,
801 4845 1001 4902 dicant
1037 4863 1153 4918 quo
1193 4863 1291 4902 ore
1323 4847 1411 4903 vel
1442 4849 1614 4904 corde
1645 4850 1880 4905 credere

210 4937 402 4992 Deum
428 4934 893 5005 omnipotentem
919 4939 1214 5003 asserunt,
1243 4937 1412 5006 cujus
1435 4935 1714 4992 voluntati
1742 4937 1883 4994 talia

208 5023 504 5097 impedire
552 5023 897 5080 creduntur.
918 5024 999 5079 De
1044 5023 1267 5080 talibus
1302 5041 1556 5096 namque
1594 5025 1881 5082 Dominus

211 5130 319 5186 per
341 5111 691 5184 prophetam
720 5112 831 5168 ait:
850 5113 1094 5184 Populus
1117 5114 1205 5170 hic
1226 5113 1389 5169 labiis
1409 5131 1494 5170 me
1515 5113 1768 5184 honorat,
1793 5131 1883 5171 cor

209 5212 397 5258 autem
427 5218 620 5257 eorum
670 5202 824 5272 longe
855 5211 933 5257 est
961 5220 996 5257 a
1024 5219 1110 5257 me
1139 5204 1268 5274 (Isa.
1291 5221 1444 5267 xx1x,
1471 5204 1578 5275 13).
1603 5205 1881 5275 Omnipo-

212 5297 350 5347 tens
379 5307 513 5346 vero
543 5306 661 5344 non
713 5296 820 5360 est,
857 5290 970 5345 nisi
1014 5291 1116 5362 qui
1159 5291 1358 5346 omnia
1407 5296 1634 5362 potest:
1662 5292 1733 5346 de
1765 5308 1881 5362 quo

211 5379 538 5436 Psalmista
587 5379 717 5434 ait:
766 5379 966 5435 Omnia
1013 5395 1356 5452 quacunque
1401 5381 1575 5435 voluit
1621 5381 1884 5436 Dominus

313 5506 473 5576 1505)
510 5508 657 5576 Puta
688 5505 1028 5576 Augustini.

313 5509 473 5576 1505)
510 5509 657 5559 Puta
688 5509 1028 5576 Augustini.

284 5509 473 5704 ζ1506)
507 5575 722 5657 Narrat
751 5577 862 5632 hoc
910 5576 1250 5658 incendium
1299 5575 1652 5630 Muratorius
1683 5577 1742 5631 in
1772 5579 1886 5632 An-

284 5687 290 5704 .
319 5651 454 5704 ibus
489 5647 736 5704 Italims.
762 5665 918 5704 anno
948 5649 1164 5704 Christi
1199 5649 1359 5702 1001i.
1379 5677 1448 5686 -—-
1469 5648 1630 5704 Quod
1665 5649 1886 5704 Buron-

212 5647 463 5708 nalibu-s
489 5647 736 5714 Italicis,
762 5665 918 5704 anno
948 5648 1164 5710 Christi
1199 5649 1359 5702 1001i.
1379 5677 1448 5686 -——
1469 5648 1630 5714 Quod
1665 5649 1888 5705 Buron-

209 5723 334 5780 tius
364 5719 649 5793 intelligit
671 5719 743 5776 de
762 5721 1093 5793 vetustiore
1117 5718 1229 5776 alio
1261 5717 1448 5793 Papiae
1469 5719 1778 5793 incendio,
1797 5737 1892 5777 cu-

200 5797 311 5873 jus
361 5794 437 5854 ad
487 5789 721 5852 an‘num
751 5791 859 5850 924
890 5792 1252 5853 mentionem
1282 5789 1424 5851 facit
1467 5789 1888 5867 Luitprandus.

1965 669 2039 722 si:
2071 669 2242 738 (Psal.
2267 683 2490 735 cxxxxv,
2513 671 2588 740 6).
2620 670 2686 724 Et
2717 669 2933 726 Paulus
2962 671 3262 743 apostolus
3289 689 3302 727 :
3345 675 3624 730 Voluntati

1965 759 2116 812 enim
2167 759 2284 828 ejus
2331 759 2454 828 quis
2499 759 2704 830 resistit
2733 761 2908 829 (Rom.
2943 777 3020 825 ιιι,
3057 761 3183 833 19)?
3214 762 3380 834 Ergo,
3412 764 3622 820 fratres

1966 844 2103 912 mei,
2137 845 2361 916 liquido
2411 850 2569 916 patet
2607 847 2747 917 quia
2775 847 2896 902 haec
2927 848 3065 903 talia
3116 850 3371 906 multum
3420 852 3623 908 obesse

1968 933 2091 988 suis
2124 939 2374 1005 possunt
2413 934 2738 990 cultoribus
2771 953 2783 990 :
2819 942 2875 991 et
2902 936 3032 992 ideo
3081 939 3166 993 sic
3195 956 3228 993 a
3255 941 3464 996 vestris
3495 957 3623 996 era-

1968 1023 2156 1078 dicate
2188 1023 2582 1088 mentibus,ac
2599 1024 2646 1079 si
2682 1040 2984 1096 nunquam
3009 1027 3304 1082 fuerintin
3335 1030 3618 1086 auribus:

1967 1113 2068 1166 sed
2104 1113 2429 1167 seCundum
2479 1113 2717 1168 beatum
2767 1113 3014 1168 Paulum
3063 1116 3417 1186 apostolum,
3450 1118 3622 1190 quid-

1967 1201 2430 1272 quid-agendum
2465 1201 2657 1266 fuerit,
2691 1217 2924 1274 semper
2968 1202 3071 1257 ﬁat
3110 1203 3169 1258 in
3225 1205 3464 1261 nomine
3513 1211 3621 1263 Do-

1968 1288 2111 1343 mini
2163 1289 2298 1359 (Col.
2345 1305 2428 1355 ιιι,
2469 1289 2549 1359 6).
2602 1289 2764 1354 Quod
2820 1289 2870 1344 si
2919 1291 3052 1361 quis
3100 1294 3540 1365 contempserit,
3590 1299 3659 1350 a'

1967 1376 2392 1433 catholicorum
2445 1383 2601 1433 sorte
2651 1383 2987 1449 separatum
3039 1379 3138 1451 qui
3173 1420 3186 1433 .
3223 1422 3237 1434 .
3275 1421 3288 1434 .
3341 1382 3623 1438 mathesis

1963 1465 2216 1520 vinculis
2245 1465 2453 1521 irretiti
2490 1508 2503 1521 .
2539 1507 2554 1520 .
2591 1508 2602 1520 .
2636 1466 2888 1521 ﬁliorum
2912 1473 3148 1524 tuorum
3172 1470 3474 1542 aggregari
3509 1485 3624 1526 me-

1966 1559 2225 1610 reantur.

2609 1645 2853 1701 SEBMO
2888 1645 2979 1701 ιν.

2506 1750 2579 1788 ΙΝ
2639 1750 3086 1790 ΕΡΙΡΗΑΝῙΛ.

2040 1821 2376 1894 Epiphaniae
2427 1822 2641 1876 festum
2688 1823 2849 1891 [cod.,
2902 1824 3133 1895 festam]
3189 1826 3624 1885 celebrantibus

1969 1912 2103 1984 quid
2139 1911 2215 1965 sit
2244 1910 2563 1982 Epiphania
2589 1912 2953 1968 innotescere
2974 1929 3274 1970 curamus.
3303 1915 3644 1988 Epiphania-

1973 2016 2228 2072 namque
2257 2004 2468 2068 Graece,
2497 2001 2701 2056 Latine
2730 2002 3193 2073 superapparitio
3219 2005 3450 2060 dicitur.
3477 2007 3624 2062 Nato

1970 2088 2184 2146 etenim
2220 2089 2462 2144 Domino
2507 2094 2708 2149 nostro
2757 2090 2896 2146 Jesu
2929 2091 3182 2159 Christo,
3216 2093 3536 2150 diversorio
3563 2095 3622 2151 in

1971 2195 2086 2250 quo
2107 2177 2234 2250 ipse
2251 2193 2385 2232 cum
2405 2181 2592 2232 matre
2608 2178 2947 2234 morabatur
2964 2179 3130 2235 sidus
3150 2183 3622 2254 superapparuit,

1972 2267 2127 2338 quod
2161 2281 2366 2338 magos
2385 2266 2457 2320 de
2482 2265 2723 2321 remotis
2755 2267 3021 2337 partibus
3041 2269 3112 2323 ad
3145 2268 3460 2326 Dominum
3492 2271 3628 2328 ado-

1973 2355 2222 2410 randum
2259 2354 2541 2422 invitavit,
2568 2354 2864 2426 huiusque
2884 2356 2999 2411 diei
3031 2355 3147 2412 tale
3178 2373 3392 2414 nomen
3421 2359 3626 2416 exinde

1972 2444 2354 2499 consecravit.
2385 2442 2646 2514 Denique
2675 2443 2810 2499 licet
2843 2444 3124 2500 Dominus
3156 2445 3313 2502 hunc
3343 2448 3498 2504 diem
3527 2459 3625 2505 va-

1973 2533 2078 2588 riis
2110 2530 2408 2587 miraculis
2440 2533 2859 2603 psi-ornaverit,
2883 2533 3042 2589 istud
3071 2539 3268 2591 tamen
3299 2536 3358 2592 in
3389 2537 3628 2594 nomine

1977 2621 2332 2695 praecipuum
2363 2620 2558 2678 locum
2589 2620 2862 2688 obtinuit,
2887 2622 3007 2677 sive
3029 2623 3168 2694 quia
3199 2623 3478 2696 primum,
3507 2625 3626 2682 sive

1975 2713 2116 2783 quia
2146 2711 2409 2765 omnium
2464 2709 2575 2764 fuit
2618 2711 2962 2764 maximum.
2994 2711 3139 2766 Nam
3170 2712 3279 2767 hoc
3310 2712 3476 2770 sidus
3506 2715 3624 2786 pri-

1976 2801 2172 2856 mitias
2203 2800 2464 2872 gentium
2496 2799 2726 2855 Christo
2761 2800 3004 2855 Domino
3034 2801 3322 2870 excitavit,
3347 2808 3522 2876 atque
3551 2805 3624 2860 ad

1974 2890 2325 2946 credendum
2378 2887 2680 2960 compulit,
2727 2889 2798 2944 ad
2843 2889 3208 2945 adorandum
3256 2893 3510 2947 edocuit.
3543 2893 3624 2947 De

1975 2993 2228 3052 quorum
2262 2977 2637 3033 multitudine
2667 2977 2896 3032 diversa
2926 2994 3082 3033 nunc
3101 2980 3229 3049 jam
3257 2995 3361 3050 per
3387 2995 3620 3036 omnem

1975 3085 2122 3142 pene
2169 3067 2458 3122 mundum
2501 3082 2620 3121 una
2645 3070 2890 3121 vocatur
2918 3065 3196 3121 Ecclesia.
3228 3067 3445 3122 Caetera
3489 3083 3622 3124 vero

1974 3156 2280 3226 miracula,
2304 3171 2430 3226 quis
2453 3154 2735 3209 Dominus
2758 3153 3186 3211 revolventibus
3207 3155 3382 3212 annis
3402 3169 3505 3228 per
3532 3173 3625 3212 ea-

1975 3249 2107 3303 dem
2157 3243 2557 3301 anniversaria
2601 3256 2840 3314 cperare
2880 3242 2983 3315 [ita
3018 3243 3159 3314 cod.)
3190 3243 3469 3317 dignatus
3512 3249 3621 3312 est,

1975 3335 2173 3393 omnia
2197 3334 2266 3390 ad
2299 3333 2478 3398 istud,
2497 3333 2996 3403 quemadmodum
3018 3333 3090 3388 ad
3113 3333 3488 3406 principium,
3504 3333 3623 3390 sive

1973 3430 2152 3497 caput
2179 3421 2522 3495 respiciunt,
2544 3420 2696 3476 sicut
2719 3419 3153 3492 Scripturarum
3176 3438 3410 3495 quoque
3429 3423 3624 3480 decla-

1975 3519 2066 3569 rat
2086 3511 2284 3568 series.
2302 3510 2516 3565 Eodem
2539 3509 2678 3564 anui
2709 3509 2961 3565 termino
2983 3510 3266 3566 Dominus
3287 3511 3344 3567 in
3368 3513 3624 3568 Jordaue

1979 3601 2304 3674 baptizatus
2335 3604 2442 3669 est,
2476 3615 2510 3654 a
2539 3597 2758 3670 Spiritu
2800 3602 3002 3653 sancto
3027 3598 3088 3653 in
3119 3598 3402 3654 columbae
3434 3599 3628 3671 specie

1977 3689 2305 3746 declaratus
2335 3694 2442 3755 est,
2467 3688 2540 3743 ab
2572 3685 2740 3758 aquis
2771 3687 3099 3742 admiratus
3129 3692 3237 3755 est,
3255 3692 3313 3743 et
3341 3705 3374 3744 a
3401 3688 3626 3744 Joanne

1978 3780 2160 3852 digito
2190 3779 2366 3834 etiam
2397 3782 2668 3834 ostensus
2694 3781 2784 3832 est
2807 3801 2821 3833 :
2845 3777 2973 3833 Ecce
3003 3779 3184 3848 Agnus
3227 3778 3346 3847 Dei,
3368 3793 3488 3834 ecce
3531 3779 3631 3849 qui

1980 3870 2123 3925 lollii
2175 3874 2403 3939 peccata
2455 3865 2649 3921 mundi
2678 3866 2864 3938 (Joan.
2913 3882 2953 3932 1,
2995 3867 3104 3938 29).
3139 3866 3358 3922 Deinde
3411 3883 3628 3938 aquam

1977 3959 2182 4014 vinum
2215 3956 2350 4013 fecit
2378 3956 2450 4011 ad
2484 3956 2722 4026 nuptias
2753 3954 2938 4025 (Joan.
2973 3971 3034 4021 ιι,
3067 3955 3152 4026 8);
3185 3953 3340 4010 sicut
3369 3958 3629 4026 postmo-

1981 4049 2120 4103 dum
2145 4049 2216 4101 de
2238 4046 2496 4117 quinque
2514 4043 2834 4117 panibuset
2850 4043 3081 4099 duobus
3104 4043 3379 4114 passibus
3397 4043 3634 4098 satiavit

1981 4138 2243 4209 quinque
2272 4133 2458 4190 millia
2486 4132 2795 4188 hominum
2824 4132 3168 4201 (Mallh.x1v,
3200 4133 3314 4200 21).
3338 4133 3476 4198 Qum
3505 4148 3636 4186 om-

1983 4229 2080 4283 nia
2111 4225 2251 4298 quid
2283 4223 2441 4280 aliud
2473 4223 2728 4288 fuerunt,
2751 4238 2927 4293 quam
2970 4220 3303 4292 stella,qua
3326 4221 3502 4276 corda
3530 4219 3634 4276 ho-

1983 4317 2212 4372 minum
2247 4314 2304 4368 in
2328 4312 2567 4368 remotis
2600 4311 2868 4383 partibus
2893 4309 3158 4366 vacantia
3179 4311 3251 4366 ad
3275 4308 3634 4382 agnitionem

1982 4406 2100 4461 veri
2155 4404 2248 4458 Dei
2300 4400 2534 4458 Domini
2583 4399 2767 4456 nostri
2815 4399 2954 4455 Jesu
2992 4397 3205 4453 Christi
3253 4396 3638 4469 perduceret?

1984 4494 2147 4552 Sicut
2176 4507 2310 4548 vero
2343 4488 2550 4561 praevio
2582 4487 2806 4543 lumine
2846 4501 2948 4558 per
2979 4487 3170 4542 noctis
3205 4487 3477 4542 tenebras
3509 4502 3638 4558 quea

1987 4583 2238 4640 obscura
2260 4585 2400 4635 sunt
2421 4581 2782 4649 perscrutam
2793 4593 2878 4646 ur,
2901 4576 2984 4631 sic
3006 4575 3276 4631 homines
3299 4574 3441 4632 visis
3462 4574 3639 4630 mira-

1987 4671 2135 4728 culis
2158 4670 2342 4725 Deum
2375 4666 2434 4722 in
2457 4665 2652 4738 efﬁgie
2683 4664 2944 4720 hominis
2976 4663 3253 4720 latentem
3285 4663 3641 4723 facilius.in-

1988 4759 2350 4832 telligebant.
2373 4756 2557 4828 Igitur
2573 4755 2622 4810 si
2646 4755 2716 4810 de
2734 4752 3027 4826 praedictis
3045 4751 3346 4808 miraculis
3363 4750 3642 4809 subtilius

1991 4849 2388 4913 intendamus,
2413 4845 2536 4900 haec
2565 4844 2763 4900 omnia
2793 4844 2850 4898 in
2880 4843 3026 4914 ipsis
3056 4842 3245 4914 magis
3273 4841 3645 4914 praeﬁgurata

1989 4938 2410 5010 intellegimus,
2435 4950 2562 5006 qua:
2604 4933 2889 4989 Dominus
2919 4932 3295 5004 postmodum
3317 4972 3331 4986 .
3367 4971 3380 4985 .
3415 4972 3430 4988 .
3463 4934 3645 5001 uptus

1995 5069 2008 5086 .
2032 5071 2044 5084 .
2069 5069 2081 5083 .
2101 5029 2242 5083 dum
2267 5024 2518 5081 caelestis
2543 5023 2717 5095 Regis
2737 5021 2945 5077 Filium
2969 5021 3081 5076 sibi
3105 5036 3206 5092 per
3225 5018 3648 5076 incarnationis

1994 5116 2336 5190 mysterium
2363 5114 2507 5168 inibi
2531 5111 2939 5167 intellexerant
2957 5111 3234 5167 sociasse.
3261 5114 3488 5165 Rursus
3511 5123 3648 5163 cum

1995 5224 2028 5263 a
2056 5205 2276 5262 Judaeis
2307 5204 2566 5274 quinque
2609 5200 2897 5256 librorum
2929 5200 3113 5271 (1508)
3145 5199 3528 5270 portitoribus
3559 5196 3651 5251 iu-

1994 5295 2212 5350 dicium
2244 5292 2478 5364 aliquod
2505 5295 2751 5346 sumunt
2771 5289 3088 5344 Dominicis
3116 5287 3455 5355 nativitatis,
3480 5286 3652 5358 quasi

1935 5446 1940 5449 _
1997 5385 2258 5456 quinque
2289 5397 2470 5453 panes
2501 5378 2844 5434 inveniunt:
2871 5378 2972 5434 sed
3006 5379 3147 5433 dum
3171 5378 3230 5433 in
3253 5378 3460 5434 itinere
3490 5375 3653 5432 labo-

1997 5509 2153 5564 Eul'r.
2187 5507 2434 5561 PATROL.

2071 5579 2256 5652 (1507)
2289 5576 2596 5633 Credulitas
2627 5591 2730 5648 pro
2757 5575 2889 5647 ﬁdes
2919 5574 3092 5649 vulgo
3123 5574 3342 5651 legitur
3371 5571 3527 5650 apud
3558 5587 3656 5631 ve-

1998 5656 2151 5709 teres
2181 5651 2402 5705 Patres.

2071 5722 2256 5797 (1508)
2285 5719 2516 5778 Scilicet
2544 5717 2947 5780 Pentateuchi.
