3916 6404
382 428 500 488 839

1398 422 1736 483 ATTONIS
1782 422 2371 486 VERCELLENSIS
2419 423 2771 483 EPISCOPI

3682 421 3806 482 840

380 559 562 614 rando
595 559 664 614 ad
698 574 834 613 eum
885 555 1248 629 perveniunt,
1283 555 1525 625 ejusque
1568 556 1876 626 praesentia
1906 571 2033 626 per-
2064 571 2113 630 Α
2150 555 2321 610 traxit
2351 553 2421 609 ad
2455 555 2709 626 culpam,
2737 571 2892 610 nunc
2924 554 3142 608 afﬂicta
3172 555 3411 608 reducat
3439 554 3510 608 ad
3541 553 3798 610 veniam.

379 649 676 712 fruuntur,
703 645 871 717 quasi
893 646 1152 717 quinque
1181 659 1362 716 panes
1387 645 1707 714 frangendo
1739 649 2029 712 crescunt,

379 754 445 792 ac
476 736 600 792 suis
631 735 766 808 [cod.
800 735 925 790 suis
957 735 1075 804 eos]
1103 732 1330 786 deliciis
1351 735 1712 786 saturantur.
1739 731 1893 786 Duos
1926 749 2030 785 au-

373 831 493 882 tem
526 823 839 898 pisciculos
881 821 1244 894 psalmorum
1295 826 1351 875 et
1401 819 1817 890 prophetarum
1849 820 2029 874 libros

373 919 668 970 testantur
697 916 981 974 auctores,
1011 911 1108 981 qui
1141 909 1316 964 etiam
1351 909 1497 964 bene
1531 925 1632 980 per
1662 909 1806 963 istos
1837 925 2026 963 come-

375 1005 619 1068 duntur,
642 1002 779 1073 quia
799 1001 1066 1071 quaedam
1089 1015 1290 1054 eorum
1316 997 1615 1054 sententiae
1646 997 1703 1050 in
1728 997 1858 1052 istis
1890 1014 2024 1052 con-

371 1095 764 1149 summantur.
794 1089 940 1144 Nam
992 1086 1306 1143 Psalmista
1335 1087 1461 1142 ait:
1500 1087 1668 1158 Reges
1715 1087 1928 1140 Tharsis
1973 1093 2027 1140 et

372 1183 574 1238 insula
602 1194 834 1235 munera
860 1179 1105 1248 o/ferent,
1137 1192 1294 1244 reges
1323 1175 1566 1230 Arabum
1609 1179 1662 1230 et
1706 1175 1853 1230 Saba
1883 1175 2026 1230 dona

369 1271 635 1328 adducent
667 1267 836 1340 (Psal.
867 1284 1015 1331 uxr,
1046 1267 1153 1336 10).
1194 1263 1376 1320 Isaias
1409 1280 1638 1335 quoque
1670 1263 1815 1318 dixit
1848 1281 1860 1317 :
1898 1264 2022 1319 0m-

366 1377 462 1417 ηαδ
491 1360 556 1415 de
578 1359 720 1414 Saba
749 1358 986 1422 venient,
1014 1371 1218 1409 aurum
1245 1357 1296 1408 et
1327 1353 1450 1407 thus
1470 1353 1794 1424 deferentes,
1819 1361 1870 1408 et
1900 1354 2022 1407 lau-

364 1451 492 1506 dem
519 1449 749 1504 Domino
778 1446 1175 1500 annuntiantes
1206 1443 1335 1514 (Isa.
1368 1459 1455 1512 1.x,
1487 1444 1563 1510 6).
1607 1443 1886 1496 Sanctum
1919 1442 2021 1495 de-

370 1538 548 1610 nique
585 1535 945 1608 baptismum
977 1533 1036 1587 in
1071 1533 1155 1587 eis
1205 1548 1307 1603 per
1356 1530 1466 1585 hoc
1511 1531 1880 1602 designatum
1912 1535 2020 1596 est,

368 1628 522 1700 quod
566 1629 779 1682 sanctae
828 1621 1133 1678 Trinitatis
1164 1620 1592 1676 confessionem
1646 1621 1704 1674 in
1757 1620 1883 1691 ipso
1915 1637 2021 1674 suo

366 1729 729 1786 suorumque
752 1727 1063 1767 munerum
1088 1725 1332 1764 numero
1353 1725 1652 1778 SUSCIPGPO
1676 1725 2020 1779 priusquam

365 1803 680 1860 Dominum
719 1801 1030 1856 adorarent
1070 1803 1412 1852 meruerunt
1445 1815 1458 1852 :
1495 1797 1613 1851 sive
1645 1796 1784 1868 quia
1813 1797 2019 1864 Deum,

2142 643 2486 705 Quod-cum
2536 661 2750 715 magna
2793 643 3096 714 diligentia
3143 641 3538 698 inchoandum
3589 648 3699 711 est,
3735 649 3802 697 ut

2141 732 2270 801 ejus
2301 733 2370 786 ad
2404 735 2578 786 tinem
2608 732 2890 786 inoffense
2930 732 3227 802 pervenire
3261 748 3608 786 mereamur.
3644 732 3796 787 Nam

2141 837 2234 874 res
2266 838 2392 891 quas
2424 823 2568 875 bene
2612 821 2885 875 inchoata
2928 837 3040 875 non
3091 820 3286 885 fuerit,
3321 822 3641 891 perfectum
3673 821 3793 876 exi-

2141 914 2265 963 tum
2296 910 2389 964 vix
2420 911 2673 965 habebit.
2710 913 3090 981 Quapropter,
3114 909 3467 975 charissimi,
3491 911 3796 966 mundana

2139 1003 2554 1068 postponentes
2586 999 2757 1069 seria,
2789 999 3061 1054 ecclesias
3103 1000 3482 1068 frequentare,
3519 1005 3789 1070 peccato-

2137 1103 2268 1140 rum
2319 1092 2643 1142 vestrorum
2695 1086 3083 1159 lacrymosam
3117 1088 3232 1141 Deo
3277 1091 3335 1142 et
3384 1088 3789 1144 sacerdotibus

2135 1176 2562 1230 confessionem
2616 1178 2826 1240 facere,
2858 1182 2914 1230 et
2959 1193 3060 1246 per
3089 1181 3276 1231 totum
3327 1177 3597 1231 eumdem
3631 1177 3788 1232 diem

2135 1263 2192 1318 in
2226 1264 2326 1318 Dei
2357 1265 2594 1320 servitio
2625 1265 2888 1320 laborare
2912 1265 3180 1336 satagite,
3211 1269 3276 1319 ut
3305 1265 3532 1336 plenius
3562 1266 3789 1321 discere

2133 1353 2394 1423 possitis,
2420 1354 2921 1424 quemadmodum
2955 1359 3210 1424 emptum
3241 1371 3410 1424 opus,
3446 1354 3559 1409 Deo
3591 1355 3786 1425 opitu-

2131 1440 2307 1508 lante,
2341 1442 2654 1497 salubriter
2683 1443 2984 1514 expleatis.
3017 1443 3127 1497 Sed
3160 1442 3298 1513 quia
3347 1459 3462 1496 non
3508 1442 3786 1498 omnibus

2133 1546 2287 1585 unus
2331 1536 2420 1586 est
2467 1531 2821 1602 propositus,
2863 1532 2980 1586 vita
3026 1531 3370 1586 clericorum
3419 1549 3452 1586 a
3499 1531 3784 1586 laicorum

2132 1617 2304 1672 debet
2333 1635 2460 1673 esse
2491 1619 2926 1674 conversatione
2957 1625 3197 1673 remota.
3231 1620 3300 1672 Et
3329 1619 3424 1689 qui
3457 1621 3782 1675 secundum

2132 1706 2364 1761 beatum
2399 1724 2608 1778 papam
2655 1708 3076 1778 Telesphorum
3111 1707 3428 1778 anticipare
3459 1709 3671 1763 debent
3691 1709 3783 1778 je-

2124 1795 2294 1864 junio
2325 1797 2528 1865 (1509),
2563 1813 2670 1851 sua
2699 1813 2929 1867 quoque
2963 1796 3218 1867 primum
3250 1797 3462 1851 delicta
3494 1797 3782 1868 pceniten-

363 1909 584 1965 regem,
615 1889 914 1945 hominem
945 1886 1270 1956 mortalem,
1294 1885 1514 1940 eisdem
1548 1886 1893 1940 muneribus
1924 1886 2022 1941 de-
2055 1928 2102 1992 Β
2135 1884 2208 1939 do
2251 1885 2582 1956 abstergere
2632 1903 2745 1940 non
2795 1885 3086 1948 omittant,
3123 1890 3188 1940 ut
3233 1885 3515 1957 populum
3562 1892 3782 1942 statuto

361 1982 749 2048 claraverunt,
775 1978 928 2050 quod
960 1975 1103 2031 nulli
1149 1974 1319 2030 aliter
1349 1975 1651 2030 confitenti
1699 1975 1885 2046 gratia
1931 1980 2020 2030 est

357 2068 675 2126 tribuenda
712 2064 992 2138 baptismi
1025 2081 1038 2118 :
1076 2080 1179 2118 seu
1223 2063 1375 2132 quod
1430 2067 1562 2133 post
1617 2063 2013 2118 adorationem

358 2155 641 2214 admoniti
701 2157 840 2210 sunt
891 2168 964 2207 ne
1013 2152 1271 2207 redirent
1307 2151 1378 2205 ad
1411 2151 1718 2220 Herodem,
1753 2151 1852 2206 sed
1915 2167 2017 2222 per

357 2245 536 2304 aliam
566 2243 718 2299 viam
747 2243 1174 2297 reverterentur
1201 2239 1260 2292 in
1285 2237 1583 2310 regionem
1611 2255 1776 2292 suam
1801 2239 2010 2309 (Matth.

357 2351 419 2406 ιι,
450 2335 559 2404 12).
581 2332 726 2388 Nam
771 2330 894 2385 haec
926 2327 1184 2384 adoratio
1228 2326 1590 2398 baptismum
1625 2327 1794 2381 nobis
1841 2327 2010 2382 inno-

357 2421 472 2478 tuit
501 2422 604 2493 [ita
632 2419 772 2489 cod.]
795 2416 1248 2489 quodammodo.
1284 2415 1461 2486 Regio
1486 2415 1642 2470 enim
1677 2419 1878 2470 nostra
1907 2431 2006 2485 pa-

358 2510 591 2566 radisus
648 2512 758 2575 est,
807 2524 841 2562 a
898 2522 1016 2577 qua
1074 2521 1176 2576 per
1232 2503 1464 2575 culpam
1524 2504 1697 2575 primi
1753 2503 2009 2558 hominis

355 2599 541 2670 ejecti,
576 2599 676 2652 diu
707 2596 764 2650 in
813 2594 1046 2666 regione
1079 2591 1341 2655 Herodis,
1371 2592 1430 2646 id
1480 2597 1571 2647 est
1619 2592 1673 2645 in
1723 2597 2008 2661 potestate

354 2685 590 2756 diaboli,
637 2685 884 2740 errando
932 2682 1264 2755 deguimus.
1298 2681 1407 2736 Sed
1460 2685 1770 2752 postquam
1821 2681 2004 2734 Deum

353 2774 638 2832 catholico
667 2773 1036 2839 confitemur,
1070 2787 1320 2840 eumque
1351 2770 1420 2823 ad
1455 2770 1815 2824 adorandum
1851 2770 2006 2823 fonte

350 2863 727 2936 baptismatis
769 2865 945 2932 caput
994 2857 1425 2929 immergimus,
1460 2873 1532 2912 ne
1582 2859 1889 2911 redeamus
1932 2857 2004 2911 ad

349 2951 634 3008 Herodem
667 2949 894 3005 cunctis
918 2952 1133 3003 sanctas
1158 2947 1466 3017 Scriptura:
1498 2945 1871 3017 dogmatibus
1903 2947 2004 2999 ad-

352 3057 680 3096 monemur.
743 3039 998 3093 Herodes
1053 3052 1306 3106 namque
1354 3036 1636 3089 diabolum
1692 3033 2001 3104 signiﬁcat,

350 3129 504 3185 sicut
533 3129 662 3200 ejus
693 3124 1098 3197 interpretatio
1131 3124 1388 3179 nominis
1419 3123 1718 3178 clariﬁcat.
1754 3123 1915 3177 Unde
1947 3129 2004 3176 et

349 3235 452 3290 per
481 3216 655 3273 aliam
686 3215 836 3271 viam
888 3218 1148 3268 nostram
1183 3213 1460 3283 repedare
1507 3211 1755 3282 patriam
1789 3211 2001 3264 divinis

2133 1973 2226 2028 die
2256 1974 2493 2044 dignius
2521 1975 2828 2045 puriﬁcare
2848 1979 3064 2044 queant
3093 1991 3105 2030 :
3135 1973 3375 2045 pollutis
3408 1991 3617 2046 nempe
3647 1975 3783 2046 quis

2126 2063 2440 2134 tangendo,
2475 2063 2852 2134 coinquinare
2902 2061 3096 2134 potius
3140 2079 3318 2133 quam
3349 2065 3662 2120 emendare
3695 2081 3785 2120 so-

2125 2147 2224 2204 let.
2263 2151 2330 2205 Et
2368 2150 2496 2206 ideo
2546 2156 2678 2206 ante
2727 2149 2925 2205 omnia
2957 2167 3148 2206 nanus
3209 2156 3440 2206 nostras
3491 2150 3781 2220 lavemus,

2124 2237 2343 2294 scilicet
2373 2239 2526 2294 facta
2577 2240 2824 2310 reproba
2873 2239 3070 2294 studio
3123 2240 3289 2294 bonae
3319 2241 3782 2298 conversationis

2121 2341 2150 2380 ε
2183 2328 2505 2382 riendemus
2540 2343 2554 2383 :
2585 2334 2644 2383 et
2691 2329 2774 2382 sic
2826 2345 2926 2399 per
2969 2327 3228 2382 divinam
3284 2328 3775 2385 ministrationem

2120 2414 2371 2470 aliorum
2417 2416 2599 2487 culpa:
2640 2417 2902 2472 maculas
2955 2415 3176 2472 diluere
3224 2416 3578 2485 laboremus,
3612 2420 3775 2473 auxi-

2118 2500 2296 2557 liante
2356 2505 2601 2558 Domino
2658 2511 2857 2558 nostro
2913 2503 3052 2559 Jesu
3103 2503 3364 2570 Christo,
3413 2505 3584 2574 cuius
3636 2523 3772 2560 san-

2117 2589 2294 2661 guine
2345 2607 2553 2646 sumus
2594 2593 2878 2662 redempti
2927 2598 2983 2646 et
3032 2592 3392 2663 providentia
3437 2593 3774 2664 gubernati.

2116 2683 2321 2734 Amen.

2755 2769 2998 2823 SERMO
3029 2769 3123 2822 Vl.

2566 2874 2700 2912 ῙΤΕΜ
2741 2875 2798 2911 ΙΝ
2837 2873 3032 2911 CAPITE
3069 2874 3309 2911 JEJUNII.

2283 2979 2539 3035 congrue
2569 2969 2658 3018 est
2690 2980 2854 3034 per...
2892 2964 3166 3034 quierit...
3209 2981 3346 3019 cu...
3383 2965 3763 3037 quadragesi-

2115 3069 2276 3106 mum
2300 3052 2385 3106 vel
2412 3053 2974 3123 potius...cesimum
3001 3069 3100 3106 seu
3126 3052 3375 3122 alicujus
3398 3053 3638 3109 alterius
3666 3073 3768 3110 nu-

2114 3142 2254 3195 meri
2283 3141 2536 3214 magis...
2556 3141 3032 3211 jejunium,quod
3065 3141 3228 3196 facile
3253 3145 3430 3211 patet,
3455 3142 3503 3196 si
3529 3144 3766 3213 praefata

2111 3234 2372 3301 tempora
2390 3230 2473 3284 vel
2493 3231 2540 3284 si
2565 3231 3002 3285 consideremus
3025 3232 3647 3295 auctores.Quatuor...
3669 3235 3765 3287 ad-

349 3305 850 3392 admonitionibus
899 3302 1236 3392 suademur,
1273 3304 1334 3354 ut
1363 3300 1461 3371 qui
1506 3299 1674 3392 devia
1721 3299 1994 3354 vitiorum
2029 3292 2070 3356 C
2110 3292 2480 3373 ιιυοήυιηενί
2507 3336 2800 3373 summam
2833 3319 3151 3389 attingunt.
3180 3292 3488 3391 Bene'ergo
3512 3321 3764 3392 Moyses,

349 3395 624 3452 sectanda
654 3391 995 3462 cecidimus,
1029 3407 1129 3462 per
1157 3389 1439 3443 virtutum
1473 3389 1770 3444 tramitem
1803 3405 1999 3443 ascen-

346 3483 484 3540 dere
515 3499 769 3539 summo.
803 3523 815 3536 .
854 3523 870 3536 .
904 3524 916 3536 .

986 3568 1230 3625 SERMO
1283 3571 1352 3621 ν.

889 3676 947 3715 IN
986 3675 1185 3714 CAPITE
1219 3672 1457 3711 JEJUNII.

412 3769 668 3838 Quoties,
703 3768 914 3822 fratres
962 3762 1318 3828 charissimi,
1355 3803 1367 3815 .
1406 3803 1417 3814 .
1456 3803 1468 3816 .
1509 3765 1826 3832 apparatus
1877 3762 1992 3814 fre-

340 3857 580 3930 quentia
608 3855 782 3910 etiam
809 3896 821 3908 .
851 3897 863 3908 .
893 3894 906 3907 .
938 3852 1176 3908 entibus
1203 3893 1214 3904 .
1243 3892 1255 3905 .
1283 3892 1296 3904 .
1331 3849 1666 3922 cognoscit.
1697 3890 1708 3902 .
1739 3891 1749 3901 .
1781 3848 1866 3901 exi
1895 3890 1906 3902 .
1935 3889 1947 3901 .
1975 3890 1987 3902 .

337 3946 436 4017 qui
489 3944 934 4017 pretiosioribus
981 3941 1366 4006 vestimentis,
1390 3939 1475 3993 vel
1528 3937 1990 3992 deliciosioribus

336 4035 484 4090 cibis
513 4042 570 4088 et
599 4032 936 4105 potionibus
966 4029 1303 4101 opulentius
1335 4027 1630 4082 abundare
1666 4066 1678 4077 .
1718 4068 1728 4079 .
1769 4069 1779 4080 .
1815 4042 1989 4098 appe-

333 4123 480 4177 titus
512 4122 776 4185 miseros,
816 4125 1188 4189 contemptus
1227 4133 1358 4172 vero
1409 4117 1604 4170 felices
1636 4115 1828 4186 potius
1861 4117 1990 4169 red-

335 4212 454 4266 dat.
488 4209 670 4266 Multo
703 4209 890 4280 magis
922 4224 1058 4279 ergo
1090 4222 1265 4275 nunc,
1289 4205 1655 4260 dilectissimi
1684 4247 1696 4259 .
1727 4246 1738 4258 .
1769 4211 1861 4258 .et
1893 4206 1991 4258 ob-

335 4299 642 4355 servantiae
665 4298 932 4353 imminet
953 4302 1205 4366 tempus,
1229 4309 1486 4364 congrua
1503 4310 1609 4347 nos
1627 4298 1849 4363 oportet
1868 4309 1988 4347 om-

337 4388 592 4443 nimodis
636 4387 937 4443 devotione
969 4383 1300 4457 praeparari.
1335 4383 1439 4436 Sed
1485 4382 1620 4452 quia
1661 4382 1985 4436 secundum

333 4478 570 4532 beatum
595 4475 940 4547 Apostolum
967 4491 979 4528 :
1006 4473 1162 4526 Alius
1172 4471 1387 4541 judz'cat
1411 4472 1560 4525 inter
1578 4471 1723 4525 diem
1743 4476 1793 4525 et
1819 4470 1983 4535 diem,

331 4565 488 4620 alius
511 4581 634 4620 vero
665 4580 880 4618 omnem
907 4562 1051 4617 diem
1073 4562 1246 4632 (Rom.
1281 4577 1394 4628 xw,
1427 4561 1513 4629 5);
1549 4561 1644 4630 qui
1698 4559 1986 4614 absolutis

2061 3471 2063 3473 _
2108 3406 2293 3479 legem
2329 3407 2593 3479 Decalogi
2642 3407 2957 3479 accipiens,
2982 3413 3190 3478 quater
3219 3408 3410 3462 decies
3447 3409 3758 3481 jejunavit,

2107 3501 2171 3550 ut
2201 3513 2301 3566 per
2331 3495 2438 3551 boc
2459 3498 2811 3562 ostenderet,
2837 3497 2895 3550 in
2922 3496 3200 3567 Decalogo
3229 3495 3453 3552 nullam
3477 3514 3606 3553 esse
3637 3515 3763 3570 per-

2106 3585 2436 3650 fectionem,
2461 3584 2573 3640 nisi
2602 3585 2786 3640 sancti
2809 3585 3102 3656 Evangelii
3130 3585 3318 3656 gratia
3339 3585 3755 3654 illustraretur,

2105 3674 2257 3743 quod
2283 3673 2642 3744 quadrifario
2664 3675 2811 3746 stylo
2833 3675 3202 3729 describitur.
3229 3673 3367 3729 Elim
3390 3691 3621 3745 quoque
3648 3676 3757 3732 hoc

2094 3761 2387 3832 jejunium
2419 3779 2764 3817 concessum
2795 3768 2880 3817 est
2929 3763 3243 3833 prephetaa,
3273 3765 3409 3833 quia
3439 3769 3495 3818 et
3524 3763 3751 3819 Veteris

2103 3851 2694 3906 exstitit'l‘estamenti
2719 3852 3060 3921 praedicator
3076 3857 3132 3906 et
3151 3851 3397 3914 testis,et
3413 3852 3553 3907 Novi
3571 3853 3751 3908 etiam

2103 3938 2294 3992 adhuc
2325 3944 2654 3993 reservatus
2686 3944 2972 3994 oceurret.
3009 3939 3291 3994 Dominus
3331 3946 3526 3995 autem
3562 3949 3760 3998 noster

2098 4031 2271 4082 Jesus
2302 4028 2567 4082 Christus
2616 4028 2724 4082 hoc
2755 4029 2928 4082 etiam
2955 4029 3248 4098 jejunium
3285 4028 3413 4083 ideo
3463 4029 3759 4087 celebrare

2099 4118 2378 4187 dignatus
2407 4121 2514 4182 est,
2537 4119 2721 4188 quiau
2757 4119 2908 4171 sicut
2938 4117 3062 4187 ipse
3095 4118 3196 4184 ait,
3228 4135 3340 4172 non
3377 4120 3499 4173 veni
3536 4121 3760 4177 solvere

2097 4204 2283 4276 legem
2309 4206 2409 4259 sed
2433 4206 2752 4276 adimplere
2772 4207 3034 4274 (illati/av,
3051 4208 3164 4276 7);»
3187 4224 3286 4260 seu
3313 4213 3379 4262 ut
3401 4225 3462 4262 se
3483 4211 3756 4265 ostende-

2098 4301 2184 4348 ret
2215 4295 2484 4348 eumdem
2525 4295 2748 4350 Veteris
2777 4301 2833 4349 et
2865 4295 3003 4350 Novi
3036 4297 3396 4351 Testamenti
3430 4302 3754 4367 auctorem,

2097 4383 2236 4454 quia
2267 4387 2469 4437 sancta
2501 4389 2750 4453 quatuor
2781 4383 3088 4454 Evangelia
3123 4385 3469 4456 Decalogum
3503 4404 3619 4441 non
3653 4389 3754 4443 de-

2097 4477 2352 4534 struunt,
2375 4472 2473 4526 sed
2510 4473 2696 4542 magis
2743 4474 3006 4526 stabilire
3046 4474 3435 4540 contendunt;
3471 4475 3589 4530 sive
3619 4477 3757 4547 quia

2095 4562 2367 4615 eumdem
2402 4561 2751 4631 Decalogum
2789 4563 2950 4632 prius
2982 4564 3135 4633 apud
3182 4562 3416 4617 Judzeos
3450 4565 3751 4634 signatum

332 4653 540 4708 diebus
588 4652 815 4707 avidius
859 4653 1136 4705 fruuntur
1185 4647 1430 4711 deliciis,
1463 4648 1554 4702 bis
1603 4648 1983 4719 quadragesi-
2014 4659 2062 4724 Ι)
2095 4654 2150 4704 et
2179 4649 2474 4704 inclusum
2505 4649 2659 4705 idem
2691 4650 2976 4706 Dominus
3007 4651 3247 4715 solvere,
3280 4657 3336 4706 et
3369 4668 3468 4722 per
3500 4659 3754 4724 quatuor

333 4739 589 4797 malibus
649 4741 842 4796 acrius
896 4739 1163 4794 convenit
1219 4737 1530 4791 abstinere.
1564 4737 1706 4790 Nam
1764 4738 1981 4805 anima,

331 4847 460 4902 quae
492 4847 594 4902 pro
625 4830 890 4885 ciborum
923 4828 1170 4883 moritur
1199 4827 1519 4891 affluentia,
1554 4826 1848 4880 interdum
1884 4843 1984 4898 per

325 4919 535 4991 jejunii
587 4919 844 4990 resurgit
885 4915 1338 4972 observantiam.
1372 4915 1548 4969 Cibus
1580 4915 1829 4986 denique
1879 4934 1980 4971 su-

333 5008 583 5063 mendus
613 5013 701 5063 est
739 5006 864 5062 sola
909 5005 1274 5068 necessitate,
1300 5002 1594 5073 jejunium
1627 5004 1981 5075 amplecten-

330 5096 467 5150 dum
515 5101 604 5152 est
649 5112 886 5152 summa
933 5094 1205 5149 utilitate.
1241 5092 1454 5146 Scitote
1501 5108 1636 5163 ergo
1686 5109 1862 5159 nunc,
1895 5095 1980 5148 di-

332 5183 661 5252 lectissimi,
690 5185 829 5255 quia
861 5182 1162 5254 praesentis
1194 5180 1571 5236 hebdomadze
1603 5187 1811 5252 quarta
1843 5184 1982 5238 feria

332 5271 482 5325 sacri
508 5272 718 5341 jejunii
749 5276 947 5342 caput,
976 5276 1272 5326 annuente
1303 5269 1515 5323 Christi
1558 5269 1977 5340 misericordia,

332 5359 534 5414 devote
582 5358 926 5415 celebraturi
960 5376 1188 5429 sumus,
1224 5363 1288 5413 ut
1335 5375 1468 5413 caro
1518 5376 1646 5430 quae
1697 5359 1827 5416 laeta
1876 5379 1980 5418 nos

402 5516 585 5587 (1509)
617 5517 698 5571 Ex
727 5517 913 5571 sancti
949 5516 1295 5587 Telesphori.
1335 5518 1752 5572 constitutione
1799 5519 1982 5573 sumit

331 5587 453 5642 haec
479 5594 636 5653 Atto,
661 5605 838 5660 quam
883 5588 1097 5642 videsis
1144 5589 1201 5641 in
1231 5588 1321 5660 ed.
1358 5587 1524 5642 Rom.
1551 5595 1590 5643 t.
1617 5591 1658 5656 Ι,
1684 5607 1739 5660 ρ.
1763 5590 1852 5643 79.
1884 5591 1978 5646 Rei

331 5661 661 5733 mentioest
683 5659 858 5714 etiam
881 5660 1034 5729 apud
1055 5659 1432 5733 Anas_tasium
1455 5661 1515 5714 in
1533 5659 1810 5717 VitisPP.
1836 5661 1976 5733 RR.,

329 5736 386 5791 et
410 5732 568 5806 apud
589 5731 1006 5808 Hieronymum
1029 5733 1168 5801 (non
1194 5729 1536 5798 Eusebium,
1559 5733 1618 5788 in
1641 5733 1811 5805 cujus
1832 5729 1980 5806 pura

2097 4738 2302 4792 mundi
2348 4743 2540 4809 partes
2569 4745 2804 4795 venerat
2854 4741 3186 4811 praedicare.
3221 4740 3463 4796 Talibus
3495 4742 3750 4813 denique

2093 4833 2363 4898 parentes
2413 4829 2694 4900 exemplis
2743 4835 2918 4900 atque
2948 4829 3252 4895 doctrinis,
3281 4830 3484 4885 devota
3532 4838 3746 4898 mente,

2092 4933 2238 4987 puro
2271 4918 2462 4982 corde,
2495 4923 2552 4972 et
2601 4918 2693 4988 pio
2737 4919 2965 4988 affectu,
3001 4918 3408 4988 hujuscemodi
3449 4920 3746 4989 jejunium

2091 5020 2296 5060 omnes
2345 5006 2704 5061 Christianos
2760 5008 3020 5062 venerari
3079 5012 3332 5078 oportet,
3379 5009 3534 5078 quod
3585 5009 3745 5064 nullo

2090 5098 2352 5166 tempore
2401 5095 2818 5166 congruentius
2869 5097 3267 5162 constituitur,
3294 5113 3470 5168 quam
3519 5099 3748 5154 confine

2092 5189 2266 5253 atque
2297 5183 2635 5254 contiguum
2669 5184 2984 5240 Dominicae
3009 5184 3442 5240 resurrectioni.
3471 5185 3572 5239 Per
3606 5186 3748 5242 istos

2091 5273 2307 5327 etenim
2341 5273 2731 5345 quadraginta
2762 5275 2886 5329 dies
2915 5281 3102 5329 totum
3131 5275 3328 5328 activae
3355 5274 3482 5327 vitae
3514 5279 3747 5346 tempus

2091 5361 2478 5433 signiﬁcatur,
2504 5364 2596 5417 cui
2628 5379 2774 5434 opus
2818 5370 2910 5419 est
2953 5363 3332 5429 continentia,
3368 5367 3432 5417 ut
3461 5362 3533 5416 ab
3577 5363 3746 5419 istius

2091 5522 2342 5576 editione
2375 5521 2520 5575 nihil
2560 5523 2850 5592 ejusmodi
2893 5523 3128 5594 dicitur)
3162 5526 3217 5577 in
3253 5523 3551 5579 chronico.
3587 5529 3744 5579 Atta-

2092 5609 2225 5666 men
2259 5594 2542 5666 Baronius
2572 5595 2642 5648 ad
2677 5611 2770 5648 an.
2809 5595 2928 5661 154,
2963 5597 3258 5666 sapienter
3305 5599 3548 5650 annotat
3587 5597 3742 5666 jeju-

2090 5664 2254 5747 nium
2299 5665 2806 5747 quadragesimale
2855 5683 2971 5747 non
3019 5664 3053 5721 εἰ
3094 5666 3470 5741 Telesphoro,
3519 5664 3740 5725 sed—ab

2089 5735 2370 5810 apostolis
2401 5735 2636 5794 initium
2669 5737 3014 5810 sumpsisse.
