3916 6462
232 389 348 448 841

1725 379 2166 444 SERMONES.

3539 395 3658 456 84‘2

231 521 442 576 mundi
467 521 806 592 jejunemus
834 519 1143 584 illecebris,
1177 520 1304 574 sola
1334 534 1460 589 quae
1485 517 1585 572 Dei
1613 519 1751 571 sunt
1774 530 1891 570 me-
1920 517 1973 581 Α
2007 514 2089 567 vel
2145 514 2346 570 otiosis
2396 516 2587 571 verbis
2641 519 2868 586 remoti,
2902 521 3041 591 quia
3090 538 3217 594 quis
3268 523 3400 580 aliis
3450 528 3660 585 diebus

229 609 486 666 ditantes
519 627 585 664 ac
619 609 818 665 divina
860 609 1076 681 pabula
1129 607 1518 673 ruminantcs,
1552 609 1618 660 ut
1651 606 1719 658 ad
1755 620 1892 659 con-

226 698 632 770 templativam
651 699 852 767 vitam,
878 715 1005 769 quae
1039 715 1142 769 per
1176 695 1450 768 paschale
1483 694 1766 765 gaudium
1805 693 1890 746 in-

225 787 539 858 telligitur,
573 787 870 858 pervenire
894 803 1225 842 mereamur
1257 788 1516 840 ovantes.
1540 783 1685 838 Nam
1711 783 1889 836 dena-

228 875 357 930 rius
391 876 802 946 perfectionem
831 874 1234 942 beatitudinis,
1259 872 1671 943 quaternarius
1693 876 1890 925 autem

225 964 656 1035 plenitudinem
690 965 967 1020 ostendit.
994 965 1177 1018 Totus
1205 963 1362 1016 enim
1388 961 1644 1016 mundus
1678 977 1711 1014 a
1747 977 1889 1030 qua-

222 1057 366 1109 tuor
392 1056 581 1110 ventis
613 1053 915 1119 delinitur,
935 1058 990 1106 et
1007 1057 1259 1123 quatuor
1289 1049 1592 1105 elementis
1614 1047 1885 1119 erigitur;

221 1148 487 1214 quatuor
532 1143 709 1198 etiam
760 1141 1124 1212 temporibus
1178 1140 1315 1193 anni
1364 1139 1520 1192 vices
1564 1137 1885 1191 variantur.

220 1231 439 1286 Decem
470 1248 606 1303 ergo
638 1235 847 1303 quater
875 1230 1072 1293 ducta,
1100 1226 1490 1298 quadraginta
1511 1241 1887 1296 consequun—

218 1324 344 1376 tur.
371 1322 496 1385 Quo
529 1334 774 1374 numero
805 1316 1136 1372 ostenditur
1162 1317 1234 1370 ab
1265 1315 1425 1368 omni
1446 1313 1757 1385 temporali
1787 1314 1885 1366 de-

217 1409 482 1465 ctatione
498 1409 594 1463 hic
609 1406 1027 1462 abstinendum
1047 1404 1198 1473 acjej
1211 1421 1240 1457 u
1253 1404 1402 1458 nand
1415 1419 1514 1456 um
1530 1403 1752 1472 absque
1770 1401 1886 1455 ulla

217 1497 621 1553 controversia
667 1512 815 1562 esse,
879 1500 941 1549 ut
994 1493 1258 1546 cmicstes
1307 1490 1547 1546 delicias
1599 1490 1883 1560 consequi

215 1586 528 1641 valeamus
554 1603 568 1653 ;
593 1585 746 1656 quod
767 1583 937 1655 plane
956 1581 1241 1636 Dominus
1261 1579 1320 1633 in
1341 1580 1682 1634 Judzeorum
1707 1578 1885 1649 signi-

216 1673 416 1728 ficavit
432 1675 500 1728 ed
511 1671 872 1741 uctione,qui
891 1671 949 1723 in
969 1667 1312 1737 huiusmodi
1332 1683 1518 1722 annos
1535 1666 1763 1721 numeri
1783 1683 1884 1738 per

215 1763 521 1817 desertum
553 1760 746 1814 educti
778 1763 935 1828 sunt,
961 1757 1143 1812 solius
1170 1773 1316 1828 pene
1349 1755 1626 1811 alimonio
1651 1771 1879 1809 manare

215 1849 557 1916 sustentati,
589 1854 653 1903 ut
682 1849 753 1902 ad
803 1846 1279 1918 repromissionis
1314 1844 1561 1916 patriam
1616 1843 1878 1914 perveni-

217 1943 372 1996 rent.
407 1939 518 1994 Sed
570 1937 670 2008 qui
726 1953 826 2008 pro
877 1935 1163 1990 deserti...
1215 1951 1373 2005 ergo,
1407 1934 1616 1987 fratres
1665 1931 1879 1987 charis-

215 2027 448 2095 simi,...
481 2025 916 2082 studiosissime
950 2024 1253 2079 custodiri.
1289 2024 1423 2086 Quae
1458 2021 1506 2076 si
1553 2025 1717 2076 sexta
1747 2025 1877 2076 tan-

216 2116 526 2172 tummodo
549 2119 682 2170 ante
707 2112 1249 2169 Paschainchoetur
1264 2111 1699 2166 hebdomada...
1719 2113 1879 2181 patet

216 2205 359 2277 quia
384 2202 838 2276 quadragesima
862 2218 978 2256 non
999 2201 1110 2256 erit
1134 2218 1148 2268 ;
1183 2217 1282 2256 sex
1307 2199 1464 2254 enim
1496 2199 1874 2254 hebdomadas

214 2298 359 2349 sunt
389 2293 512 2348 dies
561 2291 959 2363 quadraginta
989 2295 1044 2344 et
1093 2290 1229 2344 duo.
1265 2287 1598 2344 Subtractis
1630 2287 1872 2343 totidem

213 2381 539 2438 Dominicis
569 2380 920 2446 diebus,non
952 2378 1208 2450 amplius
1236 2378 1296 2431 in
1320 2375 1676 2432 abstinentia
1696 2392 1871 2447 quam

214 2471 464 2543 triginta
512 2475 568 2526 et
615 2487 714 2525 sex
745 2484 1052 2540 superesse
1102 2466 1393 2530 novimus,
1427 2465 1526 2536 qui
1572 2464 1873 2536 quaternis

214 2579 247 2616 a
301 2558 576 2632 praesenti
627 2574 871 2613 numero
922 2555 1219 2611 deﬁciunt.
1256 2557 1515 2621 Quatuor
1563 2570 1697 2625 ergo
1747 2553 1872 2607 dies

212 2650 400 2720 hujus
449 2647 842 2703 antecedentis
891 2645 1274 2701 hebdomadas
1325 2647 1667 2708 sumuntur,
1702 2646 1768 2696 ut
1799 2642 1869 2696 ad

213 2737 555 2809 praedictam
613 2751 906 2790 summam
956 2749 1239 2786 numerus
1270 2736 1514 2786 crescat.
1548 2732 1649 2784 Est
1692 2729 1872 2801 igitur

212 2827 394 2897 hujus
424 2823 832 2895 caputjejunii
855 2823 1050 2887 hodie,
1076 2822 1229 2892 quod
1258 2826 1346 2876 cst
1378 2820 1639 2890 septima:
1665 2823 1873 2889 quarta

211 2915 355 2978 feria
381 2913 796 2970 hebdomadas:
826 2929 859 2966 a
889 2927 1006 2982 qua
1027 2925 1212 2981 usque
1242 2912 1312 2963 ad
1346 2914 1610 2964 sanctam
1642 2907 1867 2962 Domini

208 3022 341 3061 resu
353 3001 995 3072 rrectionem;exceptis
1013 2999 1424 3054 tantummodo
1447 2998 1655 3052 diebus
1678 2997 1870 3052 Domi-

203 3095 377 3164 nicis,
407 3091 742 3148 districtum
774 3088 1043 3145 convenit
1064 3103 1166 3159 per
1187 3086 1383 3142 omnia
1405 3085 1864 3155 celebrarejeju-

201 3181 636 3253 nium,quod,si
661 3179 922 3235 solvatur
940 3177 1000 3232 in
1025 3177 1244 3248 aliquo,
1262 3176 1388 3246 jam
1414 3173 1866 3245 quadragesima

2003 602 2178 656 etiam
2210 602 2409 668 licent,
2445 605 2573 660 istis
2604 623 2705 678 pro
2752 608 2995 664 crimine
3025 609 3333 668 habentur.
3368 615 3659 674 Ecclesiae

2004 691 2244 762 insuper
2276 692 2656 766 frequentate,
2690 696 2956 753 infirmos
2987 703 3045 754 et
3073 699 3134 754 in
3191 718 3482 760 carcerem
3513 704 3654 762 visi-

2001 784 2140 845 tate,
2173 781 2464 838 debitores
2495 783 2723 856 solvite,
2760 792 2998 843 moestas
3043 790 3356 858 consolate,
3390 795 3657 866 pauperi-

1999 869 2111 925 bus
2143 875 2438 942 erogate...
2453 914 2466 926 .

2626 962 2868 1018 SERMO
2908 965 3029 1021 VII.

2211 1121 2215 1124 ~
2527 1068 2584 1105 IN
2623 1068 2716 1106 DIE
2756 1069 3107 1109 PALMARUM.

2073 1136 2466 1192 Promissione
2497 1139 2729 1195 Domini
2769 1143 2953 1196 nostri
2982 1142 3120 1197 Jesu
3172 1144 3408 1216 Christi,
3441 1147 3650 1206 fratres

1999 1224 2896 1301 charissimi,conﬁdimus,quia
2925 1231 2996 1286 de
3026 1231 3280 1302 gloriosa
3311 1236 3439 1306 ejus
3459 1253 3650 1295 resur-

1997 1313 2250 1368 rectione
2283 1314 2481 1370 nullus
2532 1321 2720 1372 terror
2748 1323 3010 1374 vestrum
3047 1337 3146 1376 cor
3193 1325 3507 1395 oppressit,
3540 1344 3647 1384 nec

1995 1401 2264 1457 dubietas
2315 1405 2496 1459 menti
2539 1405 2814 1478 irrepsit;
2851 1425 2987 1463 nam
3021 1427 3199 1481 pavor
3243 1413 3645 1484 apostolorum

1995 1495 2451 1564 ceterorumque
2475 1495 2604 1565 ejus
2623 1496 2904 1567 temporis
2917 1503 3254 1556 sanctorum
3275 1501 3650 1561 incrudelita-

1995 1579 2072 1634 tis
2101 1579 2348 1653 caligine
2377 1582 2658 1638 alebatur.
2691 1585 2797 1640 Sed
2829 1585 3063 1642 illorum
3096 1588 3409 1648 inﬁrmitas
3434 1597 3645 1650 nostra:

1998 1668 2105 1722 fuit
2137 1671 2510 1739 perfectionis
2531 1678 2933 1745 augmentum.
2951 1675 3136 1746 Igitur
3166 1694 3317 1749 quae,
3335 1679 3466 1735 istis
3487 1685 3644 1738 tran-

1992 1756 2174 1810 sactis
2205 1756 2432 1829 diebus,
2452 1760 2620 1830 quasi
2640 1775 2708 1814 ex
2723 1762 2919 1832 opacis
2938 1763 3242 1820 frondibus
3261 1766 3454 1823 radios
3475 1769 3642 1824 emit-

1992 1844 2210 1913 tebant,
2263 1863 2419 1901 nunc
2463 1847 2586 1914 jam
2635 1848 2793 1902 clara
2840 1865 2976 1904 voce
3031 1852 3444 1922 praedicantur.
3495 1856 3641 1912 Hinc

1992 1948 2246 2004 namque
2260 1933 2531 2006 colligere
2551 1936 2798 2007 potestis
2811 1937 2950 2008 quia
2961 1944 3181 2010 quanto
3204 1942 3391 2014 magis
3408 1943 3642 2000 Domini

1989 2022 2412 2078 annuntiamus
2434 2023 2789 2095 passionem,
2817 2042 2883 2081 eo
2901 2027 3063 2083 ocius
3089 2029 3161 2084 ad
3193 2030 3322 2098 ejus
3342 2031 3638 2088 celebran-

1988 2110 2124 2164 dam
2157 2112 2644 2183 appropinquatis
2690 2115 3197 2172 resurrectionem.
3231 2118 3341 2174 Sex
3387 2120 3638 2192 denique

1987 2198 2111 2253 dies
2152 2215 2340 2270 usque
2390 2200 2459 2255 ad
2494 2199 2655 2256 illius
2705 2202 2834 2257 festi
2866 2204 3149 2274 gaudium
3201 2213 3633 2264 numerantur:

1986 2290 2148 2342 sexta
2197 2288 2372 2343 etiam
2423 2288 2791 2345 hebdomade.
2837 2295 3136 2348 transacta
3182 2298 3292 2363 est,
3323 2300 3635 2369 postquam

1985 2380 2162 2447 caput
2184 2377 2397 2447 jejunii
2427 2376 2770 2434 indiximus.
2802 2378 2905 2434 Vel
2935 2379 2995 2434 in
3027 2380 3121 2436 his
3150 2398 3288 2455 ergo
3317 2400 3418 2439 sex
3448 2385 3633 2450 feriis,

1985 2466 2194 2520 fratres
2223 2465 2612 2532 dilectissimi,
2646 2471 3295 2542 recuperare:satagite,
3330 2472 3379 2527 si
3410 2472 3634 2546 aliquid

1983 2555 2230 2609 fortasse
2263 2555 2319 2608 in
2352 2570 2453 2610 sex
2482 2555 2790 2626 przeteritis
2816 2556 3285 2616 hebdomadibus
3315 2561 3630 2619 defecistis.

1983 2642 2261 2707 Quamvis
2279 2642 2397 2697 sint
2415 2643 2656 2714 quidam
2674 2643 2774 2713 qui
2799 2643 3028 2714 aliquos
3050 2645 3230 2716 hujus
3252 2647 3633 2706 hebdomadas

1982 2730 2354 2797 dies,scilicet
2375 2731 2638 2802 quintam
2662 2731 2868 2787 feriam
2889 2737 2946 2788 et
2967 2733 3630 2803 Sabbatum,absolutio-

1982 2834 2072 2873 res
2104 2837 2218 2890 prae
2242 2820 2461 2875 caeteris
2492 2820 3101 2892 quadragesimalibus
3121 2839 3248 2879 esse
3279 2824 3627 2895 dijudicent,

1979 2909 2134 2979 quod
2168 2913 2372 2963 contra
2397 2926 2685 2965 canonum
2717 2913 2806 2965 est
2833 2914 3073 2977 statuta,
3107 2927 3213 2966 nec
3242 2912 3419 2969 ullius
3450 2931 3626 2970 sacrm

1979 2997 2291 3069 Scriptura
2339 2997 2724 3053 conﬁrmatur
2770 2998 3132 3067 auctoritate,
3179 3000 3346 3057 nobis
3395 3018 3628 3074 quoque

1977 3089 2199 3139 rectum
2220 3085 2462 3140 minime
2484 3101 2612 3141 esse
2637 3085 2885 3140 videtur.
2909 3089 3134 3149 Quanto
3155 3087 3367 3143 etenim
3384 3090 3626 3145 vicinio-

1976 3189 2066 3228 res
2079 3173 2339 3244 paschali
2353 3173 2566 3244 gaudio
2579 3173 3102 3240 accedimus,tanto
3115 3175 3380 3245 puriores
3398 3184 3628 3234 nosmet

200 3289 320 3328 non
352 3252 482 3328 erit.
527 3271 587 3325 Si
636 3272 835 3325 autem
867 3284 1032 3324 sacra
1081 3264 1386 3336 Scriptura
1415 3263 1544 3318 illos
1575 3262 1857 3333 increpat,
1891 3252 1934 3314 C
1974 3261 2134 3333 ipsos
2166 3277 2489 3332 praeparare
2519 3261 3105 3332 debemus,jejuniis,
3137 3264 3521 3334 orationibus,
3549 3266 3629 3321 vi-

197 3362 302 3436 qui
344 3362 521 3418 etiam
571 3357 1006 3431 quodammodo
1039 3355 1325 3410 absolutis
1374 3353 1606 3422 diebus,
1637 3351 1860 3407 deliciis

196 3456 256 3508 et
286 3448 695 3522 voluptatibus
720 3447 1211 3515 fruuntur,quam
1245 3442 1434 3497 diram
1457 3440 1543 3494 illi
1577 3441 1861 3511 recipient

195 3540 578 3605 sententiam,
614 3537 715 3609 qui
748 3535 956 3592 saltem
988 3535 1132 3588 istos
1164 3529 1562 3603 neglexerint?
1592 3533 1693 3584 aut
1723 3545 1857 3583 cum

198 3647 318 3702 qua
350 3627 710 3684 conscientia
735 3626 806 3680 ad
838 3620 1367 3692 immaculatiAgni
1397 3635 1563 3674 esum
1595 3617 1856 3689 paschali

198 3717 516 3774 festivitate
547 3713 860 3786 impudens
911 3713 1182 3766 accedere
1216 3707 1574 3781 praesumat?
1607 3706 1859 3778 qualiter

201 3804 640 3862 communicare
697 3800 993 3857 Dominico
1027 3798 1236 3870 poterit
1276 3796 1520 3867 corpori,
1556 3796 1656 3867 qui
1680 3811 1854 3850 suum

199 3894 522 3968 neglexerit
564 3891 736 3948 bonis
785 3889 1048 3944 moribus
1095 3886 1182 3941 vel
1232 3886 1302 3940 ad
1343 3891 1576 3956 tempus
1624 3900 1852 3948 ornare,

199 4001 334 4040 cum
363 3982 566 4038 audiat
596 3999 608 4036 :
635 3981 744 4048 Qui
766 3978 992 4048 indigne
1012 3976 1306 4030 manducat
1324 3977 1377 4028 et
1405 3975 1564 4041 bibit,
1580 3972 1857 4041 judicium

195 4074 306 4128 sibi
331 4071 638 4127 manducat
664 4077 714 4124 et
745 4068 928 4122 bibit?
958 4067 1008 4137 (Ι
1041 4064 1164 4119 Cor.
1200 4081 1258 4133 Il,
1291 4063 1407 4131 29.)
1438 4061 1856 4116 Abstineamus

197 4178 337 4233 ergo
368 4177 476 4216 nos
509 4177 542 4214 a
565 4156 746 4213 lucris
771 4160 827 4211 et
857 4154 1105 4226 negotiis
1133 4150 1536 4213 saecularibus,
1571 4149 1858 4204 abstinea-

143 4235 153 4244 ’
197 4267 336 4305 mus
365 4266 475 4305 nos
504 4266 538 4304 a
577 4244 914 4302 carnalibus
964 4241 1370 4298 delectationis
1421 4240 1700 4294 adversus
1730 4237 1854 4292 ani-

195 4355 355 4394 mam
407 4335 806 4392 militantibus
833 4334 877 4405 (l
908 4337 1058 4388 Petr.
1094 4349 1158 4399 ιι,
1194 4330 1303 4399 11),
1336 4332 1394 4383 et
1442 4328 1688 4398 dignum
1739 4326 1853 4381 Deo

193 4427 419 4483 nostris
451 4424 751 4481 mentibus
795 4419 1199 4478 habitaculum
1250 4431 1672 4489 praeparemus.
1706 4419 1856 4469 Ante

194 4516 401 4572 omnia
428 4511 820 4581 dilectissimi,
853 4511 924 4565 de
978 4507 1287 4580 praeteritis
1320 4504 1492 4559 malis
1536 4502 1854 4558 confessio-

195 4622 334 4662 nem
387 4620 580 4658 veram
627 4602 743 4657 Deo
787 4605 844 4655 et
896 4595 1304 4654 sacerdotibus
1345 4594 1514 4648 facite
1561 4592 1767 4662 (1510),
1800 4596 1858 4646 et
1887 4615 1934 4678 D

196 4696 442 4768 dignam
477 4690 880 4764 paenitentiam
911 4687 1084 4760 agite,
1118 4684 1257 4756 quia
1287 4681 1538 4736 multum
1569 4682 1735 4735 obest
1764 4679 1856 4734 lu-

196 4783 438 4840 culenta
463 4780 709 4836 aediﬁcia
737 4776 974 4834 caducis
994 4771 1396 4829 fundamentis
1418 4770 1697 4842 coaptari.
1722 4771 1866 4824 Con-

194 4873 454 4930 siderate
512 4870 688 4925 etiam
750 4865 1038 4938 serpentis
1090 4861 1488 4934 prudentiam,
1544 4858 1643 4929 qui
1702 4857 1862 4912 nullo

195 4963 376 5018 modo
392 4959 572 5016 fontis
591 4955 894 5029 lympham
920 4958 1122 5025 potare
1145 4948 1466 5022 praesumit,
1490 4948 1669 5002 donec
1692 4963 1864 5002 omne

193 5066 493 5106 venenum
518 5047 800 5104 effundat.
818 5041 1060 5098 V'ulneri
1095 5055 1330 5112 quoque
1349 5055 1462 5092 non
1497 5036 1722 5106 proficit
1745 5052 1864 5090 me-

196 5135 684 5203 dicamentum,si
713 5132 904 5188 adhuc
926 5131 1144 5185 ferrum
1172 5127 1332 5182 insit.
1359 5127 1558 5179 Estote
1578 5141 1736 5196 ergo,
1755 5127 1865 5178 fra-

195 5231 341 5295 tres,
377 5226 435 5280 in
469 5223 681 5280 officiis
712 5220 960 5287 assidui,
997 5219 1055 5272 in
1089 5215 1307 5288 vigiliis
1339 5214 1617 5286 prompti,
1652 5214 1710 5267 in
1739 5230 1866 5267 ora-

196 5316 468 5371 tionibus
499 5310 790 5376 continui,
824 5309 885 5362 in
920 5308 1049 5362 cibo
1081 5305 1261 5377 parci,
1295 5305 1354 5358 in
1403 5307 1543 5375 potu
1575 5302 1774 5369 sobrii,
1807 5302 1865 5356 in

197 5402 595 5476 eleemosynis
641 5398 814 5471 largi,
866 5397 927 5452 in
983 5397 1252 5451 castitate
1298 5391 1549 5455 honesti,
1614 5392 1686 5446 ab
1742 5391 1868 5463 ipso

196 5495 376 5552 etiam
428 5488 731 5563 conjugali
787 5493 915 5543 toro
949 5484 1248 5557 suspensi,
1283 5483 1353 5539 ab
1409 5480 1684 5536 omnibus
1712 5481 1870 5535 ludis

268 5634 454 5712 (1.510)
485 5633 555 5712 in
578 5647 777 5712 .marg.
805 5626 1415 5712 faciamusnit‘emque‘
1449 5639 1583 5679 mox
1611 5638 1863 5712 agamus.

268 5653 433 5711 μου)
492 5653 555 5687 1n
589 5653 777 5712 marg.
805 5653 1104 5701 [acuti/ws,
1139 5653 1398 5697 usuique
1450 5653 1583 5679 iuux
1611 5653 1863 5706 nummus».

265 5653 454 5782 11511)
476 5704 644 5777 Cod.,
669 5719 862 5778 prima
882 5717 1085 5769 manu,
1106 5701 1363 5772 futuram
1380 5699 1604 5770 festam,
1628 5700 1686 5753 et
1715 5696 1870 5752 infra

485 5833 759 5898 PATHOL.
809 5825 1134 5893 CXXXIV.

1970 3349 2147 3421 giliis,
2163 3366 2265 3405 seu
2280 3349 2555 3404 omnibus
2569 3349 3102 3405 misericordiarum
3117 3352 3416 3424 operibus,
3429 3356 3623 3428 etjugi

1970 3439 2212 3509 insuper
2241 3439 2379 3493 ﬂetu
2412 3438 2700 3509 praeterita
2720 3437 2931 3494 delicta
2960 3438 3172 3496 lavare.
3196 3441 3308 3496 Sed
3331 3445 3390 3497 et
3414 3443 3462 3498 si
3487 3444 3623 3515 quis

1970 3543 2079 3582 sua
2108 3526 2302 3581 ﬂenda
2331 3543 2447 3580 non
2467 3530 2662 3597 sperat
2692 3541 2821 3581 esse
2852 3526 3130 3594 facinora,
3150 3528 3356 3584 saltem
3389 3531 3618 3586 Domini

1969 3632 2103 3670 eum
2127 3619 2485 3686 compungat
2507 3614 2598 3670 his
2630 3613 2838 3670 diebus
2869 3614 3105 3686 injuria.
3124 3616 3271 3672 Nam
3301 3632 3436 3673 cum
3463 3625 3619 3676 esset

1967 3705 2123 3760 Deus
2153 3708 2285 3758 ante
2316 3703 2548 3767 saecula,
2580 3703 2639 3758 in
2671 3704 2918 3759 formam
2945 3705 3098 3759 servi
3127 3705 3388 3773 veniens,
3419 3712 3613 3780 sputa,

1968 3794 2148 3866 ﬂagra
2177 3794 2248 3848 ab
2280 3792 2478 3864 impiis
2501 3793 2847 3864 suscipiens,
2874 3810 2976 3865 pro
3009 3797 3210 3850 nostra
3231 3794 3612 3870 ipsorumque

1965 3883 2142 3938 etiam
2176 3881 2364 3936 salute
2393 3881 2802 3951 hujuscemodi
2835 3881 2893 3936 in
2925 3886 3185 3954 tempore
3215 3883 3473 3940 animam
3505 3903 3613 3957 po-

1967 3987 2103 4026 nere
2133 3987 2247 4025 non
2283 3969 2566 4040 despexit.
2592 3969 2993 4038 Compatiatur
3022 3987 3156 4042 ergo
3179 3972 3614 4044 unusquisque,

1967 4059 2174 4114 fratres
2207 4058 2342 4123 mei,
2367 4062 2664 4128 portantes
2693 4057 3025 4128 opprobria,
3057 4063 3115 4113 et
3136 4059 3343 4114 deﬂeat
3367 4060 3620 4117 inferen-

1965 4147 2113 4201 tium
2161 4145 2498 4200 caecitatem.
2532 4149 2664 4216 Ipse
2693 4145 2944 4216 denique
2991 4145 3136 4201 dixit
3166 4146 3225 4201 in
3257 4149 3565 4222 Evangelia
3600 4168 3614 4206 :

1965 4238 2123 4290 Beati
2152 4237 2249 4304 qui
2280 4235 2488 4304 lugent,
2513 4233 2772 4304 quoniam
2800 4235 2911 4305 ipsi
2928 4235 3360 4290 consolabuntur
3384 4238 3613 4310 (Matth.

1964 4341 2019 4390 v,
2051 4325 2127 4395 5).
2164 4323 2518 4379 Commodus
2549 4328 2640 4378 est
2668 4323 2825 4378 enim
2873 4339 3031 4378 nunc
3063 4323 3496 4396 aliquantulum
3529 4325 3618 4381 lu-

1965 4417 2118 4479 ctus,
2151 4416 2215 4466 ut
2255 4411 2498 4466 liberius
2529 4410 2589 4465 in
2638 4415 2842 4466 sancta
2870 4412 3295 4468 resurrectione
3324 4412 3614 4470 laetemur.

1967 4499 2278 4556 Psalmista
2317 4514 2549 4570 quoque
2580 4497 2663 4552 ait
2694 4514 2706 4553 :
2744 4498 2883 4565 Quid
2926 4499 3231 4555 retribuam
3261 4501 3490 4558 Domino
3519 4518 3619 4574 pro

1965 4589 2217 4645 omnibus
2248 4603 2371 4659 quae
2402 4587 2661 4642 retribuit
2686 4586 2828 4640 mihi
2846 4589 2871 4638 .9
2903 4587 3145 4642 Calicem
3173 4590 3444 4645 salutaris
3472 4591 3618 4648 acci-

1968 4680 2150 4750 piam,
2180 4682 2232 4732 et
2260 4692 2458 4732 nomen
2487 4675 2709 4730 Domini
2747 4676 3004 4730 invocabo
3033 4677 3202 4747 (Psal.
3231 4693 3355 4746 cxv,
3387 4679 3473 4749 12,
3508 4679 3620 4750 13).

1974 4766 2135 4822 Calix
2164 4781 2296 4821 vero
2323 4770 2380 4820 et
2431 4768 2634 4836 aperta
2659 4764 2984 4835 persecutio
3033 4769 3092 4819 et
3137 4765 3402 4822 occultus
3433 4771 3625 4839 potest

1974 4855 2220 4927 intelligi
2246 4854 2522 4926 gemitus,
2546 4852 2646 4924 qui
2675 4869 2910 4924 quoquo
2933 4852 3104 4908 modo
3136 4853 3207 4908 ab
3238 4855 3398 4909 omni
3425 4860 3622 4911 tamen

1975 4943 2244 4999 convenit
2273 4941 2605 4997 Christiano
2657 4941 2864 5010 potari.
2899 4941 3298 5011 Prasparemus
3345 4957 3482 5014 ergo
3513 4951 3622 4997 nos

1977 5034 2047 5089 ad
2083 5034 2344 5088 futurum
2381 5032 2593 5085 festum
2628 5031 2832 5101 (1511),
2866 5029 3220 5098 charissimi,
3249 5031 3319 5085 ad
3353 5030 3508 5102 quod
3540 5031 3624 5085 di-

1976 5139 2084 5194 gne
2123 5121 2490 5194 pervenire...
2531 5119 2838 5174 Dominus.
2881 5117 3320 5174 Exsultemus...
3349 5135 3455 5174 nec
3478 5119 3622 5174 deli-

1977 5212 2200 5266 ciarum
2227 5209 2362 5278 cibi,
2393 5208 2491 5262 sed
2516 5223 2690 5278 opera
2720 5205 3127 5277 przemittenda
3147 5207 3544 5277 suntjustitize
3571 5213 3629 5263 et

1979 5299 2292 5371 aequitatis.
2315 5296 2524 5367 Aptius
2548 5299 2637 5350 est
2656 5295 2813 5350 enim
2836 5298 2970 5350 ut...
3000 5299 3117 5350 tres
3139 5297 3462 5351 mediocres
3484 5313 3629 5367 pras-

1978 5406 2147 5460 pares
2171 5386 2424 5452 tunicas,
2449 5385 2603 5439 unde
2632 5388 2688 5438 et
2716 5388 2770 5439 te
2791 5389 2848 5438 et
2878 5401 3161 5455 pauperes
3182 5384 3398 5441 Christi
3419 5384 3632 5442 vestire

1977 5477 2196 5544 valeas,
2220 5491 2398 5547 quam
2432 5477 2497 5527 ut
2525 5487 2704 5527 unam
2735 5470 3054 5528 solumtibi
3085 5472 3403 5544 pretiosam
3435 5472 3632 5545 acqui-

1979 5619 2047 5676 αδ
2078 5635 2264 5690 quam,
2319 5614 2446 5690 sine
2494 5614 2923 5690 emendatione.
2964 5613 3173 5671 Recole
3221 5631 3399 5672 serm.
3432 5617 3465 5671 4
3495 5614 3630 5677 init.

1978 5687 2103 5750 itali
2133 5704 2289 5748 nunc
2321 5687 2576 5745 dicimus
2607 5687 2670 5746 ια
2695 5690 2857 5759 festa.

3272 5815 3352 5885 2'1.
