3916 6404
375 367 493 425 843

380 587 534 642 unde
566 583 762 656 plures
791 595 1005 653 egenos
1030 579 1101 634 ad
1134 582 1297 632 tuam
1321 575 1616 644 suscipere
1647 589 1913 628 mensam
1935 589 2033 626 va-

380 676 522 743 leas,
543 689 722 745 quam
748 669 1042 725 deliciosis
1063 667 1208 722 cibis
1223 663 1468 719 multam
1495 663 1843 734 impendens
1867 677 2036 732 pecu-

382 763 563 829 niam,
589 777 723 816 cum
747 759 872 814 sola
890 759 1062 812 domo
1085 761 1186 809 tua
1206 753 1432 808 ebriose
1449 751 1728 819 vescaris,
1743 754 1800 804 et
1820 765 2036 821 paupe-

384 868 476 906 res
507 849 720 905 Christi
752 849 902 902 fame
923 845 1012 899 vel
1043 844 1307 898 nuditate
1325 839 1522 894 afflicti
1545 845 1788 910 pereant
1816 843 1871 893 te
1895 855 2036 909 pra-

383 942 563 995 sente.
587 936 844 992 Aitenim
860 935 1062 988 beatus
1083 931 1340 985 Joannes
1355 927 1689 999 apostolus:
1714 928 1820 995 Qui
1842 927 2039 982 habue-

384 1030 459 1082 rit
485 1026 850 1082 substantiam
877 1021 1040 1091 hujus
1069 1018 1286 1082 mundi,
1317 1025 1368 1073 et
1395 1017 1592 1072 viderit
1616 1019 1845 1086 fratrem
1877 1032 2039 1070 suum

382 1117 755 1170 necessitatem
803 1111 1022 1176 habere,
1053 1110 1102 1162 et
1153 1108 1414 1161 clauserit
1448 1107 1661 1160 viscera
1708 1121 1810 1158 sua
1856 1104 1923 1158 ab
1952 1119 2036 1171 eo,

384 1201 643 1276 quomodo
676 1201 912 1254 Charitas
942 1198 1046 1252 Dei
1073 1204 1261 1250 manet
1291 1196 1355 1249 in
1395 1211 1457 1248 eo
1479 1194 1505 1247 ‘?
1539 1195 1579 1263 (Ι
1607 1195 1764 1248 Joan.
1805 1210 1888 1258 III,
1921 1192 2033 1258 l7.)

384 1293 532 1362 Ergo
562 1288 742 1360 fugite
789 1285 1092 1341 avaritiam
1141 1287 1198 1338 et
1235 1281 1460 1353 diligite
1510 1281 1876 1344 charitatem,
1911 1279 2037 1334 sine

385 1397 504 1451 qua
533 1393 703 1432 nemo
756 1377 941 1431 Deum
972 1373 1167 1428 videre
1218 1371 1538 1427 merebitur
1569 1372 1752 1441 (Hebr.
1787 1387 1889 1435 χιι,
1926 1369 2031 1438 14).

383 1467 667 1532 Charitas,
699 1482 812 1537 pax
852 1469 907 1519 et
953 1462 1235 1535 gaudium
1288 1460 1587 1515 vobiscum
1622 1460 1680 1513 in
1731 1463 2032 1512 aeternum.

385 1557 545 1620 Quod
579 1556 702 1626 ipse
733 1558 1006 1626 praastare
1036 1551 1333 1622 dignetur,
1366 1549 1534 1619 cujus
1563 1563 1832 1618 regnum.

992 1673 1233 1729 SERMO
1272 1672 1420 1726 VIII.

708 1766 766 1803 IN
805 1764 898 1802 DIE
936 1763 1164 1802 SANCTJ']
1204 1758 1712 1799 RESURRECTIONIS.

460 1856 873 1922 Hodie,fratres
906 1850 1421 1918 charissimi,diem
1447 1848 1759 1903 Dominicze
1785 1846 2033 1902 colimus
2062 1852 2108 1914 Β

387 1942 919 2010 resurrectionis,in
935 1958 1050 2012 qua
1063 1938 1345 1994 Dominus
1364 1935 2034 2005 nosterJesusChristus,

387 2035 686 2089 destructo
711 2029 1173 2100 mortisimperio
1190 2027 1555 2082 resurrexita
1581 2025 2037 2095 mortuis,quam

383 2121 559 2176 etiam
609 2119 834 2174 Pascha
879 2133 1174 2172 vocamus.
1209 2114 1430 2171 Pascha
1474 2114 1653 2184 igitur
1702 2129 1895 2168 sermo
1949 2115 2038 2167 est

385 2209 680 2274 Hebraeus,
702 2203 903 2262 Latine
923 2205 1136 2260 dicitur
1157 2204 1434 2258 transitus
1454 2219 1474 2264 ;
1503 2202 1657 2272 quod
1683 2201 1870 2255 multo
1902 2207 2034 2256 ante

383 2296 844 2353 incarnationem
867 2294 1098 2350 Domini
1123 2292 1308 2347 nostri
1327 2293 1468 2346 Jesu
1491 2290 1701 2344 Christi
1726 2291 2034 2362 praesigne-

383 2392 510 2442 tum
542 2389 648 2440 est.
674 2383 842 2451 Nam,
867 2400 1001 2438 cum
1021 2382 1122 2436 filii
1145 2380 1320 2436 Israel
1341 2379 1677 2451 .Egyptiaca
1699 2394 2032 2450 premeren-

388 2479 484 2529 tur
508 2473 804 2539 servitute,
829 2473 1222 2526 clamaverunt
1252 2470 1324 2524 ad
1356 2468 1668 2523 Dominum
1701 2472 1768 2522 ut
1796 2484 1894 2522 eos
1916 2466 2032 2521 eri-

385 2565 548 2633 peret
570 2561 638 2614 de
662 2576 837 2614 manu
869 2556 1210 2624 Pharaonis,
1238 2556 1293 2608 id
1326 2558 1414 2609 est
1436 2554 1586 2624 regis
1607 2553 2027 2624 lEgyptiorum.

382 2651 467 2704 Ad
493 2665 668 2720 quem
691 2647 975 2720 propheta
988 2647 1217 2717 Moyses
1239 2643 1570 2701 destinatus
1593 2648 1776 2708 est,ex
1802 2640 2031 2696 Domini

384 2754 518 2793 eum
542 2737 864 2792 admonens
885 2734 1177 2789 sententia
1196 2748 1267 2785 ne
1282 2729 1562 2802 populum
1585 2731 1712 2799 ejus
1726 2730 2028 2800 affligeret,

385 2826 484 2879 sed
519 2823 628 2878 soli
647 2824 763 2878 Deo
796 2839 894 2877 eos
917 2821 1131 2876 servire
1163 2819 1503 2885 dimitteret,
1527 2823 1583 2871 et
1605 2834 1719 2888 quo
1743 2816 2029 2888 proficisci

383 2913 598 2967 vellent
626 2928 697 2965 ne
729 2909 1168 2965 contradicerct.
1191 2907 1351 2970 Quod
1376 2906 1514 2977 quia
1539 2906 1750 2973 renuit,
1775 2905 2030 2960 visitavit

383 3001 536 3055 Deus
567 2999 862 3071 Egyptios
895 2998 1082 3069 plagis
1115 2995 1407 3063 maximis,
1433 2994 1490 3048 in
1526 2993 1728 3048 multis
1759 2993 1944 3064 signis
1973 2999 2031 3048 et

379 3089 557 3144 variis
588 3087 890 3158 portentis.
911 3086 1016 3151 Qui
1050 3101 1154 3140 nec
1185 3085 1314 3139 ideo
1343 3099 1541 3138 vocem
1574 3082 1799 3137 Domini
1834 3083 2028 3138 audie-

382 3183 538 3247 runt,
561 3180 617 3230 et
637 3175 920 3247 populum
945 3191 1060 3228 non
1087 3171 1456 3241 dimiserunt,
1473 3172 1574 3226 sed
1603 3170 1858 3241 amplius
1880 3171 2026 3226 afﬂi-

378 3269 608 3319 xerunt.
640 3265 710 3318 At
735 3263 817 3316 illi
838 3262 1025 3334 magis
1055 3261 1361 3333 magisque
1389 3260 1456 3314 ad
1482 3259 1796 3314 Dominum
1815 3258 2025 3315 clama-

380 3354 541 3422 bant,
571 3357 635 3406 ut
659 3369 757 3407 eos
778 3352 848 3406 de
871 3368 1047 3406 manu
1073 3349 1532 3422 opprimentium
1559 3347 1858 3415 liberaret;
1879 3365 2021 3419 quo-

382 3458 512 3495 rum
527 3457 694 3496 voces
708 3439 1168 3496 ascenderuntin
1182 3442 1496 3509 conspectu
1511 3437 1761 3492 Domini.
1779 3437 2024 3492 Dederat

383 3533 576 3584 autem
601 3529 684 3584 eis
706 3529 990 3584 Dominus
1013 3529 1069 3581 in
1095 3527 1329 3599 signum
1361 3531 1425 3580 ut
1444 3525 1501 3578 in
1526 3526 1686 3580 omni
1718 3525 1891 3580 domo
1915 3543 2021 3580 sua

381 3634 600 3689 agnum
633 3622 1302 3686 mactarent,omnesque
1333 3618 1525 3682 postes
1555 3630 1694 3668 suos
1726 3615 1854 3682 ejus
1885 3630 2018 3668 san-

373 3709 550 3778 guine
599 3705 965 3778 assignarent
997 3721 1011 3759 :
1048 3721 1180 3759 nam
1215 3721 1276 3758 se
1306 3719 1408 3774 per
1460 3702 1719 3756 medium
1751 3703 1851 3773 (ita
1877 3701 2016 3772 cod.)

369 3795 680 3865 [Egyptum
705 3793 1093 3847 transiturum
1125 3790 1472 3863 designavit,
1497 3794 1554 3844 et
1584 3789 1782 3844 omnia
1803 3789 2017 3860 primo-

367 3882 566 3952 genita
585 3881 713 3952 ejus
727 3881 1102 3952 percutienda
1115 3878 1484 3935 annuntiavit
1499 3897 1510 3944 ;
1527 3895 1742 3948 eosque
1763 3895 2014 3949 quorum

366 3974 563 4042 postes
593 3969 790 4024 taliter
839 3970 1170 4041 assignatos
1217 3967 1551 4034 invenisset,
1587 3970 1812 4022 salvare
1857 3973 1912 4021 et
1943 3967 2014 4021 ab

364 4057 890 4114 hostibusliberare
913 4058 1198 4130 promisit.
1217 4057 1439 4124 Quibus
1457 4056 1633 4111 etiam
1655 4056 1926 4126 praecepit
1949 4061 2013 4110 ut

361 4145 616 4218 singulis
665 4147 836 4201 annis
871 4189 884 4201 .
920 4186 931 4197 .
971 4189 982 4198 .
1019 4163 1178 4200 mare
1211 4145 1498 4211 Rubrum,
1534 4146 1590 4198 in
1642 4143 1856 4198 crastin
1896 4185 1909 4198 .
1944 4185 1958 4198 .
1995 4184 2009 4200 .

363 4234 493 4288 has.
526 4276 538 4288 .
577 4276 588 4288 .
623 4235 1044 4306 ngyptiorum,
1081 4240 1146 4288 ut
1189 4250 1287 4288 eos
1338 4236 1848 4304 persequerentur.
1883 4232 2009 4286 Filii

359 4327 555 4377 autem
581 4323 754 4377 Israel
778 4324 1039 4378 videntes
1056 4320 1707 4387 eos,timueruntvalde.
1725 4321 2010 4375 Dominus

356 4415 550 4465 tamen
575 4411 802 4482 aperuit
824 4411 938 4465 illis
971 4427 1149 4475 mare,
1176 4415 1231 4465 et
1258 4409 1527 4481 apparuit
1553 4409 1737 4475 arida,
1760 4413 1816 4462 et
1850 4409 2008 4464 factae

356 4504 493 4552 sunt
525 4515 686 4568 aquae
704 4516 738 4554 a
763 4499 979 4553 dextris
997 4515 1199 4554 eorum
1223 4503 1279 4552 et
1301 4497 1556 4554 sinistris
1579 4497 1749 4568 quasi
1775 4514 2003 4566 murus,

1402 351 1739 412 ATTONIS
1784 349 2369 412 VERCELLENSIS
2417 350 2771 413 EPISCOPI

377 515 492 553 ras.
524 497 594 551 Et
625 493 832 549 melius
862 495 951 547 est
971 488 1078 544 tibi
1111 485 1440 558 simplicem
1466 484 1767 556 acquirere
1782 483 2026 553 victum,
2057 485 2106 550 Α
2144 486 2282 537 runt
2312 482 2658 554 periculum,
2684 481 2799 538 nisi
2831 497 2933 554 per
2956 480 3271 537 transitum
3299 479 3479 536 maris
3503 479 3811 548 Rubri,sic

3679 347 3808 408 844

2148 575 2206 626 et
2232 589 2336 626 nos
2371 571 2704 628 nullatenus
2737 588 3054 644 possumus
3084 568 3299 625 diaboli
3332 567 3512 622 vitare
3535 567 3808 639 laqueos,

2148 660 2255 715 nisi
2291 678 2391 732 per
2421 663 2715 716 lavacrum
2747 659 3043 731 baptismi.
3071 659 3140 713 Et
3169 657 3323 712 sicut
3345 673 3550 712 omnes
3579 656 3810 712 inimici

2146 765 2348 803 eorum
2382 748 2673 804 submersi
2707 749 3024 819 perierunt,
3058 749 3140 800 ita
3182 745 3382 800 omnia
3411 744 3552 799 vitia
3581 761 3710 816 quas
3745 745 3807 800 in

2148 837 2315 893 nobis
2339 843 2476 892 sunt
2488 838 2944 907 exstinguuntur
2963 835 3020 888 in
3046 833 3810 905 baptismate.Celebremus

2146 943 2303 998 ergo,
2328 925 2926 989 dilectissimi,verum
2947 923 3570 987 Pascha,transeamus
3594 921 3809 978 avitiis

2146 1016 2216 1070 ad
2267 1015 2534 1080 virtutes,
2577 1030 2812 1070 oremus
2862 1013 3178 1068 Dominum
3226 1016 3290 1067 ut
3337 1011 3547 1067 liberet
3575 1028 3684 1067 nos
3737 1012 3811 1067 de

2146 1119 2325 1158 manu
2356 1104 2698 1170 Pharaonis,
2722 1103 2778 1157 id
2811 1108 2899 1157 est
2929 1119 2963 1156 a
2993 1105 3277 1172 potestate
3306 1100 3525 1155 diaboli
3558 1117 3571 1154 :
3607 1117 3814 1155 resur-

2146 1209 2356 1262 gamus
2388 1209 2421 1247 a
2453 1197 2637 1248 morte
2663 1193 2735 1247 ad
2766 1191 2966 1256 vitam,
2989 1189 3212 1246 scilicet
3241 1207 3274 1244 a
3305 1191 3540 1260 peccato
3573 1189 3644 1244 ad
3670 1189 3814 1260 jus-

2146 1281 2336 1337 titiam
2368 1300 2380 1337 :
2415 1283 2760 1338 festinemus
2793 1281 2864 1335 ad
2891 1283 3156 1334 sanctam
3187 1277 3529 1344 Ecclesiam,
3565 1294 3696 1349 quae
3720 1282 3814 1332 est

2145 1370 2346 1426 civitas
2397 1375 2601 1425 sancta
2645 1367 3035 1438 Hierusalem,
3087 1371 3151 1421 ut
3198 1381 3531 1422 mereamur
3576 1366 3800 1422 habere

2145 1463 2371 1531 partem
2423 1477 2554 1515 cum
2603 1459 2748 1530 ipsis
2779 1459 2876 1529 qui
2927 1459 3369 1512 resurrexerunt
3413 1472 3546 1510 cum
3589 1453 3715 1526 illo,
3751 1460 3811 1511 et

2146 1553 2544 1620 apparuerunt
2577 1548 2636 1602 in
2685 1552 2951 1604 sanctam
2985 1545 3278 1601 civitatem
3330 1544 3534 1601 multis
3567 1545 3807 1617 (Matth.

2144 1655 2318 1703 xxvn,
2346 1639 2458 1709 73).
2497 1640 2557 1692 In
2590 1637 2716 1709 ipso
2749 1653 2886 1708 ergo
2917 1636 3282 1708 gaudeamus
3326 1638 3384 1688 et
3419 1633 3810 1698 exsultemus,

2147 1728 2249 1797 qui
2280 1743 2414 1782 cum
2447 1727 2615 1782 Patre
2646 1731 2703 1782 et
2733 1725 2951 1797 Spiritu
2983 1727 3204 1780 sancto.

2779 1848 3025 1904 SERMO
3066 1847 3150 1903 IX.

2751 1938 2884 1976 ITEM
2923 1936 2978 1974 ΙΝ
3015 1936 3193 1975 ΑιΒιε.

2221 2028 2460 2084 Laudate
2475 2029 2992 2096 Dominum,omnes
3007 2033 3210 2094 gentes,
3235 2030 3287 2080 et
3310 2025 3632 2082 collaudale
3655 2041 3804 2095 eum,

2145 2133 2330 2173 omnes
2355 2115 2552 2188 populi
2579 2117 2750 2188 (Psal.
2775 2116 2998 2186 cxv1,1).
3022 2114 3273 2186 Dignum
3300 2119 3357 2170 et
3367 2115 3601 2186 justum
3625 2118 3722 2169 est
3742 2117 3810 2169 ut

2147 2206 2428 2261 Dominus
2441 2222 2474 2260 a
2487 2206 2654 2260 nobis
2667 2203 3804 2276 semperlaudetur,Psalmistate8tante,

2146 2294 2242 2366 qui
2277 2295 2357 2350 ait
2390 2311 2402 2348 :
2438 2293 2760 2349 Benedicam
2790 2294 3080 2348 Dominum
3099 2293 3159 2346 in
3188 2294 3340 2348 omni
3362 2297 3635 2363 tempore;
3653 2306 3802 2346 sem-

2141 2399 2239 2454 per
2263 2383 2384 2439 laus
2403 2383 2519 2454 ejus
2537 2384 2598 2437 in
2629 2398 2720 2438 ore
2737 2398 2856 2438 meo
2879 2382 3050 2454 (Psal.
3080 2397 3272 2448 xxmr,
3300 2381 3375 2450 1).
3395 2384 3637 2451 Semper
3663 2395 3800 2434 vero

2143 2469 2346 2526 laudes
2390 2471 2619 2526 Domini
2663 2474 2864 2526 nostro
2913 2469 2996 2525 ori
3029 2468 3406 2535 conveniunt,
3439 2467 3542 2523 sed
3591 2467 3650 2522 in
3682 2466 3795 2522 hac

2143 2559 2430 2630 praecipue
2451 2562 2615 2613 tanta
2647 2557 2992 2613 festivitate:
3015 2555 3154 2628 Regi
3182 2556 3340 2612 enim
3371 2555 3471 2627 qui
3493 2555 3792 2610 infernum

2141 2648 2444 2717 confregit,
2478 2646 2736 2717 captivos
2762 2646 3011 2711 reduxit,
3033 2646 3214 2699 vitam
3247 2645 3520 2711 reddidit,
3543 2646 3791 2698 mortem

2140 2735 2375 2802 ademit,
2393 2735 2528 2803 jure
2558 2733 2850 2788 canticum
2881 2749 3095 2788 novum
3114 2733 3378 2802 debetur,
3394 2734 3639 2803 ejusque
3658 2731 3790 2786 lau-

2139 2822 2435 2876 dationem
2466 2821 2633 2876 decet
2683 2821 3022 2892 praeclaram
3073 2836 3442 2892 concrepare.
3477 2820 3579 2875 Eia
3609 2836 3789 2886 nunc,

2139 2909 2347 2963 fratres
2397 2908 2753 2978 charissimi,
2787 2924 2923 2963 cum
2971 2908 3262 2980 Propheta
3309 2912 3527 2962 eautate
3553 2909 3790 2963 Domino

2135 2999 2412 3052 canticum
2428 2999 2775 3062 novum,laus
2791 2998 2909 3068 ejus
2930 2999 2987 3052 in
3009 2997 3236 3053 ecclesia
3254 3001 3579 3052 sanctorum
3600 2996 3616 3067 (
3627 2997 3754 3051 Psal
3768 3036 3780 3053 .

2136 3101 2317 3152 cxux,
2353 3087 2395 3156 ι)
2430 3101 2442 3140 :
2477 3103 2591 3141 non
2625 3086 2788 3141 tersis
2833 3079 3136 3158 cymbalis,
3169 3101 3286 3140 non
3326 3084 3634 3141 cantieulis
3667 3084 3788 3157 pla-

2136 3177 2388 3242 tearum,
2421 3191 2536 3230 non
2567 3175 2843 3231 tubarum
2877 3174 3146 3246 strepitu,
3171 3173 3269 3230 sed
3297 3191 3441 3230 novo
3464 3174 3786 3240 cantico,id

2138 3266 2228 3317 est
2255 3261 2394 3317 Novi
2427 3262 2806 3332 Testamenti,
2841 3263 3152 3318 Dominum
3173 3263 3505 3319 collaudare
3535 3267 3784 3335 oportet.

2136 3351 2357 3422 Itaque,
2390 3352 2666 3406 subditur
2701 3368 2713 3406 ε
2748 3353 3123 3407 Exsultabunt
3150 3355 3330 3408 sancti
3356 3351 3540 3424 (lbid.,
3573 3353 3630 3424 5)
3665 3395 3677 3407 .
3715 3393 3729 3406 .
3769 3393 3782 3408 .

2132 3439 2193 3493 in
2221 3441 2454 3495 Domino
2482 3440 2750 3510 glorietur
2779 3442 2854 3511 (II
2883 3443 3004 3497 Cor.
3035 3457 3093 3506 x,
3123 3442 3227 3512 l7).
3266 3485 3278 3496 .
3315 3483 3330 3498 .
3363 3440 3596 3512 gaudio,
3622 3441 3780 3511 quia,

2132 3527 2259 3598 ipso
2280 3533 2531 3584 testante
2547 3528 2830 3600 apostolo,
2848 3530 3052 3584 transit
3071 3529 3308 3584 mundus
3329 3537 3380 3585 et
3393 3529 3779 3600 concupiscen-

2127 3619 2208 3670 tia
2237 3618 2350 3686 ejus
2380 3618 2426 3687 (I
2451 3617 2614 3673 Joan.
2650 3633 2709 3684 ιι,
2743 3618 2849 3687 17).
2888 3659 2900 3671 .
2938 3659 2951 3671 .
2994 3617 3052 3672 in
3093 3617 3209 3673 Deo
3249 3617 3490 3684 scilicet,
3521 3617 3778 3689 profecto

2127 3703 2186 3758 in
2209 3703 2505 3760 cubilibus
2526 3705 2650 3758 suis
2675 3703 3047 3775 lietabuntur,
3069 3705 3127 3760 id
3149 3705 3314 3761 estin
3341 3722 3489 3777 pura
3509 3722 3616 3760 sua
3645 3722 3779 3762 con—

2125 3791 2368 3848 scientia
2397 3797 2453 3847 et
2482 3793 2702 3848 mundo
2734 3795 2927 3866 corde,
2961 3811 3076 3865 quo
3108 3794 3291 3850 Deum
3323 3809 3557 3850 cernere
3587 3810 3777 3851 mere-

2125 3879 2363 3935 buntur.
2388 3880 2509 3936 Non
2542 3880 2892 3937 laetanturin
2923 3882 3262 3950 theatris,ut
3284 3883 3494 3939 scenici
3520 3901 3534 3950 ;
3559 3899 3683 3939 non
3714 3883 3775 3939 in

2122 3969 2518 4040 epithalamiis
2543 3974 2600 4024 et
2625 3971 2954 4038 cantilenis,
2980 3977 3047 4026 ut
3069 3972 3234 4027 mimi
3259 3997 3272 4039 ;
3295 3989 3414 4028 non
3435 3971 3494 4026 in
3517 3970 3776 4028 saltatio-

2121 4057 2295 4112 nibus
2326 4064 2382 4112 et
2411 4059 2585 4128 circo,
2613 4065 2677 4114 ut
2707 4060 3023 4116 histriones
3052 4060 3140 4116 vel
3170 4061 3460 4117 idolorum
3495 4061 3770 4133 cultores,

2122 4163 2296 4217 quos,
2328 4147 2437 4202 heu
2467 4147 2480 4202 ι
2516 4147 2756 4218 quidam
2774 4148 3086 4205 Christiani
3104 4150 3296 4206 adhuc
3319 4151 3378 4204 in
3410 4149 3614 4206 multis
3639 4149 3776 4206 imi-

2127 4235 2503 4301 tantur.Quid
2525 4235 2679 4290 enim
2704 4237 3099 4293 miserabilius
3113 4238 3521 4311 senibus,quid
3540 4239 3773 4310 turpius

2120 4324 2466 4393 juvenibus,
2497 4325 2637 4395 quid
2656 4326 3042 4396 perniciosius
3087 4326 3559 4395 adolescentulis,
3594 4344 3770 4399 quam

2115 4416 2321 4483 stupra
2337 4412 2625 4485 virginum
2646 4419 2702 4469 et
2724 4415 2996 4471 libidines
3019 4418 3391 4473 meretricum
3413 4416 3571 4488 turpi
3599 4421 3769 4487 gestu

2115 4506 2171 4554 ct
2202 4501 2416 4556 blanda
2447 4519 2583 4558 voce
2619 4509 2876 4570 cantare,
2907 4511 2974 4559 ut
3001 4510 3358 4577 spectatores
3380 4522 3520 4561 suos
3551 4505 3767 4562 talibus

352 4591 408 4640 et
439 4587 885 4641 ambulaverunt
917 4605 1018 4659 per
1048 4587 1269 4642 siccum
1301 4587 1359 4640 in
1394 4587 1587 4641 medio
1621 4587 1802 4640 maris
1837 4603 1851 4639 :
1885 4587 2000 4640 ini-
2032 4579 2077 4642 D
2109 4588 2422 4645 insidiisad
2437 4607 2576 4646 suae
2600 4594 3367 4666 provocentcorruptiones?
3389 4594 3438 4649 ei
3460 4593 3765 4666 quiadhuc

356 4675 492 4729 mici
524 4680 715 4730 autem
741 4693 943 4730 eorum
977 4680 1389 4747 persequentes
1412 4675 1700 4730 submersi
1725 4681 1882 4736 sunt,
1905 4691 2003 4730 nec

350 4780 494 4817 unus
522 4767 793 4835 super/uit
841 4781 909 4818 ea:
952 4767 1030 4818 eis
1077 4765 1417 4835 (E;rod.x1v,
1463 4765 1571 4835 28).
1625 4764 1752 4817 Hzec
1804 4764 1998 4834 itaque

353 4852 740 4924 omniatypus
773 4858 830 4906 et
875 4853 1062 4923 ﬁgura
1112 4857 1297 4917 erant,
1323 4852 1477 4921 quod
1501 4868 1655 4906 nunc
1677 4852 1915 4907 cernitis
1939 4852 1995 4905 in

346 4940 583 4993 veritate
606 4941 877 5010 perfecta.
898 4941 1042 4994 Nam
1068 4940 1207 4993 illud
1235 4939 1540 5007 Pascha,in
1556 4956 1669 5008 quo
1691 4939 1787 4993 ille
1809 4957 1996 5010 agnus

345 5032 636 5082 mactatus
658 5029 936 5096 est,istud
962 5027 1414 5099 significabat,in
1442 5044 1554 5096 quo
1581 5043 1751 5082 verus
1771 5030 1990 5099 Agnus,

343 5114 398 5168 id
422 5119 510 5168 est
531 5115 816 5170 Dominus
842 5124 1038 5170 noster
1057 5116 1230 5170 Jesus
1251 5115 1514 5168 Christus
1543 5115 1767 5170 occisus
1790 5122 1903 5170 est:
1923 5119 1992 5172 de

341 5204 512 5271 cujus
545 5205 828 5275 sanguine
854 5205 965 5258 nisi
997 5211 1192 5275 postes
1227 5203 1431 5268 nostri,
1455 5202 1511 5255 id
1541 5210 1628 5257 est
1660 5221 1761 5258 ora
1793 5211 1991 5260 nostra

340 5291 665 5362 signentur,
698 5294 837 5346 salvi
866 5309 992 5346 esse
1024 5309 1135 5346 non
1164 5307 1500 5363 possumus.
1536 5292 1696 5346 Sicut
1728 5310 1863 5365 ergo
1887 5311 1991 5365 per

339 5377 497 5432 illius
527 5379 660 5449 agni
693 5383 1108 5435 mactationem
1129 5386 1183 5435 et
1214 5381 1558 5450 sanguinem
1581 5380 1680 5434 filii
1717 5382 1890 5437 Israel
1914 5385 1985 5438 ab

334 5466 669 5535 zEgyptiaca
698 5474 837 5522 sunt
859 5471 1135 5524 servitute
1167 5469 1414 5536 liberati,
1440 5469 1520 5523 ita
1553 5486 1658 5524 nos
1691 5486 1792 5540 per
1815 5471 1986 5527 istius

335 5553 448 5606 veri
485 5553 631 5624 Agni
683 5573 715 5610 a
762 5558 1040 5612 servitute
1082 5557 1372 5612 diabolica
1420 5574 1626 5612 sumus
1675 5559 1982 5632 redempti.

332 5641 493 5709 Quod
516 5645 712 5702 autem
734 5643 818 5700 illi
842 5643 1100 5702 hostium
1121 5645 1278 5702 nullo
1301 5646 1472 5703 modo
1506 5646 1752 5704 evadere
1774 5653 1982 5722 potue-

2111 4682 2211 4732 aut
2241 4679 2438 4734 divina
2467 4680 2653 4751 gratia
2681 4680 2961 4735 custoditi
2992 4698 3105 4737 non
3139 4683 3494 4750 ceciderunt,
3520 4688 3622 4739 aut
3652 4682 3762 4738 mi-

2109 4767 2400 4822 seratione
2420 4785 2520 4838 per
2540 4768 2938 4839 pmnitentiam
2959 4788 3025 4826 su
3037 4771 3616 4836 rrexerunt,luxuriaa
3638 4789 3764 4843 pos-

2108 4854 2226 4908 sint
2255 4854 2580 4926 impingere
2607 4857 2926 4912 volutabris
2945 4859 2972 4911 ?
3006 4860 3364 4916 Meretricem
3389 4877 3644 4932 namque
3663 4861 3762 4916 Sa-

2107 4941 2305 4998 lomon
2336 4945 2644 4999 insinuans
2673 4945 2754 5000 ait
2779 4963 2790 5000 :
2816 4946 3012 5001 Mulier
3034 4951 3264 5018 garrula
3294 4956 3347 5006 et
3378 4967 3535 5020 vaga,
3559 4950 3764 5018 quietis

2103 5033 2413 5102 impatiens,
2448 5049 2544 5087 nec
2573 5034 2761 5089 valens
2791 5038 2904 5090 suis
2922 5037 3156 5107 pedibus
3185 5041 3245 5093 in
3273 5039 3427 5094 doma
3453 5039 3760 5107 consistere,

2102 5137 2252 5174 nunc
2278 5123 2434 5190 foris,
2469 5137 2616 5176 nunc
2644 5125 2705 5177 in
2750 5124 2968 5193 plateis,
3000 5144 3149 5181 nunc
3169 5129 3335 5198 juxta
3363 5125 3598 5194 angulos
3630 5127 3766 5182 insi-

2100 5210 2262 5264 dians
2294 5211 2472 5278 (Prov.
2505 5227 2603 5276 vu,
2641 5211 2847 5277 10-12),
2872 5218 2927 5267 ot
2957 5215 3073 5269 alia
3105 5211 3513 5285 hujuscemodi
3544 5212 3756 5281 multa,

2099 5315 2225 5368 quae
2259 5315 2362 5369 pro
2391 5299 2795 5369 magnitudine
2815 5305 3147 5358 enumerari
3169 5320 3281 5358 non
3314 5307 3583 5374 possunt.
3614 5302 3756 5359 Dina

2098 5404 2327 5458 quoque
2357 5387 2498 5442 tanti
2553 5388 2736 5458 patris
2767 5390 2946 5445 Jacob
2978 5390 3118 5460 ﬁlia,
3152 5392 3292 5445 dum
3327 5392 3396 5445 ad
3430 5391 3751 5448 videndum

2097 5475 2370 5530 mulieres
2405 5477 2658 5547 regionis
2699 5479 2987 5549 graditur,
3022 5484 3293 5550 stuprum
3327 5497 3609 5553 perpessa
3639 5488 3748 5537 est.

2095 5563 2310 5620 Multas
2332 5565 2506 5619 etiam
2526 5564 2670 5620 alias
2689 5566 2869 5620 simili
2891 5567 3063 5622 modo
3082 5568 3361 5625 amissam
3388 5570 3750 5641 irrecupera-

2093 5651 2271 5710 bilem
2287 5651 2678 5728 virginitatem
2701 5652 2953 5733 graviter
2973 5655 3203 5718 ﬂevisse
3220 5662 3278 5718 et
3292 5658 3545 5740 legimus
3565 5661 3625 5720 et
3641 5675 3746 5718 au-
